4090 6402
443 342 549 404 827

1497 350 1626 414 NIC
1637 350 1924 415 EP‘HORI
1963 356 2439 423 PRESBYTER!
2479 358 2589 424 CP.

3616 362 3740 432 8ἓᾶ

441 453 571 511 Jcsu
606 455 819 512 salvum
853 473 940 515 me
974 460 1081 528 fac,
1112 470 1166 517 et
1217 464 1271 519 in
1315 474 1505 521 sancto
1542 464 1748 538 Spiritu
1784 479 1879 524 tuo
1924 470 2033 525 lar-

2154 476 2313 530 ιῶσόν
2347 493 2435 545 με,
2476 481 2572 533 καὶ
2602 479 2680 552 τῷ
2712 481 2992 550 Πνεύματί
3041 498 3135 536 σου
3160 480 3240 554 τῷ
3282 481 3425 555 ἁγίῳ
3452 480 3731 553 διάκρισίνν

441 548 559 617 gire
613 549 744 603 mihi
787 550 1206 611 discretionem.
1259 556 1533 613 Discretio
1590 575 1831 631 namque
1881 577 2039 619 com-

441 652 715 698 monstrat
744 644 949 700 homini
984 662 1203 703 omnem
1239 651 1385 705 viam
1427 655 1625 706 bonam
1648 695 1662 721 ,
1696 667 1799 711 nec
1827 656 2038 726 patitur

441 732 622 802 ipsum
659 751 690 790 a
739 747 888 792 recto
934 739 1036 795 vim
1086 742 1308 797 tramite
1352 742 1629 798 aberrare.
1688 744 1785 801 Illa
1834 748 2039 817 princi-

440 841 561 894 pem
611 824 1014 887 inter’cmtcras
1058 832 1292 889 virtutes
1343 834 1525 891 locum
1560 837 1802 906 obtinet;
1851 850 2039 911 utpote

374 989 381 994 ν
441 933 505 973 ex
538 935 642 989 qua
695 922 982 989 charitas,
1034 939 1100 979 ex
1146 928 1422 983 charitate
1475 945 1609 986 vero
1656 932 2035 990 misericordia

443 1015 710 1068 nascitur.
788 1014 884 1069 llla
940 1017 1176 1087 denique
1226 1036 1389 1076 omne
1443 1038 1583 1092 opus
1640 1025 1845 1081 bonum
1911 1040 2038 1097 pro-

440 1104 614 1172 ducit,
644 1123 710 1162 ac
741 1110 793 1162 in
818 1110 1011 1178 primis
1043 1111 1264 1180 quidem
1299 1113 1688 1184 benignitatem
1717 1133 1855 1188 erga
1875 1121 2045 1188 alios,

439 1210 556 1255 tum
591 1203 936 1257 aversionem
971 1219 1036 1259 ac
1066 1206 1494 1263 detestationem
1520 1211 1813 1281 scelerum,
1855 1213 2041 1268 humi-

440 1293 651 1348 litatem
686 1309 909 1365 quoque
954 1310 1088 1353 suos
1137 1299 1512 1369 exaltantem,
1563 1316 1752 1372 pacem
1801 1304 2039 1374 denique

440 1396 493 1441 et
554 1389 1061 1444 mansuetudinem.
1118 1388 1215 1445 illa
1270 1392 1390 1463 ipsa
1461 1393 1725 1449 discretio
1799 1393 2039 1465 Spiritus

438 1480 614 1536 sancti
653 1482 811 1550 quasi
868 1498 1025 1539 mens
1056 1493 1175 1550 est;
1211 1499 1333 1554 quas
1366 1502 1491 1542 cum
1530 1488 1698 1543 semel
1743 1489 1798 1544 in
1845 1490 2033 1546 animo

440 1572 684 1627 hominis
732 1585 974 1643 recepta,
1017 1576 1142 1631 istic
1169 1578 1275 1632 sibi
1306 1579 1491 1634 sedem
1523 1579 1762 1650 delegit,
1813 1583 2037 1638 suavis-

441 1666 580 1721 sime
611 1666 777 1723 allicit
822 1669 1114 1727 facultates
1146 1671 1298 1727 illius
1327 1672 1665 1743 spirituales.
1696 1673 1837 1741 Quid
1874 1688 2053 1738 porro

439 1767 524 1812 est
556 1759 818 1816 discretio
858 1761 993 1816 illa?
1030 1763 1357 1820 attendesis.
1393 1764 1666 1833 Expendit
1689 1780 1847 1836 aequa
1882 1766 2039 1821 lance

439 1851 745 1922 cogitatum
800 1870 971 1909 omne

440 1954 498 1999 et
536 1944 777 2000 residere
808 1947 863 2002 in
907 1949 1094 2004 animo
1133 1957 1188 2003 et
1216 1949 1556 2005 exsecutioni
1607 1949 1875 2019 mandari;
1905 1965 2035 2020 per-

2143 584 2234 637 μοι
2258 568 2521 640 δὼρησαι.
2558 572 2623 624 Ἠ
2649 571 2761 643 γὰρ
2787 570 3060 644 διάκρισις
3086 572 3321 628 δεικνύει
3344 573 3424 642 τῷ
3453 570 3743 646 ἀνθρώπῳ

2141 662 2323 714 πᾶσαν
2355 661 2474 715 ὁδὸν
2511 662 2745 733 ἀγαθὴν,
2785 666 2879 719 καὶ
2924 667 3025 720 οὐκ
3050 666 3117 738 ἐᾷ
3157 664 3321 721 αὑτὸν
3352 667 3410 720 ἐν
3440 662 3545 738 ὁδῷ
3590 667 3726 722 ὕπο-

2141 752 2528 816 σκελίζεσθαι·
2583 756 2861 828 πρωτεύει
2910 757 3020 829 γὰρ
3076 758 3297 812 πάντων
3357 759 3465 813 τῶν
3515 760 3727 829 ἀρετῶν

2140 845 2315 916 αὕτη*
2347 848 2411 900 ἑκ
2438 847 2644 918 ταύτης
2681 848 2793 919 γὰρ
2818 851 3080 915 γεννᾶται
3122 849 3155 918 ἠ
3193 849 3406 921 ἀγάπη,
3451 850 3515 904 ὲκ
3541 849 3598 904 δὲ
3627 852 3728 920 τῆς

2141 940 2362 1010 ἀγάπης
2410 941 2443 1011 ή
2493 940 2876 1013 ἐλεημοσύνηο
2910 942 3051 996 ῶστε
3100 942 3134 1013 ἡ
3183 940 3458 1012 διάκρισις
3505 939 3724 1010 φυτεύει

2141 1034 2325 1086 πᾶσαν
2380 1033 2769 1105 ἀγαθοεργίαν,
2802 1034 3109 1105 προχέουσα
3138 1033 3361 1105 πρῶτον
3382 1034 3597 1105 καρπὸν
3628 1032 3728 1103 τὴν

2140 1125 2411 1191 εὐποιίαν,
2467 1125 2660 1181 ἔπειτα
2706 1128 2804 1197 τὴν
2854 1126 3116 1193 ἀκακίαν,
3161 1128 3258 1181 καὶ
3309 1124 3408 1198 τὴν
3469 1125 3728 1196 ὑψοποιὺν

2138 1219 2490 1284 ταπείνωσιν,
2519 1221 2620 1289 τήν
2649 1218 2896 1291 είρήνην,
2928 1219 3024 1291 τὴν
3062 1219 3369 1292 πραότητα.
3411 1219 3478 1272 Ἢ
3516 1218 3745 1287 διάκρι-ι

2141 1328 2225 1374 σις
2254 1309 2373 1379 γὰρ
2415 1310 2541 1372 νοῦς
2604 1311 2720 1364 ἔστι
2751 1308 2843 1364 τοῦ
2895 1308 3051 1379 ἀγίου
3085 1306 3431 1381 Πνεύματος,
3462 1309 3558 1363 καὶ
3600 1310 3730 1363 ὅταν

2139 1400 2367 1473 χωρηθῇ
2394 1401 2473 1465 είς
2499 1401 2742 1457 διάνοιαν
2767 1400 3061 1474 ἀνθρώπου
3090 1402 3183 1456 τοῦ
3218 1402 3423 1473 μένειν,
3453 1401 3612 1472 ήδυτέ
3624 1416 3734 1471 ρως

2139 1490 2494 1547 αὑτοῦνςποιεὶ
2530 1492 2644 1555 τοῖς
2687 1488 3073 1567 αἰσθητηρίοις
3114 1496 3229 1559 τοῖς
3261 1496 3474 1567 νοητοῖς
3522 1495 3734 1549 διακεῖ-

2108 1585 2288 1645 σθαι.
2352 1582 2419 1639 Τί
2467 1582 2525 1640 δέ
2573 1586 2691 1639 ἔστι
2742 1583 3056 1658 διάκρισιςς
3106 1585 3408 1660 [ἀκουσονθ
3451 1585 3731 1657 Διάκρισίς

2141 1675 2317 1750 ἐστιν]
2345 1679 2377 1749 ἡ
2421 1676 2567 1732 ἀπαν
2605 1678 2785 1750 νόημα
2819 1678 3256 1748 ζυγοστατοῦσα,
3291 1680 3387 1732 καὶ
3424 1678 3549 1733 ὅσον
3581 1678 3734 1745 ὑγιὲς

2141 1767 2299 1843 εὕρῃ,
2331 1769 2549 1823 δίδωσιν
2575 1773 2827 1842 κατέχειν
2855 1771 2967 1844 τὴν.
2985 1773 3226 1827 διάνοιαν
3250 1772 3346 1825 καὶ
3378 1773 3552 1825 ποιεῖν
3569 1786 3586 1804 ο
3611 1771 3739 1825 ὅσον

1027 1873 1041 1910 :
1101 1856 1360 1927 quodque
1426 1832 1653 1914 salubre
1739 1832 2032 1930 comperit,

2154 1832 2446 1930 ῑὲσαθρδν,
2482 1832 2742 1930 ἐκτρέπεί
2779 1862 2879 1932 τῆς
2911 1832 3160 1926 ’διανοίας
3205 1860 3302 1916 καὶ
3337 1858 3629 1929 σφενδόνης
3655 1859 3755 1912 δί-ρ

2143 1966 2250 2022 κην
2287 1952 2507 2022 μακρὰν
2539 1951 2895 2024 ἀπορρίπτει.

443 2040 655 2096 mittit:
685 2042 835 2114 quod
882 2058 1016 2099 vero
1064 2045 1294 2101 noxium
1352 2045 1714 2119 putidumque
1746 2055 1831 2102 est
1859 2085 1887 2113 ,η
1933 2046 2165 2119 expellit
2223 2061 2292 2102 ex
2314 2046 2505 2103 animo
2528 2088 2553 2116 ,,
2585 2057 2641 2104 ct
2714 2059 2976 2118 tanquam
3056 2048 3233 2105 funda.
3287 2049 3498 2121 iactum
3542 2045 3751 2120 procul.

440 2137 675 2194 excutit.

514 2235 642 2293 18L
700 2234 1044 2308 Epiphanius
1101 2248 1283 2296 Mitem
1345 2241 1689 2315 interrogare
1718 2242 2026 2316 fpergens:

442 2324 622 2393 Quid,
678 2324 899 2397 inquit,
950 2338 1178 2387 sanctus
1221 2329 1426 2389 Paulus
1457 2339 1734 2389 assertum
1771 2334 1889 2390 vult
1938 2348 2036 2405 per

443 2416 580 2472 illud
624 2434 640 2474 :
693 2432 716 2470 ι
770 2416 945 2475 Omne
997 2429 1277 2489 peccatum
1306 2431 1462 2479 extra
1511 2437 1713 2494 corpus
1764 2435 1899 2490 est;
1941 2423 2037 2494 qui

444 2517 630 2565 autem
678 2507 988 2567 fornicatur
1010 2551 1026 2579 ,
1072 2513 1131 2568 in
1160 2527 1365 2584 corpus
1393 2528 1554 2569 suum
1587 2514 1883 2586 peccat“?
1918 2534 1939 2570 ι
1970 2515 2043 2572 Et

446 2604 782 2673 respondens
826 2606 1075 2663 Andreas
1109 2624 1124 2661 :
1156 2604 1334 2663 Omne
1396 2608 1543 2665 aliud
1575 2620 1862 2679 peccatum
1893 2650 1906 2673 ,
1943 2609 2043 2677 ait,

443 2696 716 2753 inanima
756 2707 1046 2763 versatur,
1091 2709 1321 2772 excepta
1366 2701 1775 2768 fornicatione,
1824 2717 1949 2772 quas
1979 2701 2048 2758 ad

443 2802 651 2860 corpus
683 2793 880 2847 attinet
914 2809 928 2847 :
979 2808 1047 2848 ex
1077 2793 1248 2849 latere
1279 2794 1426 2849 enim
1460 2794 1653 2850 Adami
1692 2794 1927 2850 formata
1957 2800 2042 2849 est

447 2884 667 2954 mulier,
714 2897 773 2942 ut
803 2889 912 2943 duo
946 2903 1118 2943 unum
1163 2902 1368 2958 corpus
1415 2887 1616 2944 forent.
1651 2887 1828 2945 Omne
1876 2888 2041 2958 igitur

446 2984 733 3047 peccatum
763 2987 918 3034 extra
955 2993 1157 3050 corpus
1192 2992 1272 3037 est
1306 2996 1326 3036 :
1366 2996 1486 3046 seu,
1519 2982 1599 3037 uti
1641 2981 1754 3051 jam
1789 2980 2039 3046 memini,

449 3088 558 3125 non
595 3086 847 3142 corpore,
879 3074 976 3128 sed
1020 3075 1243 3142 anima,
1300 3075 1395 3130 sed
1433 3085 1619 3132 mente
1644 3114 1659 3139 ,
1702 3075 1794 3132 sed
1845 3074 2040 3144 spiritu

2226 2243 2378 2312 ρπα’.
2422 2235 2742 2306 Ἐπιφάνιος
2764 2231 2919 2291 εἶπεν
2937 2252 2952 2268 ·
2986 2238 3052 2292 Τί
3078 2237 3227 2307 λέγει
3265 2240 3294 2293 6
3322 2238 3475 2308 ἀγιος
3497 2238 3737 2307 Παῦλος,

2144 2332 2231 2388 ὅτι
2272 2350 2292 2385 ι
2332 2332 2490 2386 Πᾶσα
2532 2330 2775 2402 ἁμαρτία
2806 2329 2962 2394 ἐκτὸς
2991 2330 3086 2384 τοῦ
3109 2331 3362 2401 σώματός
3390 2334 3537 2386 ἔστιν
3556 2348 3571 2363 ·
3623 2334 3651 2387 6
3677 2332 3749 2387 δὲ

2149 2425 2432 2498 πορνεύων
2473 2426 2556 2489 είς
2584 2426 2647 2479 τδ
2692 2424 2826 2479 ῐδιον
2858 2425 3022 2497 σῶμα
3067 2426 3408 2497 ἁμαρτάνεις
3448 2445 3467 2479 ι
3507 2428 3655 2499 Ἔφη
3710 2428 3757 2481 6η

2151 2520 2359 2581 Ὀσιος·
2391 2518 2551 2573 Πᾶσα
2581 2516 2713 2589 ἄλλη
2740 2517 2987 2589 ἁμαρτία
3017 2517 3225 2590 ψυχική
3257 2519 3429 2573 ἔστιν’
3456 2521 3490 2590 ἡ
3517 2518 3574 2573 δὲ
3599 2535 3744 2590 πορ.

2144 2610 2264 2665 νεία
2327 2608 2619 2680 σωματική
2683 2610 2871 2662 ἐστιν*
2930 2609 2995 2663 ἐκ
3047 2609 3157 2681 γὰρ
3199 2608 3301 2680 τῆς
3354 2608 3598 2681 πλευρᾶς
3644 2610 3741 2664 τοῦ

2159 2694 2340 2766 Ἀδὰμ
2377 2694 2705 2767 ᾠκοδομήθη
2736 2697 2770 2767 ἡ
2807 2697 2968 2768 γυνὴ,
3000 2695 3142 2751 ὥστε
3171 2698 3223 2751 oi
3250 2698 3344 2752 δύο
3379 2697 3439 2753 ἓν
3472 2700 3632 2769 σῶμά
3665 2702 3753 2755 el-

2148 2803 2254 2843 σιν.
2296 2786 2454 2842 Πᾶσα
2503 2785 2597 2841 οὖν
2624 2788 2881 2861 ’ἀμαρτία
2934 2790 3094 2855 ἐκτὸς
3150 2790 3244 2844 τοῦ
3300 2791 3556 2861 σώματός
3600 2795 3743 2855 ἐστι,

2146 2880 2426 2934 τουτέστιν
2470 2878 2533 2933 ού
2592 2879 2672 2951 τῷ
2730 2879 2948 2952 σώματι
2999 2881 3255 2953 πράττει,
3307 2882 3444 2936 ἀλλά
3474 2887 3540 2955 τῇ
3571 2883 3761 2955 ψυχῇ..

2149 2971 2245 3024 καὶ
2275 2971 2353 3040 τῷ
2381 2969 2482 3033 νοῒ,
2520 2971 2618 3024 καὶ
2648 2969 2725 3041 τῷ
2757 2968 3052 3041 πνεύματι,
3082 2970 3157 3034 ὡς
3191 2972 3461 3043 προέφην.
3495 2974 3607 3026 Καὶ
3633 2972 3745 3043 γὰρ

2151 3061 2217 3112 ὲκ
2250 3059 2521 3130 στόματος
2563 3058 2663 3130 τὴν
2693 3059 2891 3131 ἡδονὴν
2940 3059 3252 3131 καρποῦται
3282 3063 3311 3114 6
3353 3061 3616 3131 ψεύστης,
3649 3062 3682 3133 ἢ
3715 3064 3753 3116 6

449 3166 837 3221 committitur.
878 3166 1092 3221 Etenim
1139 3177 1196 3222 et
1247 3169 1518 3234 mendax,
1570 3178 1626 3224 et
1673 3168 1952 3239 periurus,
1993 3173 2048 3223 et

2154 3151 2438 3222 ἐπίορκος,
2473 3149 2507 3222 ἦ
2541 3153 2570 3205 6
2622 3151 2948 3216 κατάλαλος,
2977 3151 3015 3223 ἢ
3047 3152 3077 3205 6
3131 3151 3331 3223 ἑτέραν
3367 3151 3493 3206 τινὰ
3518 3150 3746 3223 ἀνομίαν

450 3258 612 3313 fama:
654 3250 846 3312 alienae
872 3259 963 3327 qui
1012 3258 1272 3327 detrahit,
1326 3271 1419 3314 aut
1456 3260 1600 3315 aliud
1637 3260 1916 3330 quidpiam
1950 3274 2048 3327 pa-

450 3348 561 3400 trat
602 3346 830 3402 sceleris
855 3385 873 3412 ,
925 3362 992 3402 ex
1036 3348 1221 3403 verbis
1270 3350 1390 3405 suis
1436 3350 1676 3420 aliquam
1714 3350 1860 3420 capit
1892 3350 2049 3404 volu-

450 3442 656 3506 ptatem
699 3452 712 3489 :
767 3434 921 3490 solus
975 3435 1275 3492 fornicator
1324 3452 1558 3508 corpore
1606 3453 1711 3493 suo
1763 3447 2047 3508 peccatum

451 3524 691 3597 perficit.
726 3525 1205 3593 Quemadmodum
1244 3538 1425 3583 autem
1472 3544 1589 3593 sus,
1618 3529 1711 3600 qui
1763 3530 2047 3586 volutatur

451 3624 509 3675 in
552 3635 746 3687 como,
797 3635 907 3676 non
938 3621 1263 3692 coinquinat
1293 3621 1532 3678 interius
1578 3636 1800 3677 carnem
1844 3636 2042 3688 suam,

449 3712 549 3767 sed
579 3712 829 3773 exterius,
862 3711 1129 3767 duntaxat
1178 3711 1371 3784 pellem
1428 3712 1686 3768 sordibus
1743 3727 1809 3768 ac
1859 3711 2055 3769 foetore

458 3805 633 3861 inﬁcit
663 3824 677 3861 :
711 3805 786 3860 ita
822 3813 882 3861 et
926 3806 1231 3862 fornicator
1258 3846 1278 3873 ,
1323 3808 1420 3878 qui
1463 3808 1519 3863 in
1560 3807 1836 3861 cubilibus
1884 3815 2052 3876 atque

452 3898 823 3970 impudicitiis
867 3902 1133 3970 perpetuo
1162 3909 1456 3968 versatur,
1505 3914 1709 3971 corpus
1752 3900 1958 3970 pariter
2003 3908 2058 3953 et

454 3991 703 4045 animam
736 3990 883 4047 finde
917 3994 1326 4049 commaculat:
1359 3994 1553 4064 sicque
1592 3992 1880 4047 daemoniis
1911 3992 2055 4046 invi-

452 4084 714 4140 sibilibus
747 4084 1047 4140 ludibrium
1083 4101 1148 4142 ac
1186 4086 1331 4143 risus
1379 4087 1461 4141 fit.
1517 4086 1788 4141 Caeterum
1825 4084 2049 4155 quando

458 4174 522 4229 in
574 4188 775 4242 corpus
809 4191 971 4230 suum
1019 4185 1247 4245 peccat,
1299 4191 1415 4231 non
1463 4192 1626 4232 suum
1675 4175 2060 4231 tantummodo

456 4280 672 4336 corpus
701 4306 716 4333 ,
765 4266 861 4321 sed
913 4268 1164 4323 mulieris
1193 4267 1361 4323 etiam
1400 4283 1638 4336 quacum
1681 4276 1910 4338 peccat,
1948 4275 2065 4323 tur-

458 4356 608 4424 piter
663 4364 1016 4426 conspurcat.
1081 4358 1215 4414 Viro
1258 4359 1352 4431 qui
1419 4374 1689 4425 uxorem,
1742 4366 1798 4414 et
1846 4359 2064 4414 mulieri

454 4463 592 4519 qum
618 4451 880 4505 maritum
913 4449 1162 4518 habent,
1206 4451 1487 4523 proprium
1532 4465 1736 4521 corpus
1776 4464 1888 4506 non
1933 4460 2061 4508 est:

2153 3243 2526 3315 ἐργαζόμενος
2548 3259 2562 3275 ο
2602 3242 2765 3313 μόνον
2796 3241 2854 3297 δι
2892 3243 2920 3296 6
2950 3242 3236 3313 πορνεύων
3268 3243 3351 3314 τῷ
3386 3244 3501 3315 ίδίῳ
3532 3243 3747 3315 σώματι

2152 3336 2398 3389 συντελεῖ
2441 3332 2542 3406 τὴν
2588 3332 2892 3405 ἁμαρτίαν.
2932 3332 3143 3405 Ὠσπερ
3190 3336 3219 3389 6
3258 3337 3616 3405 χοῖρος,ὄταν
3652 3351 3764 3390 κυς

2151 3426 2308 3498 λισθῇ
2343 3429 2402 3480 ὲν
2436 3425 2701 3497 βορϐόρῳ,
2734 3426 2797 3480 οὐ
2824 3426 2893 3479 τὰ
2920 3425 3068 3480 ἔνδον
3113 3426 3283 3482 αὐτοῦ
3316 3428 3558 3498 μολύνει,
3611 3427 3752 3482 ἀλλὰ

2150 3519 2251 3590 τὴν
2289 3517 2394 3584 ἔξω
2416 3517 2583 3573 αὐτοῦ
2618 3518 2800 3574 πᾶσαν
2833 3517 2996 3590 δορὰν
3023 3520 3321 3590 σικχαντὴν
3348 3520 3445 3574 καὶ
3476 3519 3748 3594 βρωμώδη

2155 3612 2532 3683 ἀπεργάζεται
2558 3626 2573 3642 ’
2609 3610 2755 3666 οὕτω
2830 3611 2926 3666 καὶ
2970 3614 3000 3666 6
3044 3611 3350 3684 πορνεύων,
3399 3615 3607 3679 κοίταις
3654 3616 3753 3668 καὶ

2153 3705 2465 3774 ἀσελγείαις
2496 3704 2689 3760 ἑαυτὸν
2747 3704 3125 3776 ἀναμιγνύων,
3156 3706 3450 3777 σικχαντδν
3492 3705 3657 3760 αὑτοῦ
3690 3706 3769 3759 τὸ.

2158 3797 2321 3869 σῶμα
2380 3799 2475 3852 καὶ
2517 3798 2616 3870 τὴν
2673 3797 2854 3871 ψυχὴν
2910 3797 3386 3871 ἀπεργαζόμενος,
3437 3792 3596 3862 οὗτος
3654 3810 3755 3853 πον

2161 3892 2378 3964 ρεύεται
2433 3892 2643 3961 γέλοιον
2692 3894 2806 3956 τοῖς
2852 3893 3111 3965 ἀοράτοις
3155 3892 3408 3964 δαίμοσιν
3457 3890 3754 3962 ἀναφαινό-

2162 4001 2344 4055 μενος.
2381 3983 2583 4038 Λοιπδν
2627 3983 2708 4047 είς
2743 3983 2806 4036 τὸ
2842 3982 2974 4037 ἴδιον
3015 3982 3180 4055 σῶμα
3225 3983 3558 4054 ἁμαρτάνει,
3601 3982 3757 4052 μιαί-

2158 4093 2265 4131 νων
2314 4077 2450 4130 αὗτό
2473 4093 2489 4107 ·
2520 4077 2623 4130 οὐκ
2652 4076 2787 4131 αὐτὸ
2817 4075 2873 4131 δὲ
2923 4079 3107 4147 μόνον,
3159 4075 3297 4131 ἀλλά
3323 4090 3388 4144 γε
3441 4073 3538 4128 καὶ
3568 4074 3631 4127 τὸ
3657 4074 3771 4144 τῆς.

2160 4169 2422 4238 γυναικὸς
2467 4172 2549 4234 εἰς
2582 4168 2610 4223 δ
2644 4168 3063 4242 περιπλέκεται.
3111 4168 3276 4240 ’Δνὴρ
3305 4169 3541 4237 γυναῖκα
3592 4166 3756 4238 ἔχων,

2161 4263 2257 4317 καὶ
2286 4267 2427 4336 γυνη
2454 4263 2687 4333 νόμιμον
2713 4263 2884 4335 ἄνδρα
2918 4262 3139 4335 ἔχουσα,
3188 4265 3289 4317 οὐκ
3318 4261 3503 4333 ἔχουσι
3529 4261 3599 4316 τὰ
3630 4262 3759 4315 ἑαυ-

2162 4358 2274 4411 τῶν
2300 4358 2532 4429 σὼματα
2556 4359 2666 4412 ίδια
2685 4371 2702 4386 ⁸
2726 4356 2825 4411 τοῦ
2852 4357 3047 4430 ἀνδρὸς
3072 4357 3180 4430 γὰρ
3206 4357 3269 4412 τδ
3297 4355 3460 4429 σῶμά
3517 4355 3635 4410 ἔστι
3659 4354 3763 4427 τῆς

2165 4446 2423 4516 γυναικὸς
2453 4446 2640 4513 αὐτοῦ,
2682 4447 2780 4501 καὶ⁵
2824 4446 2930 4516 τῆς
2983 4448 3245 4516 γυναικός
3279 4450 3395 4501 ἐστι
3429 4446 3525 4501 τοῦ
3565 4446 3761 4516 ἀνδρὸς

467 4540 568 4596 νὶιί
597 4542 799 4613 quippe
829 4555 1034 4614 corpus
1066 4544 1298 4602 arbitrio
1334 4545 1529 4602 uxoris
1563 4543 1786 4611 subest;
1817 4553 1872 4599 et
1898 4543 2050 4600 simi-

2159 4538 2348 4608 αὐτῆς,
2398 4537 2538 4593 ὥστε
2568 4537 2754 4593 οὐκέτι
2811 4539 2920 4594 εἰσὶ
2986 4537 3104 4606 δύο,
3134 4538 3270 4593 ἀλλά
3303 4537 3443 4610 σὰρξ
3468 4539 3585 4610 μία.
3633 4537 3773 4592 Ἐὰν.

456 4634 596 4689 (iter
633 4633 885 4690 mulieris
912 4648 1116 4707 corpus
1150 4635 1204 4690 iu
1232 4646 1502 4708 potestate
1532 4635 1713 4691 mariti
1740 4645 1918 4701 est,ut
1949 4648 2058 4693 non

466 4725 713 4797 amplius
755 4726 866 4781 duo
906 4727 1016 4782 sint
1039 4767 1055 4794 ,
1108 4728 1202 4783 sed
1236 4742 1345 4783 una
1378 4744 1528 4785 caro.
1560 4727 1616 4784 Si
1652 4726 1848 4783 mulier
1875 4728 2061 4799 itaque

466 4816 794 4882 fornicatur,
828 4818 883 4873 in
918 4833 1122 4888 corpus
1155 4819 1337 4872 mariti
1369 4813 1561 4889 peccat
1590 4837 1605 4874 :
1642 4819 1688 4875 si
1724 4834 1855 4874 vero
1888 4817 2063 4873 mari-

463 4919 560 4966 tus
584 4949 600 4975 ,
635 4914 826 4981 peccat
865 4911 921 4966 in
964 4926 1168 4983 corpus
1207 4927 1369 4967 suum
1396 4953 1411 4978 ,
1443 4912 1591 4983 quod
1638 4921 1726 4969 est
1764 4926 1941 4979 uxor;
1985 4911 2067 4968 sic

462 5009 528 5057 et
558 5001 698 5056 alter
745 5002 803 5057 iu
854 5004 1081 5059 alterius
1124 5012 1356 5074 peccant
1397 5020 1650 5073 corpora,
1694 5003 1915 5074 quando
1955 5018 2067 5058 non

469 5107 535 5150 se
568 5094 744 5164 ipsos,
789 5096 887 5151 sed
937 5097 1147 5152 alienos
1194 5098 1487 5164 adamant;
1531 5107 1720 5168 utpote
1765 5099 1859 5167 qui
1905 5096 2068 5151 ambo

467 5187 782 5243 maritalem
819 5196 998 5243 torum
1047 5190 1196 5259 turpi
1278 5190 1487 5261 ﬂagitio
1530 5191 1921 5245 debonestant.
1951 5188 2070 5244 Hac

473 5279 645 5348 igitur
683 5279 752 5336 de
796 5295 965 5337 causa
993 5322 1011 5350 ,
1068 5303 1087 5337 ι
1120 5283 1297 5340 Omne
1332 5294 1616 5356 peccatum
1656 5294 1811 5340 extra
1864 5298 2070 5354 corpus

473 5380 560 5427 est
605 5388 620 5425 :
672 5372 765 5443 qui
814 5382 997 5430 autem
1042 5375 1371 5445 fornicatur,
1403 5378 1457 5433 in
1502 5392 1704 5448 corpus
1750 5392 1913 5433 suum
1944 5392 2070 5448 pec-

471 5470 598 5529 cat;
643 5482 664 5517 s
721 5480 788 5521 ac
835 5466 1107 5531 sordescit
1152 5483 1353 5541 corpus
1398 5471 1561 5541 ejus,
1613 5471 1786 5527 instar
1835 5471 1952 5527 suis
2014 5470 2069 5526 in

475 5562 723 5611 stercore
755 5551 984 5615 volutati
1012 5601 1028 5629 ,
1071 5569 1128 5617 et
1161 5563 1344 5618 anima
1381 5565 1557 5619 instar
1585 5562 1848 5619 daemonis
1878 5562 2071 5618 fmtere

476 5648 669 5719 incipit
703 5669 717 5706 :
764 5667 1007 5725 cumque
1058 5666 1254 5712 caetera
1290 5666 1518 5727 peccata
1571 5656 1813 5713 tenebris
1846 5655 2075 5729 quibus-

566 5826 611 5858 "
648 5828 666 5880 ι
700 5831 828 5888 Cor.
861 5850 951 5899 vt.
992 5838 1079 5897 18.

2169 4628 2264 4686 οὖν
2298 4633 2329 4695 ἡ
2363 4628 2504 4702 γυνὴ
2530 4629 2829 4702 πορνεύσῃ,
2860 4631 2939 4695 είς
2969 4630 3030 4684 τὸ
3055 4630 3216 4701 σῶμα
3240 4630 3336 4684 τοῦ
3369 4630 3563 4702 ἀνδρὸς
3584 4629 3766 4701 ἀμαρ-

2169 4725 2323 4778 τάνει
2346 4739 2360 4753 ·
2399 4723 2495 4775 ὲάν
2522 4722 2583 4777 δὲ
2620 4725 2648 4776 6
2681 4723 2822 4795 ἀνὴρ
2858 4723 3182 4795 ἁμαρτήσῃ,
3214 4724 3296 4787 εἰς
3333 4721 3395 4778 τὺ
3435 4723 3565 4777 ἴδιον
3600 4722 3761 4793 σῶμα

2170 4816 2271 4886 τῆς
2308 4814 2574 4882 γυναικὸς
2609 4814 2954 4886 ἁμαρτάνει·
2990 4814 3163 4880 οὓτως
3194 4814 3289 4871 οὖν
3330 4818 3413 4881 είς
3446 4815 3516 4870 τὰ
3549 4814 3762 4870 ἑαυτῶν

2172 4906 2409 4978 σώματα
2432 4908 2865 4979 ἁμαρτάνουσιν,
2883 4908 3123 4980 ὁπηνίκα
3145 4909 3246 4982 οὐχ
3265 4908 3473 4965 ἑαυτῶν
3504 4909 3761 4982 ὲρῶνται,

2171 4998 2310 5054 ἀλλά
2337 4999 2447 5054 τῶν
2474 4999 2796 5069 ἀλλοτρίων,
2829 5001 2906 5066 ὡς
2930 5001 3233 5076 ἀμφότεροι
3267 5002 3368 5073 τὴν
3411 5002 3547 5056 ἰδίαν
3573 5001 3769 5071 κοίτην

2175 5095 2502 5165 μιαίνοντες.
2542 5094 2643 5149 Διά
2675 5096 2835 5149 τοῦτο
2868 5096 2982 5168 γὰρ
3027 5098 3177 5153 πᾶσα
3206 5097 3449 5169 ἁμαρτία
3475 5095 3632 5159 ἐκτὸς
3666 5093 3764 5148 τοῦ

2172 5186 2429 5260 σώματός
2482 5190 2631 5243 ἐστιν
2656 5204 2673 5221 ·
2706 5189 2737 5242 6
2779 5187 2838 5243 δὲ
2892 5190 3174 5261 πορνεύων
3202 5191 3282 5254 είς
3311 5189 3372 5244 τὸ
3426 5188 3557 5244 ἴδιον
3602 5187 3768 5259 σῶμα

2171 5283 2502 5355 ἁμαρτάνει,
2552 5282 2744 5356 ὥσπερ
2775 5284 2958 5355 χοῖρος
3005 5284 3064 5337 ἑν
3093 5284 3288 5355 κόπρῳ
3322 5280 3769 5349 κυλινδούμενος,

2178 5377 2271 5429 καὶ
2298 5375 2511 5446 γίνεται
2555 5374 2724 5431 αὑτοῦ
2779 5376 2841 5429 τὸ
2875 5375 3038 5446 σῶμα
3070 5372 3382 5445 σικχαντδν,
3407 5374 3505 5427 καὶ
3525 5372 3764 5444 οζομένη

2176 5468 2324 5540 ψυχὴ
2385 5469 2574 5533 αὐτοῦ,
2617 5467 2809 5539 ὥσπερ
2839 5467 3129 5538 δαίμονος·
3157 5468 3252 5521 καὶ
3283 5467 3436 5521 πᾶσα
3463 5466 3563 5537 μὲν
3586 5466 3775 5537 ἀμαρ-

2178 5562 2269 5615 τία
2302 5560 2493 5625 δεινῶς
2522 5560 2623 5632 τὴν
2647 5560 2829 5632 ψυχὴν
2879 5554 3117 5630 ζοφώδη,
3154 5559 3189 5630 ή
3221 5554 3279 5613 δὲ
3322 5558 3553 5631 πορνεία
3588 5556 3771 5613 δυσῶ-

2177 5653 2265 5718 δες
2291 5652 2385 5706 καὶ⁴
2423 5652 2651 5723 αἰσχρὸν
2673 5652 2736 5705 τὸ
2763 5652 2928 5723 σῶμα
2950 5650 3351 5725 ἀπεργάζεται.
3772 5647 3792 5721 ᾖ

334 5760 346 5773 -
443 5734 604 5791 'dam
652 5738 941 5799 involvunt
979 5749 1264 5820 animam,
1304 5748 1599 5809 fornicatio
1646 5750 1872 5825 insuper
1920 5759 2076 5822 turpe
2114 5747 2476 5819 foetidnmque
2514 5746 2676 5802 efﬁcit
2716 5760 2934 5817 corpus.
