4090 6382
376 377 485 438 829

1551 374 1733 438 VITA
1773 377 1834 437 S.
1880 375 2211 437 ANDREtE
2246 376 2438 439 ΒΑΗ.

3534 383 3640 448 830

444 485 590 557 ρπβκ
637 484 957 553 Ἐπιφάνιος
980 481 1161 539 εἰπενε
1196 487 1326 542 Τίνα
1356 487 1506 555 λέγει
1530 488 1591 542 τὺ
1620 490 1952 558 Εὐαγγέλιον

2132 492 2254 546 182.
2286 489 2628 561 Epiphanio,
2662 500 2786 561 post
2821 491 2932 545 MBO
2976 490 3371 563 interreganti,
3432 495 3554 564 quis
3585 499 3638 550 in

375 580 683 653 μαμωνᾶν;
736 578 794 632 '0
847 578 1038 648 Ἄγιος
1082 575 1270 633 εἶπεν
1305 583 1589 651 Μαμωνᾶς
1627 585 1774 636 ἐστιν
1801 585 1829 636 6
1877 583 1955 636 ὢν

374 671 631 741 τελώνης,
666 671 764 724 καὶ
808 670 1014 742 ἅρπαξ,
1059 672 1152 726 καί
1186 672 1542 743 πλεονέκτης,
1591 675 1619 728 6
1651 674 1955 729 κατεσθίων

373 764 472 827 τὰς
505 763 686 827 οἰκίας
731 762 842 819 τῶν
892 765 1078 835 χηρῶν
1111 766 1206 819 καὶ
1253 766 1504 835 ὀρφανῶν
1553 766 1776 831 ἀδίκως,
1814 766 1954 820 κατά

372 856 695 910 δυναστείαν
728 856 940 919 τούτοις
990 856 1337 927 ἐπεμϐαίνων
1362 872 1377 887 ·
1412 857 1506 911 καὶ
1557 859 1826 929 μαμωνᾶς
1870 858 1958 912 λέ-

374 964 531 1017 γεται
566 952 594 1002 6
622 949 724 1019 τῆς
750 949 1061 1016 πλεονεξίας
1088 950 1318 1020 δαίμων,
1348 952 1375 1003 6
1404 952 1484 1014 εἰς
1513 950 1572 1002 τὸ
1600 950 1773 1014 πάθος
1798 951 1959 1006 τοῦτο

373 1041 552 1097 ὠθῶν.
591 1040 652 1096 Ὀ
694 1040 1012 1109 Ἐπιφάνιος
1039 1042 1191 1111 λέγει
1214 1059 1228 1073 ⁸
1264 1043 1330 1095 Τί
1360 1043 1511 1111 λέγει
1537 1043 1598 1096 τδ
1624 1043 1918 1115 εἰρημένον
1938 1057 1955 1074 ·

378 1154 398 1187 ι
437 1136 500 1190 0!
533 1134 638 1188 υἱοί
672 1152 766 1188 σου
808 1134 885 1198 ὡς
916 1137 1149 1204 νεόφυτα
1180 1134 1378 1189 ἐλαιῶν
1402 1136 1588 1206 κύκλῳ
1616 1136 1712 1206 τῆς
1744 1135 1957 1207 τραπέη

376 1227 476 1297 ζης
511 1244 647 1293 ceu;
695 1246 716 1280 ι
759 1228 821 1281 '0
853 1228 1138 1299 Μακάριος
1181 1222 1374 1280 εἷπενο
1414 1228 1638 1297 Βλέψον,
1703 1227 1956 1298 ἀγαπητέ

377 1338 503 1392 μου,
535 1322 615 1382 είς
648 1320 716 1375 τὰ
759 1320 894 1401 ἅγια
926 1321 1282 1393 θυσιαστήρια
1320 1322 1377 1374 έν
1405 1324 1471 1392 τῇ
1529 1322 1649 1394 ῶρᾳ
1690 1323 1786 1391 τῆς
1828 1340 1957 1393 φρι-

374 1410 510 1481 κτῆς
554 1410 919 1483 λειτουργίας,
970 1411 1066 1464 καί
1101 1411 1291 1466 θέασαι
1319 1412 1508 1483 κύκλῳ
1533 1412 1635 1483 τῆς
1674 1414 1958 1483 τραπέζης

373 1501 499 1566 τοὺς
530 1504 680 1566 υἱοὺς
710 1502 806 1556 τοῦ
855 1502 992 1556 Θεοῦ
1029 1503 1169 1571 μετὰ
1224 1504 1523 1575 λαμπάδων
1569 1506 1831 1569 ἑστῶτας,
1881 1504 1958 1567 ώς

373 1594 610 1662 νεόφυτα
666 1593 864 1648 ἐλαιῶν
894 1594 953 1647 έν
1011 1594 1339 1665 ἀμπελῶνιο
1384 1596 1512 1657 τοὺς
1564 1595 1958 1663 νεοφωτίστους

374 1684 519 1754 λέγω
554 1687 613 1739 ὲν
640 1689 708 1758 τῇ
739 1686 859 1757 ῶρᾳ
889 1687 987 1757 τῆς
1020 1688 1354 1759 ἱερουργίας.
1391 1687 1579 1758 ὥσπερ
1606 1690 1784 1759 ὡραῖα
1815 1688 1957 1756 φυτὰ

377 1778 853 1849 μεταφυτευθέντα
883 1780 994 1834 ἀπὸ
1022 1781 1246 1845 σκότους
1282 1783 1363 1845 εἰς
1404 1781 1543 1851 φῶς.
1582 1781 1817 1846 Τούτους
1845 1782 1956 1854 γὰρ

376 1870 511 1941 ἔχων
535 1873 563 1925 6
587 1872 880 1943 Προφήτης
912 1872 1053 1927 κατὰ
1083 1872 1228 1939 νοῦν,
1267 1873 1443 1928 ταῦτα
1475 1874 1722 1945 εἴρηκεν.

2058 582 2352 653 Ενσιιςείῐο
2397 582 2612 636 dicatur
2659 597 2757 653 per
2806 595 3155 648 mammona,
3189 586 3482 654 respondet
3524 586 3644 641 An-

2057 675 2218 731 dreas
2237 718 2252 743 ,
2302 690 2369 731 eo
2398 676 2616 730 nomine
2641 675 2827 730 venire
2849 676 3196 746 publicanos,
3228 690 3478 747 rapaces,
3511 693 3642 731 ava-

2058 784 2150 824 ros
2171 809 2186 832 ,
2230 784 2438 840 eosque
2467 784 2679 832 omnes,
2717 772 2811 838 qul
2844 770 3135 824 viduarum
3167 784 3231 824 ac
3264 770 3644 840 orphanorum

2060 861 2347 917 facultates
2378 860 2579 931 injuste
2614 862 2871 916 auferunt
2901 871 2953 915 et
2985 863 3302 924 absumunt,
3332 863 3511 932 iisque
3541 864 3644 919 sibi

2059 953 2351 1023 dignitates
2395 964 2557 1023 atque
2604 954 2832 1021 imperia
2875 963 3215 1023 comparant.
3267 952 3430 1008 Venit
3476 956 3644 1009 etiam

2059 1048 2248 1102 eodem
2292 1048 2514 1101 nomine
2551 1048 2762 1100 dtemon
2815 1048 3098 1106 avaritire,
3152 1046 3247 1115 qui
3298 1047 3519 1099 sordida
3556 1047 3645 1101 di-

2059 1139 2316 1193 vitiarum
2373 1137 2675 1208 cupiditate
2726 1140 2978 1193 homines
3030 1117 3358 1192 inﬂammat.
3405 1138 3643 1191 Rursum

2059 1231 2324 1298 qmercnti
2359 1230 2682 1300 Epiphanio,
2728 1233 2826 1301 qui
2862 1239 3009 1285 esset
3042 1229 3457 1300 intelligendum
3502 1228 3649 1282 istud

2058 1322 2363 1380 Psalmista:
2400 1323 2683 1379 oraculum
2719 1338 2735 1376 ι
2776 1342 2795 1375 ι
2838 1318 2957 1376 Filii
2991 1322 3068 1375 tui
3103 1321 3243 1376 sicut
3286 1320 3514 1373 novella:
3546 1319 3649 1371 oli-

2059 1432 2251 1471 varum
2305 1415 2359 1469 in
2412 1415 2647 1470 circuitu
2691 1429 2897 1469 mensa:
2952 1423 3057 1468 tute
3090 1414 3159 1477 “,
3199 1431 3218 1464 ι
3261 1426 3483 1466 rursum
3541 1412 3648 1465 tale

2059 1523 2386 1577 responsum
2422 1506 2572 1563 dedit
2610 1508 2801 1562 beatus
2848 1509 3093 1562 Andreas
3136 1523 3151 1561 :
3194 1505 3370 1560 Flecte
3415 1504 3645 1566 oculos,

2059 1602 2421 1667 charissima,
2469 1616 2593 1657 cum
2637 1609 3050 1656 sacrosanctum
3086 1600 3268 1655 missa:
3312 1596 3646 1653 sacriﬁcium

2058 1693 2343 1763 peragitur
2363 1731 2378 1752 ,
2409 1693 2475 1747 ad
2511 1707 2727 1746 sacrum
2758 1693 2962 1756 altare;
2997 1700 3049 1745 et
3084 1691 3298 1760 respice
3325 1689 3377 1743 in
3408 1685 3649 1743 circuitu

2061 1800 2269 1840 mensze
2312 1784 2455 1840 filios
2497 1783 2591 1839 Dei
2618 1824 2632 1848 ,
2671 1783 3019 1853 lampadibus
3060 1783 3386 1845 instructos,
3437 1777 3517 1831 uti
3548 1790 3650 1830 no-

2060 1876 2231 1930 vellas
2276 1876 2546 1930 olivarum
2598 1874 2653 1928 in
2707 1874 2865 1928 vinea
2916 1872 3320 1935 consistentes;
3372 1883 3508 1933 eos,
3559 1867 3650 1921 in-

377 1981 571 2033 quam,
605 1965 699 2037 qui
736 1974 984 2022 recenter
1012 1982 1109 2038 per
1139 1983 1361 2024 sacrum
1397 1968 1670 2038 baptisma
1713 1976 1958 2038 tempore
1996 1969 2257 2025 sacriﬁcii
2287 1969 2480 2034 divini,
2517 1970 2695 2024 instar
2755 1969 3067 2038 plantarum
3100 1964 3624 2039 pulcherrimarum

375 2061 622 2116 translati
680 2060 903 2117 luerunt
947 2077 977 2116 a
1033 2062 1274 2119 tenebris
1326 2063 1392 2118 ad
1443 2063 1645 2118 lucem.
1686 2061 1766 2118 illi
1815 2062 1962 2118 enim
1998 2072 2147 2131 sunt,
2181 2079 2320 2134 quos
2385 2062 2573 2118 animo
2602 2060 2860 2118 versabat
2902 2058 3219 2131 Propheta,
3265 2072 3390 2113 cum
3450 2067 3649 2110 oracu-

371 2154 480 2209 lum
516 2156 662 2211 istud
703 2154 953 2225 protulit.

444 2256 594 2321 ρπγν.
639 2251 959 2320 Ἐπιφάνιος
1004 2246 1201 2304 εἶπενο
1235 2252 1370 2306 Τίνα
1414 2252 1712 2325 ἑρμηνείαν
1761 2250 1959 2325 ἐχειτὸ

2138 2249 2265 2306 185.
2305 2247 2504 2304 lterum
2534 2246 2731 2317 quierit
2781 2240 3118 2315 Epiphanius
3169 2259 3184 2297 :
3231 2241 3373 2309 Quld
3427 2242 3649 2298 tandem

370 2342 478 2395 ὑπὸ
518 2340 614 2396 τοῦ
663 2342 889 2397 Ἦσαῖου
937 2344 1265 2415 εἰρημένον·
1308 2362 1328 2396 ι
1362 2345 1426 2398 Ol
1470 2343 1528 2397 δὲ
1576 2343 1765 2413 νεκροὶ
1811 2340 1959 2414 ζωὴν

371 2436 430 2488 οὗ
464 2436 540 2504 μὴ
577 2433 780 2499 ἴδωσιν,
826 2435 948 2488 οὐδὲ
1005 2436 1186 2506 ἰατροὶ
1247 2436 1309 2488 οὐ
1353 2436 1428 2507 μὴ
1466 2435 1891 2506 ἀναστήσωσιν;
1932 2452 1952 2485 ι

376 2525 642 2597 Ἰσχυρῶς
674 2526 782 2596 γὰρ
816 2528 951 2598 ἡμῖν
985 2526 1266 2580 πείθουσιν
1298 2527 1592 2597 αίρετικῶν
1621 2526 1834 2588 παῖδες,
1865 2524 1956 2578 λέ-

368 2634 560 2687 γοντες
612 2617 687 2688 μή
732 2614 874 2671 εἶναι
949 2619 1252 2674 ἀνάστασιν
1299 2618 1534 2688 νεκρῶν.
1575 2619 1635 2672 '0
1664 2617 1957 2688 Μακάριος

366 2711 514 2778 λέγει
541 2725 557 2742 ο
602 2709 661 2762 '0
692 2710 830 2774 Ζεὺς
857 2712 950 2765 καί
986 2710 1285 2779 Ἀπόλλων,
1317 2712 1414 2765 καὶ
1455 2712 1485 2765 6
1523 2710 1755 2782 Ἑρμῆς,
1802 2710 1896 2763 καὶ
1924 2711 1954 2762 6

367 2803 596 2875 Κρόνος,
635 2803 668 2872 ή
703 2802 853 2873 Ἥρα
882 2803 978 2856 καί
1028 2805 1062 2874 ἠ
1096 2804 1383 2874 Ἄρτεμις,
1423 2802 1520 2856 καὶ
1568 2804 1678 2867 πᾶς
1706 2804 1734 2855 6
1778 2802 1953 2856 κατά-

369 2892 523 2960 λογςς
552 2893 664 2947 τῶν
688 2892 945 2957 εἰδώλων,
973 2894 1159 2964 νεκροί
1192 2893 1550 2965 ὀνομάζονται
1584 2894 1678 2948 καὶ
1719 2893 1948 2963 τυφλοί·

372 2983 587 3049 τονίτους
616 2986 726 3056 γὰρ
774 2987 1004 3057 νεκροὺς
1057 2987 1325 3040 ἀποκαλεῖ
1364 2989 1391 3039 ὀ
1424 2987 1719 3058 Προφήτης
1744 3002 1759 3017 ·
1812 2986 1949 3040 λίθοι

375 3077 478 3148 γὰρ
504 3080 597 3130 καὶ
628 3078 826 3149 χρυσὸς
859 3078 954 3131 καὶ
1003 3078 1242 3151 ἄργυρος
1278 3079 1404 3133 οὔτε
1434 3080 1660 3149 ἔζησαν.
1702 3079 1826 3133 οὔτε
1855 3079 1953 3151 ξή’

372 3186 553 3223 σονται
584 3173 643 3223 1:6
673 3168 931 3224 σύνολον·
967 3170 1150 3241 ἄψυχα
1181 3173 1291 3243 γάρ
1316 3173 1489 3226 ταῦτα
1528 3173 1624 3226 καὶ
1654 3173 1823 3244 νεκρά
1859 3190 1956 3227 πε-

2063 2343 2197 2398 illud
2234 2351 2352 2405 est,
2382 2339 2525 2411 quod
2562 2337 2735 2393 Isaias
2767 2335 3146 2407 pronuntiavit
3192 2349 3210 2389 :
3253 2352 3271 2385 ι
3315 2333 3512 2388 Mortui
3554 2350 3654 2388 au—

2063 2444 2169 2489 tem
2202 2434 2371 2487 vitam
2406 2446 2515 2487 non
2574 2428 2871 2494 videbunt,
2924 2441 3104 2497 neque
3158 2425 3357 2481 medici
3416 2426 3655 2481 suscita-

2061 2527 2261 2581 buntur
2280 2525 2328 2559 δ’
2347 2526 2372 2578 ‘l
2401 2543 2421 2577 ι
2460 2522 2825 2579 Vehementer
2846 2519 2992 2576 enim
3026 2529 3299 2575 conantur
3324 2520 3654 2590 persnadere

2058 2618 2219 2675 nobis
2254 2616 2638 2672 haereticorum
2673 2622 2975 2670 sectatores
3034 2612 3165 2681 {fnon
3222 2612 3339 2667 fore
3409 2623 3655 2668 mortuo-

2067 2728 2189 2767 rum
2228 2707 2711 2766 resurrectionem.
2744 2705 2923 2776 Atque
2955 2706 3151 2761 iterum
3182 2704 3466 2774 respondit
3500 2718 3653 2773 qua:-

2055 2805 2196 2861 renti
2224 2804 2416 2859 beatus
2452 2803 2699 2859 Andreas
2734 2800 3013 2873 :JUplter,
3052 2801 3281 2871 Apollo,
3324 2799 3655 2865 Mercurius,

2054 2896 2346 2959 Saturnus,
2378 2893 2543 2961 Juno,
2576 2895 2766 2960 Diana,
2797 2902 3106 2963 ceteraque
3131 2892 3393 2947 falsorum
3420 2890 3650 2945 deorum

2055 2989 2239 3053 tui'ba,
2268 2988 2471 3043 mortui
2504 2989 2765 3056 cmcique,
2796 2986 2874 3040 uti
2915 2995 3065 3051 sunt,
3096 2984 3176 3040 sic
3202 2994 3256 3038 et
3297 2984 3648 3054 appellantur

2057 3099 2085 3137 a
2118 3081 2383 3152 propheta
2407 3099 2421 3149 ;
2445 3079 2655 3150 lapides
2678 3079 2881 3150 quippe
2922 3086 2976 3133 et
3008 3092 3204 3131 aurum
3231 3086 3282 3131 c‘t
3324 3086 3643 3147 argentum,

2058 3189 2238 3244 neque
2278 3173 2535 3227 vixerunt
2567 3186 2806 3242 unquam
2860 3186 3037 3240 neque
3087 3171 3300 3225 victura
3354 3178 3483 3223 sunt
3535 3184 3652 3221 om-

368 3261 640 3328 φύκασινο
692 3262 774 3316 διδ
817 3263 913 3317 καί
943 3263 992 3316 οἰ
1025 3262 1286 3336 ’Έλληνες
1339 3264 1415 3328 ώς
1464 3264 1670 3336 ἰατροῖς
1718 3263 1838 3319 οὖσι
1894 3264 1956 3317 τὸ

2061 3265 2225 3328 nino,
2275 3278 2399 3318 cum
2456 3274 2509 3319 et
2545 3263 2843 3317 inanimata
2881 3269 2935 3315 et
2973 3261 3083 3314 vita
3137 3274 3363 3329 prorsus
3388 3258 3654 3313 destituta

367 3353 564 3421 δοκεῖν,
588 3355 957 3427 πλανώμενοι.
983 3356 1195 3420 τούτοις
1219 3359 1617 3429 προσήρχοντο,
1644 3358 1837 3421 θυσίας
1862 3359 1959 3412 αὐ-

2062 3358 2193 3413 sint.
2228 3354 2369 3411 Hinc
2422 3364 2475 3410 et
2510 3354 2776 3426 gentiles,
2814 3352 3018 3423 quibus
3060 3352 3136 3406 dii
3173 3351 3261 3405 isti
3311 3350 3650 3406 medicorum

366 3448 480 3511 τοῖς
520 3448 860 3510 σπένδοντες.
900 3448 1096 3503 Αὐτῶν
1130 3446 1226 3504 οὖν
1259 3449 1472 3522 βλέπων
1500 3451 1529 3505 6
1571 3450 1866 3521 Προφήτης
1896 3452 1959 3505 τὸ

2066 3451 2187 3506 loco
2221 3454 2409 3517 erant,
2447 3448 2682 3518 turpiter
2707 3445 2918 3517 decepti
2952 3452 3117 3510 sunt,
3161 3459 3287 3501 cum
3333 3444 3455 3499 illus
3485 3458 3651 3498 rene-

366 3539 577 3610 ἄψυχόν
626 3557 769 3611 φημι
815 3541 909 3595 καὶ
943 3540 1271 3612 ἀναίσθητον
1320 3541 1431 3595 τῶν
1472 3539 1729 3606 εἰδώλων,
1764 3539 1841 3604 ώς
1874 3540 1958 3594 ἰα-

2070 3540 2247 3597 raturi
2297 3546 2355 3597 et
2404 3541 2697 3598 sacriﬁciis
2758 3538 3084 3594 honoraturi
3139 3544 3521 3592 accesserunt.
3570 3532 3651 3589 Ad

366 3635 517 3706 τροῖς
547 3635 959 3705 προσεπέλαζον
998 3635 1066 3687 τά
1096 3629 1430 3703 πλανώμενα
1471 3634 1623 3705 ἔθνη,
1656 3632 1800 3688 οὓτω
1835 3650 1955 3697 πως

2062 3632 2231 3692 ltosee
2258 3634 2425 3706 igitur
2454 3635 2565 3690 vita
2594 3642 2872 3702 senSuque
2904 3638 3152 3687 carentes
3184 3628 3314 3684 deos
3350 3643 3445 3682 seu
3482 3627 3655 3692 idola,

367 3729 500 3798 περὶ
546 3727 728 3781 αὐτῶν
763 3727 1189 3800 τροπωσάμενος
1232 3726 1335 3797 ἔφη
1367 3727 1397 3780 6
1442 3726 1769 3796 Προφήτης*
1807 3727 1871 3779 Οἰ
1899 3725 1957 3779 δὲ

2062 3742 2204 3799 quos
2257 3730 2498 3799 decepta:
2529 3740 2594 3782 ac
2623 3722 2824 3781 delusle
2879 3716 3071 3792 gentes
3121 3737 3247 3776 cum
3303 3722 3656 3775 veneratione

366 3821 554 3891 νεκροί
582 3819 727 3892 ζωὴν
769 3821 830 3874 οὐ
885 3819 961 3892 μὴ
1022 3820 1227 3885 ἴδωσιν,
1267 3821 1563 3886 τουτέστιν,
1598 3821 1647 3873 οί
1689 3818 1802 3872 θεοὶ
1847 3818 1957 3871 τῶν

2063 3822 2324 3889 adibant,
2378 3819 2688 3889 respiciens
2743 3821 3048 3888 propheta,
3108 3813 3182 3869 ita
3230 3813 3651 3883 pronuntiavit:

382 3913 673 3982 Ἑλλήνιον,
703 3914 753 3967 ot
796 3911 987 3967 λίθινοι
1028 3913 1123 3967 καὶ
1167 3912 1390 3978 ξύλινοι,
1424 3913 1662 3984 ἀργυροῖ
1695 3911 1792 3966 καί
1825 3927 1958 3981 χρυ-

2063 3914 2259 3970 hlortui
2295 3921 2501 3971 autem.
2534 3912 2586 3965 id
2631 3920 2739 3974 est,
2772 3910 2847 3964 dii
2883 3908 3161 3979 gentium,
3196 3906 3433 3976 lapidel,
3465 3906 3657 3976 lignei,

370 4009 472 4069 σοῖ,
524 4009 622 4060 καὶ
663 4004 980 4076 ὀστράκινοι
1024 4007 1123 4060 καὶ
1154 4005 1367 4076 χαλκοῖ,
1400 4002 1501 4076 ὕλη
1547 4002 1719 4075 νεκρὰ
1764 4004 1953 4066 6v“;-

366 4099 490 4155 οἰτε
540 4099 741 4169 ἰατροὶ,
787 4100 837 4151 oi
896 4099 1078 4152 αὐτῶν
1114 4098 1344 4164 ζώδονες
1371 4097 1511 4170 (88),
1559 4097 1664 4152 ὑπὸ
1711 4094 1954 4169 Χριστοῦ

368 4192 767 4261 συντριόέντες,
796 4191 982 4246 οὐκέτι
1010 4193 1431 4263 ἀναστήσονται.

445 4480 586 4553 ρπδ’.
634 4479 958 4549 Ἐπιφάνιος,
980 4473 1167 4532 εἶπεν·
1196 4476 1263 4530 Τί
1289 4472 1606 4549 έρμηνεύει,
1644 4491 1664 4524 ι
1702 4471 1866 4527 Λίθον
1895 4471 1956 4525 ὃν

369 4573 782 4643 ἀπεδοκίμασαν
818 4572 868 4625 οι
916 4569 1355 4641 οἰκοδομοῦντες,
1408 4562 1563 4632 οὗτος
1606 4567 1840 4638 ἐγενήθη
1874 4567 1956 4628 είς

368 4669 611 4737 κεφαλὴν
640 4666 843 4734 γωνίας
867 4681 884 4731 ;
925 4682 944 4716 ι
1001 4663 1059 4715 Ὀ
1088 4662 1278 4730 ’Ἄγιος
1313 4656 1465 4713 εἶπεν
1485 4676 1500 4692 ·
1546 4659 1605 4712 Ὃ
1627 4658 1773 4722 λίθος
1803 4650 1959 4719 οὗτος

370 4764 399 4817 6
439 4766 481 4818 Χ
493 4762 674 4833 ριστός
695 4764 844 4815 ἐστιν
869 4777 883 4792 ο
918 4756 1337 4828 ἀπεδοκιμάσθη
1366 4755 1426 4809 δὲ
1455 4754 1560 4808 ὑπὸ
1579 4753 1958 4827 γραμματέων

370 4859 463 4911 καὶ
500 4855 892 4929 πρεσϐυτέρων
921 4854 1015 4907 τοῦ
1056 4851 1186 4906 λαοῦ
1220 4852 1331 4905 τῶν
1376 4849 1671 4909 Ἰουδαίων,
1709 4847 1803 4901 καὶ
1833 4846 1957 4917 ὲγέ-

2059 4007 2327 4077 argentei,
2365 4006 2542 4072 aurei,
2585 4003 2809 4061 testacei
2861 4012 3027 4072 atque
3053 4002 3230 4066 aenei,
3260 4015 3383 4055 cum
3424 4000 3657 4054 materia

2060 4101 2288 4171 Spiritus
2315 4110 2565 4169 expertes
2600 4099 2730 4164 sint,
2751 4097 2914 4151 vitam
2941 4110 3048 4150 non
3078 4095 3338 4150 videbunt
3365 4113 3379 4149 :
3408 4108 3508 4148 nec
3538 4107 3655 4147 me-

2061 4193 2174 4250 dici
2200 4235 2215 4261 ,
2262 4193 2339 4250 dii
2369 4193 2584 4248 scilicet
2617 4191 2782 4246 iidem
2813 4230 2829 4255 ,
2873 4204 3014 4258 quos
3046 4200 3105 4242 ut
3135 4188 3258 4242 vitae
3302 4188 3523 4240 datores
3557 4199 3656 4240 co-

2060 4287 2213 4354 lunt,
2245 4301 2273 4340 a
2303 4285 2526 4342 Christo
2556 4282 2783 4340 contriti
2810 4321 2823 4346 ,
2862 4281 2975 4337 ullo
3012 4296 3253 4351 unquam
3287 4288 3530 4349 tempore
3562 4293 3655 4332 re-

2061 4384 2495 4440 suscitahnntnr.

2134 4476 2262 4532 184.
2309 4475 2484 4530 Porro
2516 4489 2641 4529 cum
2671 4473 2879 4529 diceret
2925 4470 3285 4541 Epiphanius,
3323 4470 3488 4524 Istum
3518 4466 3658 4522 mihi

2063 4572 2246 4627 locum
2294 4570 2703 4637 interpretare:
2737 4565 3055 4635 «Lapidem,
3106 4578 3267 4633 quem
3325 4561 3654 4630 reprobave-

2062 4672 2189 4718 runt
2211 4659 2572 4723 aediﬁcantes,
2607 4658 2696 4711 hic
2729 4656 2907 4712 laetus
2939 4664 3022 4710 est
3052 4655 3105 4707 in
3139 4662 3299 4722 caput
3323 4651 3507 4721 anguli
3536 4649 3640 4714 δ’,ι

2064 4755 2215 4811 illam
2251 4754 2405 4809 dedit
2437 4748 2945 4819 interpretationem
2982 4744 3178 4799 beatus
3208 4743 3503 4815 Andreas:
3546 4740 3651 4794 La-

2061 4851 2147 4922 pis
2179 4851 2281 4905 iste
2320 4847 2577 4903 Christus
2608 4852 2691 4899 est
2715 4881 2731 4907 ,
2782 4841 2875 4911 qui
2931 4839 3253 4909 reprobatus
3291 4854 3322 4890 a
3360 4835 3569 4890 Scribis
3593 4843 3652 4890 et

369 4968 493 5006 νετο
523 4949 734 5019 κεφαλὴ
765 4948 865 5016 τῆς
904 4945 1236 5015 Ἐκκλησίας
1269 4943 1378 4997 τῶν
1410 4942 1600 5007 ἐθνῶν,
1648 4944 1770 5013 ἥτις
1799 4939 1958 5008 λέγε-

2068 4940 2383 4997 senioribus
2408 4935 2592 5007 populi
2617 4932 2869 4997 Judaici,
2906 4930 3083 4985 lactus
3122 4929 3227 4983 fuit
3261 4938 3428 4998 caput
3467 4928 3654 4982 Eccle-

367 5061 460 5099 ται
510 5043 683 5110 γωνία
709 5056 725 5073 ο
768 5037 940 5107 γωνία
992 5036 1049 5088 δὲ
1096 5035 1338 5103 λέγεται,
1389 5035 1473 5088 ὅτι
1507 5034 1568 5087 οὗ
1617 5034 1677 5086 τὺ
1714 5033 1826 5085 πᾶν
1859 5033 1954 5084 τοῦ

370 5138 580 5206 κόσμου
636 5136 717 5197 εἰς
766 5131 858 5185 τὸν
896 5127 1134 5202 Χριστὸν
1188 5129 1572 5192 πεπίστευκεν,
1609 5125 1746 5181 ἀλλὰ
1800 5123 1954 5194 μόλις

373 5229 439 5281 τὶ
468 5229 712 5298 ἐπίσημα
735 5225 910 5295 γωνίᾳ⁵
931 5224 1314 5291 ἀπεικασμένα
1331 5220 1440 5273 τῶν
1471 5219 1735 5291 Ἐλλήνων
1760 5218 1954 5281 ἐθνῶν,

373 5319 571 5383 οἵτινές
613 5321 781 5388 ἐσμεν
804 5317 966 5386 ἡμεῖς
989 5316 1035 5367 οἰ
1060 5311 1404 5383 Χριστιανοὶ.
1441 5312 1758 5379 Ἐπιφάνιος
1779 5305 1953 5363 εἶπεν·

371 5412 438 5464 Τί
470 5411 794 5482 ἑρμηνεύει,
829 5428 848 5461 ι
896 5410 1045 5475 Ἐκεῖ
1083 5402 1393 5475 ἒξανατελῶ
1442 5404 1609 5474 κέρας
1662 5404 1741 5475 τῷ
1771 5403 1956 5469 Δαυῒδ,

369 5506 649 5576 ήτοίμασα
681 5502 877 5573 λύχνον
909 5501 987 5573 τῷ
1014 5498 1235 5573 Χριστῷ
1271 5514 1370 5568 μου
1391 5516 1405 5565 ;
1430 5515 1447 5548 ι
1474 5494 1531 5549 '0
1559 5495 1845 5567 Μακάριος
1870 5496 1960 5550 λέ-

447 5688 493 5719 ⁸³
532 5687 674 5745 Psztl.
708 5700 911 5747 cxxrtt,
945 5684 999 5741 5.

2065 5035 2161 5091 size
2198 5033 2486 5103 gentium:
2524 5044 2645 5097 qua?
2692 5024 2926 5095 angulus
2978 5022 3301 5093 appellatur,
3356 5031 3647 5091 propterea

2060 5127 2206 5197 quod
2263 5139 2371 5178 non
2424 5122 2735 5181 universus,
2773 5134 2877 5184 qua
2927 5124 3094 5184 patet,
3152 5113 3301 5169 orbis
3341 5153 3357 5177 ,
3407 5114 3500 5169 sed
3556 5114 3644 5167 vix

2062 5215 2362 5278 notabilis,
2423 5213 2470 5267 si
2529 5226 2654 5266 cum
2717 5217 2826 5264 tota
2889 5206 3197 5275 gentilitate
3248 5213 3644 5273 comparetur,

2063 5325 2218 5380 pars,
2261 5323 2383 5378 qua:
2433 5320 2499 5359 ex
2555 5303 2714 5357 nubis
2749 5296 3084 5355 Christianis
3135 5297 3533 5361 constituitur,
3589 5293 3643 5347 in

2064 5403 2340 5459 Christum
2372 5396 2686 5454 crediderit.
2720 5394 2861 5449 Tum
2898 5394 3057 5450 istius
3092 5405 3310 5463 quoque
3341 5388 3444 5443 luci
3490 5384 3645 5440 Psal-

2068 5509 2282 5549 morum
2309 5510 2322 5548 :
2352 5511 2369 5544 ι
2409 5491 2483 5547 lbi
2521 5488 2804 5546 suscitabo
2828 5502 2998 5543 cornu
3034 5484 3224 5550 David,
3253 5480 3440 5552 paravi
3470 5480 3654 5535 lucer-

1079 5685 1121 5717 “
1161 5683 1266 5740 lsa.
1297 5699 1461 5749 uri,
1508 5680 1592 5736 Η.
1672 5678 1718 5711 ³⁵
1757 5676 1898 5733 Psal.
1931 5692 2096 5744 cu’tt,
2125 5678 2219 5734 25.

455 5846 570 5908 (88)
609 5846 881 5902 Similiter
913 5844 1186 5910 Σώδονες,
1224 5844 1341 5900 vitro
1395 5841 1788 5913 datores,'dici
1838 5839 2113 5913 cetijecto.
