4090 6470
416 418 517 483 831

1478 423 1902 484 NICEPHORI
1945 421 2425 484 PRESBYTER!
2460 420 2572 483 ΟΡ.

3530 392 3535 399 ’
3562 412 3693 477 832+

417 544 542 584 nam
599 528 815 585 Christo
877 531 1099 597 meo“,
1163 550 1182 583 ι
1234 531 1654 602 explicationem
1710 532 1986 600 ﬂmgitante

2093 549 2205 599 γει·
2239 506 2421 601 Κέρας
2455 532 2553 600 μὲν
2588 529 2616 582 6
2642 527 2773 592 Θεὸς
2799 526 3099 593 ἐξανέτειλε
3128 524 3205 596 τῷ
3236 522 3398 578 Δαυῒδ
3421 564 3434 587 ,
3467 522 3673 592 πρόδη-

417 620 723 691 Epiphanio
743 662 757 686 ,
794 622 934 677 hanc
959 623 1242 693 subjunxit
1275 625 1467 678 beatus
1493 624 1736 677 Andreas
1762 641 1775 677 :
1799 621 1983 676 Cornu

372 786 378 796 Ι
415 712 634 782 quidem
666 715 947 769 suscitavit
983 716 1122 769 Deus
1158 714 1374 779 Davidi,
1421 728 1650 782 nempe,
1680 723 1739 768 ut
1768 717 1982 784 perspi-

414 818 579 858 cuum
625 814 736 871 est,
783 804 1057 860 Christum
1110 822 1173 859 ex
1216 806 1533 860 beatissima
1580 805 1824 875 Virgine.
1878 806 1988 860 Lu-

2091 623 2181 675 λον
2217 625 2281 675 ἐκ
2313 624 2410 692 τῆς
2452 623 2613 689 ἁγίας
2647 620 2930 692 Παρθένου
2969 618 3060 672 τὸν
3103 617 3339 689 Χριστόν
3360 632 3374 647 ’
3402 615 3594 685 λύχνον
3621 614 3678 668 δὲ

2095 714 2393 785 ἡτοίμασεν
2425 718 2452 767 6
2493 715 2684 785 Πατὴρ
2713 713 2823 766 τῶν
2857 711 3160 781 οἰκτιρμῶν
3194 709 3270 779 τῷ
3309 705 3535 777 Χριστῷ
3580 707 3676 758 καὶ

2091 806 2206 875 Υίῷ
2234 806 2425 871 αὐτοῦ,
2456 805 2547 859 τὸν
2587 805 2857 876 μακάριον
2914 803 3169 872 Ἰωάννην
3198 802 3287 852 τὸν
3341 799 3653 869 Πρόδρομον

339 919 343 924 ’
419 911 636 952 cernam
674 914 805 953 vero
846 898 1060 968 paravit
1090 896 1249 952 Pater
1291 897 1799 952 misericordiarum
1852 897 2072 952 Christo
2103 898 2244 952 Filio
2312 913 2451 962 suo,
2517 896 2773 952 videlicet
2837 896 3057 951 beatum
3101 893 3459 947 Prodromum
3507 886 3679 942 ,ἰοίην

414 1003 562 1046 nem.

488 1084 609 1137 185.
665 1083 908 1154 Denique
954 1094 1108 1155 rogat
1157 1085 1502 1156 Epiphanius
1549 1090 1715 1141 istius
1753 1086 1983 1141 solutio-

416 1187 535 1224 nem
564 1173 843 1227 sententiaz
871 1192 885 1228 ε
925 1192 943 1226 ι
976 1174 1370 1228 Testimonium
1422 1174 1635 1229 Domini
1678 1177 1833 1231 lidele
1852 1215 1868 1238 ,
1896 1192 1980 1230 sa-

415 1263 675 1331 pientiam
723 1274 990 1331 praestans
1024 1265 1267 1335 parvulis
1290 1265 1356 1318 ⁸⁷.
1398 1285 1418 1318 ι
1450 1265 1707 1336 Illamque
1747 1269 1799 1320 in
1840 1268 1984 1321 hunc

419 1354 636 1407 modum
662 1355 809 1408 dedit
837 1357 1083 1412 Andreas
1104 1374 1120 1412 :
1141 1356 1380 1427 Spiritus
1408 1368 1631 1413 sanctus
1661 1358 1729 1413 de
1758 1358 1986 1414 Domino

413 1441 542 1497 Jesu
600 1443 821 1499 Clu-isto
873 1447 1246 1501 testimonium
1306 1446 1596 1516 perhibet,
1645 1451 1718 1505 ita
1773 1464 1991 1504 asseve-

418 1542 571 1588 rante
606 1535 726 1604 ipso
766 1534 998 1591 Domino
1029 1538 1314 1608 discipulis
1359 1538 1477 1594 suis
1511 1554 1584 1607 at
1623 1537 1758 1594 Cum
1803 1552 1985 1595 autent

419 1628 624 1682 venerit
657 1627 997 1696 Paracletus,
1025 1646 1187 1700 quem
1227 1646 1327 1701 ego
1363 1631 1576 1686 mittam
1608 1633 1766 1689 vobis
1802 1648 1833 1688 a
1881 1632 1987 1688 Pa-

415 1727 534 1784 tre,
570 1720 835 1790 Spiritum
871 1722 1118 1778 veritatis
1144 1762 1160 1788 ,
1209 1740 1369 1794 quem
1403 1725 1641 1780 mundus
1676 1742 1782 1778 non
1813 1734 1988 1795 potest

416 1812 836 1883 aeeipere,quia
871 1828 979 1868 non
1010 1814 1152 1868 ridet
1174 1830 1318 1881 eum,
1348 1816 1438 1870 ille
1465 1816 1833 1871 testimonium
1865 1833 1988 1886 pcr-

417 1904 622 1960 bibebit
662 1904 727 1959 de
770 1920 856 1959 me
874 1905 941 1959 ⁸³.
994 1925 1012 1957 ι
1076 1906 1229 1963 Unde
1274 1908 1554 1975 perspicue
1599 1915 1783 1978 patet,
1835 1912 1983 1980 quod
2019 1887 2053 1939 θ

415 1996 549 2059 dixi,
581 1995 950 2051 testimonium
993 1996 1203 2051 Domini
1246 1997 1510 2065 Spiritum
1547 2008 1795 2054 sanctum
1838 2015 1982 2054 esse.

417 2084 560 2140 Idem
600 2087 893 2142 bellissime
915 2088 1137 2152 indicat,
1166 2088 1315 2162 quod.
1346 2088 1400 2140 in
1439 2086 1680 2142 Iordane
1706 2099 1984 2159 peractum

414 2165 495 2232 ρει
529 2182 843 2248 mysterium
873 2196 887 2233 :
918 2180 1041 2235 istic
1067 2181 1210 2233 enim
1239 2218 1253 2244 ,
1304 2179 1384 2233 uti
1423 2189 1477 2233 et
1508 2182 1561 2233 in
1610 2191 1794 2236 monte
1838 2182 1985 2238 Tha-

418 2270 581 2324 bureo
609 2311 623 2335 ,
659 2272 797 2326 idem
829 2281 1054 2328 sanctus
1088 2272 1324 2341 Spiritus
1353 2275 1725 2329 testimonium
1752 2277 1819 2330 de
1849 2277 1986 2333 Filio

413 2359 571 2414 tlixit.
625 2360 896 2427 Quoniam
931 2362 1115 2432 itaque
1162 2363 1534 2417 testimonium
1574 2364 1785 2433 Domini
1821 2384 1990 2423 voca-

412 2462 498 2505 tur
529 2453 765 2522 Spiritns
816 2467 1040 2509 sanetus
1068 2496 1083 2521 ,
1141 2455 1327 2510 licebit
1372 2460 1723 2526 parvulorum
1767 2461 1988 2517 nomine

416 2545 692 2612 apestolos
723 2545 1024 2614 intelligere
1071 2564 1084 2600 :
1132 2547 1224 2616 qui
1262 2547 1415 2616 prius
1455 2564 1619 2617 quam
1653 2551 1829 2603 sancti
1864 2552 1988 2620 Spi-

411 2633 548 2687 ritus
586 2633 757 2702 gratia
785 2634 1125 2689 corroborati
1172 2648 1391 2701 essent,
1446 2647 1628 2692 mente
1678 2654 1742 2692 ac
1786 2640 1989 2696 virtute

413 2726 620 2792 parvuli
685 2735 877 2789 erant,
943 2735 1127 2796 utpote
1183 2727 1476 2782 admodum
1527 2729 1855 2798 imperfecti.
1919 2732 1991 2787 At

413 2831 542 2869 vero
597 2832 721 2870 cum
771 2827 892 2887 post
948 2819 1250 2888 gloriosum
1312 2818 1526 2874 Domini
1596 2837 1884 2877 ascensum
1932 2823 1989 2877 in

417 2910 702 2963 cu-naculo
747 2911 1096 2965 considerent
1140 2912 1396 2982 apostoli,
1433 2913 1772 2970 descendens
1818 2913 1989 2969 Para-

414 3000 587 3054 eletus
627 3001 865 3071 Spiritus
917 3002 1153 3058 reddidit
1197 3004 1484 3072 homines,
1534 3005 1742 3076 pride-nt
1808 3007 1993 3063 illitte-

413 3103 561 3144 ratus
617 3108 681 3145 ac
712 3094 1035 3160 piscatores,
1064 3095 1320 3151 omnibus
1354 3096 1644 3151 rhetorica:
1673 3109 1833 3166 atque
1859 3100 1994 3154 alia-

415 3199 536 3237 rum
588 3187 787 3240 artium
842 3188 1068 3243 scientia
1110 3205 1274 3259 quam
1319 3191 1794 3246 excellentissimis
1832 3191 1989 3262 longe

415 3276 809 3346 sapientiores,
842 3279 988 3333 nulla
1011 3295 1114 3349 pro
1145 3282 1272 3336 dato
1301 3296 1529 3336 munere
1552 3282 1804 3336 mercede
1835 3298 1986 3338 rece-

415 3379 528 3438 pta,
569 3380 765 3438 praeter
806 3370 1229 3426 sincerissimam
1276 3373 1437 3427 tidem
1481 3383 1645 3441 atque
1680 3374 1866 3441 gloriae
1899 3375 1984 3428 di—

416 3461 557 3513 vinae
609 3461 961 3516 desiderium.
1008 3462 1197 3518 Potest
1238 3478 1457 3532 quoque
1514 3464 1657 3517 dicta
1717 3465 1987 3518 sententia

417 3550 607 3604 referri
638 3556 700 3615 aa
739 3554 990 3622 parvulos
1023 3554 1156 3609 istos
1180 3593 1196 3620 ,
1232 3553 1326 3623 qui
1360 3551 1528 3607 ramis
1562 3554 1862 3622 palmarum
1903 3556 1989 3608 in-

2162 1080 2300 1154 ρπε’.
2319 1082 2634 1150 Ἐπιφάνιος
2657 1076 2808 1133 εἶπεν
2829 1094 2845 1111 ⁸
2871 1078 3002 1131 Τίνα
3030 1077 3186 1132 λύσιν
3218 1078 3350 1146 ἔχει,
3390 1097 3407 1128 ι
3445 1078 3510 1132 Ἠ
3536 1095 3681 1149 μοερὁ

2086 1175 2248 1244 τυρία
2298 1174 2503 1243 Κυρίου
2536 1172 2723 1244 πιστὴ.
2750 1172 3041 1241 corp-{Causa
3094 1173 3296 1242 νήπια;
3332 1191 3349 1223 ι
3391 1172 3448 1224 '0
3486 1173 3691 1240 ’Ἀγιος

2094 1267 2229 1336 ἔφη’
2264 1266 2337 1317 Τὸ
2367 1263 2592 1333 Πνεῦμα
2624 1263 2686 1315 τὸ
2716 1262 2872 1330 ἅγιόν
2916 1264 3032 1314 ἐστι
3077 1261 3139 1314 τὸ
3187 1261 3501 1330 μαρτυροῦν
3547 1263 3676 1331 περὶ

2093 1359 2188 1410 τοῦ
2237 1357 2445 1427 Κυρίου
2488 1354 2664 1426 Ἰησοῦ
2708 1353 2982 1425 Χριστοῦ·
3035 1352 3198 1415 αὐτὸς
3250 1353 3359 1419 γὰρ
3389 1355 3416 1405 6
3467 1352 3676 1422 Κύριος

2095 1448 2244 1516 λέγει
2278 1450 2388 1511 τοῖς
2427 1447 2697 1518 μαθηταῖς
2729 1444 3141 1499 αὑτοῦοιὌταν
3171 1443 3230 1496 δὲ
3266 1442 3394 1513 ἔλθῃ
3424 1444 3452 1496 6
3490 1441 3709 1522 Hapé-_

2094 1540 2311 1607 κλητος,
2352 1540 2410 1594 ὃν
2439 1539 2547 1608 ἐγὼ
2591 1539 2790 1608 πέμψω
2822 1538 2952 1608 ὑμῖν
2990 1539 3140 1607 παρὰ
3172 1536 3264 1590 τοῦ
3302 1534 3512 1605 Πατρό;
3545 1549 3692 1604 μου,.

2093 1635 2153 1685 τὺ
2176 1632 2399 1701 Πνεῦμα
2423 1632 2520 1701 τῆς
2557 1631 2833 1699 ἀληθείας,
2866 1631 2894 1683 ὃ
2940 1630 2969 1682 6
3000 1630 3202 1698 κόσμος
3234 1629 3294 1680 οὐ
3326 1628 3551 1681 δύναται
3578 1627 3674 1680 λα-

2095 1726 2230 1787 ϐεῖν,
2267 1725 2351 1777 ὅτι
2386 1724 2447 1775 οὐ
2490 1722 2687 1792 θεωρεῖ
2721 1722 2873 1784 αὐτὸ,
2909 1723 3115 1785 ἐκεῖνος
3163 1721 3505 1791 μαρτυρήσει
3545 1720 3676 1789 περὶ

2093 1818 2248 1888 ἐμοῦ.
2287 1836 2316 1870 ι-
2337 1817 2590 1888 Δηλονότι
2623 1818 2659 1885 ἡ
2687 1814 2962 1887 μαρτυρία
2995 1815 3199 1886 Κυρίου
3250 1815 3311 1867 τὺ
3361 1812 3685 1882 Πνεῦμαητδι

2092 1910 2244 1979 ἅγιόν
2285 1913 2454 1962 ἐστιν.
2486 1909 2559 1961 Τὸ
2588 1908 2719 1961 αὐτὸ
2747 1907 2934 1977 ἐνόησε
2963 1906 3058 1959 καὶ
3080 1907 3147 1959 τὸ
3170 1908 3225 1959 ὲν
3270 1905 3507 1974 Ἰορδάνῃ
3568 1921 3672 1973 μυ-

2091 2004 2344 2072 στήριονο
2386 2002 2502 2053 ἐκεῖ
2525 2000 2634 2068 γὰρ
2667 2002 2694 2053 6
2740 1999 3096 2069 Παράκλητος
3126 1997 3217 2051 τὸν
3268 1997 3396 2050 Υἰὺν
3432 1995 3672 2064 ἐμαρτύυ

2091 2112 2273 2165 ρησεν,
2335 2092 2596 2154 ὡσαύτως
2653 2094 2767 2168 καὶ.
2803 2093 2860 2143 ἐν
2907 2091 2986 2162 τῷ
3031 2088 3314 2159 Θαόωρίῳ.
3374 2089 3527 2140 Ἐπεὶ
3578 2082 3672 2139 οὖν

2090 2185 2364 2255 μαρτυρία
2414 2182 2618 2252 Κυρίου
2649 2183 2709 2235 τὸ
2743 2182 2964 2251 Πνεῦμα
3016 2180 3074 2233 τὸ
3118 2180 3273 2248 ἅγιον
3315 2178 3687 2246 ὀνομάζεται..

2086 2276 2265 2341 ἔξεστι
2295 2275 2485 2344 νοῆσαι
2538 2275 2707 2344 νήπια
2747 2274 2873 2334 τοὺς
2907 2272 3260 2334 ἀποστόλους,
3310 2272 3506 2332 οἵτινες
3566 2267 3672 2335 πρὸ

2087 2366 2178 2419 τοῦ
2212 2364 2548 2429 δέξασθαιτί)
2577 2363 2801 2433 Πνεῦμα
2844 2363 2904 2415 τὸ
2945 2363 3099 2430 ἆγιον
3162 2363 3345 2431 νήπιοι
3389 2363 3510 2420 ταῖς
3541 2375 3690 2428 ιρρε-Δ

2090 2460 2173 2511 σῖν
2222 2459 2541 2527 ἐτύγχανον,
2596 2456 2686 2509 διὰ
2728 2459 2788 2509 τὸ
2834 2454 3045 2517 ἀτελεῖς
3094 2453 3317 2516 τούτους
3376 2452 3670 2521 ὑπάρχειν.

2093 2552 2218 2603 Ὅτε
2246 2548 2340 2604 οὖν
2379 2553 2435 2602 ἐν
2464 2549 2540 2621 τῷ
2572 2547 2808 2619 ὑπερῴῳ
2839 2547 2976 2616 μετά
3020 2546 3120 2616 τὴν
3170 2545 3438 2613 σωτήριον
3469 2542 3675 2608 avdiit]-

2088 2644 2178 2713 ψιν
2227 2644 2546 2707 ἐκαθέζοντο
2610 2643 2660 2694 oi
2704 2639 3013 2702 ἀπόστολοι,
3063 2638 3157 2690 καὶ
3200 2636 3477 2688 κατελθὼν
3506 2636 3533 2687 6
3563 2636 3676 2687 [Ια-

2094 2737 2401 2806 ράκλητος,
2471 2736 2595 2796 τοὺς
2656 2731 2846 2803 πρώην
2898 2728 3297 2801 ἀγραμμάτους
3356 2729 3452 2781 καὶ
3509 2728 3676 2788 ἁλιεῖς

2093 2828 2438 2897 ὑπάρχοντας
2506 2824 2850 2895 σοφωτέρους
2894 2824 3136 2894 ῥητόρων
3163 2822 3257 2874 καὶ
3289 2820 3544 2873 ἁπάντων
3567 2818 3697 2870 τῶν,

2093 2920 2151 2970 ἐν
2194 2919 2454 2989 φρονήσει
2502 2914 2932 2986 θαυμαζομένων
2985 2911 3283 2977 ἀπέδειξεν,
3346 2910 3497 2962 οὐδὲν
3544 2925 3679 2979 παρ»

2095 3011 2276 3064 αὐτῶν
2309 3013 2387 3071 είς
2425 3007 2769 3078 ἀντιμισθίαν
2798 3005 3110 3074 δεξάμενος,
3144 3001 3177 3072 ἢ
3224 3002 3403 3057 πίστιν
3449 3001 3695 3069 εἱλικριι

2094 3101 2359 3171 νεστάτην
2390 3102 2484 3155 καὶ
2514 3099 2698 3153 πόθον.
2727 3097 2959 3151 Δύναται
2990 3096 3046 3149 δὲ
3079 3096 3106 3146 ὁ
3132 3095 3287 3162 λόγος
3312 3096 3389 3157 εἰς
3413 3092 3481 3146 τὰ
3508 3092 3678 3160 νήπια

2095 3194 2279 3245 ἐκεῖνα
2314 3190 2705 3262 ἀναςέρεσθαι,
2746 3188 2890 3257 ἅπερ
2928 3187 3063 3255 μετᾶ
3117 3184 3286 3254 βαῖων
3329 3183 3677 3245 ύπαντῶντα,

2091 3283 2183 3335 τὸν
2214 3281 2415 3351 Κύριον
2459 3281 2739 3351 εὐφήμουν
2778 3278 2873 3330 καὶ
2904 3276 3153 3340 ἐδόξαζον
3178 3291 3193 3306 ο
3228 3275 3322 3328 καὶ
3367 3276 3553 3345 γὰρηοὶ
3589 3291 3679 3327 σο-

2095 3375 2187 3442 φοὶ
2234 3374 2327 3426 καὶ
2361 3375 2408 3425 οἱ
2452 3373 2800 3443 γραμματεῖς
2847 3370 2906 3422 οὐ
2958 3371 3195 3438 συνῆκαν
3247 3369 3470 3439 ποιῆσαι
3497 3367 3697 3431 τοῦτο,-

2097 3462 2207 3515 τῶν
2238 3462 2665 3530 ἐλαχιστοτόιτων
2720 3460 2929 3530 νηπίων
2971 3457 3074 3510 ὑπὸ
3119 3457 3212 3511 τοῦ
3245 3459 3399 3527 ἁγίου
3431 3457 3681 3526 [Ινεύμαε

2097 3571 2188 3618 τος
2218 3552 2607 3622 σοφισθὲντων..

416 3648 607 3700 structi
643 3657 990 3703 occurrentes
1041 3647 1310 3715 Domino,
1378 3647 1565 3702 multis
1611 3648 1765 3702 illum
1808 3649 2102 3719 praeconiis
2159 3649 2451 3705 laudarunt
2496 3642 2670 3720 atque
2734 3651 3049 3705 extulerunt
3076 3668 3090 3703 :
3122 3665 3223 3705 nec
3248 3649 3393 3703 enim
3422 3647 3685 3716 sapienti-

415 3740 522 3794 bus
563 3744 743 3810 populi
790 3757 855 3796 ae
902 3742 1098 3797 scribis
1139 3743 1269 3797 illud
1329 3744 1522 3814 agendi
1571 3742 1803 3802 facultas
1848 3745 1990 3815 fuit,
2070 3748 2217 3818 quod
2264 3748 2352 3804 isti
2425 3747 2629 3802 nullius
2693 3746 3070 3803 aestimationis
3125 3748 3382 3817 parvuli,
3474 3742 3697 3813 Spiritu.

419 3848 610 3890 aaucto
640 3837 836 3903 edocti,
869 3837 1104 3907 gloriose
1135 3839 1344 3907 operati
1373 3849 1523 3894 sunt.

493 3964 614 4018 l86.
682 3963 816 4017 Tam
872 3963 1080 4032 prolixo
1134 3964 1187 4018 in
1242 3965 1467 4019 multam
1528 3973 1743 4020 uectem
1793 3965 1993 4021 detenti

419 4055 690 4122 col'oqnio
725 4053 968 4109 Andreas
997 4064 1158 4126 atque
1186 4054 1524 4125 Epiphanius
1552 4097 1566 4121 ,
1610 4057 1826 4111 tandem
1858 4057 1995 4112 alter

418 4150 485 4203 ab
517 4150 685 4202 altero
719 4148 1093 4203 discesserunt
1127 4165 1141 4203 :
1186 4156 1239 4203 et
1274 4149 1611 4217 Epiphanius
1643 4150 1862 4219 quidem
1897 4150 1997 4204 do-

421 4255 569 4293 mum
619 4253 679 4292 se
732 4252 886 4292 suam
936 4238 1204 4303 Contulit,
1264 4239 1546 4294 admirans
1601 4256 1724 4295 cum
1772 4251 1995 4309 stupore

421 4330 590 4383 animi
631 4328 949 4397 sapientiam
1001 4337 1165 4396 atque
1198 4328 1650 4399 intelligentiam,
1701 4348 1824 4402 qua:
1861 4347 1994 4402 pro-

422 4427 666 4474 cesserat
720 4433 784 4471 ex
834 4432 929 4471 ore
984 4416 1126 4472 beati
1176 4418 1320 4484 viri;
1363 4429 1523 4488 atque
1577 4421 1651 4476 ita
1710 4422 1994 4491 reputabat

420 4529 609 4570 secum
643 4528 707 4568 ac
737 4513 1095 4582 loquebatur,
1131 4514 1247 4568 tieri
1282 4514 1433 4569 nullo
1477 4515 1635 4570 modo
1682 4531 1847 4585 posse
1872 4556 1887 4581 ,
1933 4525 1991 4570 ut

418 4605 543 4676 quis
585 4614 690 4659 tam
724 4607 943 4659 dextere
985 4620 1050 4660 ac
1077 4613 1443 4675 congruenter
1490 4622 1632 4662 verae
1664 4607 1827 4676 ﬁdei,
1881 4617 1987 4662 tam

418 4702 671 4755 abstrusa
712 4700 764 4753 in
816 4699 1051 4754 medium
1104 4700 1386 4770 proferat,
1440 4702 1547 4758 nisi
1588 4702 1843 4773 praesenti
1893 4717 1995 4772 ope

421 4793 515 4847 Dei
543 4792 791 4862 adjutus.
824 4791 1025 4847 Beatus
1065 4807 1196 4847 vero
1229 4792 1476 4868 Andreas
1517 4805 1839 4850 consuetum
1885 4795 1991 4849 sibi

421 4902 629 4941 morem
669 4886 962 4950 obtinens,
1002 4885 1520 4951 exercitationibus,
1574 4904 1714 4958 quas
1755 4896 1995 4958 tempore

418 4989 690 5034 nocturno
717 4980 873 5035 obire
905 4978 1139 5045 solebat,
1169 4994 1289 5035 sese
1318 4981 1578 5035 accinxit.

2177 3961 2335 4034 ρπς’.
2371 3962 2558 4017 Ταῦτα
2590 3961 2684 4017 τοῦ
2736 3961 3017 4033 μακαρίου
3048 3959 3295 4031 Ἀνδρέου
3351 3960 3490 4028 μετὰ
3532 3963 3699 4017 Ἐπιι

2102 4059 2293 4127 φανίου
2344 4057 2722 4126 ὁμιλήσαντος,
2776 4055 3014 4124 ἑσπέρας
3061 4054 3162 4125 ἤδη
3220 4053 3443 4122 βαθείας
3488 4053 3677 4125 οὔσης,

2096 4149 2190 4217 ἀφ’
2219 4149 2427 4201 ἑαυτῶν
2463 4151 2854 4219 ἀνεχώρησαν
2891 4149 2984 4202 καὶ
3023 4148 3051 4200 6
3099 4149 3199 4216 μὲν
3242 4147 3560 4217 Ἐπιφάνιος
3600 4149 3680 4211 είς

2095 4241 2187 4293 τὸν
2218 4235 2365 4294 οἷκον
2394 4240 2561 4293 αὐτοῦ
2598 4239 2893 4310 ἐπορεύθη,
2924 4244 3161 4311 φρίττων
3212 4239 3305 4293 καῖ
3342 4237 3688 4309 ξενιζόμενος

2095 4331 2195 4400 τὴν
2226 4331 2416 4399 σοφίαν
2450 4331 2543 4384 καὶ
2584 4332 2684 4401 τὴν
2724 4330 2939 4384 σύνεσιν
2976 4331 3075 4401 τὴν
3108 4328 3431 4397 ἐξελθοῦσαν
3462 4333 3545 4395 ,ἐκ
3570 4329 3687 4382 τῶν.

2094 4422 2318 4494 χειλέων
2352 4422 2444 4475 τοῦ
2472 4423 2760 4494 Μακαρίου
2788 4438 2801 4453 ⁸
2836 4422 2987 4491 ἔλεγε
3016 4424 3121 4494 γὰρ
3156 4424 3236 4476 ὅτι
3272 4422 3391 4476 Ἐπ’
3419 4422 3678 4489 ἀληθείας

2094 4513 2269 4576 οὐδεὶς
2314 4511 2536 4565 δύναται
2590 4512 2761 4565 ταῦτα
2804 4509 2976 4573 οὕτως
3021 4512 3081 4564 ὲν
3111 4510 3366 4580 εύθύτητι
3400 4509 3598 4572 λαλεῖν,
3632 4509 3680 4559 sl

2099 4600 2239 4674 μὴῇ
2292 4605 2320 4656 6
2366 4604 2497 4666 Θεὸς
2544 4603 2660 4672 μετ’
2702 4603 2909 4656 αὐτοῦ’
2962 4601 2990 4654 6
3031 4600 3087 4653 δὲ
3119 4600 3387 4671 μακάριος
3428 4599 3681 4664 Ἀνδρέας

2096 4696 2259 4750 πάλιν
2289 4697 2432 4748 κατά
2462 4696 2525 4747 τὸ
2580 4693 2811 4764 σύνηθες
2858 4695 2916 4747 ὲν
2962 4695 3075 4755 τοῖς
3118 4692 3216 4763 τῆς
3246 4692 3438 4756 νυκτὸς
3473 4692 3693 4761 ἀγῶσινί

2097 4786 2471 4858 ἐπησχολεῖτο,
2503 4786 2572 4839 τὰ
2601 4784 2661 4850 ἐξ
2693 4785 2848 4848 ἔθους
2880 4783 3269 4855 ἐργαζόμενος.

1818 5122 2047 5179 CAPUT
2092 5123 2285 5178 XXIII.

488 5257 849 5328 Impurissimi
879 5261 1169 5331 peccatoris
1194 5278 1332 5315 mors
1368 5260 1557 5330 infelix
1579 5270 1992 5383 prazmonsltrata
2019 5260 2280 5401 Audit-ear;
2313 5271 2360 5315 et
2404 5261 2562 5332 hujus
2588 5262 2782 5316 eximia
2818 5277 2944 5332 erga
2972 5260 3216 5315 inimicos
3245 5259 3478 5314 Charitas
3508 5260 3610 5328 pia:

1746 5347 1832 5384 mn
1860 5348 1955 5384 terr
1988 5348 2127 5385 mam
2156 5342 2350 5386 estam.

1746 5342 1955 5384 rmrttert
1988 5342 2350 5386 mauileslatn.

496 5472 618 5528 l87.
661 5472 1017 5531 Beatissimae
1074 5476 1255 5545 itaque
1303 5477 1583 5541 Andreas,
1649 5477 1842 5533 ludens
1893 5478 1995 5531 ali-

419 5566 644 5633 quando
679 5579 829 5621 more
862 5566 1096 5622 hominis
1140 5585 1246 5622 non
1290 5570 1423 5624 satis
1458 5570 1540 5625 sui
1583 5571 1847 5638 compotis
1871 5609 1886 5631 ,
1942 5571 1993 5622 in

419 5657 793 5711 ambulatione
826 5660 1069 5729 porticus
1093 5662 1342 5730 publicae,
1373 5679 1493 5733 quae
1514 5662 1814 5733 appellatur
1846 5661 1997 5717 Mau-

496 5852 540 5883 “
580 5856 925 5921 I‘s:tl.cxx\t,
966 5861 1049 5915 Π.
1128 5859 1169 5894 ⁵⁷
1206 5859 1349 5917 Psal.
1387 5876 1553 5927 xvul,
1587 5861 1638 5916 8.

2179 5476 2321 5546 ρπζν.
2367 5477 2454 5529 Ἐν
2488 5477 2585 5546 μιᾷ
2615 5470 2708 5529 οὖν
2732 5474 2838 5527 τῶν
2876 5472 3096 5543 ἡμερῶν
3122 5472 3212 5526 τοῦ
3243 5473 3679 5538 Μακαριωτόιτου

2107 5567 2393 5632 παίζοντος
2419 5569 2476 5619 ἐν
2498 5567 2576 5635 τῷ
2607 5566 2895 5636 περιπάτῳ
2920 5566 3013 5619 τοῦ
3042 5564 3301 5634 δημοσίου
3334 5562 3562 5634 ὲμῖόλου
3587 5561 3680 5616 τοῦ

2108 5660 2404 5730 λεγομένου
2455 5657 2797 5730 Μαυριανοῦ,
2842 5658 2996 5729 ἔτυχε
3072 5655 3165 5710 τοῦ
3216 5654 3466 5726 γενέσθαι
3516 5654 3680 5710 αὐτὸν

1718 5861 1760 5892 ⁸⁵
1800 5856 1962 5915 Joan.
1988 5874 2077 5926 xv,
2112 5858 2202 5925 ‘2‘};
2238 5872 2349 5928 xw,
2388 5857 2466 5915 l7.
2524 5852 2529 5857 ’
