4090 6458
304 308 415 373 83'}

1492 301 1672 364 VITA
1711 298 1776 363 S.
1816 296 2148 361 ANDRE/E
2186 298 2381 363 ΒΑΗ.

3466 302 3575 367 834

313 426 410 480 ἐπὶ
436 423 535 495 τὴν
572 421 781 490 λιθίνην
828 418 1056 492 πόρταν,
1099 415 1433 472 ὲκνεύσαντα
1463 413 1564 482 τῆς
1612 411 1898 483 δημοσίας.

2014 411 2146 467 riani
2176 410 2314 482 (89),
2358 418 2523 474 atque
2559 409 2686 466 inde
2711 409 3004 468 deﬂectens
3027 448 3042 476 ,
3072 413 3212 470 forte
3258 414 3471 472 devenit
3505 417 3575 473 ad

310 514 420 572 Ἶῐν
461 515 519 569 δὲ
560 515 595 586 ἠ
646 512 851 582 ἡμέρα,
885 509 1010 566 καθ’
1045 510 1112 580 ἢν
1164 506 1261 561 τοῦ
1315 504 1551 578 μεγάλου
1606 496 1891 574 ’μάρτυρος

309 607 524 677 Θύρσου
575 607 608 675 ἡ
653 604 745 658 διὰ
803 602 1008 675 Κύριον
1039 600 1349 656 ὲπετελεῖτο
1392 598 1638 667 ἄθλησις.
1683 597 1769 660 Ὠς
1799 592 1893 650 οὖν

314 699 550 770 εἴρηται,
606 695 834 766 πλησίον
877 694 978 764 τῆς
1004 691 1213 759 λιθίνης
1258 689 1464 760 πόρτας
1506 687 1762 756 γενέσθαι
1797 688 1894 742 αύ-

312 792 423 854 cm,
463 789 586 859 ὁρᾷ,
622 788 716 841 καὶ
765 786 874 839 ἰδοὺ
912 783 1198 854 ἄνθρωπός
1238 799 1322 845 τις
1347 784 1412 834 ὲκ
1443 780 1538 833 τοῦ
1591 779 1894 850 μαρτυρίου

310 879 404 933 τοῦ
446 877 634 945 ’Λγίου
694 874 1073 945 ὑποστρέφων,
1123 872 1289 943 ἀπῄει
1322 873 1402 934 εἰς
1439 872 1537 937 τὴν
1581 870 1760 924 οίκίαν
1794 869 1894 922 αὐ-

310 970 406 1026 τοῦ
434 983 447 998 '
476 965 545 1040 ἧν
575 968 632 1021 δὲ
658 967 777 1030 ὅλος
809 966 977 1037 μέλας
1016 965 1112 1017 καὶ
1141 964 1388 1033 ζοφώδης
1417 977 1430 991 ο
1465 958 1672 1029 πλῆθός
1696 977 1757 1012 τε
1783 959 1898 1013 δαι-

315 1063 495 1133 μόνων
540 1059 853 1130 ἔμπροσθεν
888 1055 1054 1111 αὑτοῦ
1082 1055 1178 1108 καλ¹
1222 1053 1447 1108 ὄπισθεν
1492 1052 1894 1121 πορευομένων,

311 1154 408 1208 καὶ
452 1150 763 1219 κατεγέλων
795 1147 1106 1218 τραγῳδίαν
1137 1147 1260 1199 τινὰ
1306 1144 1437 1216 περὶ
1467 1143 1630 1198 αὐτοῦ
1656 1160 1670 1174 ·
1706 1143 1899 1215 ὀρχού-

319 1262 467 1317 μενοι
505 1244 563 1298 δὲ
617 1243 845 1308 ἔλεγονο
905 1234 1074 1301 Οὗτος
1131 1239 1267 1303 τέως
1323 1236 1483 1308 ήμῶν
1531 1236 1697 1289 ἐστιν.
1729 1236 1791 1288 Οἱ
1839 1235 1895 1287 δὲ

314 1339 494 1392 λοιποὶ
531 1333 1053 1403 ἁνταποκρινόμενοι
1089 1330 1225 1400 πρὸς
1272 1330 1372 1401 τὴν
1416 1327 1740 1398 κατάληξιν,
1784 1326 1898 1379 ἔλε-

315 1446 410 1498 γον
435 1443 449 1459 ο
497 1426 629 1480 Ἰδοὺ
678 1425 1011 1495 κερδάνεμεν
1036 1422 1198 1477 αὐτὸν
1223 1423 1512 1492 ὁμόσωμον
1550 1421 1645 1473 καὶ
1672 1419 1897 1489 ὁμότρο-

317 1539 439 1584 πον,
484 1520 579 1574 καὶ
616 1518 717 1572 οὐκ
745 1518 893 1570 ἔστιν
922 1514 1238 1587 ἀντίρρησις
1265 1514 1392 1583 περὶ
1446 1511 1610 1568 αὑτοῦ
1643 1511 1854 1574 οὐδενός
1880 1526 1892 1539 ·

316 1611 436 1673 ὅλος
455 1610 562 1679 γάρ
592 1608 752 1678 ἡμῶν
779 1610 946 1660 ἐστιν.
980 1605 1167 1659 Ταῦτα
1196 1605 1293 1675 μὲν
1317 1605 1504 1672 ἔλεγον
1544 1604 1671 1670 περὶ
1706 1600 1893 1668 αὑτοῦ,

316 1706 411 1757 καὶ
441 1703 575 1757 ἄλλα
604 1701 795 1763 πολλὰ,
822 1699 859 1755 ἃ.
895 1700 995 1752 οὐκ
1024 1698 1143 1763 ἐξὸν
1184 1698 1441 1768 γράφειν,
1468 1696 1564 1750 καὶ
1594 1689 1778 1748 εἷλκον
1805 1693 1896 1746 τὸν

1994 511 2208 572 portam
2269 501 2586 570 Lapideam.
2649 501 2950 572 Agebatur.
2996 512 3176 558 autem
3235 504 3396 574 dies,
3461 523 3574 580 quo

1997 609 2225 663 magnus
2244 592 2447 648 Cbristi
2476 601 2680 664 martyr
2703 592 2946 664 Thyrsus
2968 594 3079 665 (90)
3101 609 3575 653 consummaverat

1995 695 2274 740 certamen
2316 687 2586 756 martyrii.
2634 685 2731 739 illo
2770 687 2934 756 igitur
2972 688 3060 741 die
3105 689 3167 741 ad
3196 699 3406 757 portam
3432 730 3448 754 ,
3491 692 3567 745 uti

1998 777 2200 831 dictum
2230 783 2334 843 est,
2367 776 2659 844 Lapideam
2706 781 2972 832 accedens
3000 781 3267 843 Andreas,
3308 783 3574 849 conspicit

1998 864 2280 920 hominem
2311 866 2648 936 quemdam,
2684 883 2714 922 e
2756 869 3044 923 memorati
3093 872 3346 942 martyris
3379 872 3577 941 templo

1996 959 2391 1028 egredientem,
2427 960 2649 1015 domum
2691 976 2813 1016 sese
2844 962 3114 1026 conferre,
3149 965 3296 1017 omni
3334 980 3399 1018 ex
3429 974 3577 1033 parte

1998 1052 2216 1120 nigrum
2265 1068 2329 1107 ac
2365 1053 2768 1109 tenebricosum
2806 1069 2820 1109 :
2862 1055 3056 1124 ingens
3103 1056 3377 1112 hominem
3413 1061 3574 1112 turba

1997 1140 2305 1194 daemonum
2354 1143 2730 1208 praecedebat,
2767 1146 3103 1214 sequebatur
3149 1146 3369 1217 ingens;
3405 1164 3576 1218 eaque

1998 1233 2302 1288 deridendo
2338 1243 2392 1289 et
2419 1235 2710 1289 saltitando
2738 1252 2843 1290 non
2885 1238 3058 1292 laetam
3090 1254 3223 1293 sane
3251 1242 3573 1311 tragoediam

1998 1339 2166 1393 agens
2217 1324 2562 1380 exclamabat
2620 1342 2635 1380 :
2688 1325 2788 1380 llic
2845 1338 3046 1383 nostra;
3103 1332 3265 1384 modo
3323 1332 3577 1400 petestati

1999 1416 2256 1471 subditus
2291 1425 2392 1471 est.
2447 1415 2660 1483 Quibus
2705 1420 2797 1473 alii
2843 1420 3029 1476 statim
3107 1424 3451 1478 succinentes
3496 1438 3581 1476 rc-

2000 1507 2342 1577 spondebant
2397 1507 2623 1563 :‘Ecce
2672 1511 2824 1565 ilium
2855 1551 2870 1576 ,
2929 1513 3180 1569 moribus
3209 1529 3275 1569 ac
3332 1514 3579 1569 fteditate

2002 1598 2163 1653 nobis
2210 1598 2548 1654 simillimum
2604 1602 3038 1658 lucril‘ecimus':
3088 1620 3187 1659 nec
3234 1606 3441 1675 estqui
3475 1620 3580 1660 no-

2004 1691 2216 1746 biscum
2278 1690 2347 1746 de
2403 1692 2512 1747 ulla
2569 1694 2744 1761 ipsius
2805 1704 2957 1763 parte
3002 1697 3333 1752 contendere
3383 1699 3581 1752 ausit:

317 1795 550 1849 ἐλεεινὸν
603 1792 1064 1864 εὐφραινόμενοι·
1116 1766 1434 1858 γνῶ-σαντες
1476 1787 1585 1854 γὰρ
1636 1779 1778 1856 ἦσαν
1829 1787 1894 1853 τῇ

2014 1794 2148 1839 .otus
2201 1784 2423 1854 quippe,
2485 1794 2725 1853 quantus
2779 1797 3015 1856 quantus
3073 1799 3176 1853 est,
3238 1799 3420 1844 noster
3479 1799 3579 1845 est.

318 1884 504 1955 αὔριον
561 1883 818 1953 ἐκδημεῖν
875 1882 1036 1935 αὐτὸν
1082 1880 1189 1932 ἀπὸ
1239 1878 1331 1932 τοῦ
1371 1878 1646 1947 σώματος,
1688 1876 1782 1928 καὶ
1808 1874 1897 1928 διά

320 1979 474 2032 τοῦτο
508 1976 872 2047 ηὐτραίνοντο
906 1976 985 2037 εἰς
1017 1974 1114 2044 τὴν
1149 1971 1424 2027 ἀπώλειαν
1451 1968 1642 2023 αὐτοῦ.

2004 1875 2183 1945 Atque
2223 1877 2337 1930 bace
2379 1877 2632 1944 quidem,
2668 1886 2864 1947 praeter
2894 1880 3000 1934 alia
3039 1880 3293 1950 plurima,
3330 1896 3450 1950 qua:
3497 1882 3585 1938 bic

2004 1967 2315 2023 describere
2342 1968 2478 2022 nibil
2511 1969 2738 2037 attinet,
2765 1970 3047 2039 jactabant
3076 1973 3368 2038 daemones,
3405 1987 3587 2045 rapta-

324 2076 557 2143 bantque
612 2072 884 2127 misellum
949 2072 1222 2125 hominem
1281 2066 1690 2132 exsultabundi,
1746 2066 1871 2136 quia
1917 2074 2181 2121 noverant
2228 2065 2347 2120 luce
2396 2075 2616 2135 postera
2691 2083 2721 2122 e
2757 2082 2985 2136 corpore
3028 2069 3437 2140 migraturum;
3477 2073 3587 2126 sic-

320 2178 425 2232 que
453 2163 705 2217 interitus
750 2161 914 2230 hujus
966 2159 1183 2213 illorum
1219 2158 1478 2227 gaudium
1522 2156 1649 2210 fuit.

398 2312 543 2377 ρπη⁸.
590 2306 653 2358 Ὀ
696 2306 752 2358 δὲ
803 2302 1089 2372 Μακάριος
1137 2301 1330 2367 ἑστὼς,
1362 2302 1437 2365 ὡς
1480 2297 1587 2356 εἶδε
1621 2301 1815 2368 ταῦτα,
1849 2305 1906 2355 ἐν

310 2396 470 2468 ιλύπῃ
501 2396 738 2463 ἐγένετο·
775 2393 891 2465 ᾔδει
919 2394 1027 2463 γὰρ
1056 2394 1138 2446 ὅτι
1176 2391 1325 2457 ἅπαξ
1353 2393 1687 2462 κερδάνωσιν
1716 2392 1902 2455 αὑτὸν,

322 2488 399 2550 ὡς
453 2486 515 2551 ἐξ
553 2486 719 2555 αὐτῆς
766 2487 864 2554 τῆς
907 2486 1038 2546 νέας
1085 2484 1303 2555 ἡλικίας
1342 2484 1761 2554 πορνοκάπηλος
1813 2480 1904 2556 ἦν,

325 2578 675 2649 αἱμομιξίαις
703 2578 796 2630 καὶ
826 2574 1137 2644 ἀσελγείαις
1165 2574 1440 2646 σχολάζων
1462 2592 1476 2607 ο
1505 2576 1567 2629 τὸ
1595 2575 1651 2629 δὲ
1686 2576 1905 2629 πάντων

323 2673 528 2743 χεῖρον,
555 2672 634 2724 ὅτι
675 2670 765 2722 καὶ
793 2670 872 2731 είς
898 2668 997 2738 τὴν
1031 2667 1297 2738 βδελυρὰν
1340 2667 1448 2721 τῶν
1480 2667 1787 2738 Σοδομιτῶν
1814 2668 1904 2721 αἴ-

327 2780 480 2836 ρισιν
519 2764 548 2816 ὁ
594 2760 776 2826 ἄθλιος
813 2759 1164 2829 ἐπεμαίῦετο,
1212 2758 1349 2811 ἀλλὰ
1410 2760 1547 2830 μήτε
1605 2757 1937 2829 ἐκκλησίαν

317 2854 632 2925 γνωρίζων,
667 2854 779 2905 εἴτε
829 2852 1136 2918 κοινωνίαν,
1177 2850 1286 2904 εἴτε
1323 2851 1488 2921 εὐχὴν
1520 2852 1737 2905 πώποτε
1762 2850 1909 2918 δεξά-

328 2965 508 3017 μενος,
571 2945 690 3000 ἀλλ’
733 2943 856 2998 οὕτε
910 2963 962 2999 τι
1011 2946 1122 2998 τῶν
1175 2944 1567 3015 πνευματικῶν
1617 2945 1905 3014 ἠπίστατο,

327 3038 464 3092 ἀλλὰ
500 3038 677 3093 πάντα
708 3039 968 3109 σαρκικὰ,
1007 3037 1186 3091 πάντα.
1227 3037 1519 3106 δαιμονικά
1546 3053 1563 3069 ο
1589 3037 1767 3090 πάντα
1798 3037 1909 3105 γάρ

2081 2301 2204 2356 188.
2250 2301 2413 2357 Stans
2457 2303 2642 2372 itaque
2671 2304 2916 2359 Andreas
2949 2313 3002 2358 et
3036 2307 3439 2375 contemplatus
3474 2309 3588 2364 tri-

2010 2401 2092 2447 ste
2138 2395 2509 2464 spectaculum
2540 2434 2554 2458 ,
2603 2410 2854 2466 magnam
2887 2398 3072 2451 animo
3105 2400 3423 2454 maestitiam
3450 2418 3587 2456 con-

2009 2485 2153 2553 et-pit
2187 2500 2353 2539 ιιιονι
2372 2494 2461 2539 rat
2496 2485 2665 2550 enim,
2696 2488 2807 2556 jam
2848 2488 3061 2558 pridem
3105 2492 3359 2559 potestati
3388 2492 3590 2547 daemo-

2010 2592 2140 2630 nmn
2197 2576 2452 2631 traditum
2509 2578 2701 2646 fuisse,
2745 2579 2889 2649 quod
2937 2581 3049 2649 jam
3109 2581 3235 2637 inde
3290 2598 3318 2636 a
3364 2583 3593 2653 juvenili

2012 2680 2168 2724 :etate
2222 2671 2275 2724 in
2325 2671 2578 2741 lupanari
2629 2661 2879 2738 versans,
2938 2671 3395 2729 fornicationibus
3425 2688 3593 2743 atque

2013 2761 2344 2817 incestuosis
2375 2762 2691 2817 libidinibus
2730 2764 2890 2817 tinent
2938 2764 3147 2819 nullum
3199 2766 3593 2835 imposuisset;

2013 2854 2269 2922 quodque
2300 2855 2679 2909 detestandum
2723 2855 2938 2925 magis,
2983 2856 3036 2910 in
3074 2856 3362 2911 nefandam
3414 2859 3593 2913 Sodo-

2015 2944 2272 2998 mitarum
2327 2946 2573 3001 haeresim
2627 2962 2691 3001 ac
2735 2948 2939 3002 rabiem
2992 2947 3180 3004 furore
3232 2959 3341 3005 tam
3397 2951 3593 3006 insano

2017 3037 2297 3091 lerebatur
2347 3038 2553 3101 miser,
2612 3045 2669 3091 ut
2728 3054 2903 3110 neque
2951 3042 3235 3096 eet-lesiam
3271 3059 3370 3098 nec
3403 3060 3593 3100 sacros

327 3130 398 3184 τὰ
433 3130 598 3183 αὐτοῦ
638 3129 849 3192 ἄσωτα,
897 3132 994 3184 καὶ
1021 3130 1189 3193 δεινὰ,
1225 3130 1318 3182 καὶ
1357 3129 1624 3183 σατανικά
1660 3128 1909 3199 ἐχρημά-

2016 3136 2192 3182 cmtus
2218 3127 2548 3197 precationis
2580 3144 2743 3184 causa
2781 3146 3023 3201 unquam
3059 3134 3264 3198 adiret,
3301 3152 3401 3191 nec
3427 3136 3594 3191 ullam

329 3221 499 3287 τιζεν,
535 3223 711 3276 πάντα
745 3223 836 3276 τὸν
886 3221 1000 3293 βίον
1031 3221 1195 3276 αὑτοῦ
1230 3223 1368 3290 μετὰ
1406 3221 1644 3291 πορνῶν,
1689 3221 1784 3273 καὶ
1813 3237 1911 3291 με-

329 3313 590 3380 θυόντων,
621 3315 717 3368 καὶ
762 3312 1083 3384 κιθαρῳδῶν
1114 3313 1432 3384 ἀνήλισκεν,
1468 3313 1686 3376 τούτους
1715 3313 1915 3382 τερπό-

330 3422 511 3476 μενος.
565 3405 654 3468 Ὠς
683 3405 739 3458 δὲ
789 3404 1083 3476 ἐπορεύετο
1113 3404 1141 3456 ὀ
1191 3404 1422 3467 ἐλεεινὸς
1452 3404 1545 3456 ἐπὶ
1578 3402 1678 3474 τὴν
1734 3405 1913 3457 οἰκίαν

327 3496 518 3561 αὐτοῦ,
546 3496 915 3567 ἠκολούθησεν
957 3498 985 3549 ὁ
1029 3497 1248 3558 Δίκαιος
1279 3494 1528 3561 ὄπισθεν,
1569 3494 1740 3549 θέλων
1785 3496 1913 3548 ίδεῖν

328 3589 432 3643 ποῦ
465 3591 654 3660 μένει·
685 3588 779 3642 καὶ
811 3588 887 3651 ὡς
915 3585 1112 3652 ιμαθε,
1141 3589 1206 3657 τῇ
1266 3585 1532 3656 ἐπαύριον
1574 3582 1737 3657 ἦλθεν
1767 3589 1823 3639 ἐν
1847 3589 1911 3658 τῇ

329 3681 498 3754 οἰκίᾳ,
548 3680 830 3754 πόρρωθεν
877 3679 1071 3744 ἑστὼς,
1119 3677 1448 3749 βουλόμενος
1496 3679 1625 3732 ἰδεῖν
1674 3679 1744 3731 τά
1776 3696 1914 3748 συμ-

333 3779 507 3834 ϐάντα
552 3766 718 3846 αὐτῷ.
750 3769 889 3846 Εὗρε
956 3774 1013 3828 δὲ
1056 3772 1220 3827 αὑτὸν
1264 3774 1322 3825 ἐν
1359 3774 1426 3843 τῇ
1465 3770 1655 3838 παγίδι
1692 3770 1786 3823 τοῦ
1815 3769 1913 3821 θα-

334 3873 490 3927 νάτου
549 3870 912 3940 ζωγρηθέντα
956 3868 1051 3922 καὶ
1080 3865 1360 3935 κείμενον,
1402 3864 1497 3917 καί
1541 3880 1663 3915 τινα
1690 3862 1915 3932 ἄσκημα

336 3963 429 4034 ἔθη
457 3962 876 4033 εἰσπράττοντα.
907 3955 1090 4013 Ἦσαν
1115 3957 1171 4011 δὲ
1194 3958 1311 4008 ἐκεῖ
1345 3954 1586 4008 πλεῖστοι
1612 3954 1719 4006 τῶν
1746 3954 1913 4017 ἰδίων,

337 4054 493 4126 χάριν
543 4053 887 4123 ἐπισκέψεως
952 4050 1297 4122 ἐληλυθότες,
1353 4048 1449 4100 καὶ
1505 4045 1685 4116 ἕτεροι
1732 4044 1917 4098 πολλοὶ

338 4150 641 4217 ἱστάμενοι,
696 4144 961 4216 ἐθρήνουν
1021 4141 1208 4195 αὐτόν.
1276 4139 1432 4194 Ἐπεὶ
1483 4138 1541 4191 δέ
1592 4154 1716 4190 τινα
1768 4136 1918 4190 δεινὰ

316 4240 629 4309 ἐκεκράγει
683 4238 777 4291 καὶ
822 4235 1045 4306 αἰσχρὰ,
1086 4235 1186 4287 οὐκ
1214 4233 1398 4297 αὐτὸς,
1442 4229 1558 4284 ἀλλ’
1584 4231 1613 4283 ὁ
1649 4230 1919 4301 κερδήσας

335 4332 504 4386 αὐτὸν
536 4329 807 4393 διάϐολος.
847 4326 1102 4398 Ἐθεώρει
1137 4326 1198 4380 δὲ
1239 4325 1265 4377 ὁ
1295 4326 1511 4386 Δίκαιος
1539 4323 1632 4376 τὸν
1676 4323 1920 4375 Σατανᾶν

337 4424 530 4493 ὥσπερ
561 4422 688 4493 μῦς,
734 4421 866 4475 ποτὲ
894 4420 950 4474 δὲ
997 4421 1080 4483 ὡς’
1109 4419 1254 4488 ὄφις,
1280 4417 1314 4489 ἢ
1346 4418 1420 4480 ὼς
1457 4415 1643 4486 ἔχιδνα
1685 4416 1915 4484 ὲκχέειν,

2014 3236 2199 3275 rerum
2236 3221 2601 3290 spiritualium
2629 3265 2642 3286 ,
2683 3225 2985 3279 carnalium
3023 3241 3151 3281 vero
3196 3236 3252 3282 et
3297 3228 3597 3284 diabolica-

2014 3327 2138 3365 rum
2187 3313 2432 3366 omnimn
2468 3313 2759 3368 maximam
2809 3316 3035 3371 haberet
3076 3319 3326 3373 notitiam
3361 3336 3377 3374 :
3412 3324 3595 3376 omnia

2016 3403 2162 3457 enim
2187 3446 2199 3465 ,
2238 3419 2358 3473 quae
2394 3405 2691 3471 actitabat,
2742 3406 3045 3472 libidinem,
3079 3410 3379 3478 nequitiam
3402 3448 3419 3471 .
3470 3426 3597 3481 pec-

2016 3505 2196 3547 catum
2252 3494 2508 3561 olebant;
2582 3505 2748 3551 totam
2795 3497 2958 3552 vitam
3026 3515 3149 3554 cum
3199 3500 3435 3566 scortis,
3472 3517 3595 3556 cum

2018 3586 2353 3648 temulentis,
2382 3602 2507 3642 cum
2533 3588 2881 3658 eitliartedis,
2932 3606 3163 3661 quorum
3200 3594 3599 3648 consuetudine

2019 3675 2415 3740 delectabatur,
2465 3680 2845 3736 consumebat.
2873 3682 3173 3736 Abeuntem
3219 3683 3380 3754 igitur
3428 3684 3594 3738 mise-

2017 3781 2139 3820 rum
2178 3768 2325 3821 hunc
2354 3768 2578 3822 domum
2609 3784 2764 3823 suam
2799 3787 2938 3838 pone
2974 3781 3193 3827 secutus
3218 3784 3300 3829 est
3326 3776 3595 3841 Andreas,

2018 3858 2417 3912 observaturus
2458 3874 2566 3928 quo
2604 3862 2662 3913 in
2706 3861 2827 3916 loco
2860 3863 3197 3919 domicilium
3238 3881 3398 3920 suum
3430 3867 3595 3923 babe-

2018 3960 2100 4002 ret
2127 3948 2141 4004 ξ
2172 3949 2316 4018 quod
2349 3949 2443 4003 ubi
2471 3950 2771 4017 didicisset,
2800 3952 2960 4007 rediit
2984 3956 3173 4009 eodem
3202 3957 3449 4026 sequenti
3474 3959 3590 4024 die;

2017 4053 2181 4113 atque
2226 4044 2442 4098 eminus
2489 4044 2836 4111 consistens,
2885 4047 3015 4115 quid
3055 4048 3417 4104 obventurum
3452 4058 3597 4106 esset

2019 4135 2513 4202 contemplabatur.
2561 4135 2783 4206 Reperit
2834 4149 3014 4193 autem
3056 4140 3109 4195 in
3148 4141 3339 4210 primis
3391 4141 3594 4213 ipsum,

2020 4229 2214 4297 laqueo
2245 4228 2356 4297 jam
2407 4228 2599 4284 mortis
2658 4229 3041 4299 constrictum,
3104 4233 3283 4301 turpia
3345 4236 3596 4303 quaedam

2022 4319 2222 4389 quibus
2250 4330 2568 4375 assueverat
2591 4322 2984 4392 exprimentem
3009 4341 3023 4378 :
3048 4327 3248 4394 reperit
3271 4336 3323 4380 et
3349 4326 3602 4396 frequen-

2024 4419 2129 4467 tem
2168 4421 2277 4465 tam
2310 4412 2744 4483 propinquorum
2771 4454 2786 4477 ,
2832 4416 2925 4483 qui
2960 4415 3165 4471 visendi
3198 4433 3361 4472 causa
3392 4419 3602 4472 contiu-

342 4519 439 4572 κοιλ⁸
469 4516 622 4588 ἐξῄει
658 4518 722 4569 ὲκ
754 4514 849 4567 τοῦ
904 4514 1173 4582 στόματος
1223 4511 1410 4588 αὐτοῦ,
1454 4510 1549 4561 καὶ
1577 4506 1795 4579 κράζων
1829 4506 1909 4559 διὰ

2026 4513 2255 4566 serant,
2313 4518 2477 4574 quam
2519 4505 2753 4559 aliorum
2787 4508 2998 4560 turbam
3027 4546 3041 4571 ,
3085 4522 3275 4561 omnes
3316 4510 3602 4564 moribun-

344 4608 455 4661 τῶν
476 4608 725 4677 ὀργάνων
760 4605 856 4658 τοῦ
887 4602 1144 4668 ὲλεεινοῦ,
1172 4602 1303 4654 ποτὲ
1337 4601 1434 4671 μὲν
1462 4601 1536 4662 ὼς
1559 4600 1753 4667 γάττα,
1788 4598 1918 4651 ποτε

343 4701 401 4754 δὲ
433 4699 508 4764 ὡς
541 4703 709 4763 κύων,
760 4698 793 4768 ἢ
827 4697 902 4759 ὡς
933 4697 1134 4766 χοῖρος.
1181 4693 1356 4762 Ἀφίει
1398 4693 1454 4745 δὲ
1483 4691 1581 4763 τὴν
1627 4694 1786 4762 χεῖρα
1819 4690 1921 4742 αὐ-

341 4793 438 4847 τοῦ
474 4794 533 4845 ὲν
560 4791 640 4860 τῷ
666 4789 939 4861 άφεδρῶνι
980 4784 1167 4849 αὐτοῦ,
1215 4787 1313 4855 τῆς
1341 4782 1545 4853 κόπρου
1588 4780 1753 4835 αὐτοῦ
1788 4780 1921 4833 ἁπο-

345 4888 668 4957 γευόμενος³
702 4886 812 4938 ἀπὸ
839 4883 948 4953 γὰρ
970 4881 1065 4936 τοῦ
1095 4879 1290 4934 πολλοῦ
1322 4879 1513 4932 κλόνου
1541 4878 1741 4947 ἠρέμει
1770 4878 1828 4929 ὲν
1853 4878 1920 4947 τῇ

347 4979 441 5043 τρῦ
497 4978 729 5031 θανάτου
783 4973 1164 5045 προσεγγίζων
1199 4973 1365 5040 τομῇ.
1416 4969 1603 5030 Οὕτως
1634 4965 1728 5022 οὖν
1775 4969 1804 5022 ὁ
1833 4985 1929 5022 τα-

351 5067 626 5139 λαίπωρος
673 5064 1347 5137 παραδειγματιζόμενος,
1397 5063 1490 5113 καλ.
1528 5057 1760 5129 αἰσχύνη
1812 5061 1926 5122 τοῖς

356 5162 487 5214 πᾶσι
526 5158 736 5226 φανεὶς,
772 5156 971 5226 πικρὸν
996 5154 1058 5207 τὸ
1085 5154 1234 5215 τέλος
1263 5151 1615 5220 ἀπηνέγκατο
1644 5167 1658 5183 ο
1696 5149 1790 5202 καὶ
1819 5150 1928 5217 γάρ

351 5250 477 5305 οὔτε
506 5252 776 5317 ἐξέκλινεν
807 5250 841 5319 ἠ
884 5244 1032 5317 ψυχὴ
1070 5242 1232 5298 αὑτοῦ
1275 5239 1517 5304 πώποτε,
1548 5239 1663 5293 ἀλλ’
1698 5237 1928 5309 ὀρθιόα-

433 5455 541 5525 (89)
584 5457 681 5511 Ms.
710 5448 1006 5525 Vatic.,_rd_t
1030 5442 1317 5525 Μαριανού
1340 5458 1355 5496 :
1386 5440 1546 5525 male.
1568 5439 1925 5525 scribendum

358 5513 476 5582 erat
516 5513 1245 5594 Μαυριανοῦηρεὶιηιιιιὶειιι
1288 5514 1357 5568 de
1408 5513 1515 5594 [too
1559 5513 1711 5594 urbis
1750 5521 1924 5594 tractu

361 5614 456 5652 seu
484 5582 682 5664 palatio
713 5582 989 5664 Caugius‘,
1028 5589 1121 5644 lib.
1153 5602 1221 5653 ιι,
1254 5599 1376 5655 cap.
1412 5583 1514 5649 16,
1556 5585 1624 5639 de
1670 5582 1929 5638 Domibus

360 5666 784 5737 insignibustn.
819 5665 906 5717 ὁὶ.
1237 5727 1268 5737 η

433 5722 547 5797 (9⁸0)
572 5738 629 5794 S.
668 5722 912 5799 Tbyrsns
943 5743 1151 5804 martyr
1169 5727 1367 5787 colitur
1396 5724 1459 5779 H
1479 5724 1644 5782 rel‘il
1674 5722 1929 5781 Deeemb.

2029 4596 2159 4649 dum
2194 4594 2449 4649 lamentis
2481 4604 2536 4649 et
2573 4595 2881 4664 planctibus
2925 4607 3316 4667 prosequentes
3349 4615 3364 4651 :
3402 4601 3606 4669 reperit

2028 4685 2263 4754 denique
2302 4697 2355 4739 et
2410 4683 2666 4738 Satanam
2693 4724 2708 4749 ,
2746 4686 2838 4754 qui
2879 4700 2975 4754 per
3001 4687 3184 4755 a‘groti
3233 4701 3437 4757 organa
3489 4700 3602 4743 ter-

2028 4777 2239 4831 ribilem
2283 4784 2445 4845 atque
2487 4775 2786 4831 absurdum
2826 4778 3119 4831 clamorem
3159 4778 3358 4842 ciebat,
3397 4782 3602 4851 quique

2028 4871 2188 4924 modo
2237 4871 2407 4922 muris
2435 4905 2451 4930 ,
2490 4869 2651 4922 modo
2698 4869 2926 4939 anguis,
2984 4868 3150 4923 modo
3185 4872 3383 4939 vipera:
3420 4875 3606 4941 specie

2029 4974 2125 5029 per
2153 4974 2216 5014 os
2247 4960 2466 5022 exibat,
2518 4973 2579 5013 ac
2621 4959 2851 5013 multum
2892 4958 3234 5026 vociferans,
3280 4973 3429 5016 nunc
3459 4962 3602 5029 telis,

2030 5066 2177 5106 nunc
2210 5056 2365 5106 cauis
2390 5091 2403 5115 ,
2442 5067 2588 5105 nunc
2619 5052 2768 5121 porci
2808 5066 2994 5105 vocem
3032 5052 3408 5108 aemulabatur.
3455 5055 3604 5110 Non-

2032 5159 2312 5215 nunquam
2350 5160 2568 5199 manum
2603 5161 2758 5199 suam
2788 5147 2843 5199 iu
2876 5155 3115 5201 secretas
3145 5148 3392 5218 corporis
3425 5161 3609 5220 partes

2035 5239 2359 5304 immittcns,
2393 5249 2640 5293 extracta
2682 5239 2808 5294 inde
2842 5250 3086 5295 stercora
3119 5255 3214 5296 ore
3244 5241 3602 5312 degustabat:

2038 5458 2067 5498 a
2096 5443 2323 5509 Graecis,
2354 5461 2384 5499 a
2414 5443 2623 5500 Latinis
2656 5460 2783 5515 vero
2810 5443 2880 5499 28
2900 5442 3167 5515 Januarii,
3199 5445 3419 5515 quando
3452 5446 3518 5500 de
3545 5461 3611 5501 eo

2037 5518 2246 5586 egimus
2286 5530 2311 5586 :7
2341 5520 2461 5584 ejus
2506 5527 2683 5570 autem
2730 5514 3044 5586 Martyrium
3098 5514 3298 5569 Meulea
3345 5517 3615 5586 collocant

2038 5589 2093 5639 in
2130 5583 2465 5652 llelenianis,
2496 5601 2633 5656 quas
2659 5590 2835 5647 uades,
2874 5583 2998 5639 \‘ieo
3030 5585 3125 5637 toti
3148 5599 3364 5656 Anomen
3397 5585 3609 5650 dantes,

2041 5656 2243 5794 211:0?
2267 5654 2555 5781 “ﬁtiegdosii
2585 5657 2718 5714 sitas
2751 5656 2918 5713 fuisse
2947 5657 3109 5710 docet
3133 5654 3391 5726 Cangius,
3420 5655 3514 5710 tib.
3551 5670 3610 5723 ιι,

2065 5752 2162 5791 μιν.
2200 5752 2251 5791 υ,
2282 5752 2334 5781 ιι.
2372 5752 2427 5781 υ.
