4090 6412
516 271 632 333 835
717 248 741 264 ”
1588 252 2012 325 NICEPHORI
2054 248 2527 315 PRESBY’l‘ERl
2567 249 2678 307 cr.
3674 234 3793 298 835

516 383 631 457 jam
658 378 800 436 enim
838 390 949 449 prae
980 372 1328 431 vehementia
1360 369 1746 427 concussionis
1777 373 1941 423 tantae
1972 375 2105 416 con-
2132 413 2138 424 ,

2240 356 2374 411 οὖσα
2420 356 2559 426 πρὸς
2608 355 2698 409 τὸν
2729 353 2980 421 πυθμένα
3030 350 3124 404 τοῦ
3160 348 3288 420 ᾅδου
3328 347 3683 416 παρεγένετο,
3732 348 3795 398 ἐν

521 439 783 535 ίίειιθειιι,
815 439 1087 538 angustiis
1113 463 1304 518 vicinae
1336 460 1529 521 mortis
1561 469 1876 527 oppressus.
1910 454 2089 520 Atque

2240 448 2275 519 ξ)
2313 449 2518 518 αἰωνίῳ
2548 449 2726 500 σκότει
2754 446 2931 499 ἐκεῖσε
2964 441 3324 512 δεσμευθεῖσα
3347 439 3606 507 ὀξύτατα.

521 568 628 625 ltoc
670 531 834 620 modo
864 531 1032 618 miser
1064 560 1196 623 ille,
1252 554 1629 628 praesentibus
1690 552 1944 605 omnibus
1977 548 2286 617 exemplum
2330 543 2672 600 confusionis
2758 539 3108 611 propositus,
3151 536 3349 593 acerbo
3426 531 3645 597 tandem
3684 531 3796 585 fine

512 663 690 715 vitam
729 656 1081 723 terminavit,
1120 654 1316 709 anima
1342 664 1627 720 nusquam
1670 647 1753 703 ad
1815 642 2139 700 diverticula
2173 640 2517 705 deﬂectente,
2552 639 2647 696 sed
2680 646 2825 693 recta
2893 641 3218 706 properante
3245 632 3312 685 ad
3350 629 3669 685 barathrum
3709 629 3797 681 in-

516 758 688 821 terni,
720 756 811 811 ubi
849 757 902 810 in
933 752 1281 822 sempiternis
1310 749 1552 803 tenebris
1578 754 1634 802 et
1662 742 1894 798 vinculis
1923 740 2403 797 indissolubilibus
2442 748 2808 810 perennatura
2843 743 2981 788 erat.

604 850 730 907 {89.
774 849 1004 918 Sepulto
1046 847 1172 902 dein
1225 843 1529 906 cadavere,
1562 845 1955 895 convenerunt
1998 835 2105 888 fre-

528 951 766 1015 quentes
810 943 875 995 ad
925 953 1152 995 uxorem
1187 934 1493 995 demortui,
1544 929 1867 986 consolandi
1904 941 2108 994 causa;

517 1050 766 1106 tcumque
791 1033 1056 1089 incideret
1087 1045 1271 1086 sermo
1304 1024 1635 1096 de-perditis
1670 1023 1820 1077 illius
1851 1021 1961 1075 vita
1996 1034 2110 1074 mo-

531 1130 831 1197 ribusque,
878 1124 1002 1179 aliis
1052 1122 1279 1193 quidem
1333 1117 1714 1175 dictitantibus
1765 1124 1876 1168 tam
1928 1112 2114 1168 eﬂ’usae

521 1223 712 1289 «ipsum
755 1213 1073 1289 petulantiae
1108 1211 1315 1275 fuisse,
1356 1218 1416 1263 ut
1451 1207 1495 1262 si
1536 1220 1701 1277 quam
1736 1203 1877 1259 forte
1920 1201 2118 1257 mulie-

538 1328 686 1374 rem,
736 1309 851 1365 sive
877 1309 1164 1376 innuptam
1188 1342 1206 1368 ,
1236 1317 1333 1358 seu
1366 1300 1729 1372 prostitutam
1749 1339 1765 1364 ,
1798 1310 1897 1352 seu
1928 1294 2118 1349 matri-

537 1403 723 1459 monio
764 1402 1014 1471 junctam
1065 1396 1417 1465 conspicatus
1464 1401 1646 1458 esset,
1699 1405 1807 1446 non
1856 1388 2117 1458 effugeret

536 1511 736 1553 manus
775 1493 1015 1548 hominis
1044 1487 1364 1552 libidinosi,
1414 1485 1593 1555 quoad
1637 1482 2116 1552 intemperantiam

536 1602 695 1643 suam
730 1584 1060 1641 diabolicam
1090 1585 1399 1650 explesset;
1436 1578 1560 1633 aliis
1591 1592 1745 1641 vero,
1774 1584 2118 1646 nugatorem,

536 1684 825 1767 loquacem
876 1689 928 1734 et
952 1678 1261 1733 adulterum
1290 1674 1559 1743 insignem
1588 1670 1760 1724 fuisse
1786 1665 2122 1723 contenden-

2286 832 2427 902 ρπο¹.
2454 832 2730 899 Ταφέντος
2766 824 2860 882 οὖν
2883 827 2976 880 τοῦ
3004 823 3256 892 σώματος
3286 821 3473 884 αὐτοῦ,
3505 821 3601 875 καί
3624 839 3800 874 τινων

2215 922 2683 993 παραγενομένων
2711 917 2848 987 πρὸς
2894 918 2993 986 τὴν
3023 918 3261 984 γυναῖκα
3290 913 3455 967 αὐτοῦ
3488 913 3648 983 χάριν
3684 930 3799 965 πα-

2213 1014 2514 1087 ραμυθίας,
2550 1010 2908 1080 καθεζόμενοι
2943 1009 3157 1062 ἐκίνουν
3201 1007 3361 1074 λόγον
3395 1006 3525 1075 περὶ
3553 1004 3645 1059 τοῦ
3675 1004 3803 1075 βίον

2222 1105 2409 1170 αὑτοῦ,
2456 1105 2641 1167 ὁποῖος
2682 1098 2752 1163 ἦν
2799 1100 3070 1172 χαλεπός’
3105 1102 3200 1153 καὶ
3237 1101 3284 1152 οἱ
3329 1098 3429 1169 μὲν
3474 1098 3682 1168 ἔλεγον,
3715 1097 3803 1150 ὅτι

2214 1201 2347 1253 ὅπου
2377 1200 2613 1267 γυναῖκα
2661 1195 2948 1259 ἐθεάσατο,
2986 1194 3099 1247 εἴτε
3138 1192 3375 1261 ἄγαμον,
3421 1193 3531 1244 εἴτε
3584 1190 3802 1243 παλλα-

2206 1291 2360 1353 ικίδα,
2388 1290 2495 1343 εἴτε
2531 1286 2823 1357 ὕπανδρον,
2852 1287 3055 1350 εὐθέως
3094 1287 3155 1340 οὐ
3187 1286 3370 1356 διέδρα
3412 1284 3522 1338 ἀπὸ
3549 1283 3654 1336 τῶν
3685 1300 3791 1353 χει-

2220 1383 2331 1456 ρῶν
2372 1380 2561 1447 αύτοῦ,
2598 1382 2793 1451 μέχρις
2833 1379 2902 1434 ἂν
2937 1379 3031 1433 τοῦ
3076 1377 3325 1432 διαϐόλου
3375 1377 3472 1447 τὴν
3503 1375 3803 1446 ἐπιθυμίαν

2217 1477 2514 1545 εἰργάσατο
2538 1490 2553 1506 ’
2584 1472 2733 1528 ἄλλοι
2764 1473 2969 1542 ἔλεγον,
3001 1474 3084 1527 ὅτι
3114 1470 3355 1542 φλύαρος
3378 1467 3468 1541 ἦν,
3495 1471 3591 1524 καὶ
3619 1469 3803 1537 γλωσ»

2223 1570 2420 1639 σὼδης,
2467 1567 2562 1620 καὶ
2592 1567 2780 1638 μοιχὸς
2811 1566 3035 1635 σφόδρα.
3076 1566 3141 1619 Ἡ
3164 1565 3220 1618 δὲ
3250 1565 3387 1635 γυνὴ
3415 1562 3579 1617 αὑτοῦ
3606 1563 3800 1634 διηγή-

2226 1681 2355 1719 σατο
2385 1664 2515 1735 ’περὶ⁵
2555 1660 2747 1726 αὑτοῦ,
2768 1661 2849 1713 ὅτι
2889 1660 2984 1727 ἀφ’
3017 1652 3076 1711 οὗ
3108 1656 3441 1727 συνεξεύχθη
3478 1654 3626 1724 αὐτῷ
3651 1655 3799 1707 οὐδέ-

528 1748 689 1833 «tibus
708 1748 739 1843 ς’
757 1774 980 1830 tandem
1018 1788 1159 1827 uxor
1186 1774 1305 1843 ipsa
1334 1783 1563 1824 narrare
1597 1766 1858 1831 instituit,
1884 1778 2119 1833 quomo-

2240 1774 2355 1810 τοτε
2401 1755 2699 1826 ἐκκλησίαν
2745 1752 3063 1822 ἐγνώρισεν,
3094 1750 3219 1803 οὗτε
3261 1748 3630 1823 προσηύξατο,
3677 1748 3805 1802 οὔτε

540 1870 611 1925 do
646 1885 677 1924 tt
710 1866 1046 1923 matrimonii
1072 1866 1156 1920 sui
1192 1863 1496 1935 primordio
1524 1873 1804 1929 nunquam
1843 1858 2031 1928 pedem
2064 1856 2118 1909 in

541 1959 834 2015 ecclesiam
862 1958 1177 2020 intulisset,
1208 1969 1489 2025 nunquam
1523 1952 1827 2006 orationem
1866 1948 2119 2014 fudisset,

542 2067 826 2122 nunquam
860 2050 1093 2105 frontem
1135 2064 1299 2103 cruce
1338 2049 1629 2117 signasset,
1662 2042 2123 2100 communicassct

541 2158 830 2213 nunquam
872 2160 888 2198 :
932 2141 1206 2212 quomodo
1245 2139 1482 2209 denique
1513 2140 1654 2208 apud
1696 2144 1883 2192 scorta
1920 2147 2124 2205 perno-

544 2245 694 2291 ctare
710 2235 1101 2292 ~consnevisset
1135 2252 1149 2289 :
1185 2233 1241 2287 Si
1278 2232 1499 2304 quando
1539 2239 1723 2285 autem
1777 2228 1904 2282 inde
1943 2240 2127 2280 rever-

541 2337 749 2387 tentem
782 2343 906 2397 ego,
941 2328 1255 2397 inquiebat,
1306 2325 1390 2379 vel
1436 2323 1658 2378 verbulo
1700 2319 2124 2390 interpellarem,

540 2418 834 2474 confestim
862 2418 1117 2488 expedito
1146 2418 1199 2472 in
1242 2424 1406 2488 caput
1438 2430 1620 2469 meum
1661 2412 1852 2473 infelix
1899 2410 2124 2475 baculo,

545 2509 868 2564 verberibus
911 2508 1101 2562 saevire
1144 2523 1250 2567 non
1276 2506 1547 2561 desinens
1572 2544 1586 2570 ,
1624 2502 1888 2574 quidquid
1920 2509 2130 2573 potetat

547 2602 813 2656 molestia:
855 2616 919 2656 ac
960 2600 1164 2657 doloris
1208 2598 1495 2654 inferebat.
1551 2597 1687 2650 Cum
1733 2595 1959 2650 interim
2009 2608 2128 2648 sera

550 2701 797 2747 actorum
833 2690 1153 2761 paenitentia
1190 2690 1340 2743 illum
1374 2688 1635 2744 subiisset
1673 2687 1875 2742 nudius
1914 2686 2127 2748 tertius,
2164 2738 2169 2743 ,

551 2786 901 2855 venissetque
927 2788 992 2838 ad
1026 2800 1110 2839 tne
1138 2783 1382 2841 cubitum
1408 2821 1423 2845 ,
1456 2783 1681 2853 jamque
1709 2795 1816 2834 una
1841 2779 2132 2834 dormituri

552 2880 1028 2942 decumberemus,
1064 2877 1228 2930 soli-to
1265 2874 1692 2930 mansuetiorem
1738 2882 1921 2935 nacta,
1966 2868 2133 2924 variis

548 2969 695 3037 coepi
732 2967 1127 3022 monitionibus
1162 2981 1398 3036 urgere:
1433 2976 1546 3018 tum
1576 2962 1966 3032 interroganti,
2000 2960 2133 3031 quid

553 3061 660 3116 sibi
693 3060 1000 3116 faciendum
1034 3057 1376 3123 mandarem,
1408 3055 1668 3128 respondi
1703 3073 1718 3111 :
1760 3054 1833 3111 Ut
1856 3055 1979 3110 luce
2010 3070 2133 3109 cra-

2230 1850 2462 1918 σταυρὸν
2492 1850 2574 1911 εἰς
2602 1848 2661 1901 τὸ
2686 1849 2974 1917 πρόσωπον
3005 1843 3171 1898 αὑτοῦ
3203 1843 3479 1909 ἐποίησεν,
3510 1840 3632 1895 οὔτε
3659 1841 3801 1894 ἐκοι-

2228 1947 2489 2016 νώνησεν,
2531 1940 2646 1997 ἀλλ’
2699 1941 2787 1995 ἀεὶ
2823 1937 3252 2008 διανυκτερεύων
3292 1940 3371 1999 εἰς
3415 1936 3484 1989 τὰ
3532 1937 3762 2006 πορνεῖα
3792 1951 3806 1964 ·

2230 2039 2365 2094 εἰδὲ
2411 2036 2601 2091 ἐνθάδε
2652 2034 2890 2103 ἐγένετο.
2928 2032 2962 2104 ἢ
2995 2030 3144 2095 ἅπαξ
3183 2047 3237 2083 τι
3276 2028 3534 2097 ἐλάλησα,
3574 2028 3670 2098 τὴν
3700 2027 3802 2097 pai-

2218 2130 2355 2185 -6δον
2377 2131 2443 2184 ἐκ
2469 2127 2562 2183 τοῦ
2587 2126 2954 2197 ἀτυχεστάτου
2986 2141 3087 2195 μου
3111 2122 3360 2193 σώματος
3390 2121 3615 2183 οὐδόλως
3644 2119 3794 2173 κατέ·

2232 2239 2420 2294 φερεν,
2457 2219 2593 2274 ἀλλὰ
2624 2221 2804 2273 πάντα
2832 2216 2980 2271 δεινά
3020 2232 3111 2286 μοι
3148 2213 3559 2285 κατειργὰζετο.
3598 2213 3684 2266 Ἐν
3718 2207 3800 2275 οἷς

2233 2318 2298 2387 τῇ
2342 2314 2447 2383 πρὸ
2497 2313 2625 2384 χθὲς
2674 2310 3073 2380 κατανυγὲντος
3122 2306 3288 2363 αὑτοῦ
3321 2308 3455 2376 (91),
3508 2305 3602 2361 καὶ
3649 2309 3705 2359 ἐν
3738 2309 3806 2375 cf

2235 2409 2392 2479 κλίνῃ
2450 2424 2554 2477 μου
2609 2405 2896 2475 γεγονότος
2946 2402 3082 2474 πρός
3131 2419 3221 2473 με,
3277 2401 3659 2472 ἡμερωθεὶσης
3706 2399 3809 2467 τῆς

2234 2499 2412 2568 ψυχῆς
2443 2494 2631 2557 αὑτοῦ,
2679 2493 2754 2557 ὼς
2798 2489 3188 2561 ἐκαθεύδομεν,
3231 2489 3488 2560 ἠρξάμην
3541 2485 3809 2541 νουθετεῖι

2236 2591 2419 2644 αὐτόν.
2468 2589 2737 2651 Κάκεῖνος
2771 2585 2875 2656 ἔφη
2928 2600 3043 2654 μοι,
3098 2583 3206 2637 Καὶ
3235 2582 3287 2635 τί
3334 2581 3512 2642 θέλεις
3565 2581 3813 2653 ποιήσωκ,

2237 2685 2358 2738 είπέ
2394 2699 2505 2752 μοι.
2550 2682 2708 2750 Λέγω
2746 2678 2930 2747 αὐτῷ·
2976 2676 3128 2732 Θέλω
3178 2676 3265 2733 ἵνα
3310 2677 3377 2747 τῇ
3411 2673 3603 2746 αὔριον
3650 2672 3811 2725 ἁπέλ-

2238 2776 2420 2848 θιιιμεν
2449 2777 2529 2837 είς
2553 2775 2642 2828 τὸν
2669 2772 2822 2842 ἆγιον
2872 2769 3104 2842 Θύρσον,
3157 2769 3348 2823 καθότι
3394 2769 3595 2839 ἐστίνὴ
3625 2767 3817 2838 μνήμη

2238 2869 2428 2932 αὐτοῦ,
2462 2870 2559 2925 καὶ
2587 2868 2674 2922 ἵνα
2707 2869 2981 2938 μείνωμεν
3002 2868 3183 2921 ἐκεῖσε
3212 2866 3282 2936 τῇ
3302 2864 3442 2933 ἁγίᾳ
3479 2858 3817 2932 λειτουργίᾳ,

2238 2964 2386 3027 ὅπως
2417 2964 2848 3034 κοινωνήσαντες
2875 2961 2984 3014 τῶν
3013 2957 3294 3024 ζωοποιῶν
3322 2955 3418 3010 τοῦ
3452 2953 3689 3029 Χριστοῦ
3719 2971 3817 3023 μυ·

2242 3052 2506 3124 στηρίων,
2535 3052 2631 3104 καὶ
2656 3049 3017 3120 φωτισθέντες
3044 3046 3419 3117 ἁγιασθῶμεν,
3450 3043 3689 3109 ταπεινὲ,
3725 3043 3817 3099 καὶ

552 3154 700 3209 atina
734 3154 1104 3208 concedamus
1133 3166 1240 3206 una
1272 3152 1339 3206 ad
1372 3150 1546 3206 sancti
1574 3147 1769 3220 Tbyrsi
1792 3140 1994 3218 ,cujus
2021 3161 2130 3202 me-

2243 3144 2376 3216 γένῃ
2417 3143 2744 3216 Χριστιανὸς
2787 3140 2893 3197 κᾶν
2950 3139 3079 3212 μίαν
3122 3137 3369 3210 ἡμέραν·
3415 3137 3511 3191 καὶ
3546 3137 3676 3198 ἴσως
3706 3134 3817 3191 Κύι

558 3245 733 3298 moria
769 3243 1031 3299 solemnis
1062 3243 1272 3313 agitur,
1313 3249 1373 3297 ut
1408 3242 1530 3297 istic
1564 3249 1922 3297 sacrosancto
1957 3239 2138 3294 missae

556 3334 832 3389 sacriﬁcio
865 3333 1204 3400 intersimus,
1242 3342 1302 3389 ut
1330 3331 1610 3389 salutifera
1633 3332 1845 3388 Christi
1883 3330 2138 3402 mySIeria

554 3426 1069 3491 communicenms,
1125 3435 1179 3480 et
1235 3426 1407 3496 gratia
1464 3425 1650 3485 divina
1709 3424 1967 3480 illustrati
2010 3441 2141 3481 san-

555 3517 706 3573 ctius
763 3517 1028 3588 reliquam
1094 3517 1261 3571 vitam
1317 3518 1686 3588 transigamus
1719 3557 1732 3581 ,
1791 3526 1849 3571 ut
1903 3517 2140 3586 denique

559 3610 783 3665 tandem
816 3611 1108 3680 aliquando
1133 3610 1214 3664 vel
1253 3611 1415 3665 unico
1448 3610 1535 3666 die
1560 3609 1942 3667 Christianum
1976 3622 2141 3678 agas:

558 3702 817 3759 fortassis
851 3704 1118 3774 benignus
1157 3702 1417 3759 Dominus
1445 3705 1738 3759 salutarent
1770 3704 1853 3756 sui
1882 3705 2132 3757 timorem
2176 3703 2360 3757 animo
2398 3712 2494 3759 tuo
2545 3703 2897 3765 immissurus
2926 3710 3042 3766 est,

2243 3250 2359 3303 ριος
2409 3235 2437 3286 ὀ
2477 3232 2608 3297 Θεὸς
2665 3232 2895 3303 ἐμϐαλεῖ
2943 3232 3022 3294 είς
3055 3232 3114 3284 σε
3166 3229 3255 3284 τὸν
3306 3228 3471 3299 φόϐον
3506 3227 3691 3291 αὑτοῦ,
3726 3226 3819 3283 καὶ

2244 3327 2553 3400 σπουδάσῃς
2586 3323 2970 3393 ἀπαλλαγῆναι
2998 3323 3106 3376 τῶν
3150 3323 3669 3393 προημαρτημένων
3700 3336 3821 3382 σου,

2243 3419 2532 3491 ἐπικτίσῃς
2575 3418 2630 3472 δέ
2664 3418 2760 3471 καὶ
2791 3417 2929 3489 ἔργα
2974 3415 3343 3487 δικαιοσύνης,
3391 3416 3486 3468 καὶ
3527 3412 3669 3467 οὕτω
3727 3412 3822 3466 δυο

2244 3513 2543 3582 νησὼμεθα
2586 3511 2849 3566 εἰσελθεῖν
2893 3513 2972 3575 εις
3005 3511 3104 3580 τὴν
3146 3510 3314 3581 ζωήν.
3354 3510 3411 3563 Ὁ
3451 3509 3511 3562 δὲ
3566 3506 3823 3561 συνέθετὲ

2250 3627 2342 3680 μοι
2376 3609 2520 3664 οὕτω
2545 3610 2787 3679 ποιῆσαι.

3118 3716 3229 3774 quo
3298 3702 3648 3768 stimulatus,
3696 3699 3826 3755 vitae

562 3799 854 3869 praeteritae
879 3797 1078 3854 delicta
1108 3798 1346 3869 capiare,
1385 3798 1609 3869 insuper
1639 3795 1944 3867 etjustitiae
1975 3810 2139 3866 opera
2178 3811 2437 3854 exercere
2513 3799 2769 3866 studeas;
2818 3810 2879 3855 ut
2921 3798 3005 3854 sic
3043 3800 3206 3855 ambo
3281 3800 3345 3854 ad
3398 3801 3562 3859 vitam
3613 3795 3829 3866 ingredi

560 3901 822 3949 aeternam
857 3908 1188 3949 mereamur.
1214 3892 1343 3950 Haec
1378 3893 1469 3947 ille
1499 3907 1615 3947 mea
1645 3891 1850 3945 monita
1886 3905 1945 3945 se
1973 3905 2139 3960 Opere
2180 3892 2579 3962 completurum
2615 3896 2842 3964 recepit.

637 3985 762 4051 {90.
823 3984 895 4041 Ut
941 4002 1070 4057 ergo
1117 3987 1332 4053 illuxit,
1394 3984 1573 4039 sancti
1630 3982 1891 4053 martyris
1942 3981 2141 4053 Tbyrsi

566 4080 831 4148 templum
862 4079 1157 4145 adivimus,
1194 4078 1559 4148 ingressique,
1587 4091 1689 4147 ego
1722 4090 1846 4130 mox
1874 4089 2035 4130 orare
2057 4074 2144 4128 in-

566 4167 746 4234 stitui,
778 4169 867 4224 ille
896 4169 1078 4222 omnia
1107 4168 1367 4232 irridere;
1398 4182 1505 4222 non
1540 4167 1894 4222 inclinatione
1928 4165 2145 4236 capitis,

570 4258 731 4326 quasi
771 4269 1065 4321 oraturus,
1117 4266 1371 4310 sanctum
1413 4265 1710 4327 martyrem
1751 4256 1993 4327 dignari;
2040 4270 2147 4311 non

2324 3989 2429 4054 ριιι,
2488 3986 2710 4055 Πρωῖας
2744 3986 2799 4039 δὲ
2848 3986 3168 4057 γενομένης,
3219 3985 3596 4057 ἐπορεύθημεν
3643 3986 3701 4038 ἐν
3751 3986 3830 4056 τῷ

2254 4074 2546 4144 πανσέπτῳ
2575 4074 2688 4145 ναῷ
2723 4073 2817 4130 τοῦ
2851 4075 3005 4143 ἁγίου
3040 4077 3317 4147 μάρτυρος
3359 4076 3592 4146 Θύρσου,
3626 4076 3722 4129 καὶ
3752 4076 3833 4140 ὡς

2252 4166 2575 4235 εἰσήλθομεν
2607 4166 2776 4231 ἔνδον,
2816 4166 2953 4235 ἐμοῦ
2985 4169 3452 4239 προσευχομένης,
3498 4169 3683 4221 ἵστατο
3716 4185 3833 4238 μω·-

2256 4259 2446 4323 κίζων,
2498 4258 2594 4312 καὶ
2624 4256 2747 4311 οὔτε
2795 4261 2897 4328 τὴν
2950 4259 3195 4327 κεφαλὴν
3222 4258 3434 4315 ἔκλινεν
3462 4262 3544 4321 εἰς
3590 4260 3651 4312 τὸ
3697 4261 3835 4329 γόνυ

576 4348 876 4418 imaginem
921 4348 1098 4402 sancti
1125 4352 1402 4415 salutare;
1439 4349 1534 4404 sed
1562 4348 1809 4404 remissis
1854 4348 2138 4403 consiste"

2262 4351 2352 4406 τοῦ
2398 4350 2777 4421 προσκυνῆσαι
2824 4350 2903 4421 τῷ
2944 4351 3086 4421 ἁγίῳ
3119 4352 3383 4424 μάρτυρι,
3413 4352 3530 4409 ἀλλ’
3567 4354 3689 4408 οὗτε
3730 4355 3836 4425 τὴν

575 4439 831 4495 manibus
856 4476 872 4502 ,
913 4449 1078 4510 atque
1119 4442 1390 4507 irridere,
1432 4441 1510 4495 uti
1561 4441 1765 4497 dictum
1808 4449 1933 4507 est,
1975 4441 2151 4505 alios.

571 4546 764 4601 preces
798 4547 927 4585 suas
958 4517 1079 4586 ῡεο
1102 4532 1420 4588 offerentes.
1470 4533 1540 4587 At
1585 4545 1722 4601 ego,
1772 4530 1921 4586 finita
1967 4544 2157 4601 preca-

572 4625 724 4678 tione
777 4640 927 4690 mea,
965 4624 1029 4679 ad
1079 4623 1260 4695 ipsum
1304 4638 1609 4679 conversa:
1652 4624 1792 4691 Quid
1830 4624 1923 4679 hic
1971 4634 2153 4685 astas,
2220 4631 2225 4637 '

573 4718 834 4787 inquam,
876 4716 1087 4783 infelix,
1120 4733 1227 4772 non
1259 4717 1419 4771 aliter
1457 4731 1620 4787 quam
1663 4718 1886 4772 brututn
1915 4713 2158 4770 animal?

570 4822 675 4863 cur
733 4808 926 4863 saltem
986 4807 1285 4862 Dominica:
1334 4810 1515 4864 crucis
1565 4809 1783 4879 signum
1837 4808 2002 4863 fronti
2051 4816 2157 4861 tuae

575 4916 685 4955 non
723 4901 1028 4971 imprimis?
1056 4900 1198 4966 Quid
1229 4902 1304 4955 ita
1337 4915 1511 4956 vanus
1546 4916 1612 4955 ac
1648 4900 1911 4970 profanus
1935 4899 2156 4957 Judaeu-

573 5008 700 5046 rum
733 5003 787 5047 te
816 5008 967 5048 more
1003 4993 1057 5046 in
1092 4994 1215 5048 loco
1249 5008 1410 5050 sacro
1447 4992 1630 5062 geris?
1668 4992 1724 5046 Si
1770 4993 1952 5049 minus
1984 4993 2155 5046 Deum

578 5087 765 5148 times,
798 5086 1051 5141 homines
1082 5087 1276 5141 saltem
1306 5101 1587 5153 reverere;
1617 5087 1817 5141 accede
1849 5086 2036 5157 igitur,
2082 5094 2157 5149 et,

580 5192 642 5233 ut
670 5191 721 5233 te
757 5180 979 5247 monui,
1010 5180 1201 5235 adora.
1236 5178 1375 5235 Tum
1422 5180 1513 5234 ille
1540 5198 1554 5235 :
1585 5177 1862 5246 Ostende,
1899 5181 1996 5245 ait,
2029 5179 2157 5250 quid

576 5272 826 5325 adorem.
868 5271 938 5325 Et
982 5274 1192 5327 ostendi
1229 5288 1329 5341 ego
1372 5273 1738 5327 venerandam
1783 5274 1957 5327 Sancti
2014 5288 2161 5325 mar-

577 5366 717 5434 tyris
770 5365 981 5419 iconem
1014 5404 1031 5431 ,
1087 5366 1326 5419 dicens:
1363 5362 1517 5419 Hanc
1560 5365 1749 5419 adora.
1800 5364 2012 5430 Quibus
2071 5366 2160 5420 ille

657 5551 769 5622 (9|)
942 5546 1123 5604 Vatic.
1156 5547 1497 5622 interponit:
1530 5547 1621 5622 Τῷ
1650 5547 2040 5622 δικαίῳ-αύτοῦ
2065 5549 2160 5622 καὶ

583 5619 758 5691 νοερῷ
798 5620 1008 5689 ὄμματι
1042 5620 1370 5688 φαινόμενος
1408 5637 1422 5674 :
1456 5634 1577 5689 quae
1613 5621 1667 5675 in
1705 5636 1809 5675 nts.
1846 5619 1984 5675 Maz.
2016 5621 2162 5674 desi-

580 5692 846 5746 derantur
888 5706 903 5744 :
940 5691 1030 5745 ubi
1085 5701 1264 5745 tamen
1297 5706 1423 5745 mox
1456 5691 1647 5758 ingens
1695 5692 1876 5748 hiatus
1921 5694 2160 5749 o;currit

2257 4442 2530 4514 σφραγῖδα
2561 4443 2655 4495 τοῦ
2713 4441 2895 4511 τιμίου
2927 4442 3021 4497 καὶ
3072 4442 3340 4507 ζωοποιοῦ
3387 4444 3619 4515 σταυροῦ
3667 4446 3837 4516 ἐντῷ

2256 4536 2538 4606 προσώπῳ
2566 4535 2842 4606 ἐποίησεν,
2873 4534 2908 4607 ἢ
2940 4535 3040 4606 τὴν
3068 4537 3253 4591 εἰκόνα
3298 4537 3391 4592 τοῦ
3435 4538 3618 4608 ’Δγίου
3646 4540 3838 4594 ἀσπά-

2259 4628 2476 4691 σασθαι,
2504 4628 2623 4681 ἀλλ’
2654 4629 2840 4684 ἵστατο
2868 4629 3288 4700 κεχαλασμένας
3318 4631 3457 4703 ἔχων
3481 4634 3582 4696 τὰς
3621 4636 3839 4703 χεῖρας,

2258 4721 2356 4774 καὶ
2408 4719 2667 4790 μωκίζων
2711 4723 2840 4785 τοὺς
2892 4724 3364 4795 προσευχομένους
3419 4725 3560 4796 Θεῷ.
3632 4727 3717 4790 Ὠς
3777 4728 3841 4781 δὲ

2257 4812 2483 4873 ἐτέλεσα
2512 4812 2613 4883 τὴν
2643 4812 2829 4884 εὐχὴν,
2864 4817 3168 4885 στραφεῖσα
3197 4816 3341 4885 λέγω
3370 4818 3506 4888 πρὸς
3535 4817 3699 4872 αὐτόν
3719 4835 3732 4849 ·
3768 4820 3843 4873 Τί

2258 4903 2479 4958 ἵστασαι
2517 4902 2711 4976 ὥσπερ
2742 4904 2934 4970 ζώδιον
2984 4907 3213 4979 ἄψυχον,
3264 4909 3602 4981 ταλαίπωρε,
3652 4911 3845 4967 καὶού

2259 5000 2436 5061 ποιεῖς
2472 4997 2572 5052 κᾶν
2602 5001 2702 5069 τὴν
2742 5000 3016 5068 σφραγῖδα
3044 5002 3137 5056 τοῦ
3185 5004 3458 5057 Δεσπότου
3489 5006 3626 5059 Θεοῦ
3659 5009 3715 5058 ἐν
3758 5009 3847 5078 τῷ

2259 5091 2538 5163 προσώπῳ
2571 5107 2688 5157 σου,
2725 5091 2860 5145 ἀλλὰ
2902 5093 3183 5158 παντελῶς
3204 5096 3577 5166 ἐματαιώοης,
3610 5099 3845 5165 ἐλεεινέ,

2260 5182 2356 5235 καὶ
2391 5182 2580 5235 ἵστασο
2614 5180 2804 5253 ὥσπερ
2852 5182 3141 5250 ’Ῑουδαίος;
3174 5186 3236 5238 οὐ
3267 5186 3424 5254 φοϐεῖ
3461 5186 3525 5238 σὺ
3568 5187 3655 5239 τὸν
3680 5186 3842 5250 Θεὸν,

2261 5271 2364 5326 κᾶν
2387 5275 2512 5336 τοὺς
2534 5273 2855 5344 ἀνθρώπους
2884 5276 3226 5346 αἰσχύνθητι,
3245 5280 3340 5333 κιύ⁴
3361 5279 3646 5351 πορευθεὶς
3668 5282 3844 5349 πρόσ-

2260 5363 2416 5429 ευξαι
2440 5365 2513 5429 ὡς
2541 5361 2698 5421 εἶπόν
2729 5382 2833 5422 σοι.
2874 5369 3046 5436 Λεγὲι
3102 5370 3313 5432 ἐκεῖνος
3335 5387 3349 5402 ·
3383 5371 3502 5424 Τίνι
3537 5374 3844 5443 προσεύξο-

2266 5558 2387 5619 post
2421 5550 2521 5605 has
2552 5564 2739 5613 voces,
2775 5550 2871 5603 καὶ
2901 5549 3126 5603 ὄπισθεν
3152 5552 3556 5621 πορευομένων,
3580 5563 3750 5619 usque
3772 5548 3841 5602 ad

2266 5617 2505 5694 inediutn
2558 5636 2708 5674 num.
2744 5621 2839 5675 t9l
2879 5630 2932 5694 et
2966 5622 3079 5694 haec
3111 5617 3271 5678 verba
3303 5640 3317 5678 :
3361 5617 3457 5678 Ἓν
3502 5617 3582 5686 οἷς
3610 5617 3676 5694 τῇ
3709 5636 3844 5689 πρυ-

2266 5691 2391 5754 χϐὲς
2425 5694 2825 5752 κατανυγέντος
2856 5691 3045 5745 αὑτοῦ.
