4090 6390
394 271 491 338 337

1557 267 1735 329 VITA
1776 267 1838 329 S.
1883 265 2213 327 ANDREE
2256 267 2454 327 ΒΑΜ.

3539 251 3657 331 ’838

351 404 516 492 ιμαι,
570 383 744 449 δεῖξόν
792 400 907 454 μοι.
954 382 1094 451 Ἐγὼ
1146 384 1202 438 δὲ
1249 384 1425 448 ἔδειξα
1473 385 1622 456 αὑτῷ
1667 385 1760 438 τοῦ
1814 387 1966 454 ἁγίου

2079 386 2298 451 auditis,
2337 392 2653 441 exsecratus
2680 384 2976 454 imaginem
3009 397 3024 438 :
3059 383 3212 450 Quae,
3249 383 3448 454 inquit,
3481 386 3533 439 iu
3567 387 3657 440 illa

389 481 666 548 μάρτυρος
697 473 799 546 τὴν
834 475 1025 544 τιμίαν
1054 477 1260 539 εἰκόνα,
1285 477 1524 544 φήσασα,
1544 476 1762 528 Ἑνθάδε
1800 482 1971 547 πρόσ-

385 568 559 634 ευξαι.
621 565 708 629 Ὠς
768 565 825 619 δὲ
882 564 1051 619 ταῦτα
1094 566 1348 636 ἤκουσεν,
1394 567 1711 632 ἐσδε).ύξατο
1754 569 1852 638 τήν
1899 570 1976 630 si-

389 661 546 723 κόνα,
599 659 692 712 καί
726 676 892 728 φησιν
920 675 934 692 ν
965 658 1078 714 Καὶ
1124 659 1208 721 τίς
1257 661 1290 730 ὴ
1333 659 1537 729 ταύτης
1593 658 1824 729 δύναμις
1873 677 1972 712 πε-

388 749 614 817 ρίεστιν,
658 748 850 818 ἀψύχῳ
876 745 1035 818 οὔσῃ,
1069 751 1163 802 καὶ
1195 749 1528 820 ἀναισθήτιο,
1560 751 1765 820 ματαία
1797 749 1974 821 πλάνη

396 838 506 890 τῶν
559 839 946 908 άναισθήτων;
983 838 1048 892 Τί
1084 839 1192 908 γὰρ
1241 839 1442 907 ὠφελεί
1495 840 1657 911 αῦτη,
1693 843 1786 893 Σοὶ
1810 841 1974 910 λέγω,

2082 478 2253 532 virtus
2284 476 2459 545 inestf,
2493 491 2616 546 quae
2645 477 2761 546 ipsa
2794 491 2918 532 cum
2952 476 3060 529 vita
3089 490 3367 546 sensuque
3401 477 3655 533 destituta

2079 567 2172 630 sit,
2203 567 2374 619 nihilo
2405 567 2654 624 saniores
2682 581 2780 620 vos
2807 565 3039 632 turpiter
3067 564 3312 634 decipit?
3342 565 3480 631 Quid
3510 570 3655 621 enim
3704 549 3707 560 ’

2080 653 2349 723 profuerit
2379 653 2480 722 ipsi
2507 654 2692 708 istud:
2731 653 2850 708 Tibi
2888 654 3033 717 dico,
3067 653 3272 723 paries,
3306 656 3502 723 adjuva
3537 656 3656 711 me?

2081 747 2258 814 Atque
2303 744 2391 799 liis
2431 743 2594 800 dictis
2618 783 2632 807 ,
2667 753 3051 799 consternatus
3090 744 3277 799 animo
3306 744 3596 801 confestim
3629 762 3660 801 ο

2085 837 2288 906 templo
2319 851 2378 892 se
2405 837 2612 891 cursim
2644 837 2870 904 recepit.

394 933 562 1000 τοῖχε,
598 931 868 1003 βοήθησον
905 948 1026 1002 ttat;
1062 931 1233 984 Τοῦτο
1267 933 1313 984 εί
1324 931 1504 1000 ρηκὼς
1530 934 1558 985 ὁ
1583 932 1878 996 πανάθλιος
1905 931 1999 984 καὶ
2028 928 2300 999 θροηθεὶς,
2329 926 2602 997 δρομαίως
2627 929 2726 997 τῆς
2752 926 3050 997 ἐκκλησίας
3077 926 3246 997 ἐξῄει.

458 1028 602 1095 ριω.
647 1026 791 1092 Ἐγὼ
819 1024 876 1078 δὲ
905 1024 1205 1094 φοσηθεῑσα
1238 1026 1336 1094 τὴν
1373 1028 1449 1088 είς
1474 1025 1562 1085 τὸν
1582 1027 1771 1094 ’Δγιον
1807 1026 1971 1094 βλασ-

384 1119 619 1188 φημίαν,
650 1117 908 1186 ἠρξάμην
953 1116 1296 1186 παρακαλεῖν
1326 1118 1417 1171 τὸν
1447 1119 1638 1186 ’Ἁγιον
1675 1119 1968 1187 φείσασθαι

383 1209 479 1264 τοῦ
513 1208 869 1281 μιαρωτάτου
896 1207 999 1276 τὴν
1026 1209 1414 1279 ἀναισθησίαν,
1451 1211 1550 1264 καὶ
1606 1209 1684 1280 μὴ
1729 1209 1968 1264 ἀποδοῦ-

383 1319 471 1356 ναι
498 1301 650 1370 αὐτῷ
678 1300 778 1370 τὴν
805 1299 1164 1370 βλασφημίαν
1194 1302 1363 1356 αὑτοῦ
1391 1319 1405 1334 ·
1437 1301 1533 1355 καὶ
1563 1301 1763 1370 αἴφνης
1786 1303 1968 1370 ἁρπα-

384 1393 575 1462 γέντος
603 1393 697 1446 τοῦ
728 1393 850 1457 νοός
903 1411 1001 1463 μου
1035 1393 1112 1457 ὡς
1149 1395 1288 1465 πρὸς
1319 1395 1418 1464 τὴν
1451 1394 1638 1448 εἰκόνα
1682 1394 1778 1448 τοῦ
1825 1395 1965 1464 μάρ-

383 1500 567 1554 ⁴ιτυρος,
589 1484 773 1538 ἀκούω
795 1485 1060 1555 λεγούσης
1090 1488 1226 1558 πρός
1250 1504 1317 1556 με
1333 1504 1347 1519 ·
1383 1487 1524 1554 Ἐγὼ
1544 1486 1644 1556 μὲν
1668 1485 1963 1556 συμπαθῶ,

385 1577 502 1630 ἀλλ’
533 1578 560 1632 ὁ
598 1578 728 1640 Θεὸς
763 1577 1014 1648 ὠργίσθη
1057 1580 1228 1649 αὐτῷ,
1272 1581 1366 1633 καὶ
1397 1581 1498 1633 οὐκ
1533 1581 1824 1649 ἀνέχεται·
1865 1577 1966 1632 αῦ-

383 1684 509 1742 ριον
562 1669 670 1738 γὰρ
721 1670 976 1724 ἐκέλευσε
1031 1670 1459 1742 ριζοτομηθῆναι
1493 1669 1676 1730 αὑτὸν,
1724 1671 1812 1724 ἵνα
1843 1670 1965 1734 s50-

386 1759 646 1831 λοθρευθῇ
679 1761 744 1814 ὲκ
771 1761 874 1829 γῆς
898 1763 958 1814 τὸ
989 1763 1336 1831 μνημόσυνον
1360 1762 1548 1826 αὑτοῦ,
1576 1762 1671 1815 καὶ
1698 1762 1965 1829 γνώσεται

382 1851 552 1921 ἐν,τῷ
603 1854 852 1922 ἀσϐέστῳ
881 1855 1035 1924 πυρὶ,
1070 1854 1154 1907 ὅτι
1207 1854 1417 1923 ἀληθής
1451 1856 1598 1907 ἐστιν
1641 1856 1673 1923 η
1706 1855 1830 1918 δόξα
1855 1855 1964 1906 τῶν

387 1943 479 1997 τοῦ
507 1943 641 1998 Θεοῦ
673 1945 913 2014 γνησίων
946 1945 1120 2013 φίλων
1146 1962 1204 2002 τε
1238 1946 1328 2000 καὶ
1359 1945 1684 2016 μαρτύρων.
1718 1945 1870 1999 Μετὰ
1907 1944 1965 1996 δὲ

389 2037 486 2106 τὴν
513 2036 612 2107 τῆς
654 2036 808 2099 θείας
861 2035 1204 2106 λειτουργίας
1242 2037 1506 2094 ἀπόλυσιν
1549 2036 1698 2088 ἔνδον
1733 2037 1966 2104 γενομέι-

389 2145 483 2198 νης
515 2145 644 2198 μου,
677 2120 837 2196 εὗρον
868 2127 1033 2180 αὑτὸν
1083 2127 1270 2198 λάϐρῳ
1319 2127 1539 2198 πυρετῷ
1588 2129 1964 2200 συνεχόμενον,

385 2221 479 2273 καὶ
505 2221 562 2272 ὲν
589 2222 658 2290 τῇ
685 2219 844 2288 κλίνῃ
884 2218 1159 2288 κείμενον,
1193 2219 1268 2282 ὡς
1317 2219 1620 2289 ἑωράκατε,
1656 2221 1826 2274 Τοῦτο
1866 2223 1970 2290 τῆς

387 2312 645 2380 γυναι-κὸς
691 2310 859 2365 αὑτοῦ
917 2311 1228 2382 εἰρηκυίας,
1285 2313 1487 2382 τρόμος
1545 2311 1703 2364 ἔλαϐε
1758 2313 1968 2377 πάντας

314 2391 318 2394 ’
387 2404 515 2466 τοὺς
565 2405 744 2458 ἐκεῖσε
795 2402 1143 2476 εὑρεθέντας,
1187 2405 1280 2459 καὶ
1313 2404 1536 2472 ἔλεγον·
1580 2404 1786 2468 Ὄντως
1836 2404 1970 2468 Θεὸς

379 2497 450 2550 ὀὐ
486 2494 914 2566 μυκτηρίζεται·
958 2495 1050 2548 καὶ
1093 2495 1203 2566 γάρ
1241 2494 1575 2565 ἀδιάψευστά
1627 2499 1761 2550 εἰσιν
1801 2497 1966 2550 αὐτοῦ

385 2589 460 2640 τὰ
487 2586 849 2656 δικαιώματα,
885 2588 980 2639 καὶ
1025 2587 1094 2640 τὰ
1126 2587 1394 2658 κρίματα,
1425 2588 1517 2641 καὶ¹
1551 2588 1714 2650 αὐτὸς
1752 2589 1968 2642 ἁποδώ-

385 2694 470 2730 σει
503 2676 721 2746 ἑκάστῳ
749 2677 891 2729 κατὰ
929 2677 1000 2731 τὰ
1028 2677 1164 2746 ἔργα
1195 2678 1384 2734 αὐτοῦ.
1437 2678 1625 2732 Ταῦτα
1676 2678 1800 2749 μὲν,
1829 2680 1970 2747 ἁγα-

387 2769 574 2837 πητοὶ,
604 2769 667 2820 οὐ
702 2768 864 2838 μόνον
888 2769 998 2822 ἀπὸ
1024 2769 1115 2822 τοῦ
1150 2769 1425 2840 μακαρίου
1451 2771 1665 2824 ἐκείνου
1697 2771 1966 2838 στόματος

385 2860 480 2912 τοῦ
515 2860 742 2914 Δικαίου
773 2861 1007 2931 ἥκουσα,
1039 2861 1172 2915 ἀλλὰ
1197 2862 1290 2914 καὶ
1316 2860 1424 2914 ἀπὸ
1450 2860 1552 2929 τῆς
1585 2861 1843 2928 γυναικὸς
1874 2860 1967 2912 τοῦ

385 2952 735 3024 ταλαιπώρου
775 2952 1006 3007 ἐκείνου.
1053 2955 1166 3006 Καὶ
1199 2952 1308 3023 γὰρ
1337 2952 1608 3021 ὡφελείας
1654 2953 1833 3023 χάριν,
1873 2953 1969 3006 καὶ

390 3045 484 3098 τοῦ
509 3045 703 3098 ἕνεκεν
747 3043 842 3098 τοῦ
873 3045 1158 3115 φοϐεῖσθαι
1200 3045 1291 3099 τὸν
1345 3043 1572 3116 Κύριον,
1605 3044 1700 3098 καὶ⁵
1745 3044 1970 3113 φεύγειν

390 3134 476 3189 ἀεὶ
500 3135 596 3208 τὴν
626 3137 908 3206 πορνείαν,
941 3136 1038 3192 καὶ
1063 3137 1162 3207 τὴν
1197 3137 1470 3208 μοιχείαν,
1510 3137 1607 3192 καὶ
1636 3137 1735 3210 τὴν
1774 3138 1969 3208 μέθην,

387 3227 482 3283 καὶ
514 3228 698 3292 ζητεῖν
759 3229 818 3280 ἐν
866 3229 1022 3286 νυκτί
1055 3245 1116 3282 τε
1169 3229 1263 3282 καὶ
1315 3229 1502 3301 ἡμέρᾳ
1538 3229 1637 3301 τὴν
1679 3230 1830 3298 παρὰ
1876 3229 1970 3282 τοῦ

384 3319 592 3389 Κυρίου
643 3320 922 3391 βοήθειαν,
971 3319 1067 3372 καὶ
1119 3321 1194 3390 μὴ
1246 3322 1608 3389 καταφρονεῖν
1652 3321 1761 3374 τῶν
1798 3322 1971 3389 ἁγίων

390 3411 716 3483 μαρτύρων,
776 3413 870 3465 καὶ
926 3412 1037 3465 τῶν
1088 3413 1288 3480 τιμίων
1323 3411 1590 3482 λειψάνων
1625 3413 1827 3480 αὐτῶν,
1875 3415 1971 3467 καὶ

383 3504 497 3559 τῶν
535 3505 754 3558 σεπτῶν
790 3504 1040 3559 εἰκόνων.

465 3696 610 3770 ρι«,β’⁹
644 3696 781 3750 Ποτὲ
828 3697 884 3750 δὲ
937 3694 1372 3766 περιπατοῦντος
1420 3695 1515 3749 τοῦ
1565 3696 1743 3750 Ὀσίου
1784 3700 1843 3751 ἐν
1889 3699 1966 3768 τῷ

383 3791 630 3862 δημοσίῳ
659 3791 809 3860 φόρῳ
835 3787 1062 3859 πλησίον
1111 3786 1208 3840 τοῦ
1238 3787 1436 3852 κίονος,
1468 3787 1527 3840 ὃν
1555 3790 1583 3840 ὁ
1627 3791 1685 3841 ὲν
1723 3792 1968 3859 μακαρίᾳ

381 3885 450 3954 τῇ
495 3883 687 3953 μνήμῃ
720 3881 1132 3943 Κωνσταντῖνος
1155 3881 1184 3932 ὁ
1216 3881 1273 3932 ὲν
1301 3880 1477 3948 ἁγίοις
1518 3881 1771 3950 βασιλεὺς
1803 3880 1966 3950 ἐστη-

386 3991 499 4042 σεν,
541 3977 601 4028 ὲν
630 3969 675 4042 ᾧ
721 3991 854 4044 φασι
882 3975 976 4028 καὶ
1010 3975 1135 4036 τοὺς
1163 3972 1377 4043 τιμίους
1405 3973 1588 4043 ἥλους,
1637 3975 1761 4037 τοὺς
1803 3975 1860 4026 ἐν
1889 3972 1965 4043 τῷ

384 4067 636 4138 ζωοποιῷ
665 4067 904 4138 Χριστοῦ
936 4063 1152 4136 σώματι
1185 4066 1558 4137 ὲμπαρέντας,
1585 4067 1644 4119 ὲν
1667 4066 1743 4135 τῷ
1779 4065 1965 4120 ἐπάνω

381 4164 576 4218 τούτου
608 4162 884 4232 ἱσταμένῳ
909 4159 1192 4230 ἀνδριάντι
1226 4159 1608 4229 ὲφαιδρύνατο,
1646 4161 1781 4228 πρὸς
1807 4159 1962 4223 δόξαν

387 4257 487 4326 μὲν
516 4254 672 4318 Θεοῦ,
710 4254 922 4323 σκέπην
950 4271 1009 4307 τε
1039 4253 1136 4306 καὶ
1163 4252 1537 4322 φυλακτήριον
1568 4252 1669 4320 τῆς
1703 4251 1961 4320 βασιλευ-

382 4348 550 4418 ούσης
601 4348 832 4414 πόλεως,
869 4347 963 4400 καὶ
1009 4347 1118 4400 ἰδοὺ
1164 4346 1302 4416 γυνή
1338 4363 1445 4409 τις,
1473 4343 1639 4416 τιμίῳ
1678 4344 1961 4414 Πνεύματι

2151 1023 2276 1077 191.
2320 1022 2432 1090 Ego
2474 1036 2622 1084 vero,
2671 1031 2892 1090 propter
2939 1023 3084 1077 illam
3128 1025 3181 1078 in
3215 1034 3463 1080 sanctum
3508 1042 3656 1081 mar-

2076 1123 2248 1184 tyrem
2280 1113 2673 1182 blasphemiam
2714 1115 3005 1178 exterrita,
3041 1117 3292 1184 precibus
3328 1119 3506 1188 ipsum
3539 1120 3656 1189 pla-

2078 1219 2206 1258 care
2243 1202 2479 1270 institui,
2510 1202 2846 1270 supplicans,
2881 1212 2939 1258 ut
2979 1206 3246 1274 percitum
3279 1207 3506 1261 insaniae
3537 1223 3656 1262 ma-

2075 1291 2165 1347 riti
2197 1292 2377 1356 vellet,
2424 1299 2480 1346 et
2506 1293 2730 1347 meritas
2759 1306 2859 1360 pro
2901 1291 3241 1363 blasphemia
3286 1309 3476 1364 poenas
3511 1297 3654 1350 irro-

2073 1399 2202 1457 gare
2241 1384 2645 1453 supersederct,
2674 1398 2800 1439 cum
2844 1384 3050 1454 subito,
3094 1387 3317 1457 abrepta
3345 1397 3541 1452 ,mente
3583 1390 3653 1443 ad

2073 1477 2364 1548 imaginem
2410 1479 2688 1548 martyris,
2728 1480 2811 1534 sic
2839 1495 3052 1534 mecum
3088 1480 3397 1551 loquentem
3427 1483 3649 1537 audivi:

2073 1567 2186 1638 Ego
2222 1567 2442 1638 quidem
2487 1570 2968 1626 commiseratione
3018 1573 3119 1626 viri
3166 1574 3244 1626 tui
3296 1584 3508 1643 tangor,
3557 1575 3652 1630 sed

2072 1663 2162 1731 qui
2193 1663 2294 1731 ipsi
2322 1663 2673 1718 vehementer
2699 1666 3022 1718 succensuit
3047 1664 3211 1730 Deus,
3235 1675 3438 1721 tantum
3471 1669 3653 1723 scelus

2002 1739 2042 1794 Β
2073 1769 2180 1809 non
2233 1755 2374 1809 sinet
2413 1755 2739 1824 impunitum
2773 1773 2788 1810 :
2832 1771 2954 1812 cras
2994 1761 3138 1812 enim
3175 1759 3439 1814 radit-itus
3477 1761 3652 1815 excidi

2063 1845 2229 1916 jussit
2283 1847 2560 1921 hominem
2610 1847 2877 1917 impium,
2923 1859 2983 1903 ut
3016 1865 3084 1903 ne
3127 1851 3392 1905 memoria
3428 1852 3650 1922 quidem

2063 1940 2188 2008 ejus
2219 1950 2438 2008 superet
2481 1939 2535 1993 in
2567 1941 2749 2007 terris,
2792 1941 3124 2011 tandemque
3159 1942 3212 1994 in
3244 1941 3464 1997 llatnma
3495 1943 3652 1997 inex-

2067 2031 2374 2102 stingaibili
2406 2041 2737 2100 cognoscat,
2771 2033 2916 2088 veris
2943 2034 3031 2087 Dei
3063 2033 3258 2089 amicis
3302 2049 3366 2089 ac
3398 2035 3653 2106 martyri-

2067 2125 2172 2179 bus
2213 2139 2398 2178 veram
2446 2138 2669 2179 manere
2711 2124 2938 2195 gloriam
2972 2125 3026 2179 in
3061 2126 3238 2180 emlis.
3285 2126 3411 2181 Post
3443 2127 3560 2182 haec
3592 2128 3656 2182 li-

2069 2212 2185 2266 nito
2211 2212 2486 2272 sacriﬁcio
2529 2213 2750 2276 divino,
2779 2213 3003 2268 domum
3037 2231 3287 2285 regressa
3321 2216 3502 2271 inveni
3531 2233 3652 2272 ma-

2070 2307 2232 2359 ritum
2259 2344 2274 2369 ,
2311 2304 2554 2359 febribus
2581 2305 2867 2359 acerrimis
2906 2315 3240 2372 correptum,
3273 2309 3327 2361 in
3362 2309 3532 2376 lecto;
3571 2312 3650 2366 uti

2063 2411 2168 2450 vos
2199 2411 2418 2466 quoque
2447 2412 2570 2450 eum
2604 2397 2835 2452 vidistis.
2872 2396 3022 2452 Talia
3071 2411 3329 2455 narrante
3375 2401 3475 2454 viri
3512 2418 3652 2456 uxo-

2070 2502 2148 2551 re,
2185 2498 2390 2543 tremor
2433 2489 2631 2543 invasit
2665 2504 2894 2556 omnes,
2941 2491 3035 2560 qui
3082 2491 3328 2556 aderant,
3365 2491 3650 2546 dicentes:

2073 2579 2210 2634 Vere
2260 2579 2406 2632 Dens
2442 2594 2549 2632 non
2589 2579 2892 2644 irridetur,
2944 2581 3104 2649 cujus
3160 2581 3472 2637 inl‘allibiles
3523 2593 3652 2637 sunt

2067 2671 2486 2740 jnstilicatioues
2526 2678 2582 2723 et
2622 2668 2834 2739 judicia
2862 2709 2876 2735 ,
2921 2673 3189 2726 reddituri
3238 2674 3534 2743 unicuique
3563 2691 3652 2730 se-

2069 2762 2310 2815 cundum
2355 2775 2518 2828 opera
2565 2761 2708 2829 ejus.
2765 2762 2941 2831 Atque
2983 2764 3208 2829 istltzec,
3267 2765 3646 2833 dilectissimi,

2075 2867 2184 2905 non
2229 2861 2440 2906 tantum
2477 2867 2543 2906 ex
2579 2852 2738 2906 beato
2779 2854 2956 2907 sancti
2999 2856 3230 2909 Andr-ea:
3269 2871 3404 2920 ore,
3444 2858 3540 2911 sed
3581 2872 3649 2926 ex

2074 2944 2190 3012 ipsa
2221 2960 2440 3014 quoque
2473 2945 2711 3000 hominis
2753 2944 2991 3000 defuncti
3030 2947 3261 3018 conjuge
3301 2963 3482 3003 coram
3515 2951 3650 3004 tnibi

1995 3077 2040 3140 Ο
2072 3038 2254 3091 audita
2300 3037 2455 3091 vobis
2502 3037 2795 3102 enarravi,
2844 3047 2903 3092 ut
2942 3037 3068 3092 inde
3119 3039 3362 3093 fructum
3411 3041 3650 3109 aliquem

2073 3129 2353 3197 capientes
2374 3167 2390 3193 ,
2425 3129 2479 3182 in
2513 3130 2710 3185 timore
2741 3130 2835 3184 Dei
2877 3130 3058 3185 vivere
3087 3131 3360 3200 pergatis;
3399 3141 3456 3184 ut
3482 3132 3652 3186 forni-

2072 3222 2380 3285 cationem,
2424 3222 2794 3292 adulterium,
2844 3221 3217 3276 temulentiatn
3267 3223 3446 3278 ubivis
3499 3224 3652 3279 loco-

2069 3328 2191 3366 rum
2246 3329 2464 3383 semper
2515 3314 2774 3384 fugiatis,
2829 3323 2889 3370 ut
2915 3317 3009 3369 diu
3061 3325 3336 3386 noctuque
3386 3317 3649 3371 auxilium

2069 3408 2378 3477 imploretis
2409 3408 2680 3473 divinum,
2731 3409 2967 3478 denique
3009 3417 3067 3462 ut
3118 3420 3341 3464 sanctos
3387 3421 3652 3481 martyres

2067 3512 2376 3566 eoi-nmque
2424 3499 2766 3552 venerandas
2814 3499 3075 3568 reliquias
3127 3505 3183 3553 et
3226 3499 3494 3568 imagines
3541 3514 3649 3552 non

2067 3592 2408 3660 despiciatis.

2140 3687 2262 3741 192.
2299 3686 2695 3741 Obambulabat
2720 3684 3016 3754 aliquando
3043 3685 3290 3740 Andreas
3315 3685 3370 3739 in
3400 3685 3520 3738 foro
3545 3701 3646 3754 pu-

2068 3779 2210 3832 blico
2261 3787 2482 3846 propter
2533 3779 2866 3840 columnam,
2921 3792 3086 3846 quam
3146 3779 3316 3832 beata:
3368 3777 3646 3831 memoriae

2065 3867 2497 3933 Constantinus,
2542 3870 2838 3938 imperator
2867 3868 3252 3923 sanctissimus
3279 3909 3292 3931 ,
3355 3869 3644 3923 sublimem

2065 3963 2262 4025 erexit,
2288 3962 2708 4031 impositamque
2764 3962 3029 4015 columnae
3076 3970 3312 4015 statuam
3343 3962 3456 4032 (92)
3485 3977 3649 4017 vene-

2065 4056 2250 4110 randis
2290 4058 2479 4118 clavis,
2516 4053 2718 4122 quibus
2751 4052 3024 4107 viviﬁcum
3056 4055 3260 4108 Christi
3285 4067 3487 4123 corpus
3520 4069 3647 4120 per-

2064 4162 2244 4204 tusum
2297 4149 2421 4214 fuit,
2473 4149 2672 4204 dcitur
2719 4150 3114 4216 exornavisse,
3152 4149 3219 4202 ad
3274 4149 3500 4218 gloriam
3550 4148 3644 4204 Dei

2063 4242 2552 4312 defensionemque
2593 4251 2648 4296 et
2675 4243 3144 4297 conservationem
3192 4243 3352 4310 regite
3383 4243 3644 4297 civitalis.

2065 4334 2206 4392 Ecce
2252 4346 2430 4390 autem
2485 4335 2684 4390 mulier
2727 4337 3007 4404 qnmdam,
3046 4351 3076 4389 a
3126 4332 3330 4404 Spiritu
3365 4335 3550 4389 divino
3591 4335 3645 4387 in

382 4439 519 4493 Θεοῦ
567 4439 991 4509 φαιδρυνομένη,
1027 4440 1084 4490 ἑν
1131 4438 1387 4491 ἐκστάσει
1421 4437 1712 4506 γενομένη,
1761 4439 1963 4490 διανοι-

2069 4429 2329 4483 exstasim
2366 4441 2516 4498 rapta
2537 4468 2550 4491 ,
2606 4429 2809 4498 apertis
2838 4429 3036 4482 animae
3071 4428 3246 4482 oculis
3273 4427 3539 4496 conspicit
3569 4428 3648 4480 vi-

384 4536 588 4600 γέντων
622 4533 732 4586 τῶν
768 4532 1017 4602 ψυχικῶν
1047 4531 1218 4600 αὐτῆς
1267 4529 1550 4598 ὀμμάτων,
1581 4531 1682 4600 ὁρᾷ
1710 4532 1800 4583 τάν
1844 4534 1964 4584 Μα-

384 4627 576 4697 κάριον
608 4624 1016 4694 περιπατοῦντα
1047 4624 1214 4694 μέσον
1245 4625 1338 4676 τοῦ
1383 4625 1640 4696 πλήθους,
1671 4624 1744 4687 ὡς
1778 4625 1966 4678 στῦλον

384 4720 557 4788 πυρὸς
589 4717 1052 4783 ὲξαστράπτοντα,
1096 4718 1188 4769 καὶ
1222 4717 1297 4780 ὡς
1331 4716 1539 4787 βολίδας
1567 4719 1737 4788 πυρὸς
1769 4720 1848 4780 είς
1879 4719 1968 4771 τὸν

382 4813 522 4879 ἀέρα
559 4809 865 4877 ὲπαφιέντα
904 4809 1001 4861 καὶ
1025 4809 1357 4876 αὐγάζοντα.
1383 4807 1538 4870 Τινὲς
1565 4810 1622 4862 δὲ
1651 4812 1826 4880 μωροὶ
1865 4811 1969 4862 ἐδί-

383 4905 545 4958 δοσαν
600 4901 749 4972 αὐτῷ
800 4903 1052 4964 κόσσους,
1093 4902 1240 4958 ἄλλοι
1293 4901 1350 4956 δὲ
1399 4901 1540 4953 κατὰ
1591 4901 1683 4954 τοῦ
1742 4901 1964 4971 αὐχένος

385 4999 654 5050 ἔτυπτον·
696 4996 793 5046 καὶ
841 4992 1028 5046 πολλοὶ
1071 4993 1362 5063 βλέποντες
1393 4994 1554 5046 αὑτὸν
1593 4992 1962 5063 ἀηδιξὸμενοι,

383 5089 572 5142 ελεγον
597 5103 612 5118 ο
647 5085 842 5154 Κύριε,
875 5084 1007 5154 μηδὲ.
1053 5084 1247 5153 ἐχθρὸν
1277 5085 1370 5137 ἐὰν
1412 5083 1645 5154 ἔχωμεν,
1675 5085 1763 5137 ἵνα
1794 5082 1964 5147 οὕτως

383 5182 533 5251 αὐτῴ
567 5179 938 5248 συμῦέὁηκεν.
973 5176 1130 5238 Τινὲς
1164 5173 1425 5244 ζοφώδεις
1459 5179 1551 5228 καὶ
1590 5176 1818 5245 μέλανες
1844 5177 1964 5229 δαί-

388 5292 544 5342 μονες
571 5273 1010 5342 ὲπακροώμενοι,
1036 5269 1262 5321 ὄπισθεν
1291 5269 1738 5335 περιπατοῦντες,
1758 5270 1961 5338 ἔλεγον·

382 5369 489 5420 Ναὶ
524 5369 554 5420 ὁ
597 5367 728 5429 Θεὸς
761 5362 1142 5417 εἰσακοὺσεται
1173 5359 1271 5430 τῆς
1319 5359 1487 5430 εὐχῆς
1539 5361 1716 5431 ὑμῶν,
1758 5361 1853 5414 καὶ
1887 5360 1966 5433 μὴ

461 5519 574 5590 (Si?)
618 5519 878 5589 Cangius,
919 5517 1013 5572 lib.
1048 5513 1394 5590 t,_cap._2l,
1437 5527 1602 5581 agens
1653 5513 1719 5568 de
1767 5514 1960 5590 majori

387 5584 762 5658 atl'palatiutn‘
795 5591 936 5651 loro,
967 5587 1112 5657 quod
1151 5584 1220 5658 ab
1255 5584 1710 5658 Augustamatre
1771 5587 1960 5658 Augu-

386 5654 579 5714 sueinn
654 5660 826 5714 voluit
892 5654 1291 5712 Constantinus
1351 5654 1658 5725 appellari,
1713 5654 1962 5710 meminit

387 5739 582 5787 erecta:
618 5730 818 5788 ibidem
856 5728 1126 5786 columnae
1167 5726 1594 5799 porphyretictc,
1641 5733 1695 5783 et
1725 5726 1955 5796 desuper

2073 4540 2194 4578 rum
2234 4525 2450 4577 beatum
2497 4537 2595 4590 per
2641 4522 2847 4577 medias
2881 4521 3234 4575 deambulare
3284 4521 3495 4588 turbas,
3538 4535 3649 4575 nou

2072 4618 2231 4670 aliter
2273 4631 2435 4685 quam
2485 4615 2797 4668 columnam
2844 4615 2968 4682 igne
3016 4623 3396 4666 coruscantem
3423 4651 3438 4676 ,
3481 4623 3534 4668 et
3559 4614 3651 4682 ja-

2072 4711 2194 4764 cuia
2242 4711 2410 4777 ignita
2452 4723 2550 4776 per
2595 4720 2774 4761 aerem
2827 4706 2936 4760 late
2969 4705 3330 4760 emittentem.
3363 4707 3428 4757 At
3470 4705 3651 4758 insani

2071 4801 2292 4870 quidam
2323 4809 2486 4868 caput
2513 4797 2826 4867 collumque
2855 4799 2973 4866 ejus
3003 4797 3248 4866 colaphis
3275 4797 3490 4866 egregie
3517 4813 3650 4851 onc-

2074 4895 2297 4955 rabant;
2331 4893 2473 4961 quod
2505 4889 2632 4954 alii,
2680 4891 2866 4944 tristes
2903 4901 2956 4942 et
3007 4888 3356 4958 indignantes
3381 4928 3396 4949 ,
3431 4889 3650 4958 conspi-

2070 4985 2177 5039 cati
2211 5003 2225 5036 ι
2263 4984 2512 5046 Domine,
2546 4982 2897 5051 inquiebant,
2929 4995 3061 5044 non,
3098 4982 3143 5036 si
3173 4995 3335 5049 quem
3367 4981 3654 5036 inimicum

2072 5077 2365 5139 habemus,
2417 5085 2524 5129 tam
2579 5074 2818 5143 indignis
2869 5087 2995 5126 cum
3046 5074 3165 5143 ipso
3209 5082 3404 5143 agatur
3450 5077 3652 5130 modis.

2070 5169 2202 5235 Quae
2232 5168 2394 5222 verba
2443 5168 2738 5230 daemones,
2792 5165 2882 5234 qui
2928 5181 3068 5234 pone
3109 5166 3466 5220 ambulabant.
3512 5177 3652 5220 lene-

2069 5263 2215 5317 brosi
2263 5261 2546 5330 nigrique,
2588 5257 2872 5312 audientes
2912 5275 2926 5311 :
2973 5257 3049 5310 lta
3101 5273 3268 5323 sane,
3311 5258 3652 5328 inquiebant,

2067 5352 2321 5408 exaudiet
2374 5366 2562 5427 preces
2635 5359 2844 5404 vestras
2894 5348 3078 5413 Deus,
3130 5365 3238 5403 non
3290 5351 3655 5404 suscitaturus

2067 5510 2336 5580 imposita:
2383 5519 2596 5580 statuae
2627 5507 2800 5578 ipsius
2855 5507 3072 5562 llclenm
3126 5525 3140 5561 :
3189 5510 3273 5563 cui
3312 5509 3655 5564 crediderim

2067 5579 2309 5638 inclusos
2353 5583 2539 5636 clavos
2581 5579 2896 5652 Dominicos
2932 5580 3134 5642 fuisse,
3177 5581 3368 5635 saltem
3401 5597 3463 5635 ex
3503 5585 3643 5652 Vulg.

2073 5653 2393 5718 traditione,
2428 5653 2610 5722 quoad
2644 5659 2824 5706 statua
2855 5651 2944 5704 illa
2978 5651 3146 5704 stetit.
