4090 6410
462 272 570 339 833
1508 267 1939 331 NICEPHORI
1975 267 2454 330 PRESBYTERI
2493 268 2603 329 CP.
3623 275 3730 341 8m

463 386 696 440 alterum
742 382 871 439 huic
911 382 1145 439 similem
1186 398 1352 453 super
1392 391 1590 438 terram
1626 384 1681 438 in
1733 392 2040 439 aeternum:

2151 383 2337 455 ἐγείρῃ
2372 385 2451 447 εἰς
2494 383 2587 437 τὸν
2640 381 2810 437 αἰῶνα
2836 383 2995 438 ἄλλον
3041 383 3285 437 τοιοῦτον
3328 384 3420 437 ἐπὶ
3448 384 3546 455 τῆς
3583 387 3689 454 γῆς
3713 390 3729 407 ⁸

463 491 626 533 nemo
655 491 895 546 unquam
933 473 1036 529 fuit
1063 515 1077 538 ,
1124 476 1217 544 qui
1259 483 1409 530 tanto
1451 476 1662 531 adussit
1690 477 1877 530 dolore
1917 490 2039 529 cor-

2151 474 2311 531 >ύδεις
2339 475 2448 545 γὰρ
2497 474 2839 528 κατέκαυσεν
2864 475 3022 545 ἡμῶν
3051 474 3151 539 τὰς
3202 475 3454 545 καρδίας,
3482 475 3557 536 ὡς
3594 478 3728 529 ἀκα-

465 570 532 624 da
563 576 748 622 nostra
775 608 789 633 ,
840 577 1047 636 quanto
1089 567 1179 621 hic
1206 566 1452 632 otiosus;
1487 567 1580 636 qui
1627 567 1830 622 domini
1863 568 1944 621 sui
1979 582 2039 620 se

2151 567 2322 638 μάτης
2349 560 2502 630 οὗτος
2530 582 2545 597 °
2599 567 2673 638 μὴ
2715 566 3038 638 βουλόμενος
3081 567 3190 638 γὰρ
3220 567 3451 637 κάμνειν
3494 568 3564 620 τὰ
3593 567 3730 640 ἔργα

466 664 712 717 servituti
758 662 1065 717 subducens
1087 700 1101 725 ,
1136 663 1361 715 stultum
1395 661 1738 727 simulando,
1774 660 2036 714 mundum

2151 658 2232 713 τοῦ
2288 659 2479 729 κυρίου
2512 658 2703 720 αὐτοῦ,
2763 659 2945 730 μωρὸν
2981 659 3176 712 ἑαυτὸν
3221 660 3726 729 προφασισάμενος,

475 750 663 807 lllndit.

2151 748 2327 814 παίζει
2350 751 2443 803 τὸν
2478 751 2709 821 κόσμον.

540 846 663 899 195.
703 843 879 915 Atque
918 848 1031 898 haec
1081 843 1157 897 illi
1202 843 1445 912 quidem.
1478 841 1671 895 Mulier
1701 856 1827 895 vero
1868 840 1921 894 in
1972 842 2037 894 il-

2212 847 2359 911 ρπγθ.
2390 840 2580 896 Ταῦτα
2625 842 2725 911 μὲν
2782 842 2956 905 οὕτως
2999 842 3219 912 ἔλεγον
3253 844 3399 917 ἑώρα
3428 845 3485 898 δὲ
3526 846 3558 913 ὴ
3588 844 3725 914 γυνὴ

466 937 590 1001 los,
638 940 730 1006 qui
768 938 1044 991 ca’debant
1079 935 1389 1000 Andream,
1429 934 1661 999 intuita,
1702 935 2041 989 animadver-

2151 933 2271 995 τοὺς
2301 932 2604 996 τύπτοντας
2632 933 2722 987 τὸν
2752 935 2989 999 Δίκαιον,
3038 937 3123 989 ὃτι
3151 936 3507 1006 ὲσημειοῦντο
3535 940 3585 992 oi
3632 937 3726 1001 ζο-

468 1030 615 1083 tebat
642 1030 838 1093 simul,
872 1027 1013 1081 istud
1044 1043 1231 1082 eorum
1268 1029 1449 1081 scelus
1480 1042 1510 1080 a
1542 1026 1898 1081 tenebricosis
1932 1026 2038 1079 illis

2151 1025 2340 1093 φώδεις
2389 1027 2608 1090 ἐκείνοι,
2661 1026 2753 1078 καὶ
2805 1026 3032 1094 ελεγονο
3069 1028 3188 1080 Κᾶν
3233 1028 3392 1081 τοῦτο
3437 1031 3498 1081 τὸ
3552 1029 3727 1100 κρίμα

466 1121 739 1181 adnotari,
765 1120 1070 1173 dicentibus
1102 1136 1116 1172 :
1173 1118 1376 1172 Saltem
1416 1118 1592 1173 isthoc
1622 1118 1786 1173 solari
1817 1132 1916 1171 nos
1941 1133 2037 1185 νοη-

2151 1115 2353 1187 Ξχωμεν
2380 1119 2463 1180 είς
2510 1117 2886 1188 παραμυθίαν,
2917 1118 3001 1170 ὅτι
3033 1117 3234 1181 ἀδίκως
3263 1119 3424 1173 αὑτὸν
3467 1113 3611 1173 οὗτοι
3641 1119 3726 1172 τύ-

469 1212 889 1280 testjudicium,
926 1211 1187 1276 quoniam
1221 1220 1410 1265 contra
1437 1211 1528 1277 jus
1570 1209 1763 1279 fasque
1802 1209 1856 1263 in
1889 1209 2036 1262 illum

2151 1223 2364 1269 πτοντες
2391 1206 2600 1276 ἔχουσιν
2620 1208 2914 1278 ἁμαρτίαν·
2930 1208 3148 1272 πάντως
3171 1209 3277 1280 γὰρ
3303 1211 3499 1271 αὐτοὺς
3522 1211 3623 1279 τῆς
3640 1228 3727 1264 το-

464 1303 786 1357 vcrberibus
815 1303 1066 1366 saeviunt,
1093 1305 1379 1357 saevienles
1407 1317 1534 1356 vero
1566 1316 1674 1356 non
1701 1303 1803 1354 levi
1831 1316 1888 1356 se
1921 1316 2038 1357 sce-

2151 1299 2343 1370 σαύτης
2366 1299 2689 1369 προφάσεως
2722 1300 3159 1370 καταδικάζομεν
3192 1303 3392 1366 αὐτοὺς
3425 1305 3482 1356 ἐν
3510 1307 3575 1375 τῇ
3605 1303 3725 1375 ὥρᾳ

465 1392 576 1447 lere
615 1393 1014 1461 obstringunt:
1059 1407 1124 1447 ex
1179 1392 1282 1446 hoc
1321 1393 1469 1446 enim
1522 1392 1702 1467 capite
1747 1390 2038 1445 accusandi

2151 1389 2235 1441 τοῦ
2261 1388 2494 1443 θανάτου
2528 1389 2731 1457 αὐτῶν,
2760 1391 2844 1444 ὃτι
2885 1391 3142 1446 ἐκλεκτὸν
3174 1393 3269 1446 τοῦ
3304 1393 3440 1446 Θεοῦ
3494 1394 3725 1447 ἔτυπτον

463 1484 687 1537 omnino
726 1499 755 1536 a
790 1484 946 1537 nobis
974 1491 1102 1538 sunt
1152 1485 1203 1536 in
1238 1483 1371 1537 hora
1408 1483 1598 1535 mortis
1622 1521 1638 1545 ,
1670 1482 1812 1551 quod
1844 1481 2042 1548 injuste

2151 1480 2364 1544 ἂδίκως,
2390 1481 2486 1533 καὶ
2517 1481 2617 1534 οὐκ
2675 1480 2792 1535 ἔστι
2826 1483 3077 1554 σωτηρία
3124 1486 3183 1538 ὲν
3209 1484 3440 1546 τούτοις.
3485 1484 3724 1539 ’Δκούων

462 1576 695 1631 electum
746 1574 836 1629 Dei
895 1584 1325 1645 percusserunt;
1369 1588 1470 1627 nec
1502 1583 1588 1628 est
1626 1575 1768 1641 quod
1808 1572 2038 1626 salutem

463 1677 704 1736 sperent.
754 1668 997 1722 Audiens
1043 1677 1224 1720 autem
1282 1667 1396 1719 haec
1446 1665 1710 1719 divinitus
1757 1662 2037 1726 Andreas,

2144 1571 2199 1625 δὲ
2229 1572 2402 1625 ταῦτα
2428 1575 2454 1626 ὁ
2497 1573 2784 1643 Μακάριος
2822 1575 3097 1645 πνεύματι
3128 1576 3278 1647 θείῳ,
3311 1575 3416 1649 [ἐνὶ
3449 1576 3593 1647 λόγῳ
3626 1578 3725 1639 τὰς

2144 1666 2479 1736 πανουργίας
2505 1666 2685 1719 αὐτῶν
2721 1666 2841 1721 ἔλυε
2904 1667 3053 1741 (95)]
3084 1672 3179 1722 καὶ
3222 1669 3507 1733 ἐδικάζετο
3541 1671 3725 1732 αὐτοῖς
3764 1668 3771 1679 ’

462 1760 631 1813 verbo
674 1760 837 1812 unico
866 1774 1086 1813 omnem
1131 1774 1322 1812 eorum
1367 1755 1789 1810 fraudulentiam
1839 1754 2041 1815 elusit,

2151 1757 2323 1826 λέγων
2344 1774 2358 1787 ⁸
2384 1759 2501 1812 Οὐκ
2532 1758 2679 1812 ἔστιν
2705 1760 2833 1830 ὑμῖν
2864 1760 3221 1830 σημειοῦσθαι
3250 1761 3447 1814 ταῦτα·
3478 1759 3589 1829 ἐγὼ
3617 1764 3724 1831 γὰρ

462 1860 629 1919 atque
667 1852 736 1904 itu
765 1866 887 1904 cum
924 1849 1058 1919 ipsis
1087 1849 1455 1919 expostulavit
1489 1864 1502 1900 :
1538 1846 1651 1900 Non
1681 1855 1767 1902 est
1801 1855 2039 1899 vestrum

463 1944 646 1998 isthoc
696 1943 1018 1999 caedentium
1056 1958 1143 1996 me
1179 1942 1383 1995 factum
1420 1940 1723 2003 adnotare;
1771 1953 1869 2008 ego
1897 1937 2040 1992 enim

462 2038 648 2107 rogavi
701 2036 989 2089 Dominum
1027 2051 1206 2089 meum
1255 2033 1672 2095 admirabilem,
1718 2040 1778 2085 ut
1822 2045 1889 2084 ne
1939 2038 2046 2084 sta-

465 2140 584 2185 tuat
631 2130 738 2183 illis
784 2139 1062 2197 precatum
1106 2126 1251 2197 quod
1294 2142 1380 2180 me
1426 2126 1749 2189 verberant;
1799 2131 1852 2176 et
1893 2121 2046 2191 igno-

462 2222 641 2277 rantia
682 2236 871 2275 eorum
903 2259 919 2285 ,
964 2221 1017 2273 in
1057 2233 1216 2288 quem
1274 2218 1503 2272 swviant
1553 2230 1664 2268 non
1709 2227 2046 2283 cognoscen-

464 2315 638 2379 tium,
685 2313 865 2367 locum
921 2310 1091 2364 venia:
1132 2309 1370 2378 reliquit.

539 2406 663 2461 £94.
694 2403 804 2458 Hos
835 2402 935 2457 viri
968 2402 1145 2458 sancti
1185 2402 1251 2454 ad
1295 2398 1639 2454 tenebricosa
1667 2395 1935 2451 dmmonia
1964 2394 2047 2448 in-

465 2498 692 2554 stitutos
723 2509 1009 2550 sermones
1038 2509 1158 2547 cum
1190 2491 1523 2561 percepisset
1545 2488 1799 2557 praedicta
1827 2487 2043 2545 mulier,

462 2589 695 2645 sublatis
745 2588 799 2642 in
837 2586 1004 2640 altum
1035 2584 1249 2650 oculis,
1318 2582 1494 2637 cernit
1535 2588 1745 2650 portam
1779 2578 1901 2634 cadi
1946 2578 2043 2630 ad-

464 2680 690 2751 aperiri,
740 2675 1219 2747 tnrbamqueillac
1260 2672 1761 2744 pulcherrimarum
1795 2670 2046 2724 hirundi-

463 2788 597 2827 num
629 2769 866 2834 eﬂundi,
916 2783 1145 2839 quarum
1178 2768 1417 2821 medium
1452 2763 1670 2818 tenebat
1709 2763 1887 2816 locum
1918 2775 2044 2830 per-

465 2876 659 2933 magna
695 2869 748 2914 et
793 2859 917 2914 nive
952 2858 1237 2914 candidior
1284 2856 1543 2911 columba
1578 2872 1592 2909 :
1636 2870 1759 2924 qua:
1791 2868 1914 2907 cum
1963 2850 2046 2905 lii-

461 2953 792 3009 rundinibus
845 2952 911 3007 ad
962 2952 1179 3006 beatum
1233 2950 1510 3004 Andream
1563 2948 1843 3009 delabens,
1888 2944 2045 2998 olivae

463 3060 710 3109 ramum,
747 3043 929 3097 aureis
956 3041 1227 3110 insignem
1261 3039 1524 3106 ﬂoribus,
1559 3037 1811 3107 portabat
1839 3051 1962 3098 ore;
1993 3030 2045 3089 et

463 3136 751 3204 alloquens
787 3134 965 3202 ipsum
1002 3145 1156 3184 more
1186 3129 1469 3183 hominum
1505 3143 1523 3183 :
1556 3126 1776 3195 Accipe,
1811 3125 2044 3191 dicebat,

466 3228 613 3281 hunc
651 3227 784 3279 oleae
814 3239 1026 3277 ramum
1055 3260 1072 3287 ,
1103 3235 1265 3291 quem
1299 3220 1396 3274 tibi
1425 3218 1772 3293 omnipotens
1806 3214 1966 3269 Pater
1994 3222 2047 3267 et

467 3315 728 3372 Dominus
759 3313 1001 3369 Sabaoui
1033 3313 1309 3381 specimen
1340 3308 1580 3379 paradisi
1605 3308 1689 3361 sui
1724 3307 1908 3369 mittit,
1936 3319 2046 3358 non

466 3407 573 3461 alia
622 3406 691 3461 de
724 3419 892 3459 causa
913 3443 930 3471 ,
973 3418 1136 3470 quam
1166 3403 1312 3471 quod
1347 3401 1660 3455 misericors
1690 3405 1744 3453 et
1780 3396 2047 3464 benignus

468 3500 568 3564 sis,
597 3495 1057 3568 quemadmodum
1085 3503 1141 3549 et
1192 3495 1307 3563 ipse
1339 3502 1466 3548 est:
1502 3506 1630 3546 ecce
1673 3490 1838 3559 igitur
1875 3490 2046 3558 magis

468 3597 753 3661 magisque
788 3590 841 3642 in
883 3587 999 3642 dies
1032 3598 1083 3641 te
1124 3585 1446 3657 gloriﬁcabit
1489 3583 1771 3647 Dominus,
1822 3590 1876 3636 et
1902 3582 2051 3636 exal-

466 3685 669 3740 tabitur
699 3697 897 3737 nomen
927 3680 1045 3748 ejus
1072 3690 1323 3734 sanctum
1369 3679 1424 3732 in
1469 3686 1522 3731 te
1546 3717 1559 3742 ,
1591 3676 1718 3746 quia
1755 3675 2008 3745 iudicasti
2029 3712 2044 3738 ,

467 3775 602 3829 nulli
648 3775 771 3828 illos
819 3782 1046 3843 peccato
1086 3771 1354 3827 obnoxios
1378 3784 1535 3834 esse,
1582 3768 1676 3837 qni
1711 3764 2046 3823 verberando

465 3866 706 3937 quotidie
736 3867 803 3920 de
835 3874 885 3920 te
915 3867 1154 3935 pessime
1184 3871 1480 3917 merentur.
1510 3859 1606 3913 llis
1636 3861 1796 3915 dictis
1821 3848 2047 3913 Andrem

465 3959 631 4029 capiti
663 3958 863 4014 insedit
891 3958 1168 4021 columba,
1209 3966 1321 4011 tota
1354 3955 1537 4010 colore
1562 3965 1822 4023 argenteo
1852 3954 2046 4018 nitida,

467 4061 694 4119 excepto
724 4051 914 4115 dorso,
946 4048 1088 4120 quod
1121 4047 1240 4102 auri
1272 4047 1482 4115 fulgore
1513 4046 1873 4110 coruscabat;
1903 4048 2047 4102 oculi

467 4158 597 4197 vero
642 4151 699 4197 ut
731 4157 957 4211 genuinae
989 4141 1239 4214 pretiosae
1281 4139 1616 4205 rutilabant;
1662 4138 1827 4208 pedes
1868 4140 2051 4194 colore

470 4247 746 4302 purpureo
778 4234 931 4285 tincti
978 4239 1163 4295 erant;
1195 4237 1360 4297 caput
1390 4242 1552 4283 cruce
1576 4226 1742 4282 ﬂorea
1784 4228 2045 4297 insignie-

474 4325 667 4389 batur;
723 4323 777 4376 in
839 4322 1073 4375 circuitu
1130 4322 1369 4388 denique
1419 4319 1744 4375 hirundines
1797 4322 2048 4375 modula-

464 4415 671 4489 bantur
707 4423 973 4468 concentu
1008 4411 1182 4466 vario.

548 4506 673 4560 195.
705 4504 803 4559 llic
845 4504 1124 4558 enimvero
1164 4501 1445 4571 obstupuit
1474 4501 1824 4556 vehementer
1856 4501 2050 4556 devota

474 4599 565 4654 illa
615 4599 831 4664 mulier,
882 4597 1212 4664 tandemque
1249 4609 1278 4647 a
1325 4595 1636 4665 spectaculo
1666 4594 1769 4648 sibi
1805 4594 2050 4664 reddita,

464 4670 610 4757 fnihil
641 4707 828 4745 eorum
857 4704 979 4758 quae
1009 4689 1221 4743 viderat
1265 4687 1440 4757 potuit
1488 4700 1747 4742 enarrare
1772 4687 1892 4740 aliis
1916 4726 1931 4752 ,
1966 4701 2053 4740 sc-

464 4776 709 4855 Zcumque
749 4784 819 4837 ita
854 4781 1199 4837 solummodo
1242 4779 1569 4849 loquebatur
1599 4798 1616 4835 :
1651 4777 1794 4833 Deus
1825 4778 2052 4832 immor-

464 4856 598 4968 italis
622 4914 637 4939 ,
670 4885 803 4946 quot
835 4874 1051 4928 bonitas
1088 4884 1180 4926 tua
1221 4872 1276 4926 in
1310 4863 1469 4927 terris
1497 4871 1824 4937 luminaria,
1873 4871 2052 4925 homi-

477 4985 598 5034 nes,
634 4969 881 5038 inquam,
919 4964 1208 5020 sanctitate
1243 4963 1596 5034 conspicuos,
1630 4964 1828 5027 habet,
1859 4978 2052 5032 quam-

418 5106 423 5111 .
473 5063 559 5115 vis
600 5060 801 5131 passim
851 5057 1021 5127 ignoti
1060 5055 1302 5110 lateant!
1346 5053 1413 5108 Et
1463 5063 1660 5109 conata
1701 5055 1901 5123 saepius
1936 5052 2052 5108 visa

464 5142 573 5210 ‘sua
618 5151 1025 5205 communicare
1076 5163 1201 5203 cum
1245 5148 1405 5212 aliis,
1452 5162 1721 5218 exponere
1767 5146 2051 5217 nequivit,

474 5256 674 5299 vrtute
702 5245 936 5313 quadam
978 5243 1194 5295 occulta
1236 5240 1564 5310 prohibente
1597 5279 1614 5305 ,
1657 5249 1714 5294 et
1743 5239 2056 5309 trepidatio-

474 5354 598 5391 nem
632 5336 950 5405 injiciente:
985 5333 1131 5388 unde
1160 5332 1437 5402 deinceps,
1469 5332 1657 5388 volens
1689 5333 1900 5396 nolens,
1939 5346 2052 5384 rem

476 5432 839 5486 admiratione
885 5427 1267 5498 dignissimam
1314 5426 1592 5481 involvere
1643 5424 1862 5481 silentio
1896 5438 2054 5477 com-

549 5630 658 5699 t95)
700 5628 801 5684 Ms.
847 5627 1059 5702 _V.'ttic.,
1122 5626 1521 5702 Quemnam};
1570 5627 1639 5683 τὰ
1688 5629 2054 5702 σημειὼματα

477 5696 701 5765 δυνάμει
738 5699 872 5755 θεοῦ
908 5699 1149 5769 κραταιᾷ
1180 5696 1505 5771 φερόμενος.

2146 1850 2503 1921 παρεκάλεσα
2533 1851 2610 1921 τῷ
2662 1852 2880 1923 φοὸερῷ
2920 1853 3162 1924 Δεσπότῃ
3222 1869 3323 1922 μου
3355 1854 3430 1923 μὴ
3472 1853 3724 1921 ἡγεῖσθαι

2146 1945 2329 2007 αὐτοῖς
2380 1946 2462 2008 είς
2510 1945 2789 2015 ἁμαρτίαν
2835 1945 3026 1999 τούτου
3079 1946 3240 1999 ἕνεκα
3293 1946 3434 2015 ὑπὲρ
3477 1947 3599 1999 ὅσον
3657 1962 3723 2015 με

2143 2035 2462 2102 τύπτουσιν,
2496 2037 2590 2089 καὶ
2620 2037 2654 2107 ἠ
2683 2035 2875 2105 ἄγνοια
2918 2038 3082 2092 τόπον
3111 2038 3290 2100 αὐτοῖς
3324 2036 3616 2106 ἀπολογίας
3644 2036 3724 2089 δὶ-

2145 2128 2328 2182 δωσιν.

2220 2411 2355 2477 μηδ’.
2402 2410 2486 2474 Ὠς
2538 2409 2635 2464 οὖν
2676 2412 2850 2466 ταῦτα
2904 2413 3135 2482 ἥκουσεν
3184 2411 3217 2483 ή
3254 2411 3390 2482 γυνὴ
3430 2411 3725 2481 ὁμιλοῦντα

2150 2502 2288 2568 μετὰ
2326 2504 2435 2563 τοῖς
2469 2504 2764 2564 σκοτεινοῖς
2795 2502 3048 2569 ἐκείνοις,
3074 2503 3178 2573 ὁρᾷ
3204 2505 3283 2566 είς
3308 2502 3464 2573 ὕψος,
3496 2505 3586 2555 καὶ
3617 2504 3724 2558 laci)

2144 2594 2332 2663 ὥσπερ
2368 2594 2511 2663 πύλη
2562 2596 2840 2663 ἀνεῳγυῖα
2883 2594 2977 2647 τοῦ
3033 2593 3286 2664 ούρανοῦ,
3320 2595 3416 2647 καὶ
3453 2594 3511 2659 ἐξ
3556 2597 3726 2663 αὐτῆς

2146 2684 2305 2751 ἐξιὼν
2334 2684 2539 2753 πλῆθος
2587 2686 2875 2755 χελιδόνων
2924 2685 3193 2757 τερπνῶν,
3240 2685 3410 2756 μέσον
3451 2687 3506 2740 δὲ
3541 2689 3722 2740 αὐτῶν

2146 2777 2444 2847 περιστερᾶ
2471 2776 2544 2836 ὡς
2571 2775 2724 2847 χιὼν,
2764 2776 2971 2846 μεγάλη
3006 2776 3232 2847 σφόδρα,
3262 2778 3357 2830 καὶ
3388 2778 3578 2849 κατῄει
3606 2776 3718 2846 ἅμα

2143 2870 2261 2931 ταῖς
2316 2868 2583 2937 χελιδόσιν
2638 2867 2731 2920 ἐπὶ
2783 2871 2874 2922 τὸν
2927 2868 3238 2939 Μακάρων,
3280 2869 3492 2940 κάρφος
3541 2869 3721 2932 ἐλαίας

2145 2959 2373 3029 χρυσίου
2411 2960 2622 3013 στίλϐον
2669 2959 3014 3030 βαστάζουσα
3051 2963 3111 3013 ἐν
3153 2961 3230 3030 τῷ
3271 2962 3496 3029 στόματι
3532 2962 3722 3030 αὐτῆς.

2146 3053 2241 3105 καὶ
2271 3052 2628 3123 ἀνθρωπίνως
2672 3052 3032 3123 διαλεγομένη
3064 3051 3140 3119 τῷ
3174 3053 3449 3124 Μακαρίῳ
3493 3053 3588 3106 καὶ
3637 3054 3728 3106 λέ-

2148 3150 2354 3212 γουσα·
2388 3144 2547 3211 Δέξαι
2596 3144 2755 3197 τοῦτο
2782 3145 2843 3197 τὸ
2886 3148 3121 3215 κάρφος,
3152 3146 3236 3199 ὅτι
3270 3148 3297 3198 ὁ
3326 3146 3729 3218 παντοκράτωρ

2149 3235 2337 3305 Πατὴρ
2385 3238 2478 3289 καὶ
2516 3235 2716 3306 Κύριος
2753 3236 2977 3289 Σαϐαὼο
3015 3255 3096 3291 σοι
3146 3240 3212 3290 ἐκ
3259 3237 3354 3291 τοῦ
3392 3238 3727 3308 παραδείσου

2147 3327 2435 3381 ἀπέστειλε
2463 3326 2774 3399 γνώρισμα,
2805 3327 2894 3379 διὰ
2915 3329 2975 3379 τὸ
3009 3322 3148 3382 εἷναί
3178 3345 3238 3380 σε
3268 3328 3591 3399 οἰκτίρμονα
3633 3328 3728 3380 καὶ

2149 3418 2552 3487 φιλάνθρωπον,
2598 3418 2662 3472 ὃν
2709 3419 2908 3489 τρόπον
2963 3418 3268 3488 οῐκτίρμων
3326 3420 3420 3472 καὶ
3479 3420 3730 3487 ἐλεήμων

2148 3508 2357 3569 ἐκεῖνος
2404 3508 2783 3576 καθέστηκεν
2827 3508 2937 3561 ἰδοὺ
2980 3511 3090 3580 γὰρ
3129 3510 3345 3573 δοξάσει
3380 3525 3438 3562 σε
3470 3511 3497 3561 ὸ
3526 3510 3730 3580 Κύριος

2149 3600 2229 3652 ἔτι
2260 3602 2354 3653 καὶ
2383 3599 2487 3666 ἔτι,
2527 3601 2621 3654 καὶ
2659 3600 3012 3671 ὑψωθήσεται
3047 3601 3107 3653 τὸ
3154 3602 3325 3671 ὄνομα
3355 3603 3415 3656 τὸ
3452 3601 3605 3670 ἅγιον
3632 3602 3729 3654 αύ-

2147 3692 2240 3745 τοῦ
2276 3693 2368 3745 ἐπὶ
2404 3693 2513 3757 σοὶ,
2538 3692 2653 3746 ἀνθ’
2685 3687 2761 3746 ὧν
2791 3693 2854 3745 σὺ
2889 3693 3111 3763 ἔκρινας
3140 3693 3236 3747 τοῦ
3267 3694 3342 3764 μὴ
3368 3693 3513 3764 ἔχειν
3553 3695 3726 3764 ἁμαρ·

2147 3784 2271 3837 τίαν
2303 3785 2428 3847 τοὺς
2453 3782 2804 3854 καθεκάστην
2834 3802 2893 3837 σε
2916 3784 3241 3848 τύπτοντας.
3268 3787 3453 3839 Ταῦτα
3475 3788 3731 3857 εἰρηκυῖα

2148 3876 2418 3947 ὲκαθέοθη
2456 3876 2552 3930 ἐπὶ
2599 3877 2698 3948 τὴν
2744 3876 2985 3949 κεφαλὴν
3029 3877 3219 3944 αὐτοῦ,
3254 3879 3348 3931 καὶ
3377 3874 3447 3950 ἦν
3492 3879 3586 3949 ὅλη
3631 3895 3731 3931 περ

2151 3970 2607 4039 ριηργυρωμένη,
2651 3970 2742 4022 καὶ
2771 3969 2840 4023 τὰ
2868 3970 3183 4040 μετάφρενα
3228 3970 3404 4040 αὐτῆς
3442 3973 3501 4025 ἐν
3530 3971 3731 4041 χλωρό-

2148 4078 2273 4130 τητι
2309 4062 2534 4131 χρυσίου
2555 4077 2568 4092 ·
2606 4064 2659 4114 οἱ
2694 4061 2751 4115 δὲ
2778 4062 3047 4132 ὀφθαλμοὶ
3079 4062 3251 4131 αὐτῆς
3282 4062 3357 4125 ὡς
3390 4068 3731 4134 μαργαρῖται

2149 4153 2360 4221 τίμιοι·
2390 4153 2439 4205 οἱ
2486 4152 2545 4205 δὲ
2587 4153 2747 4217 πόδες
2794 4154 2964 4223 αὐτῆς
2998 4154 3245 4224 ὑπῆρχον
3295 4154 3443 4226 βαφῇ
3476 4155 3730 4229 βασιλικῇ

2152 4242 2510 4314 βεϐαμμένοι,
2539 4244 2637 4298 καὶ
2671 4245 2904 4314 σταυρὸν
2930 4246 3039 4299 ἀπὸ
3063 4246 3273 4299 ἀνθέων
3302 4249 3395 4300 ἐπὶ
3434 4248 3535 4319 τὴν
3567 4265 3732 4317 κεφα-

2149 4333 2246 4403 λὴν
2278 4333 2475 4402 αύτῆςο
2515 4337 2607 4387 καὶ
2636 4328 2703 4404 ἦν
2748 4335 2933 4405 κύκλῳ
2964 4336 3133 4406 αὐτῆς
3181 4337 3347 4401 πολὺς
3391 4337 3500 4391 τῶν
3532 4339 3708 4409 χελιδό

2082 4438 2126 4494 ι)
2153 4442 2259 4477 νων
2297 4426 2648 4495 κελαδισμός.

2228 4520 2363 4587 ριιε’.
2396 4517 2584 4571 Ταῦτα
2633 4519 2818 4590 ὁρῶσα
2860 4521 2888 4589 ἡ
2947 4521 3083 4591 γυνὴ
3118 4522 3300 4592 ἐκείνη
3356 4524 3389 4593 ή
3450 4524 3732 4594 θεοσεϐὴς,

2152 4608 2519 4679 ἐξεπλήσσετο
2550 4611 2754 4679 σφόδρα
2778 4626 2791 4641 ·
2825 4613 2881 4664 ὲν
2915 4613 3085 4683 ἑαυτῇ
3114 4614 3170 4666 δὲ
3199 4614 3468 4685 γενομένη
3498 4616 3606 4669 ἀπὸ
3633 4615 3733 4683 τῆς

2153 4701 2278 4764 θέας
2314 4701 2552 4770 ἐκείνης,
2608 4702 2794 4754 υύκέτι
2825 4704 3066 4773 ἠδυνήθη
3104 4706 3282 4759 είπεῖν
3314 4723 3446 4769 τινι,
3489 4708 3649 4778 μόνον
3676 4707 3732 4758 δὲ

2153 4791 2276 4845 καθ’
2305 4790 2509 4862 ἑαυτὴν
2550 4790 2708 4861 ἔλεγε
2741 4792 2852 4864 (94)
2873 4809 2886 4824 ·
2924 4793 3119 4860 Βαϐαὶ,
3152 4797 3250 4875 τῆς
3293 4798 3385 4850 τοῦ
3430 4797 3567 4851 Θεοῦ
3597 4802 3735 4867 ἀγα-

2155 4883 2403 4953 θότητος,
2444 4884 2593 4948 οἴους
2629 4885 2923 4955 φωστῆρας
2974 4887 3087 4957 ἔχει
3133 4890 3226 4941 ἐπὶ
3257 4890 3382 4961 γῆς,
3432 4894 3526 4945 καὶ
3558 4893 3734 4956 οὐδεὶς

2154 4978 2354 5041 αὐτοὺς
2391 4977 2724 5033 ἐπίσταταιί
2765 4979 3033 5046 Πολλάκις
3064 4977 3157 5036 οὖν
3196 4983 3474 5055 ἠϐουλήθη
3509 4986 3577 5040 τὰ
3601 4988 3735 5055 ὀρα·

2156 5068 2317 5123 θέντα
2371 5071 2512 5142 αὐτῇ
2562 5087 2673 5126 τισι
2703 5072 3095 5142 διηγήσασθαι,
3125 5076 3221 5130 καὶ
3271 5079 3617 5149 παραχρῆμά
3650 5093 3738 5141 τις

2153 5163 2386 5234 δύναμις
2416 5165 2656 5219 ἐκώλυεν
2684 5167 2877 5246 αὐτὴν,
2907 5169 2987 5231 εἰς
3017 5168 3220 5239 τρόμον
3247 5169 3483 5238 ἄγουσα,
3517 5172 3611 5225 καὶ
3632 5170 3728 5223 λοι-

2156 5258 2259 5310 πὸν
2300 5259 2508 5311 ἑκοῦσα
2546 5262 2642 5312 καὶ
2675 5258 2885 5312 ἄκουσα
2905 5262 2969 5314 τὸ
2998 5261 3184 5331 θαῦμα
3205 5262 3541 5330 ἀπέκρυόεν.
3573 5263 3737 5316 Ὀθει.

2156 5351 2215 5400 ἐν
2250 5350 2349 5419 μιᾷ
2402 5352 2639 5420 συναντᾷ
2691 5352 2833 5423 αὐτῇ
2882 5354 2912 5405 ὁ
2963 5354 3180 5415 Δίκαιος
3224 5353 3321 5406 καὶ
3354 5353 3505 5421 λέγει
3555 5355 3737 5425 αὐτῇ*

2156 5440 2398 5493 eorum
2444 5458 2547 5511 μου
2593 5443 2655 5493 τὸ
2692 5444 2996 5512 μυστήριον
3027 5447 3086 5497 ἐν
3120 5446 3197 5512 τῷ
3249 5445 3411 5508 τέως,
3454 5446 3736 5517 Βαρϐάρα,

2233 5639 2344 5710 (9t)
2373 5639 2575 5699 Ibidem
2603 5641 2683 5696 sic
2704 5639 2902 5711 legitur
2926 5658 2941 5697 :
2968 5640 3065 5696 καὶ
3097 5640 3515 5716 ἐκπληττομένη
3535 5644 3714 5715 ἔλεγε.
3808 5642 3817 5647 ’
