4090 6396
337 412 436 479 841

1496 424 1674 487 νιΤΑ
1713 427 1775 484 S.
1810 425 2143 488 'AN'DBlﬁ/E
2180 429 2374 490 SALI.

3474 440 3583 502 842

337 529 500 582 τοῦτο
529 529 640 600 γὰρ
684 529 856 601 ὄνομα
907 535 1073 605 αὐτῇ,
1119 535 1217 588 καὶ
1254 534 1448 605 μηδενὶ
1486 534 1620 587 αὐτὸ
1663 534 1912 606 ἐξείπῃς,

2032 540 2169 596 vulsa
2233 541 2357 596 fuit.
2410 543 2548 598 Cum
2602 552 2783 597 autem
2839 544 2915 598 illi
2964 548 3047 599 \ir
3095 557 3321 603 sanctus
3369 549 3586 605 obviam

338 621 445 684 ἓως
469 620 534 674 οῦ
562 621 913 693 διελεύσομαι
938 626 998 680 ἐν
1025 630 1178 697 τόπῳ
1214 627 1419 698 σκηνῆς
1444 626 1771 697 θαυμαστῆς
1808 628 1915 691 ἕως

336 710 436 767 τοῦ
463 711 614 764 οίκου
662 714 758 767 τοῦ
807 714 965 770 Θεοῦ.
1016 717 1082 771 Ἠ
1106 716 1162 770 δὲ
1197 718 1334 787 πρὸς
1368 717 1531 771 αὐτὸν
1579 713 1732 770 εἶπεν
1756 732 1771 748 ·
1800 719 1916 771 Κα-

339 801 454 864 κῶς
484 802 545 856 06
575 802 718 857 θέλω
744 821 761 837 ο
792 807 842 860 εί
881 807 940 861 δὲ
971 807 1065 861 καὶ
1125 807 1337 878 θελήσω
1369 808 1474 860 τινὶ
1526 806 1917 877 διηγήσασθαι,

333 894 403 951 .06
432 894 692 965 δύναμαι,
716 897 867 967 τίμιε
909 900 1132 971 φωστὴρ
1165 901 1261 954 καὶ
1291 899 1518 953 ἑκλεκτὲ
1545 901 1749 969 Κυρίου
1779 916 1919 953 παν-

340 983 623 1055 θαύμαστε
647 1001 664 1019 ο
698 988 979 1058 κωλύομαι
1014 991 1121 1059 γὰρ
1151 990 1372 1060 ἀοράτῳ
1398 990 1652 1059 δυνάμει,
1677 991 1773 1043 καὶ
1800 991 1914 1043 ela-

338 1073 564 1145 έρχεται
621 1080 823 1149 τρόμος
872 1082 954 1145 είς
1016 1083 1087 1134 τά
1139 1084 1275 1137 ὀστά
1314 1100 1443 1153 μου,
1492 1082 1591 1135 καὶ
1639 1083 1696 1136 ὲν
1727 1082 1853 1152 ἐμοὶ
1881 1083 1915 1153 ὴ

343 1166 501 1237 ίσχύς
536 1186 641 1239 μου
671 1173 1026 1243 ταράττεται.

2018 632 2197 688 tactus
2222 643 2370 689 esset
2400 633 2694 703 aliquando
2730 652 2745 689 :
2781 634 2927 691 Cave
2964 638 3079 702 sis,
3119 638 3231 703 ait,
3267 655 3301 694 o
3351 640 3584 696 Barbara

2023 721 2115 791 (id
2141 723 2288 776 enim
2323 722 2539 777 mulieri
2577 727 2984 795 nomen‘erat),
3027 743 3095 782 ne
3131 729 3220 783 cui
3252 743 3376 796 quae
3406 729 3587 785 vidisti

2016 813 2278 882 mysteria
2315 814 2544 876 reveles,
2577 814 2753 870 donec
2786 831 3087 885 pervenero
3119 818 3174 872 in
3207 820 3385 873 locum
3415 821 3592 873 taber-

2021 902 2202 957 naculi
2260 903 2599 959 adu‘iirabilis
2633 941 2650 966 ,
2705 921 2880 974 usque
2923 905 2993 960 ad
3038 908 3261 962 domum
3310 908 3430 964 Dei.
3487 910 3591 967 Cui

2022 992 2265 1048 vicissim
2293 991 2532 1048 Barbara
2569 1011 2585 1048 :
2626 993 2769 1051 Malo
2799 1012 2920 1052 meo
2944 1000 3135 1054 cdocta
3164 1009 3434 1055 secretum
3474 1017 3594 1058 ser-

2024 1099 2129 1146 vo,
2167 1086 2250 1138 vir
2293 1086 2622 1150 venerande,
2672 1086 2781 1143 Deo
2817 1089 3020 1154 electe,
3067 1100 3124 1146 et
3159 1106 3326 1161 supra
3370 1093 3594 1148 modum

2025 1175 2411 1232 admirabilis:
2446 1178 2595 1247 quod
2639 1179 2687 1234 si
2737 1181 2899 1235 etiam
2946 1182 3118 1238 libido
3159 1183 3232 1237 sit
3271 1185 3551 1239 rcvelandi
3577 1228 3592 1250 ,

348 1259 581 1330 [acultas
625 1278 732 1318 non
763 1264 950 1331 adest;
989 1265 1280 1335 prohibeor
1304 1267 1449 1323 enim
1481 1269 1530 1322 vi
1598 1269 1833 1338 quadam
1870 1267 2155 1336 invisibili,
2210 1280 2446 1325 tremore
2502 1271 2736 1341 quodam
2794 1274 2982 1329 intima
3010 1290 3133 1330 ossa
3159 1291 3277 1332 mea
3299 1278 3593 1340 subeunte,

339 1353 659 1424 viribusque
686 1355 936 1427 corporis
969 1356 1372 1414 deﬁcientibu»

1738 1480 1968 1536 CAPUT
2001 1478 2187 1534 XXIV.

341 1585 669 1659 Epiphanius
702 1608 734 1644 a
794 1593 1079 1648 tentatione
1114 1594 1287 1649 carnis
1338 1595 1591 1652 liberatus
1621 1615 1640 1651 :
1678 1600 1792 1654 visa
1831 1599 2061 1665 Deipara
2108 1612 2382 1675 ptolegcns
2432 1604 2730 1674 populum:
2781 1607 2978 1676 impuri
3025 1608 3253 1665 hominis
3302 1610 3595 1683 hypocrisis

1850 1680 2066 1725 retecta.

414 1773 566 1849 ριις’.
598 1776 823 1841 Τούτοις
851 1782 965 1844 τοῖς
995 1781 1308 1853 τεραστίοις
1327 1782 1422 1837 τοῦ
1454 1783 1758 1855 θαυμασίου
1792 1785 1914 1839 Ἀν-

2088 1787 2218 1845 I96.
2259 1790 2397 1844 Dum
2439 1791 2640 1847 talibus
2691 1791 2923 1863 aliisque
2953 1794 3220 1865 prodigiis
3256 1796 3597 1853 admirabilis

340 1867 498 1937 δρέου
546 1866 980 1937 διαπρέποντας,
1047 1871 1248 1944 συνέϐη
1312 1873 1621 1945 Ἐπιφανίῳ
1684 1874 1920 1946 πόλεμος

345 1957 576 2027 χαλεπὸς
619 1958 720 2027 τῆς
766 1960 1021 2030 πορνείας
1041 1976 1057 1992 ⁸
1085 1962 1360 2036 φθονήσας
1389 1966 1497 2035 γὰρ
1549 1965 1702 2037 αὐτῷ
1733 1967 1762 2020 ὁ
1796 1969 1919 2021 ἐπι-

347 2049 652 2121 κατάρατος
707 2050 979 2117 Σατανᾶς,
1031 2054 1434 2126 ἑκατόνταρχον
1485 2055 1718 2127 δαίμονα
1777 2058 1912 2112 ἀπέ-

344 2140 554 2196 στειλεν
599 2141 771 2213 αὐτῷ,
823 2144 972 2208 ὅπως
1016 2148 1085 2218 τῇ
1122 2145 1267 2219 λύπῃ
1296 2146 1557 2219 ἀφανίσῃ,
1623 2148 1715 2202 καὶ
1746 2148 1919 2223 ἐξάρῃ

342 2236 406 2290 ὲκ
460 2234 565 2308 γῆς
595 2235 655 2288 τὸ
710 2236 1064 2307 μνημόσυνον
1111 2238 1303 2292 αὑτοῦ.
1344 2241 1403 2293 ὐ
1454 2234 1549 2294 οὖν
1590 2240 1914 2310 Ἐπιφάνιος

342 2331 484 2400 ἄγαν
540 2326 833 2401 διδαχθεὶς,
863 2327 1046 2397 ἀηδῶς
1094 2323 1236 2399 εἶχε,
1280 2329 1495 2400 πικρῶς
1544 2331 1924 2403 συνεχόμενος,

343 2421 439 2474 καὶ
467 2422 519 2474 τί
549 2421 746 2493 δρᾶσαι
775 2422 853 2493 μὴ
884 2422 1047 2495 ἔχων,
1097 2421 1187 2475 διὰ
1223 2422 1283 2476 τὸ
1323 2422 1447 2477 λίαν
1475 2423 1726 2477 ἐπελθεῖν
1774 2422 1923 2495 αὐτῷ

343 2513 442 2565 καὶ
483 2513 900 2584 συνταράσσειν,
936 2513 1309 2585 ἀναζητήσας,
1341 2508 1469 2587 εὗρε
1518 2516 1609 2570 τὸν
1645 2517 1923 2588 μακάριον

355 2605 617 2676 Ἀνδρέαν
644 2622 660 2638 ο
708 2607 801 2661 καὶ
833 2606 1050 2661 ᾶπαντα
1079 2606 1228 2678 αὐτῷ
1270 2608 1632 2678 ἀναθέμενος,
1675 2610 1926 2681 παρεκά-

341 2697 425 2751 λει
459 2697 849 2771 ἀπαλλαγῆναι
884 2700 985 2767 τῆς
1014 2701 1222 2771 πικρᾶς
1255 2700 1567 2771 τυραννίδος
1595 2699 1694 2755 τοῦ
1738 2700 1925 2755 διασό-

340 2792 460 2858 λου,
508 2793 605 2848 καὶ
639 2792 716 2864 μὴ
749 2792 1033 2856 παντελῶς
1077 2794 1462 2863 παροραθῆναι
1501 2792 1596 2847 τοῦ
1636 2793 1711 2865 μὴ
1748 2794 1925 2848 εἰσελ-

344 2883 458 2938 θεῖν
527 2886 610 2949 si;
661 2884 972 2957 πειρασμόν
1001 2901 1017 2916 ο
1076 2884 1268 2948 δεινῶς
1316 2886 1426 2956 γὰρ
1470 2885 1627 2955 ἔλεγε
1692 2885 1926 2958 πάσχειν

346 2976 454 3028 ἀπὸ
483 2974 583 3046 τῆς
607 2974 704 3029 τοῦ
736 2976 994 3047 δαίμονος
1018 2975 1355 3048 προσδολῆς.
1795 2971 1806 2981 ’

2020 1877 2253 1933 Andreas
2293 1878 2467 1935 virtus
2520 1880 2693 1952 magis
2734 1881 2788 1936 in
2842 1881 2960 1937 dies
3012 1884 3383 1954 splendescit,
3434 1901 3598 1955 grave

2024 1969 2227 2025 bellum
2272 1970 2576 2041 Epiphanio
2622 1985 2829 2028 motum
2878 1974 2981 2031 fuit
3007 1974 3076 2029 ab
3116 1974 3501 2046 intemperanti
3539 1978 3600 2032 li-

2024 2062 2230 2119 bidine.
2270 2061 2590 2120 Maledictus
2635 2081 2873 2136 namque
2917 2065 3185 2135 Satanas,
3228 2068 3449 2125 invidiae
3496 2072 3599 2125 sti-

2023 2155 2187 2211 mulis
2232 2165 2422 2221 actus,
2474 2156 2764 2226 quemdam
2806 2174 2837 2212 e
2876 2157 3221 2214 daemonibus
3255 2160 3370 2214 suis
3402 2172 3598 2216 centu—

2023 2246 2235 2302 rionem
2270 2248 2532 2304 adversus
2571 2246 2971 2305 adolescentem
3006 2251 3273 2315 immittit,
3304 2260 3363 2307 ut
3398 2252 3598 2308 immo—

2021 2338 2144 2395 dica
2176 2342 2299 2409 ejus
2332 2340 2572 2395 animum
2621 2341 2846 2396 tristitia
2896 2341 3055 2396 lzedat
3089 2343 3521 2414 memoriamque
3567 2361 3599 2399 e

2022 2431 2184 2485 terris
2218 2428 2453 2487 auferat.
2491 2431 2668 2501 Hujus
2698 2433 2864 2503 igitur
2889 2444 3150 2504 expertus
3177 2435 3444 2504 impetum‘
3471 2435 3598 2506 Epi-

2020 2524 2294 2594 phanius,
2341 2524 2601 2580 maestitia
2632 2536 2685 2579 et
2731 2525 2899 2581 animi
2937 2527 3299 2583 amaritudine
3341 2528 3595 2583 coniicio-

2026 2623 2221 2683 batur;
2259 2632 2494 2687 cumque
2522 2617 2658 2672 nihil
2685 2631 2875 2672 contra
2907 2619 3113 2675 validas
3146 2618 3351 2674 inimici
3374 2634 3597 2689 aggres-

2026 2708 2211 2764 siones
2241 2717 2293 2762 et
2325 2708 2768 2764 terriculamenta
2804 2709 3029 2763 haberet
3068 2708 3308 2780 praesidii
3330 2749 3345 2775 ,
3395 2709 3598 2780 reperit

2030 2798 2277 2863 tandem,
2336 2808 2624 2869 postquam
2678 2798 2770 2853 diu
2819 2801 3140 2870 quaasisset,
3179 2800 3238 2853 Β.
3286 2799 3597 2868 Andream;

2027 2903 2190 2958 quem
2236 2900 2326 2953 et,
2362 2900 2551 2958 aperto
2586 2889 2740 2960 prius
2779 2890 2977 2945 anima:
3007 2892 3179 2947 totius
3216 2888 3363 2945 st'atu
3388 2930 3402 2955 ,
3439 2906 3596 2960 opem

2026 2976 2268 3049 ﬂagitat;
2311 2979 2565 3034 videlicet
2605 2989 2662 3034 ut
2690 2980 2883 3036 acerba
2910 2980 3177 3036 daemonis
3208 2981 3498 3054 tyrannide
3529 2980 3598 3034 li-

348 3065 604 3134 beratus,
653 3085 760 3125 non
797 3072 1176 3127 succumberet
1212 3071 1530 3139 teutationi;
1572 3086 1708 3128 neve
1741 3071 2045 3143 despiceret
2112 3086 2172 3127 se
2201 3083 2539 3142 precantem,
2590 3083 2645 3130 et
2709 3075 3064 3146 gravissimos
3129 3077 3333 3133 diaboli
3363 3079 3599 3134 insultus

352 3163 735 3219 sustinentem.

423 3255 561 3326 ριιζν.
597 3256 660 3308 '0
687 3255 745 3310 δὲ
785 3255 1097 3325 Μακάριος,
1125 3256 1295 3318 ὅντως
1339 3256 1398 3307 ἓν
1445 3254 1677 3329 ἀληθείᾳ
1707 3256 1837 3324 ἡδύς
1862 3272 1922 3308 τε
1950 3264 1994 3321 c

347 3347 441 3400 καὶ
467 3346 942 3417 συμπαθέστατος,
989 3346 1271 3415 οἰκτείρας
1318 3344 1503 3411 αὑτὸν,
1531 3345 1607 3408 ὼς
1656 3345 1751 3399 an
1787 3346 1923 3413 γνήο

348 3458 465 3496 σιον
494 3444 706 3505 τέκνον,
742 3439 894 3509 λέγει
922 3441 1062 3511 πρὸς
1092 3440 1258 3493 αὐτόν
1287 3455 1300 3469 ο
1327 3441 1533 3493 Τέκνον
1559 3439 1923 3508 γλυκύτατον,

346 3535 581 3606 ἔπαρσις
630 3516 762 3603 ἡμῖν
802 3532 1040 3600 ἐγένετο,
1088 3532 1185 3585 καὶ
1212 3531 1297 3584 διὰ
1336 3529 1493 3584 τιῦτο
1526 3530 1768 3601 ἀπελύθη
1805 3531 1927 3585 καθ’

345 3626 505 3696 ἡμῶν
533 3626 561 3678 ὁ
583 3624 818 3694 δράκων,
850 3623 995 3684 ὅπως
1033 3620 1355 3690 γνωσόμεθα
1388 3622 1488 3689 τὴν
1526 3620 1734 3675 ἑαυτῶν
1771 3622 1926 3675 εὐτέ-

344 3719 499 3768 λειαν
523 3731 537 3744 ⁸
571 3717 664 3767 καὶ
707 3713 789 3766 ὅτι
833 3712 987 3764 οὐδέν
1033 3712 1181 3763 ἐστιν
1220 3713 1253 3780 ὴ
1284 3712 1433 3779 ἰσχὺς
1462 3709 1620 3781 ἡμῶν
1660 3711 1799 3782 πρὸς
1831 3708 1928 3780 τὴν

349 3807 616 3877 πονηρίαν
643 3803 737 3858 τοῦ
766 3805 1005 3867 Σατανᾶ,
1039 3801 1175 3855 ἀλλά
1200 3800 1260 3854 τὸ
1283 3803 1389 3855 πᾶν
1411 3800 1508 3855 τοῦ
1534 3800 1765 3871 φοδεροῦ
1791 3799 1926 3853 Θεοῦ

351 3901 523 3962 ἐστιν,
563 3897 670 3951 εἴτε
699 3896 844 3964 νίκη,
909 3894 1018 3947 εἴτε
1064 3891 1275 3960 ἀνδρία,
1326 3892 1436 3945 εἴτε
1485 3891 1786 3961 προσευχὴ,
1816 3889 1927 3942 εἴτε

352 3991 596 4061 νηστεία,
631 3988 741 4041 εἴτε
769 3988 955 4058 ἕτερον
995 3984 1192 4054 εὑρεθῇ
1236 3984 1292 4035 ἑν
1324 3985 1475 4054 ἡμῖν,
1510 3982 1689 4035 πάντα
1728 3981 1928 4051 δωρεαὶ

351 4085 627 4155 πεφύκασι
666 4080 778 4154 [τοῦ
812 4078 1020 4148 ἀγαθοῦ
1046 4077 1180 4132 Θεοῦ
1212 4079 1343 4147 ἡμῖν
1366 4093 1381 4108 ο
1420 4076 1580 4139 αὐτὸς
1610 4075 1721 4146 γὰρ
1750 4069 1926 4139 εἶπεν,

356 4181 438 4234 ὅτι
463 4198 482 4231 ι
497 4179 663 4231 Ἀνευ
679 4173 813 4244 ἐμοῦ
836 4173 1067 4227 δύνασθε
1084 4172 1257 4223 ποιεῖν
1273 4168 1425 4223 οὐδέν
1439 4185 1451 4200 ·
1469 4187 1487 4219 ι
1518 4169 1610 4223 κοιλ⁵
1625 4169 1707 4222 ὅτι
1732 4186 1749 4219 ι
1774 4168 1929 4220 Πᾶσα

346 4268 663 4339 διιαιοσύνη
694 4264 983 4336 ἀνθρώπου
1022 4264 1097 4326 ὡς
1139 4262 1308 4333 ῥάκος
1337 4260 1761 4331 ἀποκαθημὲνης
1793 4258 1930 4311 evo.

356 4382 479 4418 πιον
504 4362 710 4431 Κυρίου
730 4356 925 4429 (95)›].
948 4354 1063 4410 Νῦν
1089 4353 1203 4419 οὖν,
1224 4354 1411 4407 τέκνον
1439 4368 1565 4423 μου,
1587 4351 1695 4420 ἐγὼ
1716 4350 1931 4403 διατάτ-

353 4453 518 4525 τομαί
545 4469 648 4515 σοι,
686 4448 781 4503 καὶ
807 4450 841 4517 ἡ
887 4446 1103 4517 ὑπακοή
1142 4462 1243 4514 μου
1273 4443 1434 4514 ἔργον
1484 4441 1671 4495 ἅνύσει
1693 4458 1708 4474 ·
1743 4441 1931 4510 αὔριον

358 4547 467 4614 γὰρ
494 4538 850 4612 πορευθῶμεν
889 4539 948 4589 ὲν
981 4535 1059 4602 τῷ
1093 4534 1205 4604 ναῷ
1243 4535 1400 4601 ἁγίου
1448 4533 1725 4603 μάρτυρος
1766 4531 1933 4584 ’Λι-ια.

2099 3254 2223 3310 I97.
2262 3254 2510 3311 Andreas
2555 3264 2776 3317 autem,
2819 3271 2942 3311 vere
2987 3256 3199 3323 beatus,
3249 3274 3374 3316 vere
3414 3265 3599 3319 suavis

2029 3354 2084 3400 et
2115 3346 2450 3408 misericors,
2487 3344 2850 3417 Epiphaniam
2873 3387 2888 3413 ,
2929 3364 3037 3403 non
3072 3364 3232 3404 secus
3261 3365 3423 3420 quam
3473 3367 3599 3423 pro-

2031 3438 2208 3507 prium
2241 3438 2409 3494 lilium
2441 3439 2755 3504 miseratus,
2789 3440 2862 3494 ita
2892 3441 3184 3511 alloquitur
3212 3461 3227 3497 :
3260 3443 3601 3501 Charissime

2030 3526 2149 3590 illi,
2210 3538 2498 3599 propterea
2555 3530 2700 3600 quod
2748 3532 2931 3586 animo
2986 3532 3113 3587 elati
3150 3530 3374 3600 minim,
3423 3538 3602 3606 erupit

2029 3628 2217 3673 contra
2275 3635 2377 3675 nos
2415 3621 2582 3674 draco
2619 3621 2898 3676 infernalis
2951 3631 3010 3677 ut
3049 3625 3262 3695 cognita
3304 3626 3601 3695 exiguitate

2031 3721 2219 3764 nosu'a
2246 3750 2262 3773 ,
2314 3708 2710 3774 conliteamur,
2760 3712 2936 3768 nullas
2978 3727 3098 3768 esse
3148 3714 3292 3768 vires
3339 3725 3594 3781 nostras,

2031 3798 2078 3854 si
2118 3814 2244 3854 cum
2298 3798 2633 3869 nequissimo
2662 3797 2863 3854 Sataua
2903 3800 3321 3871 depugnandum
3357 3804 3464 3868 sit,
3500 3807 3600 3860 sed

2030 3892 2214 3946 omnia
2248 3889 2554 3945 admirabili
2613 3890 2722 3946 Deo
2756 3901 2942 3947 nostro
3001 3901 3223 3963 accepta
3276 3894 3468 3950 referri
3498 3897 3600 3950 de-

2031 3983 2193 4048 bere;
2228 3984 2343 4038 sive
2374 3983 2518 4036 enim
2547 3983 2829 4039 vincamus
2865 3986 3078 4041 hostem
3100 4024 3115 4047 ,
3152 4001 3245 4042 seu
3277 3986 3600 4043 resistamus

2033 4071 2283 4137 viriliter,
2314 4086 2409 4126 seu
2441 4072 2805 4138 orationibus,
2837 4072 3084 4143 jejuniis,
3124 4076 3314 4130 aliisve
3340 4076 3446 4146 piis
3473 4092 3603 4148 ope-

2031 4162 2185 4217 ribus
2212 4177 2499 4229 vacemus,
2540 4162 2723 4218 omnia
2757 4163 3133 4235 benignissimi
3163 4165 3256 4222 Dei
3284 4168 3452 4223 nostri
3486 4185 3606 4224 mu-

2034 4269 2138 4307 nus
2189 4262 2335 4308 sunt.
2369 4252 2486 4323 Ipse
2508 4254 2652 4307 enim
2679 4254 2814 4309 dicit
2841 4276 2854 4310 :
2882 4275 2901 4308 ι
2938 4256 3067 4313 Siue
3115 4273 3201 4313 me
3246 4259 3380 4314 nihil
3448 4272 3606 4331 pote-

2035 4345 2136 4399 stis
2163 4343 2341 4400 facerc
2365 4344 2448 4410 ‘9;
2483 4362 2503 4397 ι
2534 4354 2608 4410 et,
2635 4365 2653 4398 ι
2675 4345 2863 4402 Omnis
2891 4347 3095 4417 iustitia
3125 4348 3363 4404 hominis
3382 4359 3442 4404 ut
3468 4366 3605 4420 pati-

2036 4450 2143 4489 nus
2170 4444 2518 4491 menstruatae
2541 4450 2724 4492 coram
2760 4436 2992 4493 Domino
3018 4449 3100 4493 est
3119 4439 3186 4493 ⁸ο.
3213 4457 3234 4491 ι
3255 4437 3604 4512 Nuncigitur,

2038 4526 2110 4579 [ili
2146 4527 2258 4590 mi,
2312 4526 2564 4596 praecipio
2613 4527 2744 4592 tibi,
2776 4537 2831 4582 et
2868 4528 3175 4583 obedientia
3208 4540 3299 4585 tua
3353 4530 3603 4586 effectum

359 4602 478 4691 ὲιὲυ
506 4602 678 4702 ἐν’τῷ
725 4602 1087 4695 Ἒπτασκάλῳ
1115 4602 1252 4696 (iiii),
1287 4625 1467 4676 ἐκεῖσε
1497 4602 1607 4691 γὰρ
1637 4620 1926 4687 ἐλεύσομαι

2034 4618 2207 4684 dabit,
2268 4629 2325 4673 ut
2364 4621 2485 4672 lucc
2529 4620 2767 4673 crastina
2808 4619 2875 4673 ad
2922 4635 3135 4674 sacram
3188 4624 3363 4676 sancti
3420 4624 3603 4678 Acacii

356 4727 514 4798 κάγὼ
570 4723 843 4793 πνεύματι
893 4719 1027 4790 πρὸς
1075 4717 1255 4780 αὐτὸν,
1298 4717 1393 4768 καὶ
1422 4713 1608 4766 λοιπὸν
1630 4710 1928 4781 ἀμφότεροι

351 4815 733 4889 δεηθησόμεθα
781 4812 918 4884 μετά
959 4807 1172 4879 πικρῶν
1203 4804 1472 4875 δακρύων,
1508 4806 1655 4866 ὅπως
1690 4802 1928 4872 συντύχῃ

357 4912 483 4980 περὶ
520 4908 711 4961 τούτου
759 4904 838 4974 τῷ
873 4898 1241 4970 φιλανθρώπῳ
1284 4894 1378 4948 καὶ
1431 4895 1622 4964 ἀγαθῷ
1667 4894 1931 4965 Δεσπότῃ.

357 5000 466 5055 Καὶ
489 4994 600 5051 οῖδα
626 4998 706 5049 δτι
740 4994 839 5047 οὐκ
880 4990 1142 5059 ἀποτύχει
1164 4989 1192 5040 ὁ
1231 4986 1654 5057 μεγαλομάκτυς
1681 4984 1815 5057 πρὸς
1844 4986 1936 5037 τὸν

357 5093 560 5161 Κύριον
589 5089 677 5143 διὰ
727 5085 826 5157 τὴν
859 5081 1117 5153 γενναίαν
1149 5079 1379 5149 ἄθλησιν
1412 5080 1508 5132 καὶ
1547 5076 1637 5130 διὰ
1666 5077 1728 5128 τὸ
1757 5079 1936 5146 τίμιον

357 5176 517 5251 αἷμα,
547 5180 575 5233 ὃ
617 5179 758 5248 ὑπὲρ
786 5179 884 5245 τῆς
931 5173 1155 5241 ἀγάπης
1198 5168 1365 5223 αὑτοῦ
1404 5170 1698 5239 π,.οθύμως
1731 5166 1933 5236 ἐξέχεε,

320 5298 323 5301 ν
357 5282 447 5326 και
475 5271 684 5341 γίνεται
709 5266 867 5339 ἡμῶν
891 5265 953 5319 τὸ
974 5260 1311 5331 καταθύμιον
1337 5262 1470 5333 παρ’
1498 5259 1663 5313 αὑτοῦ
1690 5261 1784 5313 καὶ
1807 5259 1937 5331 ἀνατ

428 5449 478 5483 “
510 5448 671 5507 Joan.
702 5462 790 5514 xv,
824 5445 876 5500 5.
952 5443 1000 5477 ’θ
1040 5443 1142 5497 Isa.
1172 5455 1321 5505 uiv,
1349 5437 1406 5495 6.

432 5605 548 5674 (95)
590 5603 688 5676 bis.
721 5601 1044 5668 Valic.,xa‘t
1078 5591 1646 5676 qnpobupfg‘ﬁpﬁw.
1702 5659 1738 5676 ﬁ
1786 5675 1789 5676 ν
1859 5664 1869 5674 ,

338 5677 356 5697 τ
431 5659 544 5746 i965
582 5659 1068 5747 υόιίιηιχδείιριυε
1100 5659 1416 5747 fatiscitis:
1447 5659 1576 5747 Maii
1621 5678 1654 5741 ,ιι
1699 5659 1924 5747 Grmcis.

359 5762 385 5799 ο
421 5735 626 5801 Latinis
652 5751 685 5799 ὅ
721 5743 844 5798 Maii
879 5760 893 5795 :
930 5744 995 5796 de
1028 5742 1187 5806 cujus
1216 5738 1270 5789 in
1304 5736 1404 5789 ista
1433 5735 1668 5806 ecclesia
1697 5746 1929 5806 corpore

362 5821 483 5870 vide
522 5830 643 5886 quas
692 5818 759 5868 ad
800 5812 943 5865 hunc
989 5802 1131 5866 diem
1183 5806 1461 5868 diximus,
1519 5813 1571 5856 ct
1626 5802 1928 5870 Cangiutn,
1968 5885 1977 5895 .

679 5915 950 5972 Parnm.
996 5908 1113 5966 Gn.
1160 5900 1322 5964 CXI.

2041 4710 2293 4780 martyris
2323 4708 2492 4764 aedem
2526 4710 2581 4764 in
2607 4710 2929 4778 Ileptascalo
2953 4726 3166 4781 pergas,
3203 4728 3313 4781 quo
3338 4723 3392 4768 et
3417 4729 3518 4784 ego
3548 4717 3602 4769 in

2037 4800 2231 4867 Spiritu
2259 4800 2495 4865 veniam,
2524 4799 3058 4870 supplicabimusque
3083 4801 3246 4855 ambo
3276 4817 3401 4856 cura
3429 4803 3608 4873 laery-

2035 4891 2141 4946 mis
2171 4897 2364 4946 sancto
2395 4891 2660 4959 martyri,
2705 4893 2942 4959 utquod
2991 4908 3020 4944 a
3075 4876 3163 4946 me
3215 4893 3353 4961 petis
3400 4894 3606 4949 bened-

2034 4983 2222 5046 cium,
2275 4980 2392 5050 ipse
2422 4980 2517 5035 tibi
2569 4981 2638 5033 ab
2669 4978 2873 5048 optimo
2903 4981 3181 5049 nostrique
3223 4981 3604 5039 amantissimo

2034 5072 2266 5127 Domino
2298 5080 2683 5143 consequatur.
2716 5071 2946 5127 Constat
2973 5088 3100 5127 vero
3134 5074 3263 5128 mihi
3288 5114 3304 5139 ,
3346 5089 3602 5144 magnum

2034 5165 2181 5221 hunc
2235 5172 2527 5235 martyrem
2581 5163 2850 5232 repulsam
2908 5179 3014 5218 non
3074 5164 3213 5222 ferre
3248 5181 3278 5221 a
3331 5166 3600 5232 Domino.

2035 5255 2163 5325 quia
2182 5269 2445 5326 generoso
2462 5254 2762 5308 certamine
2781 5256 3077 5323 pretiosum
3100 5257 3421 5328 sanguinem
3443 5275 3601 5314 suum

2030 5589 2127 5645 lib.
2159 5603 2237 5654 tv,
2267 5602 2390 5660 cap.
2423 5588 2477 5652 6,
2519 5605 2572 5660 n.
2605 5587 2660 5640 2.
2700 5590 3061 5660 lleptascalon
3090 5605 3254 5656 vero,
3293 5590 3429 5644 alias
3473 5605 3605 5648 voce

2032 5669 2290 5731 corrupta
2314 5657 2641 5731 Paschalon,
2669 5657 2795 5714 erat
2827 5663 2881 5714 in
2917 5676 2948 5712 ιι
2978 5660 3128 5715 urbis
3162 5662 3420 5729 Ilegione,
3449 5663 3606 5731 juxta

2033 5729 2259 5794 Navale,
2291 5729 2366 5782 uti
2405 5730 2578 5783 habes
2610 5731 2704 5783 lib.
2738 5747 2778 5795 t,
2807 5746 2858 5785 c.
2893 5731 2979 5796 17,
3009 5747 3157 5783 tium.
3193 5733 3248 5788 ‘2.

3091 5894 3160 5952 27
