4090 6394
391 4627 395 4630 ν
482 4593 745 4649 cumdare
790 4606 804 4641 :

454 444 564 511 843

1519 417 1939 481 NICEPHORI
1976 409 2456 478 PRESBYTERI
2492 409 2601 469 CP.

3626 391 3738 459 ειι

464 571 654 614 amore
681 551 834 608 illius
859 542 1193 619 profundere
1213 542 1480 610 'prompto
1526 531 1713 585 animo
1744 532 1860 618 non.
1889 524 2049 579 dubi-

2164 520 2469 591 παυόμεθα.
2520 520 2690 571 Ὅταν
2729 517 2786 570 δὲ
2839 516 2971 587 γένῃ
3000 515 3143 585 ,πρὸς
3191 512 3373 575 αὖτδνο
3426 510 3502 582 μὴ
3561 512 3750 584 χρήσῃ

457 651 628 706 tavit:
662 654 717 700 et
743 612 997 698 evenient
1027 636 1184 690 nobis
1208 645 1331 700 qua:
1361 624 1771 686 desideramus;
1803 612 1860 672 et
1888 626 2048 688 opta-

459 751 571 795 tam
621 736 861 806 quietem
922 722 1395 796 recuperabimus.
1449 713 1683 782 Quando
1741 720 1922 764 autem
1983 708 2050 763 ad

459 839 712 890 sanctum
752 821 1086 895 perveneris,
1121 815 1229 869 noli
1267 812 1500 866 multum
1538 804 1719 860 verbis
1747 815 1928 865 orare,
1955 800 2053 855 sed

461 921 661 993 spiritu
695 891 930 971 contrito
958 921 1013 965 et
1044 907 1206 961 (erile
1251 900 1537 957 humiliato
1563 939 1578 963 ,
1624 910 1753 949 cum
1796 891 2053 962 lacrymis

463 980 857 1083 iii-eductisque
899 1014 966 1056 ex
1029 998 1140 1051 imo
1177 1001 1397 1064 pectore
1444 984 1719 1055 suspiriis,
1762 992 1821 1037 et
1870 980 2053 1035 verbis

464 1073 808 1160 amictionetn
862 1091 1028 1149 animi
1094 1084 1465 1144 testantibus,
1520 1080 1788 1134 instanter
1843 1073 2054 1142 suppli-

463 1198 651 1256 cabis:
694 1200 749 1248 et
800 1194 982 1246 statim
1008 1227 1024 1251 ,
1075 1183 1227 1246 scio,
1271 1174 1483 1234 videbis
1520 1173 1750 1244 gloriam
1794 1168 1909 1222 Dei.
1962 1166 2056 1221 Sic.

462 1291 688 1368 με·ωάἱῇ
729 1285 933 1342 omnia.

541 1385 663 1442 198.
700 1381 792 1435 liis
822 1377 1031 1433 auditis
1055 1415 1069 1439 ,
1098 1372 1291 1442 abiicit
1333 1385 1393 1425 se
1428 1364 1765 1437 Epiphanius
1795 1360 1860 1414 ad
1894 1371 2058 1413 vene-

462 1479 666 1536 randos
693 1472 927 1528 Andreae
951 1466 1119 1537 pedes
1151 1506 1166 1529 ,
1202 1473 1256 1517 et
1285 1460 1583 1515 salutatum
1618 1456 1674 1509 in
1716 1452 1906 1507 osculo
1935 1464 2060 1503 san-

461 1584 548 1626 cto
581 1567 771 1623 abiens
802 1562 1043 1630 reliquit.
1088 1556 1310 1612 Postera
1345 1561 1525 1607 autem
1554 1548 1642 1601 die
1674 1546 2051 1604 illucescente,

462 1661 691 1719 contulit
732 1673 790 1713 se
832 1656 899 1710 ad
940 1650 1112 1708 sancti
1143 1646 1373 1702 Joannis
1394 1641 1645 1710 Baptista:
1679 1637 1793 1709 (97)
1823 1676 1837 1700 ,
1867 1632 2056 1702 ibique

460 1750 734 1808 sacriﬁcio
782 1742 1028 1800 interfuit
1075 1738 1314 1802 divino;
1377 1742 1623 1800 tempore
1672 1740 1803 1780 vero
1859 1735 2052 1792 pome-

465 1843 680 1898 ridiano
704 1836 807 1892 sub
835 1835 1028 1889 horam
1057 1825 1345 1896 septimam
1378 1822 1514 1877 abiit
1544 1817 1613 1872 ad
1644 1814 1817 1872 sancti
1846 1810 2055 1878 Acacii,

464 1931 851 2004 reperiensque
885 1920 1172 1980 obseratas
1208 1916 1375 1981 fores,
1422 1911 1687 1981 tantiSper
1719 1903 1966 1963 consedit
1999 1901 2053 1956 in'

467 1994 728 2080 narthece
762 1994 875 2091 (98)
901 2058 916 2083 ,
952 2029 1116 2071 orans
1149 2025 1274 2066 eum
1300 2003 1557 2078 lacrymis
1594 1994 2057 2056 aliiictionisindi-

465 2117 622 2171 cibus
647 2110 1057 2168 sanctissimum
1089 2113 1404 2173 martyrem,
1432 2108 1493 2152 ut
1523 2111 1590 2151 ne
1614 2094 1757 2149 votis
1786 2106 1911 2146 eum
1942 2086 2057 2143 suis

464 2209 790 2262 frustratum
857 2199 1034 2256 redire
1101 2198 1323 2251 domum
1360 2197 1664 2262 pateretur.
1699 2182 1833 2238 Dato
1873 2193 2055 2236 autem

466 2301 534 2356 ad
586 2299 817 2371 hymnos
861 2290 1200 2362 vespertinos
1257 2286 1456 2354 signo,
1508 2277 1827 2351 apertisque
1868 2270 2056 2342 templi

468 2390 664 2451 valvis,
697 2387 911 2458 primus
940 2385 1056 2453 ipse
1083 2378 1344 2441 intravit,
1387 2387 1610 2441 gemens
1644 2370 1976 2440 ploransque
2003 2370 2057 2417 et

470 2485 738 2552 lacrymas
785 2474 1043 2550 precibus
1076 2467 1465 2526 commiscens.
1497 2463 1603 2519 Ubi
1659 2474 1786 2515 vero
1830 2454 2058 2527 propius

468 2577 536 2631 ad
567 2587 750 2628 arcam
769 2571 948 2626 sancti
971 2564 1228 2636 martyris
1260 2559 1604 2620 accessisset,
1629 2547 2058 2623 sieipsumallo-

468 2668 559 2741 qui
607 2680 837 2723 exorsus
886 2671 1001 2717 est:
1053 2656 1315 2713 Sanetqu
1365 2652 1460 2706 Dei
1494 2648 1788 2709 luminare,
1823 2643 1905 2697 vir
1949 2638 2059 2695 Do-

470 2764 619 2819 mino
665 2753 1061 2817 dilectissime,
1116 2744 1423 2805 sanctitatis
1476 2738 1916 2811 fragrantissimo
1962 2751 2061 2788 un-

467 2861 668 2926 guento
698 2849 955 2919 ,delibute
984 2885 1001 2911 ,
1062 2851 1271 2911 martyr
1329 2835 1627 2908 plurimum
1692 2826 2057 2890 admirande,

468 2946 730 3000 miserere
760 2942 887 3002 mei,
918 2934 1161 2991 hominis
1192 2928 1395 2985 infirmi
1430 2940 1564 2981 sane
1594 2938 1658 2978 ac
1699 2919 1925 2983 miseri,
1959 2915 2057 2987 qui

468 3043 689 3108 prepter
750 3030 1079 3086 delictorum
1140 3036 1366 3080 suorum
1446 3013 1853 3072 multitudinem
1919 3007 2061 3062 male

470 3105 651 3194 habet,
690 3134 746 3180 et
775 3120 1011 3178 daemoni
1057 3118 1248 3186 rapina
1282 3114 1444 3167 ecssit
1480 3132 1494 3166 :
1535 3108 1810 3163 medicare
1854 3105 2058 3168 ulcera,

468 3221 704 3279 emunda
742 3217 967 3272 vulnera
989 3255 1003 3279 ,
1052 3226 1185 3267 cura
1218 3224 1252 3278 p

473 3316 664 3369 trices.
707 3309 905 3379 Aspice
957 3318 1148 3360 canem
1198 3302 1411 3363 istum,
1459 3298 1673 3350 intuere
1714 3300 2062 3361 serpentem,

478 3400 783 3458 attendesis
837 3399 1045 3465 lupum,
1077 3403 1130 3445 et
1158 3392 1370 3445 leonem
1405 3386 1555 3441 illum
1605 3392 1795 3438 contra
1838 3396 1927 3435 me
1958 3378 2065 3432 mi-

474 3508 655 3549 serum
688 3491 1035 3548 frementem,
1065 3481 1529 3547 festinantemque
1558 3488 1615 3529 ut
1643 3474 1696 3528 in
1730 3470 2062 3543 profundum

474 3584 718 3640 libidinis
753 3594 838 3633 me
871 3579 1152 3643 demet-gat
1190 3590 1204 3625 :
1243 3587 1310 3625 ne
1338 3567 1557 3623 differas
1588 3565 1850 3619 auxilium
1885 3571 2062 3619 tuum,

475 3673 818 3736 dulcissime;
862 3684 930 3723 ne
976 3682 1062 3719 me
1121 3664 1371 3733 rejicias,
1429 3656 1793 3720 suavissime;
1850 3668 1916 3707 ne
1977 3654 2062 3703 la-

475 3783 690 3840 U‘ylllas
748 3777 895 3817 meas
948 3756 1325 3813 amarissimas
1380 3748 1715 3820 asperneris,
1773 3742 2061 3800 melhllue:

476 3836 676 3930 repelle
705 3874 732 3910 a
766 3868 853 3909 me
889 3848 1119 3906 terribili
1163 3841 1579 3899 intercessionis
1620 3848 1727 3892 tute
1773 3836 1911 3890 falce
1952 3852 2068 3888 om-

478 3967 576 4006 nes
611 3949 870 4004 inimicos
907 3956 1092 4006 meos;
1128 3947 1284 4009 potes
1309 3934 1494 3997 enim,
1532 3926 1876 3984 admirabilis
1902 3924 2068 3980 Chri-

478 4043 549 4099 sti
586 4040 777 4102 miles,
810 4034 1121 4107 petentibus
1158 4037 1356 4083 cuncta
1396 4040 1516 4094 qua:
1554 4021 1868 4076 desiderant
1893 4036 1921 4072 a
1961 4017 2069 4070 Deo

481 4137 796 4204 impetrare.

554 4227 677 4280 199.
729 4223 882 4275 lianc
925 4218 1012 4271 ubi
1045 4214 1277 4269 fudisset
1317 4208 1734 4277 cutn’lacrymis
1765 4204 2069 4266 orationem

482 4316 845 4389 Epiphanius,
883 4308 1067 4365 Aeaeii
1099 4322 1196 4376 pro
1247 4303 1474 4359 veritate
1512 4300 1774 4369 martyrio
1821 4293 2069 4349 coronati

482 4423 641 4478 opem
677 4404 1016 4481 implorans,
1064 4397 1335 4466 conspicit
1384 4405 1607 4464 repente
1645 4407 1713 4446 ex
1743 4391 1861 4460 ipsa
1896 4386 2071 4441 sancti

483 4499 861 4569 lipsanotlieca
889 4493 1126 4563 speciem
1158 4489 1467 4560 promicare
1501 4484 1733 4554 fulguris
1768 4495 1933 4549 seque
1964 4480 2071 4532 cir-

483 4684 640 4755 quasi
674 4679 1045 4736 beneficentia:
1069 4692 1191 4746 quae
1220 4689 1342 4727 mox
1380 4679 1637 4726 secutura
1666 4677 1784 4720 erat
1816 4680 2073 4734 praetrun-

485 4778 616 4832 tius.
647 4773 887 4827 Rursum
919 4770 1110 4825 eodem
1142 4764 1371 4820 reflectit
1397 4763 1616 4835 oculos,
1652 4758 1923 4827 sentitque
1953 4758 2075 4810 inde

483 4868 671 4939 egredi
703 4862 1061 4934 fragrantiam
1104 4858 1346 4912 lilierum
1399 4868 1463 4908 ac
1503 4866 1757 4907 rosarum
1786 4864 1839 4905 et
1868 4850 2071 4920 pretio-

484 4960 690 5018 sissimi
726 4954 989 5027 unguenti
1015 4970 1031 5019 ;
1057 4963 1111 5006 et
1141 4949 1388 5003 insonuit
1415 4946 1641 5000 auribus
1666 4959 1790 5011 vox,
1851 4942 2071 5008 Audivi,

485 5055 773 5124 inquiens,
821 5050 1122 5107 orationem
1172 5055 1358 5110 tuam,
1396 5041 1490 5097 sed
1541 5052 1596 5095 et
1642 5042 1963 5110 priusquam
2017 5048 2074 5092 tu

487 5163 574 5202 me
604 5145 929 5216 appellat-es,
962 5136 1291 5208 supplicavit
1326 5134 1461 5188 mihi
1494 5149 1591 5204 pro
1627 5143 1678 5187 te
1710 5132 1793 5186 vir
1832 5132 1942 5195 illc,
1978 5130 2073 5199 qui

487 5240 582 5297 Dei
630 5252 797 5294 causa
850 5234 1079 5291 stultum
1151 5228 1355 5284 induit.
1426 5223 1573 5280 Vade
1611 5227 1812 5294 igitur,
1867 5232 1922 5277 et
1972 5235 2073 5291 ego

487 5348 602 5387 rem
659 5332 756 5384 tibi
803 5340 949 5381 tuam
1009 5343 1039 5377 ιι
1095 5323 1327 5376 Domino
1384 5320 1492 5373 Deo
1534 5320 1829 5372 eaerabe:
1884 5297 2074 5384 preces

486 5424 634 5477 enim
679 5434 851 5482 meas,
890 5417 956 5469 ad
1006 5414 1167 5484 pedes
1205 5413 1324 5481 ejus
1357 5411 1697 5465 venerandus
1729 5406 2027 5461 accidentis
2056 5443 2071 5469 ,

488 5517 603 5571 fieri
634 5530 744 5568 non
777 5518 953 5580 potest
987 5519 1044 5560 ut
1085 5505 1316 5572 rejiciat.
1356 5503 1556 5571 Sicque
1609 5515 1708 5555 vox
1763 5499 1853 5552 illa
1892 5497 2071 5551 audiri

557 5674 670 5742 (97)
730 5663 1440 5742 Quatuordecinnomnino
1507 5661 1770 5742 ecclesias
1839 5656 1944 5714 Cl’.

486 5730 712 5797 Joannis
737 5730 996 5810 Baptista:
1027 5736 1268 5810 Cangius
1288 5743 1599 5810 enumerat,
1627 5733 1721 5810 lib.
1754 5746 1830 5791 iv,
1863 5744 1985 5798 cap.
2012 5730 2066 5793 4,

493 5825 550 5865 ut
584 5813 797 5863 tlillicile
818 5803 898 5863 'sit
928 5803 1174 5863 divinare
1205 5821 1465 5875 quaenam
1487 5806 1575 5857 hic
1605 5803 1941 5875 designetur.

564 5878 671 5943 (98)
712 5878 953 5934 Narthex
978 5869 1237 5943 ,~atrium'
1270 5873 1517 5931 ecclesia:
1569 5873 1969 5943 praeliminare,
2002 5869 2069 5925 de

2157 612 2265 666 τινὶ
2294 611 2638 682 βαττολογίᾳ,
2674 608 2810 661 ἀλλὰ
2857 605 3134 675 πνεύματι
3169 602 3621 673 συντετριμμὲνῳ
3651 603 3751 655 καὶ

2156 702 2607 771 τεταπεινωμὲνῃ
2662 698 2881 768 καρδίᾳ,
2938 697 3032 750 καὶ
3081 695 3351 764 δάκρυσι,
3403 692 3501 744 καὶ
3552 689 3754 761 βαθέσι

2160 794 2487 861 στεναγμοῖς
2536 791 2853 858 καιλόγοις
2898 788 3167 858 θλιόεροίς
3218 786 3381 840 αὐτὸν
3427 783 3748 849 ὲξιλέωσαιι

2158 889 2256 939 και
2282 880 2343 938 εὖ
2371 881 2487 936 οἶδα
2515 884 2600 936 ὅτι
2633 881 2833 943 εὐθέως
2869 881 2977 952 am
3013 864 3111 949 τὴν
3140 877 3300 942 δόξαν
3332 875 3428 929 τοῦ
3450 874 3609 928 Θεοῦ.
3635 873 3757 926 Ναὶ

2157 979 2350 1030 τέκνον
2385 992 2513 1046 μου,
2546 974 2689 1028 οὕτω
2746 973 3014 1042 ποιήσεις,
3042 970 3139 1024 καὶ
3168 968 3321 1023 ἔσται
3350 980 3434 1021 σοι
3464 967 3524 1020 ὃν
3548 967 3760 1038 τρόπον

2159 1068 2358 1137 εἴρηκα
2393 1066 2427 1135 ή
2462 1063 2707 1126 ἔκϐασις.

2096 1164 2262 1234 igitur
2293 1161 2600 1216 faciendum
2637 1160 2731 1214 tibi
2768 1168 2844 1213 est
2868 1200 2884 1224 ,
2919 1155 2992 1210 fili
3043 1155 3153 1220 mi;
3217 1162 3273 1209 et
3337 1150 3590 1207 evenient
3624 1158 3762 1218 quae

2238 1358 2383 1423 ρι,η’.
2440 1350 2625 1403 Ταῦτα
2675 1347 2912 1410 ἀκούσας
2960 1349 2990 1399 6
3035 1343 3370 1412 Ἐπιφάνιος,
3429 1340 3611 1394 πεσὼν
3672 1343 3759 1405 εἰς

2164 1448 2290 1509 τοὺς
2315 1445 2532 1515 τιμίους
2565 1441 2730 1496 αὐτοῦ
2775 1440 2967 1504 πόδας.
3004 1439 3100 1493 καὶ
3144 1437 3537 1505 ἀσπασάμενος
3585 1434 3759 1487 αὑτὸν

2161 1537 2240 1608 τῷ
2283 1536 2424 1605 ἁγίῳ
2463 1535 2732 1606 φιλήματι
2769 1532 3142 1603 ἀνεχώρησεν.
3177 1529 3399 1599 Πρωΐας
3422 1527 3481 1581 δὲ
3516 1525 3760 1595 γενομέ-

2167 1647 2285 1699 νης,
2330 1627 2601 1699 ἐπορεύθη
2644 1629 2671 1679 6
2723 1625 3040 1694 Ἐπιφάνιος
3084 1626 3142 1676 ἐν
3171 1620 3248 1693 τῷ
3289 1621 3401 1690 ναῷ
3430 1618 3523 1672 τοῦ
3564 1619 3756 1689 τιμίου

2178 1721 2427 1773 Ἰωάννου
2464 1718 2556 1771 τοῦ
2618 1716 2947 1780 Βαπτιστοῦ,
2993 1715 3218 1768 κάκεῖσε
3268 1714 3366 1783 τὴν
3407 1710 3758 1781 λειτουργίαν

2087 1804 2134 1870 Β
2161 1809 2458 1880 ἐσχόλασεν
2487 1824 2500 1838 ·
2541 1806 2670 1878 περὶ
2698 1806 2755 1860 δὲ
2785 1805 2845 1858 τὸ
2871 1804 3097 1859 δειλινὸν
3125 1804 3292 1876 ἀπῄει
3319 1802 3374 1856 ὲν
3409 1801 3486 1874 τῷ
3512 1800 3627 1872 ναῷ
3656 1801 3756 1856 τοῦ

2160 1902 2316 1966 ἁγίου
2356 1900 2611 1955 Ἀκακίου
2645 1916 2654 1931 ’
2701 1896 2770 1972 ἧν
2808 1898 2865 1952 δὲ
2906 1896 3024 1970 ὥρα
3067 1896 3294 1967 ἑϐδόμη,
3346 1894 3440 1949 καὶ
3474 1895 3529 1947 αἱ
3584 1893 3756 1946 πύλαι

2157 1990 2252 2045 τοῦ
2285 1991 2415 2045 ναοῦ
2468 1992 2714 2061 ὑπῆρχον
2755 1988 3175 2060 ἑσφαλισμέναι,
3212 1989 3270 2039 ὲν
3305 1987 3363 2039 δὲ
3407 1985 3487 2056 τῷ
3515 1985 3754 2054 νάρθηκι

2160 2082 2805 2154 προσεδρεύων·δάκρυσι
2859 2074 3128 2151 θλιϐεροῖς
3170 2074 3442 2147 ἠντιϐόλει
3484 2078 3575 2131 τὸν
3608 2082 3750 2150 μὰρ-

2157 2188 2297 2245 τυρα
2329 2172 2403 2244 μὴ
2444 2173 2599 2225 κενὸν
2647 2167 3096 2240 ἀποστραφῆναι.
3124 2167 3233 2222 Τοῦ
3279 2166 3335 2221 δὲ
3385 2162 3542 2234 ξύλου
3586 2170 3746 2239 κρού-

2161 2269 2353 2321 σαντος
2388 2258 2482 2312 τοῦ
2511 2258 2800 2330 ἑσπερινοῦ
2832 2257 3029 2328 ὕμνου,
3055 2256 3147 2310 καὶ
3174 2256 3263 2310 τοῦ
3294 2255 3425 2309 ναοῦ
3454 2254 3751 2326 ἀνειρχθέν-

2159 2364 2274 2419 τος,
2319 2352 2537 2424 πρῶτος
2569 2350 2746 2423 εἰσῄει
2800 2350 2965 2413 αὐτὸς
3019 2351 3225 2403 στένων
3255 2352 3349 2404 καὶ
3404 2350 3754 2421 ὀδυρόμενος,

2161 2446 2255 2500 καὶ
2284 2448 2351 2516 τῇ
2387 2445 2571 2515 δεήσει
2608 2443 2920 2513 συγκιρνῶν
2954 2443 3023 2495 τά
3054 2442 3288 2512 δάκρυα.
3325 2443 3415 2506 Ὦς
3455 2441 3513 2495 δὲ
3555 2439 3756 2513 ἠγγισε

2158 2540 2226 2610 τῇ
2276 2537 2423 2608 θήκῃ
2480 2535 2574 2589 τοῦ
2630 2535 2945 2607 μάρτυρος,
2996 2533 3224 2589 τοιαῦτα
3292 2535 3428 2608 πρὸς
3480 2534 3644 2591 αὑτὸν
3677 2528 3762 2605 τῷ

2164 2630 2443 2700 πνεύματι
2490 2628 2873 2699 ἀπεφθέγγετο
2893 2645 2907 2659 '
2936 2627 3163 2699 Φωστὴρ
3199 2627 3346 2697 ἅγιε,
3378 2629 3630 2699 ἁγαπητὲ
3656 2628 3761 2682 τοῦ

2163 2718 2394 2793 Κυρίου,
2451 2721 2774 2791 ἡγιασμένε,
2833 2720 3234 2791 μεμυρισμὲνε,
3289 2720 3499 2791 μάρτυς
3545 2721 3762 2783 Κυρίου

2164 2815 2559 2886 πανθαύμαστε
2582 2832 2594 2845 ·
2629 2814 2852 2886 ἐλέησόν
2888 2830 2956 2884 με
2982 2814 3073 2867 τὸν
3109 2812 3312 2885 ἀσθενῆ
3339 2814 3433 2866 καὶ
3476 2813 3765 2869 ταλαιπω-

2166 2924 2297 2979 ρον,.
2329 2907 2516 2970 κακῶς
2554 2906 2746 2977 ἔχοντα
2777 2906 2885 2960 ἀπὸ
2912 2900 3007 2959 τοῦ
3059 2904 3297 2977 πλήθους
3333 2904 3443 2959 τῶν
3473 2906 3761 2978 πταισμά-

2164 3018 2293 3067 των,
2345 2999 2661 3071 δράγματος
2711 2998 2888 3052 Σχτᾶν
2946 2996 3232 3052 διαϐόλου·
3290 2995 3631 3070 θεράπευσον
3690 2994 3767 3054 τά

2164 3090 2321 3161 ἕλκη,
2365 3089 2686 3159 ἁπόσμηξον
2735 3087 2800 3141 τά
2852 3089 3165 3158 τραύματα,
3218 3087 3369 3142 ἴασαι
3402 3089 3528 3151 τοὺς
3564 3085 3767 3159 μῶλον⁹

1256 3209 1404 3277 lagas
1433 3216 1459 3271 ,‘
1495 3212 1553 3259 et
1582 3201 1872 3256 verberum
1913 3197 2060 3251 elea-

2166 3199 2296 3248 πας,
2328 3183 2423 3236 καὶ
2448 3182 2555 3235 τῶν
2580 3183 2758 3235 πόνων
2783 3180 2853 3234 τά
2877 3181 3151 3250 στίγματα
3174 3198 3188 3212 ο
3222 3181 3299 3235 ἷόε
3322 3180 3412 3234 τὸν
3444 3179 3603 3241 κύνα,
3636 3181 3768 3234 θέα-

2170 3286 2262 3323 σαι
2300 3269 2392 3321 τὸν
2422 3268 2566 3338 δριν,
2608 3268 2881 3339 πρόσσχες
2906 3267 2981 3337 τῷ
3012 3267 3181 3339 λύκῳ,
3224 3267 3300 3337 τῷ
3331 3267 3507 3341 λέοντι
3536 3267 3614 3338 τῷ
3640 3269 3769 3322 κατ’

2167 3364 2301 3433 ἐμοῦ
2330 3362 2423 3416 τοῦ
2456 3362 2714 3415 ταπεινοῦ
2741 3361 3136 3432 φρυαττομένῳ
3184 3360 3300 3432 [καὶ
3325 3362 3402 3424 εἰς
3429 3360 3589 3431 suae»
3614 3363 3769 3415 ἀσω-

2164 3455 2286 3519 τίας
2330 3453 2683 3509 κατασπᾶσαί
2715 3471 2783 3523 με
2832 3452 3114 3507 σπεύδοντι
3143 3450 3300 3525 (99)].
3336 3452 3428 3524 Μὴ
3468 3452 3711 3527 βραδύνῃ
3748 3493 3766 3519 ,

2166 3550 2194 3601 6
2227 3549 2450 3617 γλυκὺς,
2491 3548 2565 3619 μὴ
2596 3547 2895 3621 ἁναὸάλῃς,
2929 3550 2955 3601 6
2985 3548 3135 3617 ἡδὺς,
3173 3546 3249 3619 μὴ
3278 3546 3636 3618 παραόλέψῃς
3658 3564 3767 3617 μου

2165 3644 2234 3696 τὰ
2266 3641 2601 3713 αἰσχρότατα
2631 3640 2868 3711 δάκρυα,
2900 3642 2927 3693 6
2955 3641 3301 3713 μελίῤῥυτος,
3337 3637 3434 3695 ἀπ’
3462 3640 3597 3710 ἐμοῦ
3624 3641 3769 3694 ἀπέ-

2166 3733 2341 3787 λασον
2367 3733 2433 3805 τῇ
2475 3732 2685 3803 φοϐερᾷ
2715 3732 2815 3802 τῆς
2844 3733 3141 3802 πρεσϐείας
3164 3748 3256 3785 σου
3284 3731 3528 3803 δρεπάνῃ
3551 3748 3565 3762 ο
3596 3726 3767 3784 δύνα-

2171 3844 2261 3880 σαι
2294 3826 2426 3895 γάρ,
2460 3819 2547 3878 οἷα
2573 3825 2887 3895 θαυμαστὸς
2913 3824 3254 3895 στρατιώτης
3285 3820 3379 3878 τοῦ
3421 3822 3618 3896 Ἰησοῦ,
3650 3826 3768 3889 τοῖς

2166 3919 2375 3972 αἰτοῦσι
2416 3918 2677 3991 παρέχειν
2706 3917 2773 3971 τά
2807 3917 3144 3988 καταθύμια.

2249 4205 2388 4278 ριιθν.
2426 4204 2609 4260 Ταῦτα
2638 4205 2873 4278 εἰρηκὼς
2903 4208 2932 4261 6
2974 4206 3290 4275 Ἐπιιράνιος
3342 4206 3483 4277 μετὰ
3513 4204 3770 4277 δακρύων

2172 4301 2309 4372 πρὸς
2336 4299 2428 4353 τὸν
2452 4300 2551 4369 τῆς
2591 4298 2851 4371 manu;
2897 4298 3170 4370 μάρτυρα,
3203 4298 3407 4364 εὐθέως
3442 4302 3545 4371 ὁρᾷ
3569 4299 3644 4364 ὡς
3686 4290 3771 4353 εἷ-

2171 4394 2259 4458 δος
2285 4393 2573 4463 ἀστραπῆς
2603 4391 2927 4458 ἐξελθοῦσαν
2954 4392 3061 4444 ἀπὸ
3093 4391 3191 4459 τῆς
3217 4391 3392 4462 θήκης
3420 4390 3514 4444 τοῦ
3556 4390 3768 4461 Ἀγίου,

2175 4488 2271 4538 καὶ
2299 4484 2464 4537 αὑτὸν
2503 4483 3000 4555 περικυκλῲσασαν
3020 4499 3034 4513 ·
3071 4478 3138 4552 ἦν
3161 4482 3219 4535 δὲ
3246 4483 3307 4537 τὸ
3334 4480 3470 4546 εἶδος
3500 4484 3618 4537 λίαν
3642 4485 3769 4553 θερ-

858 4585 1059 4656 fulguri
1110 4596 1292 4638 autem
1345 4579 1494 4635 calor
1552 4581 1732 4631 inerat
1786 4589 2061 4638 summusl

2182 4579 2434 4648 μότατον,
2473 4578 2506 4647 ἠ
2558 4553 2666 4646 γὰρ
2703 4576 2880 4647 θέρμη
2912 4575 3004 4630 τοῦ
3037 4576 3338 4646 άθλοφόρου
3368 4578 3400 4647 ή
3445 4578 3582 4649 πρὸς
3610 4579 3771 4650 εύερι-

2178 4672 2369 4740 γεσιαν
2418 4670 2843 4738 ἐπιφοιτήσασα.
2901 4669 3034 4740 Ὁρᾷ
3075 4665 3168 4723 οὖν
3208 4670 3394 4734 πάλιν,
3425 4671 3519 4723 καὶ
3567 4671 3674 4725 ἰδοὺ
3704 4674 3770 4726 ἐκ

2176 4764 2273 4831 τῆς
2308 4762 2481 4833 θήκης
2530 4760 2674 4831 ἐξῄει
2718 4761 2939 4825 εὐωδία,
2972 4759 3161 4830 ὥσπερ
3212 4761 3414 4831 κρίνων
3446 4762 3539 4815 καὶ
3572 4757 3767 4831 ῥόδων,

2177 4858 2274 4909 καὶ
2318 4855 2391 4917 ὼς
2432 4852 2607 4923 μύρου
2665 4853 2964 4923 πολυτίμου
3020 4853 3404 4924 παραπλησία,
3459 4855 3556 4907 καὶ
3613 4857 3769 4925 φωνὴ

2178 4946 2400 5014 γέγονεν
2430 4945 2580 5013 αὐτῷ
2615 4943 2851 5012 λέγουσα
2876 4961 2887 4972 ·
2938 4945 3187 4999 Ἤκουσα
3223 4945 3321 5016 τῆς
3368 4946 3606 5015 δεήσεως
3635 4964 3727 4999 σου
3751 4962 3766 4978 ³

2178 5040 2273 5092 καὶ
2308 5039 2417 5109 γάρ
2450 5039 2541 5092 καὶ
2585 5037 2691 5109 πρὸ
2724 5037 2816 5090 σοῦ
2859 5038 2886 5090 6
2915 5038 3005 5091 διὰ
3049 5038 3254 5108 Κύριον
3295 5035 3509 5101 παίζων
3552 5039 3640 5091 διὰ
3672 5037 3769 5091 σοῦ

2181 5147 2273 5201 μοι
2301 5131 2572 5201 ἐνέτυχεν.
2626 5129 2816 5183 Ἄπιθι
2841 5125 2952 5192 οὖν,
2990 5130 3144 5199 κάγὼ
3180 5133 3311 5202 περὶ
3343 5130 3534 5185 τούτου
3566 5130 3641 5201 τῷ
3669 5133 3773 5184 Δε-

2180 5225 2358 5296 σπότῃ
2391 5227 2484 5277 καὶ
2512 5222 2631 5293 Θεῷ
2655 5223 2992 5295 δεηθήσομαι
3019 5240 3033 5254 ·
3066 5222 3275 5293 ἅψομαι
3301 5225 3411 5295 γάρ
3434 5223 3541 5277 τῶν
3569 5224 3771 5295 τιμίων

2180 5314 2343 5386 ὶχνῶν
2398 5314 2588 5380 αὐτοῦ,
2649 5317 2745 5368 καὶ
2780 5315 2874 5369 ἴδω
2928 5316 2978 5367 εἰ
3035 5316 3457 5386 παραϐλέψηται
3514 5333 3615 5386 μου
3669 5317 3772 5388 τὴν

2174 5407 2379 5477 δέησιν.
2408 5407 2516 5459 Καὶ
2540 5404 2741 5467 εὐθέως
2762 5406 2973 5475 ἀπέστη
2996 5407 3030 5475 ἡ
3059 5405 3232 5475 φωνή.
3272 5405 3329 5458 'U
3357 5405 3416 5458 δὲ
3451 5406 3770 5475 Ἐπιφανος

2177 5497 2464 5564 θαυμάσας
2491 5497 2589 5567 τὴν
2627 5498 2721 5548 τοῦ
2765 5496 2947 5564 Ἀγίου
2982 5498 3292 5566 ἐνέργειαν,
3327 5499 3572 5551 ἱκέτευεν
3610 5494 3769 5560 αὖθις

2174 5657 2590 5739 quomeruditum
2615 5654 3084 5739 gemmentarinni
3119 5657 3342 5739 scripsit
3372 5654 3481 5711 Leo
3506 5654 3766 5709 Allatius.

2178 5726 3160 5813 Deilliurtlieeeetiam'agit'tlangius
3184 5768 3198 5792 ,
3251 5729 3485 5813 libg'tu,
3517 5741 3640 5795 cap.
3676 5726 3762 5780 18.

2245 5799 2356 5867 (93)
2384 5799 2485 5874 his.
2510 5795 2706 5874 Vatic.,
2724 5795 3202 5874 ἐξαλείφεινᾶπαν
3226 5802 3291 5869 τῇ
3320 5797 3412 5874 βία
3429 5797 3525 5867 τῆς
3549 5797 3769 5867 φύσεως

2132 5872 2141 5881 '
2172 5872 2250 5933 εἰς
2288 5869 2606 5939 παρὰφυσιν
2634 5869 2975 5938 ἐκτρέποντι.
