4090 6452
522 452 624 514 8i?

1584 449 2003 510 NlGEPliOlll
2044 449 2520 512 PRESBYTqu
2567 452 2677 514 Ci’.

3679 451 3787 515 8l8

522 568 627 619 hoc
675 564 939 633 templum
984 564 1230 619 studiose
1277 562 1627 631 frequentes;
1664 572 1718 616 et
1755 577 1848 616 ero
1880 562 2084 629 adjuto:

2202 565 2299 637 ἔσῃ
2329 565 2480 634 ἐμὸς,
2511 568 2591 619 ὅτι
2624 566 2737 634 ἐγὼ
2770 566 3041 636 πεφίληκά
3076 581 3159 629 σε,
3198 566 3295 619 καὶ
3322 564 3530 637 ἐθέμην
3561 584 3620 619 σε
3646 563 3786 622 εἶναι

520 659 653 723 tibi,
700 668 753 712 et
784 658 1089 711 comitabor
1119 668 1169 711 te
1206 657 1257 710 in
1290 657 1483 727 spiritu
1507 695 1522 719 ,
1560 668 1889 724 quocunque
1930 652 2056 706 ieris
2079 690 2094 715 ,

516 751 776 805 ontniiius
828 750 1021 803 diebus
1074 751 1193 802 vitze
1245 758 1386 813 tuac;
1441 761 1596 801 meus
1643 747 1846 816 quippe
1893 743 2004 798 eris
2037 753 2094 796 tu

516 857 733 911 semper
755 882 771 907 ,
802 841 931 910 quia
966 857 1064 909 ego
1098 841 1273 893 amavi
1309 849 1395 906 te,
1439 851 1493 893 et
1534 842 1587 892 in
1620 852 1910 892 numerum
1964 836 2096 889 inti-

517 949 729 986 morum
780 940 1128 985 -meorum-te
1180 931 1346 985 ascivi
1383 949 1397 986 :
1437 931 1562 985 hinc
1600 942 1654 984 et
1695 944 1895 983 nomen
1938 936 2092 982 tuum

515 1019 604 1074 hic
652 1018 717 1072 ad
749 1020 1027 1073 sinistram
1086 1018 1190 1071 sub
1240 1019 1475 1072 amboue
1524 1034 1687 1073 manu
1745 1016 1962 1087 propria
1992 1017 2094 1071 de-

2205 656 2334 710 ῐδιον
2364 656 2486 726 ἐμοὶ
2514 657 2883 727 πεφιλημένον
2909 672 2923 687 ⁸
2961 656 3084 709 ὅθεν
3117 656 3213 708 καὶ
3245 656 3307 708 τὸ
3333 656 3505 726 ὄνομά
3530 672 3624 709 σου
3659 657 3789 710 ἰδιο-

2202 746 2400 815 χείρως
2446 745 2663 817 ἔγραψα
2694 745 2882 800 ἐνθάδε
2931 744 2994 824 ἐξ
3037 744 3346 815 ἀριστερῶν
3394 746 3653 800 ὑποκάτω
3690 745 3786 798 τοῦ

2203 837 2454 906 ἄμϐωνος
2479 855 2495 870 ο
2519 838 2549 889 6
2575 839 2685 907 γάρ
2711 836 2915 906 Κύριος
2943 836 3211 907 παρέθετο
3241 852 3301 890 σε
3327 837 3451 906 ἐμοὶ
3471 836 3567 889 τοῦ
3588 836 3788 903 ἐπιμε-

2201 926 2411 980 λεῖσθαί
2447 945 2562 983 σου.
2596 922 2739 982 Ἷικε
2767 924 2860 984 οὖν
2905 928 3263 999 συχνοτέρως,
3300 928 3449 990 ὅπως
3490 925 3787 996 ἀγαπηδῇς

2199 1018 2325 1073 ἁλλε
2332 1021 2597 1088 πάλληλα.

511 1114 704 1183 scripsi
758 1130 773 1167 :
821 1111 1093 1167 Doruinus
1128 1113 1288 1167 «enim
1326 1112 1688 1167 curammihi
1742 1112 1820 1167 tui
1878 1111 2247 1168 demandavit.
2282 1114 2558 1169 Adesdum
2628 1114 2958 1184 frequenter
2989 1113 3121 1180 huc,
3198 1122 3259 1169 ut
3323 1112 3586 1184 deinceps
3615 1126 3780 1182 porro

510 1222 696 1261 amore
724 1205 947 1273 dignum
988 1216 1039 1259 te
1074 1216 1319 1275 pra'stcs.

576 1300 704 1354 202.
737 1300 850 1354 Tali
885 1300 1073 1354 audito
1119 1315 1408 1370 sermonc,,
1449 1300 1672 1356 astabat
1706 1299 2044 1371 Epiphanius
2065 1341 2083 1367 ,

507 1391 913 1460 quodannnodo
938 1392 1244 1462 perculsus.
1276 1394 1384 1447 lixo
1419 1394 1472 1446 in
1503 1403 1753 1448 sanctum
1792 1402 2084 1464 martyrem

2166 1304 2181 1333 '
2265 1298 2368 1369 σβ’.
2411 1299 2497 1364 Ὠς
2511 1300 2568 1353 δὲ
2589 1300 2762 1356 ταῦτα
2783 1301 2981 1371 ήκουεν
3003 1299 3146 1369 ὀρῶν
3166 1301 3196 1353 6
3226 1300 3565 1370 Ἐπιφάνιος,
3592 1301 3776 1357 ἵστατο

2194 1390 2397 1453 ἐννεὸς,
2432 1390 2614 1461 τρανῷ
2673 1391 2752 1461 τῷ
2803 1390 3080 1461 βλέμματι
3120 1389 3333 1459 βλέπων
3378 1389 3469 1442 τὸν
3500 1390 3771 1459 μάρτυρα.

507 1484 704 1537 obtutu
740 1484 965 1537 intuens
999 1501 1016 1541 :
1049 1500 1210 1555 quem
1243 1487 1600 1540 considerans
1622 1486 1898 1556 quispiam
1927 1502 1960 1540 e
1985 1486 2084 1540 mi-

2195 1480 2303 1534 Καί
2329 1498 2413 1544 τις
2462 1481 2567 1533 τῶν
2591 1481 2691 1550 τῆς
2736 1481 3031 1550 ἐκκλησίας
3077 1481 3219 1550 ὁρῶν
3251 1479 3411 1533 αὑτὸν
3443 1480 3610 1544 ὀξέως
3649 1483 3774 1533 ἐνα-

510 1573 698 1629 nistris
727 1575 991 1640 ecclesia},
1033 1588 1159 1630 ante
1188 1576 1478 1630 amhoncm
1510 1587 1753 1645 perstare
1778 1577 2088 1641 immotum,

509 1664 562 1717 in
610 1664 973 1734 eumdemque
1032 1665 1211 1719 locum
1269 1666 1538 1720 irretnrtis
1582 1667 1761 1721 oculis
1800 1666 2085 1735 aspicere,

504 1762 702 1808 intatae
756 1756 956 1810 mentis
1006 1755 1281 1810 hominem
1334 1772 1392 1809 se
1449 1755 1633 1810 videre
1677 1757 2087 1823 arbitrabatur,

502 1843 828 1913 dicebatque
878 1860 985 1898 non
1033 1844 1158 1899 sine
1213 1845 1425 1900 doloris
1456 1860 1621 1900 sensu
1669 1863 1686 1902 :

505 1932 780 1989 formosus
806 1935 1047 2005 juvenis,
1095 1952 1261 2007 quam
1296 1938 1590 1992 immature
1632 1952 1665 1992 a
1709 1938 1913 1994 mentis
1956 1938 2087 1994 sede

502 2027 750 2097 dejectus
792 2030 919 2082 Cal!
970 2027 1266 2099 Postquam
1313 2043 1443 2085 vero
1479 2046 1509 2083 e
1550 2039 1846 2099 conspectu
1887 2030 2088 2100 eripuit

501 2133 624 2173 s-se
662 2119 863 2174 beatus
895 2131 1122 2189 martyr,
1172 2123 1342 2192 coepit
1378 2120 1715 2191 Epiphanius
1750 2122 1910 2176 obire
1944 2131 2087 2176 tem-

501 2211 649 2277 plum
672 2251 685 2272 ,
726 2226 928 2280 preces
960 2212 1041 2266 .ad
1090 2213 1390 2267 bonitatem
1439 2214 1680 2268 divinam
1716 2213 1944 2268 lundere
1974 2229 2084 2269 non

501 2315 724 2354 cessans
755 2322 767 2354 ;
801 2313 913 2356 tum
945 2302 1130 2356 divino
1161 2303 1435 2359 sacriﬁcio
1466 2302 1741 2358 celebrato
1775 2304 2086 2373 divinisque

500 2391 776 2461 mysteriis
816 2403 1108 2461 perceptis,
1152 2395 1323 2448 multo
1351 2394 1595 2463 repletus
1618 2393 1816 2463 gaudio
1856 2394 2083 2449 recessit

501 2481 647 2549 inde,
681 2493 901 2552 repente
937 2484 1176 2538 oblatum
1210 2485 1382 2539 sancti
1416 2487 1671 2556 martyris
1706 2495 1988 2555 aspectum
2027 2495 2082 2540 et

501 2589 742 2645 praesens
806 2575 1113 2630 subsidium
1171 2576 1472 2632 admirans.
1531 2576 1623 2633 Sic
1683 2578 1852 2648 igitur
1909 2578 2082 2634 hostis

501 2668 723 2736 pessimi
785 2669 1287 2723 machinationibus
1336 2670 1651 2736 liberatus,
1711 2670 2084 2726 intercedente

499 2760 701 2817 ellicaci
735 2762 1056 2831 mediatore,
1114 2764 1276 2819 beato
1324 2766 1546 2819 .Andrea
1577 2766 1645 2835 (is
1666 2766 1819 2821 enim
1849 2766 2087 2836 Epipha-

500 2853 645 2907 nium
677 2852 1020 2910 familiariter
1043 2856 1738 2914 commendaveratsancto
1778 2858 2077 2930 martyri),

500 2945 736 3013 primum
767 2948 968 3016 gratias
985 2949 1258 3017 persolvit
1292 2947 1401 3003 Deo
1426 2988 1443 3013 ,
1477 2962 1591 3004 tum
1616 2960 1808 3005 sancto
1854 2952 2079 3016 Acacio,

502 3032 733 3105 denique
768 3038 913 3092 iideli
960 3026 1263 3094 Salvatoris
1309 3040 1516 3095 famulo
1550 3044 1780 3097 Andreae
1820 3059 1833 3096 :
1863 3052 1919 3097 et
1948 3057 2080 3097 con-

2194 1570 2574 1626 ποσκοποῦντα
2618 1574 2729 1644 πρὸ
2756 1572 2850 1625 τοῦ
2894 1571 3169 1642 ἄμϐωνος,
3214 1572 3395 1637 ἔδοξεν
3426 1572 3620 1643 ἑξηχον
3649 1573 3773 1644 βλέ-

2191 1678 2355 1727 πειν,
2416 1663 2512 1716 καὶ
2555 1661 2806 1714 ἐλυπεῖτο
2855 1661 3066 1730 λέγων·
3104 1661 3211 1714 Ἴδε
3268 1662 3400 1714 ποία
3448 1664 3636 1730 νεότης
3680 1663 3775 1715 τοῦ

2189 1753 2417 1823 ὡραίου,
2446 1752 2540 1805 καὶ
2558 1753 2972 1823 παρατρέπεται
2997 1752 3010 1805 l
3044 1752 3176 1803 Ὅτε
3205 1747 3299 1805 οῦν
3326 1755 3353 1805 ὀ
3396 1752 3610 1822 μάρτυς
3640 1754 3775 1806 ἀπέ-

1747 1846 1888 1901 Ecce
1922 1861 2085 1917 quam
2120 1880 2161 1935 Β
2193 1859 2314 1912 στη,
2345 1842 2508 1905 αὐτὸς
2540 1842 2598 1895 δὲ
2636 1840 2858 1914 περιῄει
2887 1839 3073 1912 κύκλῳ
3100 1842 3195 1895 τοῦ
3233 1842 3364 1896 ναοῦ
3396 1848 3774 1914 προσευχόμε-

2188 1950 2298 1997 νος,
2329 1934 2423 1986 καὶ
2446 1933 2544 2004 τῆς
2564 1933 2661 1986 τοῦ
2689 1932 2824 1985 Θεοῦ
2852 1933 3188 2005 άταθότητος
3216 1933 3492 2003 δεόμενος.
3515 1936 3775 2006 Λειτουρο

2187 2022 2379 2091 γηθεὶς
2412 2021 2507 2075 οῦν
2545 2024 2751 2087 ἐκεῖσε,
2788 2013 2884 2076 καὶ
2923 2022 3033 2076 τῶν
3066 2021 3162 2075 τοῦ
3204 2023 3341 2076 Θεοῦ
3387 2025 3774 2095 δωρεῶνοάπο-

2186 2113 2414 2180 λαύσας,
2449 2114 2590 2184 μετὰ
2626 2114 2829 2185 πολλῆς
2860 2117 3034 2186 χαρᾶς
3096 2116 3434 2186 ἀνεχώρησε,
3469 2116 3771 2185 θαυμάζων

2186 2208 2288 2276 τὴν
2340 2210 2567 2277 ταχεῖαν
2618 2205 2803 2276 σχέσιν
2855 2207 2950 2259 καὶ
2989 2207 3275 2277 ἀντίληψιν
3321 2206 3414 2260 τοῦ
3465 2208 3770 2277 μάρτυρος.

2188 2298 2376 2361 Οὕτως
2409 2293 2505 2351 οὖν
2553 2296 2895 2367 ἀπαλλαγεὶς
2940 2296 3034 2350 τοῦ
3068 2296 3306 2367 πονηροῦ
3346 2298 3559 2349 ἐκείνου
3604 2297 3765 2348 πολέ-

2190 2408 2292 2461 μου
2330 2391 2420 2445 διὰ
2476 2389 2587 2443 τῶν
2619 2389 2923 2460 πρεσϐειῶν
2959 2388 3055 2442 τοῦ
3087 2386 3253 2440 καλοῦ
3290 2387 3510 2458 μεσίτου
3545 2390 3639 2439 τοῦ
3670 2406 3775 2457 μα-

2188 2484 2386 2555 καρίου
2435 2482 2690 2555 ’Δνδρέου
2719 2481 2837 2553 (καὶ
2868 2482 2977 2552 γὰρ
3006 2481 3165 2543 αὐτὸς
3196 2476 3265 2551 ἦν
3297 2480 3447 2551 αὐτῷ
3478 2480 3769 2533 οίκειωιά-

2188 2595 2351 2649 μενος
2403 2576 2712 2648 παραθέσαι
2746 2575 2824 2645 τῷ
2857 2576 3141 2646 μάρτυρι),
3184 2574 3402 2646 πρῶτον
3448 2573 3770 2645 ηὐχαρίστει

2189 2669 2333 2739 Θεῷ,
2378 2669 2571 2723 ἔπειτα
2605 2668 2683 2739 τῷ
2728 2669 2870 2741 ἁγίῳ
2913 2669 3173 2736 Ἀκακίῳ,
3219 2669 3315 2721 καὶ
3355 2667 3499 2721 οὕτω
3543 2667 3621 2738 τῷ
3675 2666 3767 2719 τοῦ

2189 2763 2443 2833 Σωτῆρος
2471 2760 2766 2833 θεράποντι
2803 2760 3049 2831 Ἀνδρέα.
3081 2760 3307 2813 Ἔκτοτε
3338 2754 3434 2813 οὖν
3474 2758 3767 2830 ἐσύχναξεν

2186 2858 2214 2909 ὀ
2257 2856 2572 2926 Ἐπιφάνιος
2617 2854 2695 2924 τῷ
2744 2852 3027 2925 σεηὸασμίῳ
3069 2854 3289 2923 τεμένει
3326 2851 3422 2905 τοῦ
3470 2850 3762 2923 μάρτυρος,

2188 2948 2375 3021 σχέσει
2408 2951 2506 3003 καὶ
2559 2947 2711 3019 πόθῳ
2763 2947 2944 3017 πολλῷ
2995 2945 3285 3001 ἀπολαύων
3341 2945 3604 3014 διηνεκῶς
3653 2944 3765 2997 τῶν

2184 3042 2383 3112 τιμίων
2410 3040 2578 3094 αὐτοῦ
2611 3039 2943 3110 πρεσϐειῶν.

502 3127 732 3183 tinnavit
771 3145 835 3185 ex
881 3131 974 3185 illo
1008 3143 1252 3204 tempore
1290 3136 1485 3189 crebro
1531 3136 1767 3189 invisere
1818 3134 2188 3189 venerandum
2256 3134 2517 3204 martyris
2582 3134 2843 3204 templum
2872 3171 2889 3197 ,
2970 3130 3245 3187 desiderio
3304 3130 3611 3202 aﬂ‘ectuque
3649 3138 3767 3187 ina'

501 3234 609 3289 gno
652 3222 1103 3279 intertessionem
1139 3226 1286 3280 illius
1324 3229 1668 3282 continenter
1698 3227 1998 3296 implorans
2028 3236 2082 3281 et
2121 3226 2400 3282 obtinens.

571 3313 698 3370 205.
745 3317 1032 3376 Matutinis
1076 3320 1370 3391 aliquando
1403 3321 1569 3375 ﬁnitis
1613 3322 1865 3393 hymnis,
1897 3321 1964 3376 ad
1995 3336 2084 3377 sa-
2109 3332 2151 3385 ο

502 3420 651 3461 cram
688 3422 910 3478 eapsam
947 3412 1024 3483 (4)
1064 3414 1114 3466 in
1154 3413 1496 3481 Blachernis,
1529 3416 1762 3469 contulit
1795 3428 1917 3468 sese
1947 3413 2076 3469 illuc

502 3506 691 3558 beatus
719 3502 987 3567 Andreas,
1018 3519 1117 3574 per
1142 3506 1281 3558 viam
1310 3520 1463 3560 more
1493 3520 1595 3559 suo
1625 3504 1855 3567 ludens;
1889 3505 2076 3558 aderat

503 3606 627 3647 t'cro
663 3591 864 3647 ibidem
899 3595 1068 3647 etiam
1111 3593 1489 3665 Epiphanius,
1532 3610 1644 3650 uno
1677 3596 1946 3650 duntaxat
1994 3594 2077 3647 la-

502 3684 648 3737 tnulo
675 3698 775 3737 suo
810 3685 1141 3751 comitatus;
1184 3697 1238 3740 ct
1266 3702 1297 3741 e
1324 3687 1724 3742 consuetudine
1765 3703 1864 3741 sua
1903 3688 2079 3755 persi-

496 3773 674 3829 stebat
718 3774 829 3829 illic
853 3815 868 3842 ,
927 3787 1089 3846 prout
1128 3778 1385 3833 alacritas
1424 3779 1591 3833 animi
1628 3778 1773 3833 vires
1821 3779 2083 3848 suppedi-

501 3870 666 3939 tabat,
694 3872 857 3925 modo
878 3870 943 3924 ad
978 3870 1213 3926 mediam
1247 3881 1485 3938 noctem,
1508 3871 1669 3925 modo
1698 3872 1764 3924 ad
1795 3870 2080 3941 sequentis

494 3965 602 4020 diei
638 3963 961 4019 diluculum.
1001 3962 1234 4033 Jamque
1278 3964 1413 4018 hora
1467 3963 1643 4018 noctis
1692 3975 1885 4033 quarta
1931 3962 2080 4016 labe-

503 4057 683 4125 batur,
720 4072 845 4111 eum
883 4057 1171 4126 perspicue
1205 4058 1449 4112 intuetur
1480 4055 1653 4111 oculis
1685 4057 1800 4109 suis
1831 4054 2081 4108 Andreas

2260 3319 2362 3390 στ’.
2404 3322 2635 3375 Ἀΰπνου
2666 3320 2970 3389 δοξολογίας
3005 3321 3136 3375 ποτέ
3171 3321 3591 3393 ἐπιτελουμένης
3615 3325 3671 3377 ἐν
3700 3327 3768 3396 τῇ

2182 3414 2315 3485 ἁγίᾳ
2340 3414 2482 3486 σορῷ
2504 3416 2568 3484 τῇ
2599 3411 2734 3484 οὔσῃ
2767 3415 2824 3466 ἐν
2856 3412 3207 3484 Βλαχέρναις,
3251 3412 3418 3484 ἀπῄει
3446 3415 3474 3465 6
3499 3414 3769 3484 μακάριος

2195 3507 2449 3578 Ἀνδρέας
2482 3507 2661 3559 ἐκεῖσε
2685 3506 2753 3558 τὰ
2795 3505 2855 3570 ἐξ
2885 3506 3040 3569 ἔθους
3071 3506 3240 3558 ποιῶν
3268 3522 3281 3536 ·
3310 3509 3491 3578 παρῆν
3518 3506 3576 3559 δὲ
3614 3507 3771 3561 Ἐπιο

2181 3600 2390 3668 φάνιος,
2427 3601 2524 3653 καὶ
2569 3594 2650 3662 εἷς
2679 3598 2789 3653 τῶν
2828 3600 3036 3653 παίδων
3080 3600 3244 3653 αὑτοῦ
3282 3599 3404 3670 μετ’
3434 3600 3601 3654 αὐτοῦ
3624 3616 3637 3629 ·
3671 3583 3771 3655 καὶ

2182 3693 2322 3762 ἔχων
2375 3687 2530 3763 ἦθος,
2568 3692 2778 3757 ἵστατο,
2832 3691 2908 3755 ὡς
2958 3692 2991 3762 ἡ
3051 3692 3328 3762 προθυμία
3360 3693 3514 3745 τόνον
3566 3692 3766 3757 ἐδίδου,

2182 3783 2315 3836 ποτὲ
2373 3785 2472 3854 μὲν
2524 3783 2686 3855 μέχρι
2738 3783 3117 3853 μεσονυκτίου,
3174 3786 3303 3836 ποτε
3352 3784 3407 3837 δέ
3455 3783 3557 3847 ἕως
3598 3785 3769 3856 πρωϊ.

2181 3876 2463 3945 Τετάρτης
2510 3874 2601 3929 οῦν
2635 3874 2783 3945 ὦρας
2828 3876 2927 3947 ἠδη
2982 3875 3153 3947 οὔσης
3195 3876 3295 3947 τῆς
3342 3878 3560 3944 νυκτὸς,
3605 3880 3711 3951 ὁρᾷ
3739 3880 3771 3931 6

2184 3967 2456 4038 μακάριος
2524 3966 2780 4037 Ἀνδρέας
2851 3966 3287 4037 ὀφθαλμοφανῶς
3358 3968 3769 4042 μεγεθεστάτην

2186 4060 2411 4128 σφόδρα,
2460 4059 2912 4130 παραγενομένην
2953 4061 3010 4112 ἐν
3056 4061 3350 4127 γυναικείῳ
3400 4059 3478 4129 τῷ
3524 4063 3766 4132 σχήματι

506 4154 833 4212 matronam,
867 4155 1088 4200 statura:
1118 4146 1409 4201 admodum
1444 4162 1719 4216 procerae,
1758 4146 1996 4199 [etnint-o
2027 4147 2081 4198 in

2187 4148 2291 4201 ἀπὸ
2314 4148 2423 4201 τῶν
2455 4148 2757 4219 βασιλικῶν
2802 4149 2941 4218 μετὰ
2975 4149 3207 4218 (ξοὸεεοῦ
3233 4151 3471 4220 ὀψικίου,
3496 4151 3553 4204 ἐν
3588 4147 3665 4213 οἷς
3696 4147 3768 4224 ἦν

507 4236 688 4291 nabitu
732 4252 761 4289 a
814 4252 958 4305 regia
982 4249 1143 4307 porta
1172 4241 1487 4302 adventare,
1522 4238 1697 4292 multo
1728 4240 2084 4292 circumstre-

2187 4243 2280 4292 καὶ
2317 4241 2344 4292 6
2391 4242 2570 4310 τίμιος
2603 4241 2937 4311 Πρόδρομος,
2982 4242 3077 4295 καὶ
3114 4243 3143 4295 6
3189 4243 3288 4313 τῆς
3342 4241 3574 4315 βροντῆς
3627 4245 3765 4308 υὶδςι

507 4338 667 4400 pente
707 4329 1006 4396 comitatu;
1037 4345 1175 4399 quos
1207 4331 1349 4384 inter
1377 4330 1707 4385 Venerabilis
1744 4328 2082 4385 Prodromus

2187 4331 2527 4402 ἑκατέρωθεν
2562 4333 3047 4404 χειροκρατοῦντες
3078 4334 3267 4404 αὐτῆς,
3320 4335 3415 4388 καὶ
3439 4333 3585 4404 ἅγιοι
3636 4336 3771 4390 πολ-

509 4428 560 4474 et
600 4417 853 4474 Tonitrui
892 4420 1034 4476 ﬁlius
1067 4421 1320 4490 utrinque
1352 4420 1496 4475 latus
1528 4422 1818 4490 stipantes,
1861 4438 2082 4475 manum

2187 4426 2267 4480 λοὶ
2295 4427 2618 4497 λευκοφόροι
2666 4426 3098 4497 προεπορεύοντο
3138 4426 3308 4496 αὐτῆς
3332 4444 3347 4459 ο
3380 4429 3430 4481 oi
3473 4429 3531 4481 δέ
3557 4431 3770 4498 ἐπηκο-

508 4512 761 4568 tenebant
798 4530 810 4566 :
845 4522 1157 4568 sanctorum
1190 4514 1334 4568 albis
1374 4514 1690 4568 indutorum
1719 4515 1963 4568 vestibus
1994 4514 2083 4569 alii

2187 4518 2409 4572 λούθουν
2450 4522 2587 4587 μετὰ
2617 4518 2892 4589 ὑμνῳδίας
2933 4519 3027 4573 καὶ
3059 4519 3320 4591 ᾀσμάτων
3352 4522 3765 4592 πνευματικῶν.

509 4603 645 4658 viam
677 4604 939 4674 praeibam
967 4642 982 4668 ,
1012 4604 1105 4658 alii
1145 4604 1378 4674 hymnos
1423 4614 1475 4658 et
1518 4604 1729 4658 cantica
1780 4604 2083 4674 spiritualia

2198 4611 2285 4674 Ὠς
2315 4607 2407 4663 οῦν
2458 4605 2589 4680 ἦλθε
2633 4609 2858 4680 πλησίον
2884 4612 2977 4663 τοῦ
3005 4612 3277 4682 άμϐωνος,
3314 4611 3482 4685 ἀπῄει
3532 4615 3561 4667 6
3612 4615 3767 4679 ὅσιος

508 4692 850 4748 modulantes
903 4693 1400 4763 subsequebantur.
1474 4694 1609 4747 Cum
1663 4706 1846 4748 autem
1894 4711 2082 4765 perve-

2187 4711 2319 4773 πρὸς
2364 4704 2454 4756 τὸν
2491 4706 2805 4773 Ἐπιφάνιον
2838 4704 3013 4773 λέγων
3034 4720 3048 4735 ·
3091 4705 3255 4777 Ὁρᾷς
3287 4707 3385 4780 τὴν
3420 4709 3632 4780 κυρίαν
3664 4713 3764 4765 καὶ

507 4785 678 4840 uisset
712 4785 822 4839 haec
859 4800 1056 4853 pompa
1109 4800 1279 4855 usque
1312 4786 1376 4838 ad
1408 4786 1692 4851 ambonem
1722 4826 1737 4853 ,
1780 4787 1971 4842 abiens
2009 4788 2076 4841 ad

509 4873 870 4945 Epiphanium
921 4876 1206 4928 Andreas:
1268 4873 1476 4944 Viden’,
1520 4877 1834 4947 inquiebat,
1888 4879 2076 4933 mundi

509 4967 790 5021 Dominam
818 4979 872 5020 ct
904 4967 1161 5037 Reginam
1183 4967 1204 5019 ?
1228 4968 1330 5032 Qui
1364 4980 1417 5021 et
1451 4969 1811 5038 respondebat
1838 4987 1851 5024 :
1884 4967 2074 5035 Video,

510 5056 667 5112 I'ater
707 5058 777 5112 mi
814 5058 1134 5128 spiritualis.

577 5148 703 5204 204.
737 5151 873 5205 'l‘um
912 5165 1042 5204 vero
1074 5160 1307 5221 utroque
1340 5152 1555 5207 vidente
1586 5152 1870 5209 inclinavit
1903 5154 2077 5224 popli-

508 5252 587 5295 tes
618 5256 749 5295 suos
776 5239 1026 5307 Domina,
1061 5250 1115 5295 et
1151 5242 1416 5312 prolixam
1455 5258 1587 5298 sane
1621 5245 1925 5299 orationem
1953 5262 2078 5314 pcr-

507 5330 719 5395 texuit,
772 5330 1121 5386 manantibus
1167 5332 1396 5387 ubertim
1435 5333 1691 5403 lacrymis
1732 5348 1828 5404 per
1864 5334 2079 5389 divinas

510 5432 558 5477 rt
588 5423 1050 5478 incontaminatas
1073 5424 1222 5479 illius
1252 5439 1421 5490 genas
1451 5444 1466 5479 :
1498 5427 1744 5481 oratione
1770 5441 1950 5481 autem
1977 5429 2077 5481 hac

514 5514 656 5570 inita
683 5512 753 5568 ad
788 5525 1201 5569 sacrosanctum
1238 5514 1474 5571 accessit
1502 5517 1693 5583 altare,
1725 5533 1823 5588 pro
1854 5521 2072 5589 populo,

522 5606 597 5673 pii
638 5605 1067 5672 circumstabat,
1133 5622 1324 5676 preces
1375 5608 1555 5662 denuo
1608 5608 1820 5664 fusura.
1864 5608 2075 5675 Quibus

509 5709 698 5750 rursus
722 5694 911 5761 (initis,
935 5696 1360 5766 pulcherrimum
1387 5699 1737 5767 pulcherrimi
1767 5702 1960 5769 capitis
1989 5706 2071 5755 sui

2184 4796 2480 4849 Δέσποιναν
2526 4795 2620 4849 τοῦ
2669 4796 2907 4867 κόσμους
2948 4798 3006 4851 ’0
3046 4797 3104 4851 δέ
3148 4817 3346 4872 φησιν’
3395 4802 3525 4869 Ναὶ,
3576 4805 3765 4876 Πάτερ

2185 4904 2289 4955 μου
2313 4889 2667 4957 πνευματικέ.

2255 5159 2351 5212 σδ’.
2385 5161 2493 5213 Καὶ
2519 5161 2723 5215 τούτων
2764 5163 3036 5232 ὁρώντων,
3072 5166 3300 5220 κλίνασα
3326 5170 3392 5220 τὰ
3421 5169 3625 5237 γόνατα
3665 5173 3765 5225 αὺ-

2182 5247 2305 5317 τῆς,
2357 5249 2452 5301 ἐπὶ
2487 5249 2689 5323 πολλὴν
2731 5249 2884 5323 ῶραν
2939 5257 3301 5326 προσηύχετο,
3353 5258 3582 5330 δάκρυσι
3638 5264 3766 5330 ραι-

2184 5355 2350 5393 νουσα
2397 5340 2460 5393 τὸ
2503 5341 2733 5406 θεοειδὲς
2777 5344 2950 5414 αὐτῆς
2984 5346 3081 5400 καὶ
3130 5348 3399 5416 ἄχραντον
3443 5353 3762 5420 πρόσωπον.

2183 5432 2338 5485 Μετὰ
2372 5432 2430 5484 δὲ
2462 5435 2522 5486 τὸ
2553 5434 2978 5504 προσεύξασθαι,
3019 5438 3228 5508 προσῆν
3258 5439 3352 5492 ἐπὶ
3376 5441 3435 5494 τὸ
3464 5444 3764 5515 θυσιαστή-

2185 5539 2320 5590 ριον,
2370 5523 2597 5595 δεομένη
2642 5527 2818 5579 ἐκεῖσε
2866 5529 3006 5598 ὑπὲρ
3052 5527 3147 5581 τοῦ
3186 5532 3551 5601 περιεστῶτος
3600 5533 3758 5591 λαοῦ.

2184 5612 2313 5666 Ὅτε
2360 5614 2454 5667 οῦν
2507 5616 2811 5685 ἁπηύξατο,
2849 5620 2907 5672 τὸ
2935 5621 3202 5692 μαφόριον
3243 5625 3437 5696 αὐτῆς,
3486 5626 3623 5695 ὅπερ
3663 5628 3760 5681 ἐπὶ

2179 5703 2279 5770 τῆς
2328 5706 2708 5775 παναχράντου
2751 5707 2923 5777 αὐτῆς
2970 5710 3214 5780 κορυφῆς
3246 5710 3462 5780 ἔφερεν,
3490 5711 3567 5775 ὡς
3614 5709 3761 5777 εἶδος

576 5847 653 5915 μ)
693 5849 768 5902 Ea
802 5863 962 5918 capsa
996 5853 1335 5917 condebatnr
1371 5869 1527 5910 sacra
1579 5856 1745 5909 vestis
1791 5856 2055 5925 Deiparue,
2092 5870 2143 5913 et
2179 5859 2378 5914 iestum
2414 5863 2595 5924 agitur
2628 5863 2656 5916 '2
2689 5861 2843 5918 Julii.
