4090 6388
336 327 442 388 8-59

1499 332 1674 392 \‘lTA
1715 333 1755 391 S
1814 332 2144 393 ΑΝΒΒΕἰΕ
2179 336 2368 399 SALF.

3469 328 3577 390 850

310 438 602 510 ἀστραπῆς
650 439 916 510 ὑπάρχον,
963 440 1055 493 καὶ
1092 440 1462 506 ἀποτυλίξασα
1502 444 1573 508 se
1617 443 1784 512 αὐτῆς
1823 447 1889 515 τῇ

2008 448 2200 512 relum,
2231 451 2376 520 quod
2422 449 2603 514 fulgur
2647 446 2939 513 splendore
2969 443 3236 505 anteibat,
3269 441 3580 496 detractum

309 530 494 600 ὡραία
534 529 828 601 σεμνότητι
875 531 993 593 ταῖς
1043 533 1445 602 παναχράντοις
1488 533 1674 602 χερσὶν
1724 531 1891 601 αὐτῆς

310 620 577 683 λαϐοῦσα,
612 620 756 691 μέγα
782 620 878 676 καὶ
903 620 1135 693 φοϐερὸν
1165 621 1433 693 ὑπάρχον,
1466 622 1652 674 ἐπάνω
1685 620 1892 684 παντὸς

311 710 407 764 τοῦ
430 712 613 763 ἐκεῖσε
637 710 874 774 ἑστῶτος
912 710 1045 765 λαοῦ
1080 713 1401 765 διεπέτασεν
1421 729 1435 743 ·
1466 711 1606 782 ὅπερ
1637 711 1729 763 ἐπὶ
1771 711 1864 763 εκα

308 804 409 867 νας
459 803 607 873 ὥρας
635 800 826 874 ἐώρων
873 805 923 857 ei
967 802 1262 872 θαυμάσιοι
1320 802 1577 874 ὑπεράνω
1618 801 1711 855 τοῦ
1758 799 1890 853 λαοῦ

311 890 675 962 ἐκτεταμένον
698 892 792 945 καὶ
820 893 1059 962 αὐγάζον
1078 893 1243 958 δόξαν
1272 891 1478 962 Κυρίου
1500 891 1575 954 ὡς
1601 892 1887 962 ἡλεκτρον.

310 983 523 1055 Μέχρις
554 979 652 1038 οὖν
691 979 761 1056 ἦν
786 983 905 1038 ἐκεῖ
931 985 966 1054 ἡ
997 984 1274 1055 ύπεραγία
1303 983 1589 1046 Θεοτὸκος,
1634 982 1897 1037 ἐΰλέπετο

309 1076 540 1129 κάκεῖνο
566 1094 583 1110 ι
621 1074 761 1146 μετὰ
792 1075 848 1128 δέ
878 1075 939 1129 τὸ
968 1076 1325 1148 ἀναχωρῆσαι
1351 1075 1543 1145 αὐτὴν,
1574 1075 1758 1128 οὐκέτι
1800 1092 1893 1128 τεο

313 1166 509 1220 θέατο·
561 1164 778 1230 πάντως
802 1166 913 1236 γὰρ
938 1162 1075 1238 ἦρεν
1112 1166 1244 1221 αὐτὸ
1287 1165 1408 1236 μεθ’
1440 1165 1665 1234 ἑαυτῆς,
1711 1165 1808 1237 τὴν
1834 1165 1893 1218 δὲ

314 1257 473 1327 χάριν
501 1257 712 1327 ἀφῆκεν
734 1259 848 1322 τοῖς
876 1253 1028 1313 οὖσιν
1056 1259 1190 1312 ἐκεῖ.
1223 1257 1420 1311 Ταῦτα.
1444 1256 1543 1326 μὲν
1580 1257 1741 1318 αὐτὸς
1786 1254 1891 1310 εἶδε

316 1350 405 1402 καὶ
434 1349 651 1420 ἑώρακε
682 1349 987 1420 μεσιτείαις
1038 1349 1133 1403 τοῦ
1161 1349 1423 1418 θεοφόρου
1455 1347 1666 1420 Πατρός
1687 1364 1704 1380 ο
1729 1348 1893 1412 αὐτὸς

1997 538 2098 594 sibi
2131 539 2344 594 decenti
2373 555 2496 594 enm
2533 539 2800 607 gravitate
2826 533 3125 604 explicuit;
3175 538 3575 599 extensumqne

1997 629 2157 700 longe
2186 631 2402 699 lateque
2450 628 3080 686 nitidissimismanibus
3131 633 3324 680 tenens
3351 664 3365 688 ,
3408 638 3573 689 supra

1998 733 2215 774 omnem
2236 721 2416 790 populi
2438 721 2560 776 istic
2588 718 2901 790 congregati
2933 724 3135 772 cretum
3159 712 3423 785 expandit
3456 731 3468 766 :
3502 711 3576 764 id-

1998 826 2106 880 que
2137 811 2210 866 ita
2242 826 2572 880 expansum,
2603 811 2774 883 gloria
2810 808 3025 863 Domini
3056 807 3231 861 instar
3260 804 3446 859 electri
3473 820 3574 856 un—

1998 902 2167 972 dique
2216 903 2548 973 eﬂ’ulgente,
2599 908 3003 972 conspexerunt
3068 897 3176 952 viri
3230 895 3577 950 admirabiles

2000 990 2336 1063 Epiphanius
2370 1001 2425 1047 et
2454 992 2737 1054 A'ndreas;
2770 997 3171 1058 conspexerunt
3202 994 3383 1041 autem
3416 985 3579 1055 longo

2000 1084 2132 1139 satis
2173 1093 2415 1154 tempore
2441 1123 2455 1145 .
2502 1081 3028 1153 videlicet‘quandiu
3075 1079 3198 1134 istic
3228 1076 3575 1134 sanctissima

2001 1174 2095 1230 Dei
2144 1175 2389 1230 Genitrix
2441 1174 2619 1230 adfuit
2662 1193 2678 1229 :
2725 1182 2851 1245 post
2902 1173 3063 1241 cujus
3118 1171 3423 1225 discessum
3487 1183 3581 1223 ve-
3654 1189 3662 1198 ·

1995 1267 2107 1321 lum
2151 1282 2370 1337 quoque
2407 1266 2579 1321 videri
2614 1266 2817 1330 desiit,
2855 1264 3019 1319 simul
3059 1278 3183 1317 cum
3239 1262 3354 1331 ipsa
3404 1260 3582 1314 subla-

1998 1368 2147 1423 tum,
2180 1359 2368 1414 relicta
2401 1358 2765 1430 prmsentibus
2800 1356 3057 1412 omnibus
3086 1354 3256 1425 gratia
3294 1351 3579 1423 singulari.

312 1441 424 1512 γὰρ
464 1442 781 1514 παρρησίαν
807 1442 966 1513 ἔχων,
1001 1441 1100 1512 τῆς
1144 1441 1311 1495 αὐτοῦ
1345 1442 1579 1512 θεωρίας
1609 1440 1894 1512 ἐχαρίζετο

2008 1449 2174 1521 Atque
2208 1451 2309 1507 hac
2339 1451 2595 1520 dignatus
2628 1459 2712 1506 est
2761 1447 2973 1504 visione
3000 1445 3339 1515 Epiphanius
3359 1484 3372 1507 ,
3404 1444 3572 1497 inter—

316 1531 621 1599 μεσιτεύων
646 1530 816 1601 αὐτῷ,
843 1535 937 1587 καὶ
968 1532 1248 1602 πανταχοῦ
1274 1533 1442 1587 αὑτοῦ
1471 1532 1890 1604 προϊστάμενος,

311 1620 470 1688 διξαν
497 1622 697 1694 εὐκλεῆ
724 1622 873 1695 αὑτῷ
911 1623 1281 1678 ἐναπετίθετο.

1998 1541 2338 1597 venientibus
2388 1542 2558 1596 divini
2605 1540 2779 1597 Patris
2834 1539 3067 1594 Andreae
3116 1536 3372 1607 precibus
3423 1552 3438 1588 :
3490 1533 3593 1587 hic-

1997 1630 2142 1687 enim
2170 1646 2234 1686 ea
2260 1631 2400 1700 apud
2434 1645 2665 1700 superos
2690 1629 2928 1700 pollebat
2967 1627 3139 1697 gratia
3171 1635 3332 1696 atque
3360 1623 3579 1689 fiducia,

315 1724 376 1769 ut
405 1723 460 1769 et
490 1715 668 1786 ipsum
695 1731 788 1786 per
816 1714 1265 1771 intercessionem
1289 1731 1440 1770 suam
1465 1730 1692 1771 suarum
1720 1718 1998 1773 visionum
2059 1724 2381 1792 participem
2449 1724 2651 1780 faceret
2682 1766 2696 1790 ,
2732 1723 2892 1794 cujus
2968 1722 3173 1793 ubique
3234 1728 3353 1775 erat
3393 1718 3446 1771 in
3480 1733 3579 1771 au-

317 1807 506 1862 xilium
554 1816 878 1877 promptus,
922 1816 979 1863 et
1022 1807 1250 1874 gloriam
1298 1807 1556 1878 inclytam
1588 1810 1887 1877 plurimum
1928 1814 2318 1882 amplificabat.

392 1917 487 1976 σε’.
517 1920 743 1975 Ἀλλοτε
773 1921 829 1974 δέ
859 1921 1023 1976 πάλιν
1063 1921 1158 1975 τοῦ
1209 1923 1491 1992 μακαρέου
1523 1923 1582 1976 ἐν
1608 1923 1685 1994 τῷ
1717 1925 1899 1978 ⁹ῒππιο-

2074 1932 2201 1988 205.
2250 1934 2398 1988 Alias
2443 1949 2569 1987 eum
2605 1933 2697 1987 vir
2730 1932 2922 1987 beatus
2956 1930 3193 1984 hominis
3226 1942 3413 1998 parum
3464 1928 3585 1982 sani

321 2011 525 2083 δρομίῳ
573 2012 856 2078 παίζοντος
885 2013 1026 2067 κατὰ
1074 2013 1135 2067 τδ
1184 2012 1379 2078 εἰωθὸς
1424 2013 1596 2085 αὐτῷ,
1646 2014 1740 2084 καί
1779 2032 1901 2069 τινα

318 2105 532 2175 ἄθεσμα
557 2104 633 2169 ὡς
674 2103 843 2174 δῆθεν
863 2092 1299 2175 εἰσπράττοντας,
1329 2106 1380 2159 οί
1421 2105 1544 2160 λαοὶ
1587 2106 1900 2178 βλέποντες,

318 2198 366 2249 οἱ
396 2197 504 2266 μὲν
541 2195 834 2260 ἐθλίϐοντο,
861 2197 910 2249 oi
940 2196 996 2249 δὲ
1040 2197 1439 2265 μυσαττόμενοι
1487 2196 1901 2268 ἀνεθεμάτιζον,

320 2288 415 2340 καὶ
479 2286 804 2356 κατηρῶντο
836 2285 984 2356 αὐτῷ
1026 2286 1103 2350 ὡς
1152 2285 1351 2357 πικρὸν
1395 2286 1627 2358 δαίμονα
1683 2288 1902 2360 ἔχοντα.

324 2372 418 2440 Εἷς
445 2376 504 2431 δι
544 2394 629 2439 τις
676 2377 786 2431 τῶν
828 2376 1082 2446 μεγάλων
1109 2374 1479 2447 διερχόμενος,
1529 2378 1666 2438 ,ίδὼν
1719 2382 1903 2448 αὐτὸν,

321 2465 640 2532 ἐϐδελύξατο
666 2469 827 2521 αὐτὸν
850 2468 950 2521 καὶ
979 2469 1298 2522 ἐνέπτυσεν.
1341 2467 1399 2524 Ὀ
1431 2471 1487 2525 δὲ
1520 2472 1779 2544 θεράπων
1804 2474 1900 2528 τοῦ

324 2558 564 2630 Χριστοῦ
593 2561 686 2613 ἐπὶ
720 2559 921 2630 πολλὴν
950 2558 1105 2631 ὥραν
1154 2562 1439 2631 προσέχων
1467 2563 1654 2627 αὐτὸν,
1691 2566 1784 2619 καὶ
1811 2584 1908 2619 κα-

319 2652 594 2719 τανοήσας
614 2652 683 2705 τὰ
709 2651 898 2712 αὐτοῦ,
923 2651 1072 2719 λέγει
1103 2653 1235 2722 προς
1277 2653 1444 2707 αὐτόν
1468 2670 1484 2687 ο
1513 2655 1687 2722 Δόλιε,
1724 2657 1902 2727 μοιχὲ,

322 2743 861 2812 ἐκκλησιεμπαίκτα,
905 2745 935 2796 ὁ
962 2747 1191 2820 ἀφορμῇ
1217 2745 1316 2814 τῆς
1346 2748 1666 2816 ἐκκλησίας,
1693 2749 1772 2822 τῷ
1800 2751 1908 2804 Σα-

325 2834 462 2904 τανᾷ
503 2832 782 2904 ὀρθρίζιις
822 2834 933 2888 ἀπὸ
975 2837 1330 2906 μεσονυκτίου
1371 2839 1753 2910 ἐγειρόμενοςο
1807 2841 1907 2894 οὐκ

330 2923 440 2979 Ι.δοῦ
467 2925 703 2996 ἔφθασεν
725 2927 759 2999 ἡ
785 2925 918 2999 ρὁα
945 2927 1025 3000 (5)
1049 2944 1165 2996 σου,
1192 2926 1279 2981 ἵνα
1301 2928 1448 3002 λήψῃ
1469 2929 1612 2984 καθά
1636 2931 1900 3002 ἔπραξας,

329 3016 513 3070 λαθεῖν
540 3017 777 3087 νομίζων
807 3019 885 3091 τῷ
914 3020 1131 3092 φοδερῷ
1155 3014 1422 3092 ὀφθαλμῷ
1445 3020 1540 3076 τοῦ
1573 3020 1860 3087 ὲτᾶιζοντος
1887 3040 1903 3089 ;

332 3105 517 3160 Ταῦτα
531 3109 735 3172 ἐκεῖνος
760 3108 1018 3174 ἀκούσας,
1048 3114 1345 3183 πτερνίσας
1370 3115 1463 3167 τὸν
1491 3114 1681 3182 ἵππον,
1709 3112 1908 3186 ἀνεχώο

2006 2031 2224 2091 partes,
2266 2033 2326 2078 ut
2362 2025 2552 2080 solitus
2590 2033 2743 2087 erat,
2782 2023 2835 2075 in
2871 2021 3246 2091 ilippndromo
3278 2026 3586 2089 ageret‘,,ct

2003 2111 2186 2182 aliqua
2225 2113 2411 2169 minus
2440 2114 2638 2169 decora
2668 2111 3074 2175 committeret;
3111 2107 3461 2178 prmscntium
3492 2105 3583 2158 alii

2003 2204 2459 2263 exertteiahantur
2508 2204 2736 2269 animo,
2797 2201 2889 2257 alii
2946 2199 3370 2269 indignabantur
3420 2204 3588 2265 atque

2004 2297 2430 2354 exsecrabantur
2460 2298 2759 2361 hominem,
2791 2308 2845 2351 et
2876 2291 3180 2348 maledictis
3213 2290 3585 2346 incessahant.

2006 2392 2175 2446 veluti
2207 2407 2237 2444 a
2272 2394 2511 2461 pessimo
2541 2388 2788 2444 dannone
2821 2388 3118 2440 incessum.
3155 2382 3398 2436 Transiit
3447 2379 3587 2435 forte

2005 2482 2170 2538 etiam
2201 2497 2344 2537 unus
2368 2467 2575 2548 aliquis
2603 2494 2634 2534 e
2668 2475 3037 2547 magnatibus,
3070 2471 3161 2543 qui
3193 2471 3465 2524 Andream
3498 2469 3583 2522 in-

2007 2572 2203 2639 tuitus,
2239 2572 2509 2628 conviciis
2545 2569 2827 2644 impetere,
2863 2578 3170 2633 conspnere
3201 2571 3257 2616 et
3308 2559 3588 2616 exsecrari

2009 2665 2193 2732 cmpit.
2221 2661 2394 2728 Quem
2423 2659 2628 2715 Christi
2677 2656 2915 2712 famulus
2951 2654 3165 2709 diutino
3206 2661 3451 2721 tempore
3500 2660 3583 2703 at-

2009 2765 2156 2812 tente
2198 2753 2473 2826 aspiciens
2499 2792 2515 2817 ,
2545 2760 2599 2805 et
2627 2749 2885 2804 interiora
2910 2746 3267 2803 considerans
3287 2783 3302 2807 ,
3346 2744 3419 2795 ita
3452 2741 3585 2793 allo-

2008 2848 2197 2918 quitur
2228 2865 2242 2902 :
2277 2845 2647 2900 Fraudulente
2672 2881 2686 2905 ,
2731 2841 2966 2906 adulter,
2992 2837 3237 2894 ecclesia:
3261 2835 3486 2906 profane
3521 2834 3585 2886 il-

2010 2939 2198 3006 lusor,
2243 2938 2334 3009 qui
2369 2924 2636 3005 praetextu
2671 2934 2816 2988 illam
2856 2929 3282 3001 frequentandi,
3316 2929 3426 2996 jam
3460 2925 3587 2979 inde

2011 3045 2039 3082 a
2071 3027 2248 3084 media
2285 3037 2442 3083 nocte
2471 3033 2825 3096 experrectus
2849 3065 2862 3085 .
2894 3022 3115 3077 Satanae
3138 3018 3330 3088 vigilas
3356 3033 3379 3083 ξ
3407 3030 3588 3069 nonne

2010 3116 2197 3175 vides?
2239 3116 2442 3173 Verum
2474 3114 2780 3170 attendesis
2804 3154 2820 3179 ,
2869 3120 3114 3182 paratam
3153 3107 3457 3163 mercedem
3489 3105 3583 3158 tibi

334 3216 534 3269 ρησεν’
564 3200 660 3255 καὶ
707 3201 817 3273 γὰρ
855 3203 1249 3275 χαρτουλάριος
1280 3206 1391 3258 τῶν
1438 3205 1685 3275 πλοΐμων
1735 3207 1903 3279 ἐχρη-

2011 3220 2160 3266 tuam
2187 3224 2346 3277 esse,
2380 3223 2545 3279 quam
2586 3216 2748 3279 prout
2774 3202 3054 3260 'lahorasti
3082 3200 3317 3270 accipies
3339 3238 3354 3263 ,
3389 3196 3589 3251 misere

329 3289 578 3361 μάτιζεν,
610 3293 721 3347 ἀπὸ
765 3295 1090 3365 Ἀμάστρων
1136 3296 1477 3367 ὁρμώμενος.
1523 3297 1664 3352 Μεθ’
1693 3300 1903 3368 ἡμέρας

2008 3303 2267 3370 deceptus
2325 3301 2584 3371 opinione
2639 3309 2731 3354 tua
2760 3339 2777 3363 ,
2828 3311 3056 3366 sperans
3092 3307 3255 3365 posse
3295 3306 3459 3358 cpera
3497 3296 3586 3340 tua

325 3381 422 3438 οῦν
471 3402 620 3449 τινας
666 3385 808 3456 νόσῳ
845 3387 1126 3460 δεινοτάτῃ
1170 3390 1472 3458 συσχεθεὶς,
1518 3389 1662 3443 κατὰ
1713 3391 1903 3461 μικρὸν

2016 3393 2359 3464 perspicaces
2387 3391 2599 3447 Judieis
2625 3390 2816 3445 oculos
2842 3388 3030 3442 latere.
3062 3384 3185 3439 llaec
3218 3382 3310 3438 ille
3340 3379 3588 3440 audiens,

326 3476 531 3548 ἤρξατο
558 3478 1022 3550 ταλαιπωρεῖσθαι
1052 3479 1131 3550 (8)
1155 3493 1169 3508 ⁸
1196 3478 1445 3551 ἀπῄεσαν
1469 3476 1564 3534 οὗν
1587 3480 1694 3535 άπὸ
1713 3482 1903 3552 ἐκκλη-

2017 3484 2253 3540 snbditis
2276 3497 2419 3554 equo
2463 3481 2770 3538 calcaribus
2792 3522 2806 3545 ,
2853 3496 2883 3535 e
2911 3477 3138 3547 vestigio
3170 3490 3229 3530 se
3261 3473 3387 3527 inde
3417 3473 3592 3542 prori-

329 3570 452 3633 σίας
481 3571 560 3634 είς
591 3571 910 3641 ἐκκλησίαν,
946 3573 1042 3626 καὶ
1066 3573 1175 3626 ἀπὸ
1227 3572 1415 3644 ἰατροῦ
1449 3573 1530 3637 εἰς
1571 3573 1778 3644 ίατρδν,
1813 3575 1903 3627 καὶ

2016 3574 2163 3645 puit;
2222 3583 2337 3629 erat
2389 3581 2574 3628 autem
2634 3569 3001 3626 chartularius
3056 3564 3133 3637 (6)
3194 3560 3589 3630 navigationis,

327 3660 431 3713 οὐκ
453 3655 521 3730 ἦν
542 3660 603 3712 τὸ
637 3659 968 3731 ζητούμενον
1230 3684 1237 3690 -

2016 3662 2286 3718 Amastris
2314 3661 2393 3733 (7)
2452 3660 2741 3717 oriundus.
2788 3658 2905 3713 Non
2945 3647 3591 3711 multieﬂluxeruntdies

328 3770 454 3808 cum
510 3754 598 3810 hic
650 3754 766 3824 ipse
810 3755 864 3810 in
909 3755 1294 3827 gravissimum
1343 3755 1593 3812 incidens
1620 3759 1868 3813 morbum
1895 3798 1915 3822 ,
1945 3758 2093 3813 brevi
2157 3768 2403 3830 tempore
2451 3756 2588 3812 febri
2630 3763 2859 3811 exustus
2907 3754 2973 3807 ad
3059 3758 3302 3805 extrema
3342 3745 3591 3799 redactus

327 3855 415 3903 est
447 3866 462 3902 :
490 3848 740 3920 itumque
779 3851 964 3905 statim
1003 3850 1106 3905 fuit
1131 3852 1200 3905 ab
1238 3851 1465 3907 ecclesia
1498 3852 1553 3905 in
1585 3852 1897 3918 ecclesiam,
1938 3868 1977 3909 ιι
2018 3853 2229 3910 medico
2297 3855 2370 3908 ad
2432 3851 2742 3916 medicum;
2785 3863 2888 3904 nec
2925 3856 3105 3902 tamen
3161 3842 3398 3912 uspiam,
3444 3836 3588 3908 quod

334 3943 700 4009 quazrebatur,
730 3942 1011 3997 inventum
1051 3953 1134 3998 est
1164 3944 1488 3998 remedium.

407 4030 516 4096 σς’.
547 4032 760 4095 Νυκτὸς
795 4033 852 4086 δὲ
883 4033 1071 4105 οὔσης,
1101 4034 1285 4105 βλέπει
1336 4037 1364 4088 ὁ
1389 4036 1533 4095 ὅσιος
1565 4034 1794 4106 πλησίον
1814 4034 1903 4088 τοῦ

2085 4030 2215 4085 206.
2257 4028 2378 4085 lam
2415 4043 2525 4084 nos
2554 4027 2872 4099 ingruerat,
2916 4038 3041 4079 cum
3075 4030 3298 4078 sanctus
3325 4021 3591 4089 Andreas,

331 4124 482 4178 οἴκου
527 4124 693 4177 αὑτοῦ
726 4124 956 4193 ἄγγελον
1003 4126 1229 4195 Κυρίου,
1264 4127 1340 4190 ὡς
1388 4126 1497 4179 ἀπὸ
1543 4125 1767 4196 δυσμῶν
1803 4143 1903 4179 πα-

2017 4138 2126 4178 non
2167 4121 2414 4192 procula
2445 4119 2612 4174 domo
2644 4117 2890 4187 praedicti
2923 4114 3064 4178 viri,
3114 4115 3380 4180 conspicit
3426 4130 3565 4185 auge

336 4216 700 4286 ραγενόμενον
729 4216 817 4270 διὰ
868 4216 964 4270 τοῦ
991 4218 1172 4289 ἀέρος,
1203 4218 1261 4281 ὃς
1289 4213 1357 4288 ἦν
1402 4217 1649 4287 πύρινος,
1682 4217 1903 4287 ἀγρίους

2019 4218 2131 4271 lum
2178 4214 2393 4269 Domini
2425 4213 2493 4268 ab
2526 4212 2811 4268 occidente
2857 4226 2953 4280 per
2983 4223 3111 4264 aera
3151 4206 3445 4273 advolare;
3478 4217 3597 4261 erat

333 4308 478 4377 ἔχων
494 4310 619 4370 τοὺς
656 4308 990 4379 ὀφθαλμοὺς,
1019 4311 1112 4362 καὶ
1135 4311 1170 4379 ἡ
1199 4309 1314 4364 ἰδέα
1357 4307 1452 4363 τοῦ
1485 4306 1778 4378 προσώπου
1809 4309 1903 4361 αὐ·

2019 4317 2200 4364 autem
2232 4307 2459 4376 angelus
2498 4304 2742 4373 undique
2768 4302 3160 4365 inﬂammatus,
3193 4309 3247 4356 et
3279 4311 3435 4356 torvo
3468 4316 3599 4354 ocu-

333 4400 432 4455 τοῦ
462 4403 540 4462 ὡς
567 4400 700 4472 πῦρ,
729 4401 871 4454 καθὰ
914 4402 972 4456 ἐν
999 4400 1192 4473 δρυμῷ
1220 4401 1429 4471 φλέγονι
1462 4401 1559 4454 καὶ
1591 4399 1791 4470 βρύχον
1816 4400 1903 4453 τοῦ

2015 4398 2192 4454 lorum
2230 4398 2424 4452 obtutu
2481 4412 2546 4452 ac
2589 4395 2734 4451 facie
2779 4395 3021 4451 referens
3058 4394 3275 4464 ignem,
3312 4393 3489 4463 qualis
3515 4392 3597 4445 vel

337 4493 642 4564 ἐξαλεῖψαι,
676 4495 897 4565 κρατῶν
941 4495 1000 4548 ἐν
1036 4496 1103 4564 τῇ
1131 4496 1278 4565 χειρὶ
1323 4493 1488 4547 αὐτοῦ
1525 4493 1722 4566 ῥάϐδον
1751 4491 1903 4563 πύρι‹

2016 4488 2209 4543 silvam
2234 4488 2546 4547 incendere.
2581 4497 2633 4542 et
2660 4501 2786 4542 cum
2813 4485 3022 4554 crepitu
3053 4484 3110 4537 in
3143 4484 3362 4540 cineres
3404 4492 3593 4552 posset

337 4599 450 4648 νον,
480 4583 578 4636 καὶ
618 4583 819 4655 ἧρχετο
856 4585 951 4637 ἐπὶ
994 4584 1084 4637 τὸν
1112 4579 1261 4636 οἶκον
1297 4583 1391 4635 τοῦ
1421 4582 1659 4636 ὲλεεινοῦ
1704 4581 1903 4636 ἐκείνοι

2022 4580 2287 4652 redigere.
2345 4580 2608 4635 Gestabat
2642 4593 2771 4634 vero
2813 4593 2978 4632 manu
3025 4576 3228 4647 virgam
3279 4575 3603 4639 ardentem,

336 4675 730 4745 ἀπειλούμενος
763 4675 1013 4746 ἐκριζοῦν
1039 4675 1132 4728 καὶ
1156 4675 1225 4727 τὰ
1250 4673 1496 4744 θεμέλια.
1534 4675 1661 4727 Ὅτε
1694 4671 1788 4728 οὖν
1820 4675 1915 4727 ἐπὶ

337 4771 430 4822 τὸν
479 4768 806 4823 ἀσθενοῦντα
865 4769 1105 4838 ἐγένετο,
1153 4767 1342 4822 ἀκούει
1384 4771 1567 4838 φωνῆς
1615 4766 1805 4837 ὥσπερ
1856 4766 1917 4832 ἐξ

340 4863 512 4932 ὕψους
550 4860 816 4932 λεγούσης
841 4877 855 4892 ο
888 4862 1022 4932 Δὲρε
1062 4861 1156 4914 τὸν
1191 4860 1528 4931 ἐμπαίκτην,
1566 4859 1660 4912 τὸν
1704 4858 1916 4929 σοδομί-

339 4971 463 5023 την,
508 4951 612 5006 τὸν
640 4952 848 5022 μοιχὸν,
897 4952 992 5003 τὸν
1037 4952 1258 5022 πόρνον,
1310 4951 1403 5004 τὸν
1431 4949 1603 5016 ἀσεσῆ
1638 4954 1733 5004 καὶ
1782 4950 1915 5005 ἀλά-

340 5058 542 5116 στορα·
610 5043 715 5108 ἕως
768 5036 831 5096 οὗ
890 5041 1099 5113 τύπτῃς
1148 5041 1333 5108 αὐτὸν,
1380 5041 1524 5095 οὕτω
1578 5041 1724 5111 λέγε,
1773 5043 1917 5112 Πορ-

338 5133 554 5198 νεύεις;
621 5131 930 5203 ’Δπήρξατο
976 5128 1069 5185 οῦν
1113 5129 1337 5184 τύπτειν
1384 5130 1570 5197 αὐτὸν,
1618 5132 1714 5184 καὶ
1771 5129 1919 5198 λέγει

341 5225 498 5295 αὐτῷ
515 5241 531 5258 ·
568 5223 884 5295 Πορνεύεις,
921 5220 1215 5294 μοιχεύεις,
1239 5220 1511 5290 ὀρθρίξεις
1534 5221 1917 5293 apameae;

344 5316 456 5370 Καὶ
485 5311 555 5388 ἦν
595 5316 696 5387 μὲν
729 5315 917 5387 φωνὴν
957 5306 1125 5369 αὐτοῦ
1157 5311 1477 5379 ἀκούεσθαι,
1502 5312 1594 5367 τὸν
1624 5312 1683 5368 δὲ
1713 5311 1919 5386 ταύτην

419 5520 499 5591 (5)
532 5517 991 5591 'P67a,erogatio,
1016 5517 1359 5591 stipendium,
1380 5516 1576 5591 dequa
1599 5512 1924 5591 voee_mu_lta

344 5583 718 5648 ﬂeui-sinsin
752 5583 1278 5660 Gléssarioﬁurigo
1327 5583 1689 5643 haud—dubie
1732 5583 1923 5638 Latina

344 5671 499 5801 θείθ)
542 5731 614 5788 De
663 5731 1014 5787 chartulariis
1070 5731 1249 5785 multa
1293 5728 1434 5784 idem
1470 5728 1672 5795 habet,
1723 5737 1779 5783 et
1824 5726 1925 5781 tria

2024 4675 2214 4743 sicque
2257 4674 2322 4728 ad
2367 4671 2551 4728 miseri
2595 4670 2835 4725 hominis
2874 4668 3172 4724 deveniens
3220 4666 3597 4732 domicilium,

2025 4764 2379 4820 fundamenta
2433 4763 2554 4832 ejus
2612 4760 2928 4816 minabatur
3002 4757 3267 4815 subruere
3330 4756 3598 4812 funditus.

2023 4856 2317 4927 Postquam
2365 4866 2547 4909 autem
2596 4853 2664 4908 ad
2714 4853 2994 4907 infirmum
3047 4851 3228 4921 ipsum
3278 4861 3597 4921 perventum

2023 4957 2202 5013 esset,
2235 4946 2421 5004 audita
2457 4948 2569 5001 haec
2595 4961 2698 5000 vox
2737 4954 2822 4999 est
2846 4982 2863 5010 ,
2906 4943 3075 5014 quasi
3097 4942 3314 5000 coalitus
3348 4942 3552 5013 allapsa
3583 4960 3597 4996 :

2026 5039 2260 5096 Excoria
2286 5039 2587 5099 derisorem
2631 5038 2823 5103 istum,
2854 5036 3181 5091 sodomitam
3207 5076 3244 5102 ,.
3265 5035 3597 5096 adulterum,

2026 5114 2413 5197 seortatorem,
2438 5129 2721 5200 religionis
2746 5128 3040 5198 populique
3069 5128 3400 5198 perniciem;
3425 5142 3605 5197 quan-

2025 5225 2118 5278 diu
2157 5231 2340 5291 autem
2377 5222 2555 5293 ipsum
2591 5220 2949 5291 percusseris,
2983 5219 3073 5275 die
3099 5220 3393 5277 identidem
3423 5237 3438 5274 :
3469 5217 3604 5273 For-

2027 5314 2233 5373 niearis
2252 5315 2552 5370 etiamnum
2577 5314 2609 5367 ’ί
2628 5312 2696 5369 Et
2724 5312 2910 5368 sutim
2939 5313 3174 5383 arreptis
3214 5309 3399 5381 ﬂagris
3437 5308 3604 5377 etrapit

2033 5529 2225 5569 eorum
2272 5513 2562 5585 distinguit
2595 5529 2793 5585 genera
2841 5532 2857 5573 :
2909 5516 2998 5570 hic
3052 5524 3235 5570 autem
3285 5511 3603 5581 designatur

2036 5585 2245 5655 aliquis,
2267 5586 2957 5655 vectigalimnpraefectus.

2105 5655 2184 5725 (7)
2225 5654 2525 5725 Amastrin,
2558 5654 2688 5725 urbs
2721 5654 3122 5725 Paphlagoniae.

2110 5724 2186 5795 (8)
2229 5723 2329 5780 Ms.
2367 5724 2538 5780 Vatic.
2575 5723 2953 5789 πλανίζεσθαιζ
