4090 6444
433 302 539 361 835

1492 314 1913 377 NICEPHORI
1957 317 2431 381 PRESBYTER!
2464 321 2572 383 (ΖΡ.

3572 316 3679 379 8ἷὸ

504 414 634 468 210.
690 416 819 472 Post
877 417 992 475 haec
1040 429 1322 476 convertet
1374 438 1467 477 rex
1509 422 1703 503 faciem
1744 439 1898 479 suam
1935 424 2002 479 ad

2180 445 2232 481 σι
2253 469 2268 484 .
2302 433 2410 483 Καὶ
2436 430 2574 500 μετά
2596 427 2773 482 ταῦτα
2798 428 2962 482 δώσει
2992 427 3051 481 τὸ
3081 426 3373 497 πρόσωπον
3396 424 3562 480 αὐτοῦ
3593 428 3688 481 ἐπὶ

437 507 738 573 Orientem,
784 511 1167 565 liumiliatnrus
1206 514 1346 569 ﬁlios
1390 516 1532 585 Agar
1565 516 1725 584 (12):
1772 531 2004 572 succen-

438 598 580 653 sebit
610 615 847 669 namque
886 601 995 656 illis
1036 602 1299 659 Dominus
1335 604 1413 658 ira
1442 606 1749 661 vehementi
1787 616 2005 675 propter

437 686 807 758 blasphemias
836 699 891 744 et
926 689 1135 746 fructus
1163 708 1301 762 quos
1338 692 1650 762 proferent,
1696 695 2007 751 acerbiores

441 776 848 834 Sodomitarum
880 790 934 835 et
968 782 1477 851 Gomorrlueorum;
1529 796 1583 841 et
1611 788 1848 843 stimulis
1886 790 2009 858 qui-

441 868 671 925 busdam
710 873 995 928 suscitabit
1025 890 1200 944 regem
1235 873 1631 945 Romanorum,
1664 881 1881 948 penitus
1910 898 2007 938 ex-

443 958 689 1014 cisurum
732 970 943 1031 gentem
981 963 1237 1033 impiam,
1273 975 1328 1020 et
1370 966 1511 1022 lilios
1548 984 1737 1023 eorum
1775 972 2010 1025 abolitu-

447 1066 567 1104 l‘ii’m
603 1052 746 1116 igni;
783 1052 884 1122 ipsi
916 1068 1044 1109 vero
1073 1054 1256 1109 traditi
1283 1056 1336 1109 in
1376 1073 1573 1113 manus
1610 1060 1775 1131 ejus,
1806 1062 2008 1116 violen-

446 1142 671 1197 tissimis
705 1144 937 1198 ﬂammis
968 1144 1345 1201 absumentur.
1380 1146 1594 1220 lilyrieo
1631 1161 1808 1206 autem
1852 1155 2011 1207 resti-

445 1245 560 1289 tuto
591 1235 817 1304 imperio
846 1238 1111 1301 Romano,
1140 1249 1193 1292 et
1213 1239 1446 1311 {Egypto
1470 1223 1789 1311 apportante
1810 1245 2009 1301 tributa

444 1341 576 1391 sua,
620 1337 781 1394 ponet
814 1344 905 1381 rex
934 1330 1072 1382 idem
1104 1345 1269 1398 super
1319 1347 1465 1386 mare
1504 1333 1782 1388 detueram
1829 1350 2009 1400 suam,
2036 1328 2053 1343 ’

441 1426 497 1470 et
542 1416 790 1471 nationes
834 1419 998 1473 ﬂavas
1041 1421 1424 1476 mansuefaeiet
1454 1462 1470 1482 .
1507 1434 1560 1479 et
1607 1424 1859 1481 inimicos
1907 1428 2012 1483 sub

443 1508 695 1563 manibus
726 1510 843 1566 suis
885 1511 1194 1566 humiliabit
1226 1529 1240 1567 :
1279 1523 1331 1567 et
1364 1514 1578 1569 durabit
1629 1516 1914 1584 imperium
1947 1518 2012 1573 il-

443 1601 546 1657 lius
604 1617 778 1657 annos
814 1604 1033 1673 triginta
1080 1605 1238 1659 duos.
1296 1605 1624 1660 Duodvcinto
1655 1618 1835 1662 autem
1866 1625 2010 1664 anno

443 1693 593 1760 regni
620 1708 816 1746 census
846 1704 900 1748 et
936 1709 1160 1749 munera
1191 1696 1335 1749 nulla
1383 1697 1639 1765 accipiet,
1682 1699 1774 1753 sed
1807 1701 2012 1756 excita-

2117 521 2428 582 ’Δνατολάς.
2458 522 2555 575 καὶ
2586 519 2917 575 ταπεινώσει
2948 521 3075 583 τοὺς
3103 519 3255 581 υἱοὺς
3294 519 3466 587 Ἀγάρ
3492 534 3506 549 ·
3536 518 3690 588 ὀργι-

2107 613 2365 681 σθήτεται
2398 613 2506 682 γὰρ
2534 613 2562 665 6
2594 612 2798 683 Κύριος
2824 612 2913 665 διὰ
2944 612 3044 680 τὴν
3088 610 3440 681 βλασφημίαν
3479 609 3683 671 αὐτῶν,

2107 704 2200 757 καὶ
2227 703 2315 757 διά
2343 703 2403 756 τὸ
2428 700 2569 757 εἶναι
2598 704 2690 756 τὸν
2739 703 2954 774 καρπὸν
3001 702 3180 755 αὐτῶν
3214 703 3379 771 χολὴν
3409 703 3684 773 Σοδόμων,

2106 794 2202 847 καὶ
2235 795 2458 862 πικρίας
2493 795 2786 866 Γομόρρων
2807 809 2822 825 ·
2853 794 2949 846 καὶ
2986 793 3074 846 διὰ
3107 793 3267 847 τοῦτο
3313 793 3479 857 νύξας
3505 795 3690 863 ἐγερεῖ

2108 886 2201 940 τὸν
2231 886 2455 955 βασιλέα
2495 887 2780 954 Ῥωμαίων
2813 886 2902 940 ἐπ’
2952 886 3186 948 αὐτοὺς,
3239 887 3333 938 καὶ
3378 885 3689 956 ἒξολοθρεὺ-

2110 991 2192 1029 σει
2222 975 2441 1039 αὐτοὺς,
2474 976 2569 1028 καὶ
2593 977 2661 1028 τὰ
2686 975 2853 1028 τέκνα
2882 975 3065 1029 αὐτῶν
3094 977 3230 1044 πυρὶ
3258 976 3527 1030 ἀναλώσει
3546 992 3562 1008 ⁸
3593 978 3688 1030 καὶ

2110 1067 2263 1119 αὐτοὶ
2287 1070 2335 1120 oi
2364 1068 2789 1139 παραδεδομένοι
2835 1070 2914 1129 είς
2943 1067 3043 1129 τὰς
3067 1068 3253 1137 χεῖρας
3280 1067 3446 1121 αὑτοῦ
3470 1068 3690 1138 ἐμπρη-

2112 1157 2235 1226 σμῷ
2266 1158 2556 1230 βιαιοτάτῳ
2607 1159 3079 1228 παραδοθήσονται
3111 1176 3125 1190 ·
3164 1161 3259 1212 καὶ
3304 1160 3690 1213 ἀποκαταστα-

2112 1250 2336 1315 θήσεται
2372 1250 2532 1303 πάλιν
2560 1252 2623 1304 τὸ
2657 1251 2956 1321 Ἰλλυρικὴν
2978 1253 3043 1321 τῇ
3075 1250 3324 1322 βασιλείᾳ
3361 1252 3686 1321 Ῥωμαίων

2112 1340 2328 1410 κομίσει
2358 1342 2417 1395 δὲ
2464 1344 2622 1412 καὶὴ
2677 1344 2954 1412 Αἴγυπτος
2998 1343 3068 1395 τά
3118 1345 3301 1396 πάκτα
3350 1344 3519 1412 αὐτῆς
3550 1344 3687 1414 (l3).

2115 1432 2226 1485 Καὶ
2257 1432 2412 1503 θήσει
2456 1433 2554 1504 τὴν
2582 1437 2742 1504 χεῖρα
2774 1433 2938 1488 αὐτοῦ
2986 1434 3085 1503 τὴν
3127 1434 3305 1498 δεξιὰν
3335 1434 3429 1488 ἐπὶ
3469 1434 3569 1504 τὴν
3595 1435 3691 1489 θά-

2115 1522 2340 1591 λασσαν,
2369 1527 2464 1578 καὶ
2493 1527 2772 1595 ἡμερώσει
2804 1526 2870 1580 τά
2903 1526 3072 1593 ξανθά
3105 1526 3261 1596 γένη,
3292 1528 3387 1579 καὶ
3420 1526 3690 1579 ταπεινώο

2113 1627 2196 1664 σει
2215 1612 2342 1675 τοὺς
2367 1612 2595 1683 ἐχθροὺς
2622 1614 2727 1667 ὑπὸ
2750 1614 2847 1677 τὰς
2872 1616 3060 1683 χεῖρας
3091 1612 3279 1679 αὐτοῦ,
3302 1615 3396 1666 καὶ
3419 1615 3480 1667 τὸ
3509 1615 3687 1683 σκῆπ-

2114 1719 2242 1772 τρον
2275 1703 2441 1757 αὐτοῦ
2473 1705 2627 1757 ἔσται
2656 1705 2952 1774 τριάκοντα
2993 1704 3086 1758 δύο
3134 1703 3229 1775 ἔτη
3258 1721 3272 1734 ·
3302 1704 3379 1775 τῷ
3404 1704 3691 1773 δωδεκάτῳ

441 1782 516 1834 bit
557 1798 743 1837 sacras
787 1785 963 1846 a-des.
998 1795 1052 1839 et
1083 1785 1271 1839 altaria
1321 1787 1595 1842 confracta
1645 1792 2012 1856 restaurabit;

2120 1794 2226 1848 ἔτει
2257 1795 2355 1866 τῆς
2400 1795 2675 1859 βασιλείας
2705 1795 2874 1849 αὐτοῦ
2907 1795 3106 1864 κῆνσον
3138 1796 3231 1849 καὶ
3267 1795 3475 1864 δόματα
3499 1796 3561 1849 οὐ
3589 1796 3691 1866 λή-

439 1873 627 1927 nullus
658 1884 787 1928 tunc
822 1876 1177 1930 tribunalium
1217 1892 1348 1932 usus
1377 1878 1497 1939 erit.
1531 1894 1653 1933 cum
1693 1882 1785 1949 qui
1819 1880 2015 1936 iub-rat

443 1973 538 2017 aut
593 1964 831 2034 patiatur
887 1966 1140 2035 injuriam
1186 1982 1345 2022 nemo
1404 1967 1622 2023 futurus
1675 1970 1748 2025 sit
1807 1988 1823 2027 :
1877 1973 2015 2026 tilias

439 2056 642 2133 quippe
698 2056 976 2111 hominum
1030 2062 1225 2129 timore
1273 2060 1357 2113 sui
1415 2060 1616 2129 injerto
1658 2068 1724 2116 ad
1783 2062 2011 2118 meliora

442 2148 650 2217 qua-vis
677 2149 936 2218 impellet,
961 2159 1011 2203 et
1041 2160 1341 2218 magnates,
1367 2154 1458 2220 qui
1484 2160 1673 2206 contra
1699 2154 1792 2221 jus
1824 2156 2014 2224 fasque

441 2249 609 2311 agunt
637 2244 844 2308 omnia,
877 2242 1193 2297 humiliatos
1222 2243 1558 2313 atljudicabit
1594 2247 1772 2301 morti.

512 2429 637 2483 2H.
681 2428 878 2484 listlvm
924 2446 1085 2499 porro
1132 2431 1505 2499 temporibus,
1555 2448 1681 2503 rege
1707 2434 1801 2490 illo
1844 2437 2016 2505 impe-

442 2531 631 2585 rante,
662 2522 924 2591 quidquid
963 2524 1122 2577 modo
1156 2523 1275 2576 auri
1305 2523 1498 2591 quovis
1530 2524 1582 2577 iu
1618 2527 1737 2580 loco
1778 2528 2015 2583 abscon-

441 2614 612 2668 ditum
645 2614 807 2675 latet,
840 2615 1025 2669 divino
1054 2625 1185 2671 nutu
1209 2627 1463 2681 eruetur;
1497 2626 1552 2671 et
1584 2628 1841 2688 tanquam
1878 2636 2010 2674 ven-

444 2703 642 2756 tilabro
671 2703 1018 2773 dispergetur
1047 2719 1142 2771 per
1171 2718 1363 2760 omnes
1394 2705 1515 2773 ejus
1544 2708 1794 2761 subditos
1824 2727 1838 2762 :
1875 2710 2014 2764 unde

441 2805 496 2848 et
527 2795 954 2849 cumulabuutur
988 2794 1194 2851 divitiis
1240 2806 1523 2864 magnatcs
1562 2798 1676 2861 ejus
1702 2839 1716 2862 ,
1755 2798 1888 2867 ipsis
1931 2814 2012 2854 re-

439 2885 600 2955 gibus
656 2886 813 2954 quasi
863 2885 1036 2940 nihilo
1087 2884 1379 2941 inferiores
1427 2886 1629 2953 futuri;
1679 2897 1734 2942 et
1781 2890 1872 2958 qui
1906 2905 2015 2958 pne

442 2978 625 3044 inopia
660 2987 871 3031 tantmn
903 2990 1009 3031 non
1035 2979 1308 3046 peribant,
1354 2979 1753 3050 adprincipum
1783 2982 2012 3051 gloriam

441 3079 603 3140 atque
633 3069 964 3138 opulentiam
996 3070 1374 3124 elevabuntur.
1406 3069 1567 3125 Zelus
1602 3073 1846 3141 ejusdem
1873 3074 2015 3143 regis

442 3162 868 3217 ardentissimus
914 3159 1056 3225 erit,
1102 3175 1209 3229 quo
1262 3158 1477 3216 Judaeos
1528 3163 1727 3231 ubique
1771 3164 2010 3231 gentium

444 3265 824 3325 persequetur,
868 3263 925 3308 et
993 3254 1045 3306 in
1089 3264 1201 3308 tota
1226 3254 1324 3308 hac
1362 3255 1497 3310 urbe
1542 3255 1722 3309 millus
1750 3254 2021 3311 lsmaelita

445 3349 754 3402 invenit-tur
787 3364 802 3402 :
853 3347 1097 3400 eamdem
1137 3362 1353 3417 quoque
1383 3355 1536 3401 tanto
1570 3349 1651 3403 sui
1694 3349 1891 3403 timore
1921 3350 2020 3403 im-

444 3440 635 3509 plebit,
688 3448 747 3492 ut
783 3452 962 3497 nemo.
1007 3439 1099 3504 qui
1142 3438 1291 3509 lyrar,
1339 3439 1601 3501 citharae.
1650 3441 2017 3505 conimdizeve,

445 3543 545 3586 aut
571 3531 723 3586 alteri
757 3533 931 3585 cuivis
972 3532 1047 3584 rei
1079 3532 1257 3586 minus
1286 3531 1497 3586 decora:
1525 3547 1747 3602 operam
1784 3535 1897 3597 det,
1929 3549 2014 3589 re.

447 3625 739 3697 periendus
769 3626 841 3678 sit
871 3642 884 3679 ε
914 3633 1182 3694 quotquot
1214 3623 1359 3679 enim
1390 3625 1587 3680 talibus
1618 3624 1820 3680 addicti
1854 3637 2015 3687 sunt,

445 3720 574 3773 odio
602 3724 959 3789 prosequetur
987 3717 1205 3785 capitali
1232 3725 1286 3772 et
1308 3717 1489 3786 ejiciet
1518 3732 1584 3772 ex
1616 3717 1748 3773 urbe
1779 3717 2016 3774 Domini.

449 3810 603 3867 Tunc
631 3826 758 3865 vero
799 3810 1059 3882 gaudium
1096 3809 1295 3878 ubique
1323 3819 1378 3863 et
1408 3809 1700 3864 exsultatio
1727 3810 2018 3875 videbitur,

449 3913 564 3957 tum
613 3902 765 3973 copia
814 3918 996 3957 rerum
1048 3900 1294 3956 omnium
1339 3901 1576 3954 maxima
1632 3910 1739 3956 tam
1791 3917 1820 3955 a
1877 3911 2022 3955 terra

2114 1885 2299 1954 ψεται,
2348 1887 2463 1941 ἀλλ’
2493 1888 2786 1960 ἀναστήσει
2825 1888 2987 1951 ναοὺς
3030 1889 3243 1956 ἁγίους,
3276 1890 3369 1941 καὶ
3416 1888 3691 1941 ἀνοικοδοε-

2119 1980 2283 2047 μήσει
2326 1979 2763 2049 συντετριμμένα
2793 1979 3177 2047 θυσιαστήρια,
3214 1980 3305 2031 καὶ
3332 1979 3455 2047 δίκη
3506 1979 3690 2032 οὐκέτι

2115 2066 2291 2129 ἔσται,
2314 2067 2436 2151 οὐδὲ
2465 2069 2492 2119 6
2515 2067 2740 2130 ἀδικῶν,
2770 2066 2894 2120 οὔτε
2915 2069 2943 2120 6
2967 2066 3324 2135 ἀδικούμενος
3351 2081 3365 2095 ·
3391 2065 3554 2133 φόὸον
3581 2066 3689 2134 γάρ

2116 2162 2336 2230 ποιήσει
2381 2164 2496 2221 τοῖς
2551 2160 2687 2223 υἱοῖς
2736 2159 2843 2213 τῶν
2886 2158 3192 2230 ἀνθρώπων
3227 2159 3544 2226 σωφρονεῖν,
3593 2158 3690 2210 καὶ

2112 2253 2239 2315 τοὺς
2292 2251 2744 2324 παρανομοῦντας
2794 2250 2903 2305 τών
2949 2251 3289 2320 μεγιστάνων
3337 2249 3687 2314 ταπεινώσει,

2115 2348 2207 2399 καὶ
2235 2345 2449 2414 θανάτῳ
2478 2343 2815 2416 παραδώσει.

2185 2435 2307 2492 σια’.
2350 2437 2438 2490 Ἐν
2467 2439 2579 2501 τοῖς
2608 2438 2819 2508 καιροῖς
2851 2437 2958 2507 γάρ
2985 2435 3215 2497 ἐκείνοις
3243 2435 3354 2496 πᾶς
3392 2432 3610 2504 χρυσὸς,
3633 2432 3696 2496 ὃς

2114 2535 2262 2583 ἐστιν
2295 2530 2353 2581 ὲν
2402 2528 2703 2599 οἱῳδήποτε
2735 2529 2883 2597 τόπῳ
2916 2527 3313 2596 κρυπτόμενος,
3340 2525 3522 2578 νεύσει
3555 2523 3693 2577 Θεοῦ

2113 2618 2636 2689 ἀποκαλυφθήσεται
2674 2621 2741 2689 τῇ
2788 2618 3037 2688 βασιλείᾳ
3067 2616 3234 2670 αὐτοῦ
3262 2615 3382 2689 [καὶ
3414 2615 3567 2685 πτύῳ
3598 2615 3695 2669 αὐο

2112 2713 2205 2764 τὸν
2242 2712 2528 2782 σκορπίσει
2570 2711 2722 2783 πάσῃ
2761 2714 2829 2780 τῇ
2866 2709 3111 2780 πολιτείᾳ
3148 2706 3362 2780 aii-r06].
3404 2708 3499 2760 καὶ
3532 2707 3693 2760 πλου-

2113 2806 2342 2874 τήσουσι
2395 2803 2597 2865 πάντες
2652 2802 2705 2854 ei
2747 2803 3069 2871 μεγιστᾶνες
3117 2798 3306 2866 αὐτοῦ,
3346 2801 3440 2852 καὶ
3479 2797 3687 2851 ἔσονται

2111 2894 2186 2959 ὡς
2224 2892 2484 2964 βασιλεῖς,
2516 2894 2607 2946 καὶ
2632 2892 2682 2945 oi
2713 2893 2943 2960 πένητες
2978 2892 3192 2943 ἔσονται
3223 2889 3297 2953 ὡς
3329 2891 3377 2942 οἱ
3410 2888 3691 2959 ἄρχοντες.

2115 2967 2225 3039 Kai.
2273 2985 2423 3038 ἔσται
2456 2985 2605 3053 αὑτῷ
2651 2984 2812 3053 ζῆλος
2861 2987 3057 3051 μέγας,
3105 2982 3200 3036 καὶ
3241 2983 3368 3044 τοὺς
3411 2981 3694 3042 Ἰουδαίους

2117 3075 2459 3140 κιταδιώξει,
2492 3078 2586 3129 καὶ
2629 3076 2688 3128 ὲν
2716 3077 2782 3145 τῇ
2815 3075 2968 3127 πόλει
3008 3073 3181 3144 ταύτῃ
3224 3071 3569 3142 Ἰσμαηλῐτης
3597 3071 3696 3140 οὐχ

2123 3171 2515 3238 εὖρεθήσεται”
2553 3170 2650 3224 καὶ
2699 3168 2861 3230 αὐτὸς
2908 3167 3136 3236 φοϐήσει
3169 3164 3416 3235 μεγάλως
3469 3164 3567 3233 τὴν
3596 3165 3696 3215 πό-

2122 3260 2225 3321 λιν,
2263 3258 2357 3313 καὶ
2384 3259 2484 3311 οὐκ
2510 3258 2662 3312 ἔσται
2693 3258 2722 3311 6
2753 3256 3010 3327 λυρίζων,
3040 3254 3072 3325 ἦ
3102 3252 3475 3325 κιθαρίζων,ἢ
3505 3254 3532 3303 6
3567 3267 3693 3318 τρασ

2122 3352 2335 3424 γῳδῶν,
2367 3352 2401 3422 ἦ
2433 3368 2516 3415 τις
2545 3349 2772 3420 αἰσχρὸν
2800 3350 3030 3419 πρᾶγμα
3062 3346 3423 3417 ἐργαζόμενος
3444 3360 3457 3372 ο
3489 3343 3698 3405 πάντας

2125 3445 2235 3513 γὰρ
2264 3443 2391 3503 τοὺς
2441 3439 2716 3501 τοιούτους
2778 3439 3022 3508 μισήσει.
3077 3438 3169 3490 καὶ
3213 3433 3582 3506 ἑξοληθρεὺσει
3631 3434 3696 3486 ὲκ

2126 3534 2332 3596 πόλεως
2355 3534 2433 3585 Κυ
2446 3531 2582 3602 ρίου.
2611 3530 2722 3585 Kal.
2746 3530 2898 3582 ἔσται
2924 3528 3090 3600 πολλὴ
3110 3528 3254 3600 χαρά
3282 3530 3398 3581 τότε
3427 3528 3516 3579 καὶ
3532 3524 3715 3592 ἀγαλει

2124 3627 2325 3689 λίασις,
2353 3627 2447 3678 καὶ
2467 3624 2649 3692 ἀγαθά
2680 3623 2788 3676 ἀπὸ
2834 3623 2931 3692 τῆς
2968 3622 3068 3692 γῆς
3106 3624 3201 3674 καὶ
3238 3621 3345 3675 ἀπὸ
3378 3620 3475 3690 τῆς
3503 3619 3702 3672 θαλάσ-

2129 3734 2229 3786 σης
2259 3716 2511 3769 ἀνατελεί
2537 3714 2788 3777 πλούσια,
2818 3715 2911 3767 καὶ
2958 3713 3109 3766 ἔσται
3133 3713 3192 3766 ὃν
3218 3712 3416 3783 τρόπον
3440 3708 3579 3782 ἦσαν
3608 3713 3702 3764 ἐπὶ

2126 3808 2220 3861 τοῦ
2270 3807 2389 3862 Νῶε
2444 3809 2502 3861 ἐν
2553 3807 2858 3879 ἁμεριμνίᾳ
2916 3807 3337 3877 εὐφραινόμενοι
3392 3804 3584 3876 μέχρις
3639 3796 3702 3857 οὗ

2125 3897 2290 3972 ἦλθεν
2322 3900 2350 3952 6
2380 3900 2787 3969 κατακλυσμὸς.

447 4013 612 4066 quam
666 3997 801 4051 mari
861 3996 1164 4059 exorietur,
1232 4003 1363 4049 tunc
1414 3995 1652 4066 denique
1713 3993 2021 4050 referentur
2093 4005 2339 4063 tempora
2418 3993 2684 4059 Noetiea,
2736 3993 2953 4051 quando
3001 3991 3256 4047 vivebant
3306 3991 3424 4046 sine
3472 4002 3601 4044 cura
3647 3992 3705 4039 et

450 4095 772 4151 laetabantur
799 4094 979 4150 cuncti
1003 4134 1018 4158 ,
1046 4093 1220 4147 donec
1247 4092 1623 4162 superveniret
1659 4092 1948 4147 diluvium.

520 4189 648 4242 eis.
685 4187 820 4241 Cum
864 4188 1145 4243 transierit
1177 4196 1450 4257 sceptrum
1477 4188 1628 4257 regni
1659 4188 1837 4256 istius,
1867 4187 1920 4242 in
1939 4187 2024 4248 ja-

450 4279 579 4333 nnis
628 4278 731 4331 erit
777 4277 1105 4348 principium
1164 4278 1434 4333 dolorum.
1483 4277 1638 4334 Tunc
1683 4280 1827 4333 enim
1878 4279 2024 4333 ﬁlius

450 4370 756 4439 iniquitatis
796 4369 1176 4432 suscitabitur,
1220 4372 1313 4441 qui
1344 4370 1723 4426 dominaturus
1753 4381 1834 4424 est
1863 4371 1915 4423 in
1947 4371 2025 4425 ei-

2203 4182 2325 4253 σιβν.
2357 4181 2729 4254 Παρελθόντος
2772 4179 2828 4233 δὲ
2854 4178 2949 4232 τοῦ
2989 4179 3271 4250 σκήπτρου
3302 4177 3537 4237 ἐκείνου,
3571 4176 3707 4229 ἀνα-

2132 4275 2422 4344 στήσονται
2472 4273 2639 4343 ἀρχαὶ
2688 4271 2909 4324 ὀδυνῶν.
2941 4271 3074 4323 Τότε
3122 4269 3487 4336 ἀναστήσεται
3517 4269 3545 4320 6
3589 4266 3705 4329 υἱὸς

2131 4369 2231 4436 τῆς
2259 4365 2515 4435 ἀνομίας,
2560 4365 2655 4419 καὶ
2685 4362 2996 4433 βασιλεύσει
3040 4363 3099 4414 ὲν
3140 4363 3204 4432 τῇ
3250 4360 3400 4414 πόλει
3432 4360 3530 4429 ἔτη
3579 4359 3707 4429 τρία

453 4463 618 4515 vitate
651 4461 753 4515 hac
776 4475 952 4515 annos
986 4469 1097 4516 tres
1125 4476 1248 4516 cum
1286 4461 1542 4516 dimidio:
1587 4470 1902 4529 tantamque
1943 4460 2018 4515 in-

2130 4458 2325 4528 ῆμισυ,
2356 4456 2452 4510 καὶ
2479 4457 2696 4524 ποιήσει
2722 4456 2953 4524 ἀνομίαν
2980 4451 3256 4521 γενέσθαι,
3281 4452 3369 4504 οἵα
3393 4451 3455 4504 σὺ
3485 4452 3708 4519 γέγονεν

456 4553 703 4607 troducet
757 4552 971 4607 vivendi
1029 4554 1355 4618 licentiam,
1416 4564 1619 4623 quanta
1676 4552 1744 4605 ab
1801 4552 2025 4606 exordio

455 4643 644 4698 mundi
677 4642 861 4697 audita
887 4660 993 4700 non
1028 4644 1131 4699 fuit
1158 4660 1259 4701 nec
1288 4643 1544 4699 audietur
1573 4638 1865 4710 deinceps;
1898 4644 2022 4697 talia

455 4737 655 4805 quippe
692 4736 955 4792 doctrina:
992 4753 1105 4793 sua:
1148 4737 1347 4809 placita
1383 4735 1758 4806 pronuntiabit
1805 4752 1818 4789 :
1870 4736 2026 4790 Pater

459 4827 614 4889 ﬁliae,
649 4828 790 4885 ﬁlius
816 4829 1019 4893 matri,
1063 4828 1231 4884 frater
1272 4824 1943 4890 sorori-commisccutor;
1980 4827 2024 4880 si

454 4919 579 4988 quis
620 4920 976 4981 recusaverit.
1008 4929 1182 4973 morte
1231 4920 1470 4988 punitor.
1527 4916 1597 4970 At
1640 4918 1684 4971 is
1733 4932 1856 4971 cum
1905 4932 2029 4987 pro-

525 5075 640 5145 (19.)
700 5074 814 5132 Hoc
856 5076 1074 5131 nomine
1122 5089 1231 5129 non
1287 5073 1485 5145 solum
1520 5071 1854 5145 Sarracenos
1895 5070 2028 5140 (qui

455 5143 783 5216 projirie‘ex
824 5146 1097 5216 Arabibus
1120 5185 1138 5209 ,
1174 5145 1410 5213 posteris
1446 5143 1663 5216 ismael
1693 5182 1709 5207 ,
1756 5146 2027 5211 procreati

452 5213 715 5284 dicuntur
748 5215 843 5270 ﬁlii
875 5213 1063 5284 Agar),
1090 5217 1192 5284 seed
1222 5229 1413 5269 omnes
1443 5213 1873 5273 Mahometanos.
1898 5225 2035 5284 prte-

453 5289 640 5340 sertim
676 5283 887 5340 Turcos
928 5282 1206 5352 intelligo;
1246 5285 1371 5338 licet
1412 5284 1464 5337 bi
1512 5284 1800 5337 videantur
1832 5298 1863 5334 e
1893 5282 2029 5350 Sty-

454 5357 568 5410 thia
616 5357 881 5425 originem
925 5351 1140 5425 trahere
1170 5371 1187 5406 :
1222 5353 1504 5410 Mahomed
1549 5354 1717 5425 enim,
1756 5351 1916 5419 cujus
1948 5355 2032 5425 Vle-

452 5441 572 5496 gem
608 5421 966 5496 proﬁtentur,
1015 5424 1299 5493 Agarenus
1350 5427 1477 5496 fuit.
1527 5424 1661 5488 Quae
1706 5430 1885 5475 autem
1943 5421 2030 5496 hic

452 5492 708 5550 dicuntur
746 5494 811 5548 de
847 5492 1216 5548 Romanorum
1261 5508 1383 5564 rege
1406 5534 1421 5555 ,
1453 5493 1734 5562 Agarenos
1758 5492 2028 5564 extermi-

453 5577 695 5628 naturo.
740 5564 994 5619 videntur
1043 5580 1111 5617 ex
1145 5573 1298 5630 parte
1325 5560 1588 5634 compleri
1646 5563 1697 5616 in
1758 5560 2028 5628 Lcopoldo

451 5634 737 5707 Augusto;
795 5635 881 5707 cui
917 5648 1109 5689 omnes
1149 5633 1550 5707 bonieptant,
1601 5642 1659 5707 ut
1710 5641 2025 5699 recuperata

455 5703 572 5771 ipsa
622 5705 786 5759 etiam
836 5704 1339 5772 Constantinopoli,
1390 5717 1551 5773 atque
1578 5705 1813 5773 ilurnpa
1852 5711 1961 5754 tota
1994 5716 2025 5753 ιι

458 5775 715 5828 sordibus
765 5775 1143 5829 Mahometieis
1189 5771 1496 5845 repurgata,
1554 5771 1847 5842 [Egyptian
1885 5786 2025 5840 quo-

2133 4552 2227 4603 ἀπ’
2259 4550 2434 4618 ἀρχῆς
2483 4547 2709 4617 κόσμου.
2751 4546 2870 4598 οὐδὲ
2918 4544 2993 4613 μὴ
3039 4544 3329 4611 γενήσεται
3355 4558 3371 4576 ο
3421 4540 3707 4604 καθεσθεὶς

2131 4642 2241 4711 γὰρ
2265 4639 2579 4713 δογματίσει
2601 4635 2844 4702 τοιαῦτα,
2875 4637 3022 4695 ὅπως
3045 4633 3299 4702 μίγνυται
3330 4631 3511 4703 πατὴρ
3540 4632 3709 4699 θυγαο

2133 4733 2243 4803 τρι,
2284 4732 2379 4784 καὶ
2415 4731 2527 4792 υἱδς
2559 4729 2750 4800 μητρὶ,
2788 4727 2882 4780 καὶ
2913 4725 3139 4795 ἀδελφὸς
3168 4726 3369 4795 ἀδελφῇ
3398 4740 3413 4755 ο
3445 4726 3493 4777 εἰ
3524 4724 3582 4777 δὲ
3611 4722 3709 4795 μὴ,

2133 4827 2162 4877 6
2206 4822 2477 4893 ἀνταίρων
2518 4821 2732 4889 θανάτῳ
2769 4818 3110 4874 ἀποθανέτω.
3143 4818 3252 4872 Kal.
3280 4819 3309 4871 6
3336 4814 3578 4878 τοιοῦτος
3608 4815 3711 4868 σὺν

2135 4915 2213 4986 τῷ
2259 4913 2557 4985 Προδρόμῳ
2599 4912 2820 4986 Ἰωάννῃ
2869 4910 3347 4982 κατασταθήσεται
3383 4908 3495 4981 (14)
3540 4909 3598 4961 ἐν
3640 4908 3709 4977 τῇ

2129 5086 2234 5139 que
2265 5078 2320 5125 et
2363 5070 2585 5136 Asiam,
2631 5068 2897 5124 hactenus
2942 5084 2970 5121 a
3017 5065 3214 5123 Turcis
3258 5067 3522 5139 insessam
3552 5105 3568 5129 ,
3597 5063 3707 5139 sibi

2134 5136 2296 5194 faciat
2340 5141 2706 5193 tributariam.
2751 5139 2947 5199 Certe,
2980 5139 3282 5193 Secundum
3335 5137 3554 5189 oracula
3595 5136 3706 5199 illa,

2131 5227 2252 5278 qua:
2283 5213 2383 5264 sub
2415 5209 2615 5263 Leonis
2690 5209 2881 5278 Magni,
2906 5208 3126 5263 nomine
3160 5222 3386 5278 excusa?
3416 5207 3705 5278 habentur,

2132 5275 2802 5348 Constautinopolitanuni
2844 5277 3150 5331 Turcoruur
3200 5277 3525 5348 imperium,
3559 5275 3703 5342 quod

2137 5353 2191 5404 in
2226 5346 2531 5403 Mahomete
2564 5351 2740 5418 primo
2770 5349 2955 5417 οωρίι,
2995 5348 3155 5401 ﬁnem
3200 5355 3452 5414 Spe-ratur
3486 5346 3706 5398 habitu-

2135 5436 2258 5475 rum
2297 5420 2350 5471 in
2396 5431 2595 5489 quarto
2637 5419 2803 5482 hujus
2840 5419 3098 5489 nominis.

2208 5490 2321 5561 (1'5)
2363 5483 2577 5561 Πάκτα,
2608 5504 2718 5561 non
2744 5498 2953 5561 tantum
2985 5502 3050 5561 es
3079 5485 3284 5561 Latinae
3315 5483 3547 5561 originis
3577 5498 3709 5561 pro-

2137 5555 2367 5628 prietate
2401 5560 2658 5614 dimintur
2691 5558 2921 5628 (adem,
2961 5559 3053 5610 sed
3084 5556 3247 5628 etiam
3284 5555 3484 5628 tributa
3508 5571 3570 5607 ex
3606 5555 3709 5628 frr-

2135 5622 2263 5683 ilere
2304 5630 2527 5695 debita;
2564 5622 2705 5681 unde
2768 5629 2909 5695 apud
2952 5625 3254 5680 Meursium
3303 5626 3357 5679 in
3405 5622 3708 5687 Glossario,

2138 5718 2206 5753 πο
2218 5702 2439 5752 κτιῶται
2470 5737 2483 5759 ,
2533 5698 2821 5751 tributarii.

2206 5771 2320 5840 (Η)
2357 5769 2412 5823 In
2448 5783 2676 5838 utroque
2708 5784 2811 5823 ms.
2839 5780 2920 5824 est
2958 5765 3418 5837 κατατπγήςεται.
