4090 6408
406 305 514 367 86Ἰ

1477 316 1900 380 NlCEPIIORl
1944 322 2419 385 PRESBYTERI
2461 312 2569 386 Cp.

3555 333 3662 397 861

406 421 499 490 qui
529 431 661 478 tunc
689 426 952 495 temporis
998 427 1052 484 in
1087 430 1368 486 montibus
1397 440 1451 485 et
1480 433 1754 499 speluncis
1806 433 1976 486 famu-

2087 435 2177 486 ὲπὶ
2211 434 2406 504 θύραις
2433 439 2778 510 ἐκδεχόμενοι
2812 443 2871 497 τὸ
2907 443 3051 513 μέγα
3080 444 3229 508 ἕλεος
3251 461 3267 477 ·
3304 448 3352 500 oi
3394 447 3669 513 γλυκύτα-

406 514 535 568 latni
561 516 744 572 divino
769 522 1076 576 consecrati
1108 522 1345 577 lati-bunt
1373 526 1387 579 !
1413 524 1539 593 quia
1565 525 1797 593 publica:
1826 528 1976 580 cala-

406 609 611 664 mitatis
657 621 992 678 Spectatores
1049 630 1154 668 non
1205 614 1333 669 facti
1361 657 1375 679 ,
1431 616 1571 670 intra
1615 619 1848 670 claustra
1881 632 1979 671 sua

2086 544 2168 579 τοι
2206 528 2392 599 άρνες,
2428 531 2476 583 οἱ
2530 532 2817 601 μέλλοντες
2871 534 3095 590 θύεσθαι
3137 538 3224 591 διὰ
3274 539 3511 611 Χριστὸν
3561 542 3669 596 ὑπὸ

2089 618 2183 671 τοῦ
2215 622 2453 692 πονηροῦ
2487 624 2741 695 δαίμονος
2768 627 2863 680 τοῦ
2903 629 3299 701 Ἀντιχρέστου.

405 705 1100 762 8ι“01“5ῘΠΙΙῐ1Ῐ801“Ῐο01’(ῘῘ31η
1140 709 1349 763 Domini
1396 726 1645 780 magnam
1690 711 2197 778 praestolabantur:
2265 715 2341 769 illi
2413 733 2607 789 nempe
2671 721 2981 778 suavissimi
3048 727 3210 796 agni,
3253 729 3408 797 quia
3441 730 3668 800 ncquis-

405 795 547 849 simo
577 797 824 854 daemone
856 799 1202 855 Antecliristo
1246 801 1450 858 Christi
1495 818 1659 858 causa
1711 803 1985 858 mactandi
2026 813 2175 860 sunt.

473 890 600 943 9J9.
635 888 774 944 Tum
805 907 934 946 vero
957 931 972 953 .
1008 893 1158 949 nullo
1203 895 1440 966 amplius
1488 896 1608 951 viro
1650 896 1848 952 illustri
1885 912 1983 951 su-

406 979 651 1046 perstite,
698 979 791 1035 sed
828 981 1083 1037 omnibus
1117 983 1487 1039 internecione
1521 983 1750 1049 deletis,
1797 981 1986 1038 cli‘eret

406 1082 528 1123 sese
567 1084 598 1123 e
626 1068 799 1124 Ponto
848 1071 1169 1127 muliercula
1225 1075 1421 1143 turpis,
1479 1073 1756 1152 hiondinm
1791 1073 1934 1128 dicta
1966 1112 1980 1134 .

405 1173 528 1226 quae
574 1159 858 1228 imperium
915 1161 969 1215 in
1025 1163 1245 1218 civita'c
1302 1165 1403 1219 hac
1456 1175 1787 1235 occupatura
1849 1175 1980 1221 est:

406 1251 511 1303 lilia
552 1252 640 1306 illa
685 1254 789 1306 erit
827 1253 1026 1308 diaboli
1064 1256 1272 1311 furiosa
1300 1297 1316 1321 ,
1370 1258 1597 1326 magicis
1637 1257 1850 1312 artibus
1882 1257 1984 1311 ad-

403 1342 566 1399 dicta.
606 1355 654 1396 et
686 1344 924 1399 virorum
962 1345 1398 1417 feminarumque
1441 1350 1721 1403 amoribus
1747 1349 1985 1404 eﬂlictim

402 1443 662 1488 aestuans.
694 1435 983 1505 Rrgnaute
1008 1438 1118 1503 illa,
1141 1442 1347 1494 mutuis
1374 1441 1604 1495 invicem
1640 1441 1861 1496 insidiis
1893 1441 1990 1494 im-

405 1536 615 1594 peteut;
675 1531 1040 1597 patrabuntur
1092 1535 1271 1588 caules
1320 1534 1373 1588 iu
1415 1534 1549 1590 vicis
1599 1543 1655 1590 et
1686 1534 1983 1598 domibus;

404 1626 558 1683 pater
589 1618 723 1679 lilio,
753 1629 806 1674 et
837 1621 979 1675 filius
1014 1625 1152 1691 patri
1180 1640 1194 1690 ;
1231 1634 1407 1678 mater
1447 1625 1599 1689 illim,
1640 1634 1695 1683 et
1721 1626 1835 1681 haec
1868 1626 1980 1682 illi:

2160 899 2282 956 σιθ⁹.
2311 902 2443 956 Τότε
2472 904 2529 958 δὲ
2550 905 2637 960 διὰ
2663 907 2721 959 τδ
2745 906 2821 977 μὴ
2846 902 2985 961 εἶναι
3011 908 3179 980 ἄνδρα
3208 912 3498 982 ὲπὲσημον,
3527 914 3664 970 ἀλλὰ

2085 989 2332 1051 ἅπαντας
2359 995 2456 1063 τῆς
2476 995 2772 1059 ἀπωλείας,
2798 1000 3162 1069 ἀναστήσεται
3192 1002 3413 1069 γύναιον
3435 1004 3662 1075 αἰσχρδν

2084 1083 2314 1136 Μύνδιον
2339 1084 2401 1137 ἐκ
2431 1084 2525 1138 τοῦ
2569 1085 2792 1152 Πόντου,
2827 1092 2918 1142 καὶ
2952 1089 3261 1160 βασιλεύσει
3300 1094 3357 1145 ὲν
3393 1097 3458 1164 τῇ
3511 1097 3666 1150 πόλει

2085 1175 2281 1247 ταύτῃ,
2313 1177 2411 1230 καὶ
2439 1177 2576 1249 αὐτὴ
2601 1178 2958 1251 βακχεύτρια,
2984 1180 3080 1235 τοῦ
3110 1183 3360 1237 διαϐόλου
3393 1187 3659 1257 θυγάτηρ,

2090 1266 2333 1336 μάγισσα
2360 1270 2454 1322 καὶ
2486 1269 3023 1345 ὀρρενοθηλυμανής.
3059 1277 3168 1329 Καὶ
3191 1277 3248 1329 ὲν
3277 1280 3394 1341 ταῖς
3432 1279 3667 1349 ἡμέραις

2085 1358 2293 1430 ταύτης
2324 1359 2535 1414 ἔσονται
2568 1361 3074 1432 άλληλοεπιόουλίαι
3123 1368 3216 1419 καὶ
3246 1369 3494 1438 σφαγμοὶ
3523 1368 3663 1422 κατὰ

2087 1451 2272 1521 ῥύμην
2307 1454 2401 1505 καὶ
2429 1452 2570 1507 κατὰ
2600 1454 2798 1523 οἰκίαν,
2834 1455 2931 1509 καὶ
2962 1457 3255 1524 σφάξουσιν
3286 1460 3398 1522 υίὸς
3429 1461 3659 1531 πατέρα,

2085 1543 2178 1595 καὶ
2203 1542 2384 1614 πατὴρ
2416 1545 2550 1609 υἱὸν,
2582 1546 2677 1599 καὶ
2716 1548 2899 1619 μήτηρ
2950 1547 3248 1619 θυγατέρα,
3277 1552 3372 1604 xui.
3413 1551 3660 1623 θυγάτηρ

2089 1632 2321 1704 μητέρα,
2353 1635 2447 1687 καὶ
2493 1634 2723 1704 άδελφδς
2756 1637 3003 1707 ἀδελφὸν,
3037 1640 3129 1692 καὶ
3164 1638 3319 1708 φίλος
3349 1641 3500 1710 φίλον
3523 1657 3538 1672 ·
3568 1643 3663 1696 καὶ

404 1709 571 1763 frater
603 1712 778 1770 fratri.
812 1715 1022 1770 amicus
1055 1717 1234 1770 amico
1270 1732 1453 1772 necem
1492 1719 1821 1787 molientur;
1856 1721 1976 1772 uul-

2088 1696 2247 1776 ἔσται
2272 1696 2439 1776 κακία
2472 1696 2650 1795 πολλὴ,
2670 1696 2762 1777 καὶ
2792 1696 2945 1794 μῖσος
2971 1696 3030 1778 ὲῖν
3070 1728 3136 1798 τῇ
3161 1696 3315 1780 πόλει
3339 1696 3531 1800 ταύτῃ,
3567 1729 3665 1781 καὶ

403 1797 487 1851 ius
511 1799 616 1853 erit
645 1802 888 1866 malitiae,
917 1805 1102 1860 nullus
1136 1807 1247 1860 odii
1281 1807 1475 1862 modus
1507 1809 1559 1861 iu
1601 1809 1820 1865 civitate
1854 1810 1976 1863 liae.

401 1886 549 1943 Intra
600 1891 961 1950 ecclesiarum
1000 1896 1232 1965 parietes
1261 1942 1276 1965 ,
1339 1899 1766 1970 intemperantiae
1796 1941 1811 1963 ,
1862 1903 1983 1955 lilii-

402 1981 593 2044 diues,
647 1982 853 2041 incesta
908 1992 1334 2057 grassabuntur;
1389 1993 1652 2056 citharae,
1716 1994 1980 2064 ιιίνιιιιίει,

403 2074 683 2145 tragmdire
717 2077 1002 2135 diabolicae
1026 2123 1041 2144 ,
1082 2084 1482 2151 cavillationes,
1532 2095 1588 2142 et
1622 2104 1779 2158 nugas
1825 2103 1981 2142 scur-

404 2167 532 2222 riles
552 2208 568 2236 ,
605 2174 784 2240 qualia
827 2191 924 2230 nec
950 2176 1085 2232 vidit
1116 2194 1210 2233 nec
1245 2179 1463 2235 visurus
1497 2191 1583 2237 est
1610 2193 1737 2237 ante
1767 2192 1981 2254 tempus

405 2258 536 2312 illud
569 2262 861 2330 quispiam,
904 2265 1008 2320 late
1044 2279 1407 2337 perstrepent.

472 2348 599 2404 220.
646 2353 847 2423 Regina
902 2357 1108 2427 quippe
1158 2358 1249 2413 illa
1288 2361 1661 2431 impurissima
1690 2405 1705 2431 ,
1741 2380 1841 2435 pro
1878 2365 1976 2421 dra

404 2455 464 2495 se
497 2440 670 2511 ipsam
712 2458 1011 2514 reputans,
1058 2450 1224 2505 Deum
1269 2452 1577 2520 lacessere,
1633 2467 1798 2528 atque
1844 2461 1980 2513 adeo

405 2533 664 2603 impetere
696 2537 859 2603 bello,
887 2550 941 2595 et
966 2542 1032 2595 ad
1063 2560 1295 2615 pugnam
1334 2562 1649 2615 provocare,
1685 2566 1790 2604 non
1819 2553 1981 2608 dubi-

405 2624 563 2679 tabit.
591 2625 682 2681 illa
730 2630 988 2683 sordibus
1020 2645 1269 2705 aspcrget
1299 2652 1455 2691 sacra
1490 2640 1681 2694 altaria
1710 2684 1725 2705 ,
1760 2642 1848 2697 ilia
1882 2659 1981 2715 po-

404 2719 587 2781 pulum
617 2735 833 2775 omnem
858 2726 1198 2793 turpitudine
1225 2744 1321 2782 sua
1349 2738 1398 2784 et
1426 2732 1727 2789 sceleribus
1751 2735 1976 2802 inficiet;

400 2816 652 2865 avertens
696 2812 891 2869 faciem
944 2833 1104 2872 suam
1148 2822 1383 2888 pessima
1411 2864 1425 2885 ,
1479 2827 1733 2895 spoliabit
1779 2832 1976 2896 templa

402 2902 547 2957 rasis
571 2906 862 2974 omnibus;
899 2911 1182 2980 conquiret
1212 2914 1453 2984 undique
1479 2920 1817 2976 venerandas
1849 2938 1977 2977 san-

2086 1813 2145 1864 ὲν
2176 1815 2296 1876 ταῖς
2341 1812 2657 1881 ἐκκλησίαις
2705 1814 2918 1869 ἔσονται
2960 1816 3240 1883 ἀσέλγειαι
3285 1820 3377 1871 καὶ
3406 1820 3659 1883 άσωτίαι,

2086 1905 2179 1958 καὶ
2208 1903 2538 1976 αἱμομιξίαι.
2567 1908 2664 1960 καὶ
2694 1906 2914 1979 κιθάραι
2955 1908 3049 1961 καὶ
3080 1910 3356 1979 ὀρχήσεις.
3389 1913 3481 1983 καὶ
3521 1928 3656 1981 τρα-

2084 1992 2277 2060 γῳδίαι
2305 1993 2615 2056 σατανικαὶ,
2656 1993 2747 2047 καὶ
2773 1993 3071 2064 χλευασμοὶ
3104 1997 3196 2048 καὶ
3230 1994 3481 2064 παίγνια,
3512 1997 3657 2067 ἅπερ

2082 2083 2367 2155 ἄνθρωπος
2395 2084 2520 2138 οὔτε
2559 2079 2720 2154 εἶδεν,
2753 2086 2878 2141 οὔτε
2924 2088 3051 2143 ίδείν
3080 2089 3367 2161 δυνήσεται
3414 2088 3519 2153 ἕως
3560 2088 3654 2142 τοῦ

2083 2178 2277 2251 καιροῦ
2308 2180 2542 2236 ἐκείνου.

2154 2366 2257 2422 σκ’.
2293 2366 2401 2422 Καὶ
2429 2368 2539 2438 γὰρ
2581 2368 2613 2439 ἡ
2668 2367 2878 2439 βασιλὶς
2926 2367 3107 2437 ἐκείνη
3158 2367 3486 2438 ἀκάθαρτος,
3527 2367 3658 2419 θεάν

2080 2461 2280 2531 ἑαυτὴν
2322 2461 2621 2531 πράτουσα,
2651 2462 2743 2516 καὶ
2780 2462 2899 2533 θεῷ
2930 2464 3212 2534 μαχομένη
3243 2463 3334 2516 καὶ
3365 2479 3660 2531 προαιρου-

2084 2551 2218 2622 μένη
2247 2552 2364 2619 μετ’
2392 2552 2558 2606 αὑτοῦ
2594 2551 2990 2606 παλαίσασθαι·
3026 2553 3121 2606 καὶ
3162 2553 3272 2623 γὰρ
3307 2552 3429 2605 τότε
3469 2554 3660 2622 κόπρῳ

2084 2647 2264 2716 μιανεῖ
2292 2645 2357 2697 τὰ
2405 2645 2535 2712 am
2564 2645 2942 2716 θυσιαστήρια,
2981 2648 3073 2698 καὶ
3119 2645 3216 2714 τῆς
3255 2646 3516 2719 αἰσχύνῃς
3562 2645 3660 2696 αύ-

2079 2735 2178 2805 τῆς
2224 2736 2424 2790 ἅπαντι
2472 2737 2739 2807 μιάσματι
2786 2739 2969 2807 μιανεῖ
3019 2738 3197 2790 πάντα
3244 2738 3336 2790 τὸν
3370 2736 3516 2801 λαὸν,
3564 2737 3658 2790 καὶ

2082 2826 2300 2896 στρέψει
2329 2827 2389 2880 τὸ
2417 2827 2706 2898 πρόσωπον
2744 2829 2915 2898 αὐτῆς
2955 2829 3123 2895 κακά,
3152 2830 3245 2883 καὶ
3283 2830 3519 2897 ἁρπάσει
3547 2830 3653 2881 πᾶν

2081 2920 2271 2984 σκεῦος
2290 2921 2351 2973 ἐκ
2378 2920 2468 2973 τοῦ
2491 2921 2745 2984 ναοῦ,καῖ
2760 2922 3101 2991 συναθροίσει
3117 2921 3213 2985 τὰς
3225 2922 3408 2991 τιμίας
3434 2921 3655 2992 μορφώ-

401 3001 616 3049 ctorum
648 2999 936 3068 imagines,
961 3017 1341 3062 sacrosanctas
1371 3026 1586 3075 cruces,
1613 3029 1771 3069 saera
1802 3014 1973 3069 Evan-

2084 3028 2194 3074 σεις
2237 3012 2345 3064 τῶν
2371 3013 2562 3081 ἁγίων,
2598 3015 2693 3067 καὶ
2747 3014 2870 3076 τοὺς
2892 3015 3107 3084 τιμίους
3148 3014 3439 3086 σταυροὺς,
3463 3016 3558 3067 καὶ
3590 3016 3657 3067 τὰ

400 3101 434 3155 g
468 3085 538 3140 lia
562 3125 577 3148 ,
624 3104 814 3146 onmes
850 3097 1218 3163 apostolorum
1265 3099 1465 3171 cliigies
1492 3144 1506 3163 ,
1564 3106 1795 3175 srriptos
1825 3108 1977 3162 deni-

398 3193 507 3247 que
548 3179 715 3235 iibros
757 3183 1084 3255 universos;
1140 3204 1202 3243 ea
1252 3206 1378 3246 vero
1414 3195 1467 3247 in
1509 3212 1674 3250 unum
1720 3211 1977 3270 congesta

398 3271 703 3337 cumulum,
732 3275 979 3344 subjecto
1015 3280 1163 3351 igne,
1194 3283 1247 3337 in
1277 3285 1490 3342 cineres
1518 3298 1572 3343 et
1605 3290 1816 3346 favillas
1840 3295 1981 3347 redi-‘-

400 3373 526 3433 get;
581 3367 844 3423 ecclesias
908 3387 1127 3442 quoque
1184 3377 1334 3444 ipsas
1395 3390 1634 3445 evertet;
1700 3384 1979 3456 indagubit

397 3454 565 3510 etiam
582 3468 900 3516 sanctorum
931 3464 1216 3534 reliquias,
1247 3469 1502 3525 similiter
1532 3454 1856 3542 perdendas,
1880 3478 1973 3532 Sed

399 3561 506 3598 non
540 3550 773 3617 reperiet
793 3590 807 3612 ,
835 3554 1199 3613 transferente
1252 3560 1372 3617 illas
1422 3563 1530 3617 Deo
1560 3566 1762 3622 virtute
1790 3568 1981 3625 invisi-

399 3636 492 3690 bili
533 3652 598 3693 ex
640 3641 740 3698 bac
778 3646 935 3701 urbe.
987 3646 1227 3703 Subruet
1266 3652 1465 3709 deinde
1509 3671 1723 3711 sacram
1768 3676 1978 3732 magme

396 3729 529 3785 redis
584 3730 798 3789 Sancta:
854 3735 1072 3807 Sopiiiae
1135 3756 1420 3811 mensam,
1487 3750 1796 3818 temploque
1858 3729 1978 3823 ipso

397 3829 624 3878 everso,
668 3834 952 3879 convertet
982 3842 1102 3881 sese
1133 3829 1199 3883 ad
1230 3830 1507 3888 Orientem
1537 3875 1553 3901 ,
1601 3840 1830 3893 multum
1871 3841 1978 3897 fre-

401 3922 574 3974 mens,
604 3921 658 3965 et
683 3915 1020 3972 Altissimum
1060 3922 1141 3977 sic
1175 3926 1512 3993 compellans
1542 3946 1556 3982 :
1596 3929 1740 3985 Nihil
1768 3945 1974 3990 morata

399 4013 545 4061 sum,
589 4016 624 4057 ο
653 4007 906 4076 quisquis
935 4025 995 4064 es
1030 4013 1123 4080 qui
1177 4011 1322 4069 Deus
1368 4015 1592 4084 diceris,
1637 4021 1822 4077 delere
1861 4041 1977 4078 me-

312 4158 321 4166 ‘
399 4093 629 4147 tnoriam
678 4105 825 4151 tuam
859 4115 890 4152 a
919 4099 1064 4157 faeie
1098 4111 1277 4169 terrm,
1308 4121 1434 4162 ecce
1465 4125 1627 4178 quam
1667 4113 1867 4181 injuria
1919 4127 1976 4173 et
2036 4104 2045 4119 ’

398 4181 584 4251 iniqua
613 4186 709 4239 tibi
748 4186 964 4254 fuerim,
1020 4201 1076 4246 et
1111 4194 1403 4263 uequivisti
1456 4202 1537 4255 vel
1574 4203 1742 4272 pilum
1778 4207 1974 4276 capitis

397 4273 500 4327 mei
530 4273 765 4335 laedere:
800 4295 1014 4336 morare
1042 4284 1337 4343 etiamnum
1376 4293 1673 4364 paulisper,
1712 4273 1972 4354 reserabo

2082 3103 2216 3171 ἆγια
2249 3104 2589 3173 Εὐαγγέλια,
2627 3106 2720 3158 καὶ
2759 3104 2977 3160 ἅπαντα
3032 3106 3350 3170 ἀπόστολον,
3386 3107 3479 3159 καὶ
3509 3105 3659 3160 ἅπαν

2078 3195 2357 3267 ἔγγραφον
2403 3195 2631 3265 βιϐλίον.
2656 3198 2751 3250 καὶ
2789 3198 3008 3269 ποιήσει
3040 3197 3214 3269 σωρὸν
3258 3199 3521 3269 μεγάλην,
3563 3199 3659 3252 καὶ

2080 3287 2316 3356 βαλοῦσα
2337 3286 2445 3359 πῦρ
2473 3288 2888 3361 κατατεφρὼσει
2912 3290 3110 3356 πάντα,
3131 3289 3222 3342 καὶ
3246 3290 3342 3354 τὰς
3359 3289 3655 3358 ἐκκλησίας

2080 3379 2466 3449 καταστρέψει,
2506 3382 2600 3434 καὶ
2628 3380 2854 3451 ζητήσει
2898 3382 3126 3449 λείψανα
3156 3381 3325 3450 ἁγίων
3366 3381 3460 3435 τοῦ
3510 3385 3653 3435 άπα-

2075 3471 2281 3540 λεῖψαι,
2323 3473 2416 3525 καὶ
2445 3475 2543 3543 οὑχ
2578 3474 2800 3544 εὑρήσει
2825 3489 2840 3508 ο
2869 3475 2897 3527 6
2929 3475 3038 3544 γὰρ
3068 3474 3201 3537 Θεὸς
3248 3475 3466 3547 ἀοράτῳ
3494 3474 3656 3529 δυνά-

2081 3582 2172 3634 μει
2221 3563 2442 3635 μετάξει
2488 3566 2628 3619 αὐτὰ
2682 3566 2794 3620 ἀπὸ
2842 3566 3005 3636 τῆσδε
3048 3569 3148 3638 τῆς
3200 3567 3427 3630 πόλεως.
3458 3569 3590 3621 Τότε
3619 3571 3654 3639 ἰι

2077 3660 2306 3713 τάταινα
2332 3660 2431 3728 τῆς
2459 3660 2702 3729 μεγάλης
2724 3660 3023 3732 ἐκκλησίας
3050 3662 3147 3730 τῆς
3181 3660 3274 3714 τοῦ
3297 3660 3430 3716 Θεοῦ
3455 3663 3655 3732 Σοφέας

2075 3751 2442 3821 καταστρέψει
2472 3754 2569 3821 τὴν
2619 3752 2786 3821 άγίαν
2829 3753 3124 3824 τράπεζαν,
3180 3753 3274 3806 καὶ
3303 3752 3362 3805 τὸ
3409 3756 3518 3805 πᾶν
3558 3751 3653 3805 τοῦ

2074 3845 2205 3897 ναοῦ
2252 3844 2617 3915 διαθρύψασα,
2648 3846 2903 3915 στήσεται
2933 3844 3074 3897 κατά
3112 3844 3398 3909 Ἀνατολὲς
3443 3861 3655 3914 φρυατο

2076 3938 2298 4007 τομένη,
2342 3938 2438 3990 καὶ
2473 3938 2592 4007 ὲρεῖ
2639 3935 2777 4007 πρὸς
2819 3935 2912 3989 τὸν
2949 3937 3212 4007 ’Ὕψιστον
3260 3936 3491 4004 λέγουσα
3514 3952 3530 3968 ο
3562 3934 3652 4005 Μὴ

2074 4029 2427 4099 κατώκνησα,
2493 4023 2537 4081 ὦ
2591 4028 2851 4098 λεγόμενε
2903 4028 3036 4095 θεὲ,
3087 4026 3381 4097 ἀπαλεῖψαι
3448 4045 3543 4081 σου
3595 4028 3655 4081 τὸ

2074 4120 2367 4188 πρόσωπον
2398 4120 2505 4172 ἀπὸ
2541 4120 2641 4186 τῆς
2662 4121 2767 4189 γῆς
2790 4132 2808 4150 ο
2849 4116 2959 4171 ἰδού
2984 4133 3067 4169 σοι
3097 4116 3150 4170 τί
3180 4116 3407 4182 ἔκαμον,
3433 4117 3526 4168 καὶ
3557 4115 3657 4168 οὐκ

2046 4212 2348 4282 ’ἡδυνήθης
2376 4211 2483 4265 κᾶν
2511 4210 2697 4281 τριχός
2732 4226 2833 4281 μου
2867 4209 3146 4279 ἅψασθαι·
3176 4211 3272 4262 καὶ
3300 4207 3407 4261 ίδοὺ
3441 4208 3655 4272 ἐκδεξσι

2077 4304 2296 4375 μικρὸν,
2320 4304 2414 4358 καὶ
2439 4303 2623 4375 χαλῶν
2649 4303 2709 4358 τὸ
2738 4303 3049 4374 στερέωμα,
3072 4303 3168 4356 καὶ
3192 4301 3490 4373 ἀνέρχομαι
3519 4302 3653 4370 πρὶς

399 4365 800 4424 ﬁrmamentqu
824 4380 880 4426 et
913 4374 1084 4431 caelos
1104 4384 1493 4453 conscendam,
1512 4399 1822 4455 expertura,
1850 4399 1972 4446 uter

2079 4365 2161 4464 σὲ,
2180 4365 2289 4452 ’καῖ
2317 4365 2584 4468 θεάσομαι
2615 4397 2700 4460 τίς
2725 4399 2752 4451 6
2783 4365 3178 4466 δυνατιὶιτεροςν,
3214 4365 3540 4465 καίψθιῐξομαι
3565 4365 3657 4457 ’τίς

397 4465 646 4513 nostrum
684 4467 958 4530 potentior
989 4470 1159 4525 altero
1190 4470 1495 4543 fortiorque
1522 4478 1594 4532 sit
1628 4480 1786 4535 Deus.
1815 4480 1966 4537 Tali-

398 4549 500 4605 bus
529 4561 691 4622 atque
729 4556 850 4612 aliis
881 4559 967 4614 ubi
1001 4561 1340 4622 insultaverit
1371 4569 1555 4638 putida
1596 4570 1685 4626 illa
1727 4575 1922 4629 mulier
1946 4615 1962 4639 ,

393 4654 553 4712 sputa
580 4646 897 4722 lapidesque
931 4654 982 4708 iu
1009 4657 1207 4713 coelum
1242 4660 1419 4715 mittet
1454 4662 1667 4724 insana.
1697 4666 1876 4735 quoad
1910 4669 1963 4722 in

394 4736 674 4805 graviores
703 4744 873 4799 etiam
905 4744 1274 4816 blaspliemias
1305 4764 1574 4824 erumpat.

480 4835 610 4891 921.
678 4837 773 4892 Illo
836 4850 1015 4897 autem
1078 4852 1320 4915 tempore
1382 4837 1628 4905 intendet
1697 4850 1964 4908 Dominus

397 4925 541 4983 Dens
591 4932 938 5002 omnipotens
978 4950 1166 4991 arcum
1202 4955 1361 4993 suum
1385 4980 1400 5006 ,
1442 4950 1497 4995 et
1535 4952 1763 4998 exacuet
1807 4944 1969 5001 velte-

396 5033 608 5079 menter
638 5026 772 5080 iram
818 5042 1013 5095 suam,
1051 5039 1106 5086 et
1139 5046 1264 5086 cum
1312 5034 1542 5088 terribili
1587 5036 1823 5104 potentia
1856 5034 1970 5091 for-

395 5115 646 5173 titudinis
688 5134 802 5174 sua:
834 5124 1093 5177 extendet
1144 5125 1427 5179 dexteram
1464 5143 1620 5182 suam
1657 5144 1824 5199 super
1870 5146 1968 5184 ur-

397 5206 520 5261 bem
550 5208 723 5278 hanc;
766 5220 822 5266 et
862 5213 1235 5283 apprehendet
1266 5232 1387 5271 eam
1423 5217 1475 5272 in
1508 5216 1828 5274 fortitudine
1851 5260 1867 5286 ,
1911 5230 1968 5276 et

397 5297 534 5355 falce
564 5303 824 5372 potentia:
869 5320 984 5361 sua:
1031 5307 1275 5363 succidet
1315 5308 1663 5367 fundamenta
1711 5313 1864 5384 ejus;
1913 5322 1970 5369 et

395 5389 684 5461 imperabit
714 5395 898 5464 aquis,
937 5405 1002 5452 ut
1050 5412 1212 5467 quam
1251 5410 1515 5472 perpetuo
1562 5405 1968 5471 sustinuerunt,

397 5488 527 5539 tunc
555 5486 816 5556 temporis
844 5487 1061 5557 penitus
1087 5488 1407 5563 demergant
1426 5505 1588 5565 atque
1614 5495 1967 5554 absorbeaut.

396 5575 565 5646 Aquae
597 5586 780 5634 autem
811 5578 960 5636 dicto
993 5581 1297 5648 audientes,
1340 5585 1612 5643 citissime
1643 5604 1769 5644 mox
1801 5603 1968 5646 cursu

398 5671 691 5744 sonituque
715 5674 956 5731 maxime
980 5689 1295 5748 erumpent,
1345 5680 1732 5751 convulsisque
1761 5696 1793 5738 e
1827 5692 1971 5740 terra

2075 4491 2105 4544 6
2133 4491 2476 4562 ἰσχυρότερος
2522 4491 2582 4543 ὲν
2628 4489 2790 4553 θεοῖς.
2823 4489 2934 4542 Καὶ
2968 4487 3142 4542 ταῦτα
3189 4486 3412 4558 λαλήσει
3446 4490 3477 4557 ἡ
3514 4486 3655 4554 γάγ-

2077 4599 2302 4654 γραινα,
2324 4582 2358 4653 ἢ
2382 4582 2476 4635 καὶ
2497 4581 2669 4634 πλείω
2685 4595 2699 4610 ⁸
2727 4583 2823 4634 καὶ
2842 4580 3030 4654 δράσει
3055 4581 3135 4643 είς
3158 4578 3291 4650 ὕψος
3311 4579 3652 4649 ὲμπτύουσα,

2075 4677 2171 4729 καὶ
2214 4674 2395 4739 λίθους
2444 4674 2759 4745 πέμπουσα,
2788 4673 2892 4737 ἕως
2936 4671 3115 4742 λέγειν
3170 4671 3343 4742 αὐτῆς
3375 4671 3443 4726 τά
3486 4671 3653 4725 δεινό-

2075 4782 2232 4819 τερα.

2139 4784 2292 4908 ἰῗιοῖ.
2345 4850 2435 4906 Ἐν
2466 4850 2546 4923 τῷ
2576 4850 2752 4922 καιρῷ
2780 4851 2976 4921 ἐκείνῳ
3011 4850 3187 4904 κλινεῖ
3222 4849 3429 4922 Κύριος
3465 4854 3494 4905 6
3525 4852 3656 4914 Θεὸς

2073 4945 2105 4999 6
2136 4942 2536 5015 παντοκράτωρ
2566 4943 2627 4996 τὸ
2669 4942 2824 5008 τόξον
2857 4942 3025 4995 αὑτοῦ
3048 4944 3143 4996 καὶ
3182 4943 3272 4998 τὸν
3297 4944 3532 5016 ἄκρατον
3564 4943 3656 4995 θυ-

2080 5040 2182 5110 μὸν
2211 5038 2402 5104 αὐτοῦ,
2455 5039 2550 5093 καὶ
2601 5038 2810 5109 φοϐερᾷ
2845 5038 3073 5108 δυνάμει
3117 5040 3212 5109 τῆς
3265 5038 3443 5108 ἰσχύος
3491 5038 3655 5091 aito-3

2075 5131 2287 5182 txtevsi
2310 5130 2409 5199 τὴν
2443 5130 2602 5201 χεῖρα
2643 5128 2809 5181 αὐτοῦ
2837 5128 2934 5180 ἐπὶ
2977 5128 3076 5199 τὴν
3109 5129 3262 5181 πόλιν
3288 5127 3491 5198 ταύτην
3512 5143 3527 5157 ο
3560 5128 3658 5180 aut

2075 5221 2332 5295 δράεεται
2362 5221 2535 5290 αὐτῆς
2570 5221 2626 5274 ὲν
2659 5219 2823 5291 ἰσχύϊ,
2859 5221 2957 5274 καὶ
2992 5218 3069 5289 τῷ
3100 5219 3355 5290 δρεπάνῳ
3381 5220 3478 5289 τῆς
3502 5219 3660 5271 δυνά-

2080 5332 2229 5385 μεως
2280 5312 2447 5367 αὑτοῦ
2499 5313 2764 5383 ύποτεμεῖ
2807 5311 2900 5366 τὸν
2949 5310 3081 5383 χοῦν
3111 5311 3205 5364 τὸν
3253 5311 3511 5364 ὑποκάτω
3557 5310 3657 5379 τῆς

2081 5407 2312 5471 πόλεως’
2344 5407 2441 5460 καὶ
2470 5407 2587 5476 ἐρεῖ
2611 5407 2725 5466 τοῖς
2749 5403 2959 5467 ὕδασιν,
2989 5404 3099 5464 τοῖς
3120 5403 3215 5455 ἀπ’
3243 5402 3437 5463 αἰῶνος
3459 5401 3659 5470 βαστά-

2077 5498 2267 5563 ζουσιν
2313 5496 2504 5568 αὐτὴν,
2540 5495 2637 5550 τοῦ
2668 5496 2955 5549 καταπιεῖν
2983 5494 3155 5562 αὐτήν
3176 5511 3189 5524 -
3222 5492 3366 5563 άπερ
3409 5493 3657 5564 φοϐερῶς

2080 5586 2472 5643 ὑπακούσαντα
2518 5587 2672 5658 τάχει
2714 5585 2928 5657 σφοδρῷ
2984 5585 3081 5639 καὶ
3120 5586 3236 5657 ἤχῳ
3296 5584 3656 5655 φοϐερωτάτῳ

2080 5681 2485 5753 ἁναδρύσουσιν
2534 5680 2726 5750 αὐτὴν,
2776 5680 2872 5733 καὶ
2911 5677 2970 5732 τὸ
3018 5678 3275 5733 ὑποκάτω
3317 5678 3490 5746 αὐτῆς
3523 5678 3657 5729 ἀνα-
