4090 6444
467 410 574 474 865

1634 411 1811 473 VlTA
1851 411 1913 471 S.
1954 410 2290 473 ANDREIE
2329 412 2518 475 SALI.

3613 413 3722 479 866

471 495 667 575 σπάσέι
692 519 802 576 ἀπὸ
828 523 928 592 τῆς
954 524 1081 592 γῆς,
1103 521 1200 575 καὶ
1225 524 1350 594 ἀρεῖ
1374 523 1546 593 αὐτὴν
1576 524 1655 587 εἰς
1688 522 1819 594 ὕψος
1844 524 1920 588 ὡς
1947 524 2036 593 μύ-

2145 522 2558 589 fundamentis,
2627 522 2896 580 sublatam
2961 526 3016 579 in
3070 525 3238 580 altum
3306 527 3496 584 urbem
3549 527 3720 584 instar

467 615 558 667 λον
589 612 1073 684 γυροϐολούμενον,
1112 612 1252 668 ὥστε
1282 616 1403 678 τοὺς
1432 616 1491 668 ὲν
1528 615 1677 684 μέσῳ
1705 616 1805 684 τῆς
1834 615 2043 679 πόλεως

467 707 526 758 ἐν
558 704 729 777 φρίκῃ
770 704 938 776 πολλῇ
991 704 1121 777 βοᾷν
1151 706 1234 770 τὸ,
1283 707 1420 760 Οὐαί
1444 723 1461 739 ⁸
1516 709 1610 761 καὶ
1639 708 1801 762 πάλιν
1835 709 2043 777 ταχέως

467 797 888 868 κατενεχθείσης
932 799 1100 866 αὐτῆς
1134 799 1400 865 κάτωθεν,
1432 801 1528 852 καὶ
1564 801 1632 854 si
1660 800 2043 871 ἀναϐρύσαντα

466 887 636 942 ὕδατα
682 888 928 959 σφοδρῶς
959 889 1398 957 κατακλύσαντα,
1438 893 1531 945 καὶ
1579 892 2043 963 κατακαλύψαντα

467 979 543 1049 τῷ
570 980 788 1051 φοϐερῷ
818 982 913 1034 καὶ
949 983 1145 1052 ἀχανεῖ
1185 982 1412 1051 πελάγει
1444 984 1543 1053 τῆς
1576 985 1816 1039 ἀϐύσσου
1861 1001 2045 1056 παρα-

466 1072 779 1142 πέμψαντα.
841 1072 1028 1138 Οὕτως
1073 1073 1189 1138 οὖν,
1233 1078 1425 1128 τέκνον
1483 1094 1609 1146 μου,
1656 1078 1963 1147 Ἐπιφάνιε,
2011 1077 2045 1146 ἡ

465 1163 620 1227 πόλις
654 1164 813 1235 ἡμῶν
861 1165 1372 1238 συντελεσθήσεται,
1407 1169 1501 1221 καὶ
1546 1168 1691 1240 ἆπερ
1725 1186 1808 1222 σοι
1843 1169 2043 1238 εἴρηκα

465 1252 691 1306 ὕπισθεν
729 1254 785 1307 τί
831 1255 1088 1325 μέλλουσι
1138 1258 1217 1325 τῷ
1263 1258 1454 1328 κόσμῳ
1499 1258 1648 1311 δεινά
1696 1259 2038 1327 συμϐαίνειν,

465 1346 650 1400 ἐκεῖνά
687 1347 848 1412 εἰσιν,
889 1348 1036 1417 ἅπερ
1066 1351 1094 1403 ὁ
1132 1348 1332 1420 Κύριος
1379 1350 1588 1420 Ἰησοῦς
1631 1353 1864 1425 Χριστὸς
1891 1354 2045 1424 εἰρη-

465 1456 560 1493 κεν
590 1442 766 1513 ἀρχὴν
795 1437 937 1495 εἶναι
970 1441 1192 1501 ὀδυνῶν.

2152 614 2308 670 mola:
2346 617 2401 669 in
2432 614 2619 669 orbem
2678 614 2986 686 gyrabunt,
3043 615 3181 671 adeo
3231 625 3289 671 ut
3341 618 3434 687 qui
3491 620 3720 673 mediam

2150 707 2434 768 incolunt,
2494 707 2802 762 veltenu-nti
2858 716 3004 761 metu
3057 709 3296 778 correpti
3346 710 3721 766 tristissimum

2148 799 2443 854 clamorem
2476 800 2729 855 emissuri
2775 800 2888 854 sint
2919 819 2932 854 :
2964 800 3196 855 delatam
3231 817 3360 855 vero
3391 817 3519 857 mox
3563 804 3722 859 deor-

2150 907 2273 947 sum
2305 892 2369 944 atl
2398 894 2576 946 locum
2610 908 2772 947 suum
2804 893 2993 946 urbem
3024 894 3346 950 invadentes
3373 910 3530 964 aqua:
3556 897 3723 950 velte-

2152 983 2320 1039 tnenti
2351 998 2474 1038 cum
2505 984 2709 1053 impetu
2739 983 3053 1054 demergent
3080 1022 3097 1048 ,
3136 995 3191 1040 et
3224 996 3496 1056 receptam
3529 988 3583 1041 in
3620 997 3723 1042 ter-

2153 1075 2298 1129 ribili
2348 1083 2515 1145 atque
2563 1076 2831 1130 immensa
2885 1077 3056 1144 pelagi
3096 1078 3296 1148 abysso
3342 1079 3722 1134 occultabant.

2147 1165 2325 1236 Atque
2355 1165 2458 1221 iste
2499 1167 2749 1231 tandem,
2784 1168 2856 1222 tili
2891 1168 2968 1223 mi
3013 1168 3309 1238 Epiphani,
3347 1172 3528 1226 exitus
3573 1174 3723 1228 urbis

2149 1269 2350 1314 nostrae
2378 1259 2597 1314 futurus
2631 1269 2746 1326 est;
2786 1276 2909 1328 qua:
2949 1276 3079 1316 vero
3120 1262 3281 1318 modo
3306 1264 3525 1318 narravi
3556 1279 3722 1319 evcnc

2150 1361 2269 1405 tura
2303 1352 2534 1415 mundo,
2563 1351 2890 1420 principium
2933 1353 3182 1408 dolorum
3212 1365 3377 1422 sunt,
3423 1357 3569 1425 quod
3615 1355 3722 1410 Do-

2153 1441 2338 1495 minus
2367 1439 2531 1496 Jcsus
2558 1441 2815 1496 Christus
2845 1442 3004 1496 dixit.

1860 1578 2090 1634 CAPUT
2133 1577 2322 1633 XXVI.

1193 1696 1269 1752 De
1296 1695 1500 1753 Judwis
1530 1708 1580 1753 et
1616 1698 1962 1765 Antidtristo,
1989 1699 2209 1769 ejusque
2238 1700 2523 1769 tyrannide
2554 1715 2616 1751 ac
2649 1699 2830 1752 mundi
2869 1699 2993 1769 ﬁne.

536 1817 675 1889 σκβ¹.
722 1814 856 1872 Εἶτα
908 1816 1048 1886 μετά
1079 1817 1179 1888 τὴν
1215 1817 1546 1891 παρέλευσιν
1593 1817 1696 1888 τῆς
1737 1817 1943 1880 πόλεως
1989 1817 2036 1870 τί

2225 1816 2353 1872 29:2.
2399 1815 2530 1871 Post
2560 1817 2839 1871 interitum
2871 1817 3069 1872 deinde
3112 1817 3263 1872 urbis
3303 1833 3502 1873 novum
3551 1819 3720 1891 impeo

462 1908 771 1978 τηνικαῦτα
791 1908 860 1965 τά
883 1909 986 1980 τῆς
1005 1909 1284 1980 βασιλείας
1306 1908 1648 1964 συνίσταται.
1671 1910 1827 1971 Τινὲς
1857 1924 2042 1977 φασιν,

461 2003 544 2058 ὅτι
604 2002 746 2072 μετὰ
787 2001 851 2055 τὸ
893 2002 1171 2073 πλήρωμα
1224 2003 1326 2072 τῆς
1363 2002 1474 2055 τῶν
1522 2000 1692 2055 ἐθνῶν
1744 2000 2041 2071 βασιλείας,

464 2094 792 2166 μελλήσεται
822 2097 850 2148 ὁ
874 2094 1009 2158 Θεὸς
1046 2097 1115 2148 τὰ
1151 2094 1512 2165 θεόσκηπτρα
1558 2093 1773 2165 Ἰσραὴλ
1805 2092 2043 2161 ἀναστῆ-

460 2201 554 2238 σαι
583 2185 721 2254 πρὸς
737 2186 798 2238 τὸ
823 2184 1146 2256 βασιλεῦσαι
1169 2185 1232 2238 τὸ
1258 2184 1445 2239 λοιπὸν
1491 2183 1627 2255 πρὸς
1654 2183 2043 2254 ἀναπλήρωσιν

459 2275 555 2329 τοῦ
609 2276 842 2346 ἑϐδόμου
899 2276 1122 2341 αἰῶνος,
1174 2278 1434 2347 φέροντες
1493 2278 1573 2339 είς
1622 2276 1931 2347 μαρτυρίαν
1984 2275 2066 2329 τὸ·

461 2371 566 2422 ὑπὸ
628 2368 853 2423 Ἡσαΐου
915 2371 1249 2440 εἰρημένον·
1285 2386 1305 2420 ι
1347 2370 1457 2423 Καὶ
1507 2370 1565 2422 ἐν
1620 2372 1738 2432 ταῖς
1786 2370 2042 2441 ἐσχάταις

459 2462 718 2532 ἡμέραις,
750 2461 938 2531 φησὶν,
974 2462 1100 2531 ἀρεῖ
1149 2461 1354 2529 Κύριος
1380 2461 1410 2513 ὀ
1435 2460 1568 2525 Θεὸς
1616 2462 1842 2530 σημεῖον
1889 2462 1949 2514 ἐν
1972 2464 2040 2532 τῇ

460 2552 858 2624 συμπληρώσει
931 2554 1044 2605 τῶν
1091 2552 1265 2606 ἐθνῶν
1309 2552 1404 2606 ἐπὶ
1454 2552 1633 2607 πάντα
1666 2552 1737 2606 τὰ
1792 2552 2041 2622 πρόϐατα

469 2644 667 2710 Ἰούδα,
700 2647 767 2697 τὰ
797 2643 1263 2715 διεσκορπισμένα
1293 2645 1352 2698 ἐν
1368 2646 1481 2707 τοῖς
1509 2645 1709 2710 ἔθνεσι,
1742 2647 1836 2700 καὶ
1871 2645 2039 2699 συνά-

458 2735 538 2800 ξει
566 2737 694 2798 τοὺς
724 2735 1084 2805 ἀπωσμένους
1120 2732 1340 2807 Ἰσραὴλ
1377 2738 1442 2806 τῇ
1474 2735 1608 2804 ἁγίᾳ.
1648 2735 1799 2789 πόλει
1843 2737 2040 2808 Ἰερου·

457 2828 664 2898 σαλὴμ,
711 2830 807 2881 καὶ
853 2828 1006 2880 ἐσται
1055 2826 1133 2895 τῷ
1195 2827 1428 2897 Ἰσραὴλ,
1485 2827 1561 2893 ὡς
1616 2831 1683 2899 τῇ
1733 2829 1940 2899 ἡμέρᾳ,
2002 2822 2036 2904 ᾖ

459 2918 688 2988 ἐξῆλθεν
714 2921 780 2972 ἐκ
812 2919 913 2989 γῆς
945 2916 1246 2986 Αἰγύπτου.
1275 2934 1295 2968 ι
1334 2917 1445 2969 Καὶ
1476 2917 1582 2986 μὴν
1612 2918 1707 2970 καὶ
1731 2918 1792 2970 τὸ
1817 2919 1922 2970 ὑπὸ
1941 2918 2036 2970 τοῦ

461 3012 735 3081 μακαρίου
763 3009 1087 3064 Ἀποστόλου
1113 3010 1426 3079 εἰρημένον,
1452 3007 1657 3064 ι”Οταν
1679 3009 1740 3062 τὸ
1762 3010 2037 3081 πλήρωμα

458 3102 567 3157 τῶν
600 3100 769 3155 ἐθνῶν
796 3100 942 3171 ἥξει,
972 3102 1095 3153 τότε
1124 3102 1232 3161 πᾶς
1272 3098 1493 3169 Ἰσραὴλ
1519 3099 1845 3169 σωθήσεται.
1876 3117 1895 3150 ι
1923 3097 2034 3152 Καὶ

2150 1909 2291 1964 rium
2321 1909 2708 1965 constituetur.
2740 1906 2881 1963 Sunt
2906 1910 2999 1978 qui
3030 1919 3367 1973 asseverent,
3399 1910 3541 1979 quod
3574 1912 3721 1966 linito

2146 2001 2389 2071 gentium
2457 2017 2662 2070 regno,
2731 2002 3073 2057 excitaturus
3138 2001 3210 2056 sit
3275 2001 3420 2056 Deus
3480 2002 3722 2057 divinum

2149 2091 2361 2146 Israelis
2407 2091 2738 2167 imperium,
2789 2091 3068 2159 regnaturi
3124 2092 3385 2161 deinceps
3445 2108 3615 2162 usque
3657 2093 3722 2146 ad

2146 2180 2308 2236 linem
2367 2181 2556 2236 saeculi
2612 2181 2827 2249 septimi
2888 2198 2902 2234 :
2956 2191 3122 2250 utque
3180 2182 3339 2236 ﬁdem
3399 2182 3557 2237 dictis
3609 2185 3722 2239 suis

2145 2285 2397 2330 astruant
2444 2275 2910 2344 proferuntlsaia:
2964 2276 3333 2330 testimonium
3363 2318 3380 2343 ,
3435 2277 3665 2332 dicentis
3704 2292 3719 2328 :

2148 2384 2167 2417 ι
2204 2365 2262 2420 In
2313 2366 2630 2422 novissimis
2666 2366 2859 2421 diebus
2905 2367 3102 2421 levabit
3148 2368 3410 2421 Dominus
3456 2366 3597 2422 Deus
3645 2368 3722 2422 si-

2141 2471 2308 2524 gnum
2354 2458 2407 2510 in
2455 2459 2987 2513 consummaliOuem
3029 2460 3271 2528 gentium
3326 2476 3492 2529 super
3531 2474 3723 2514 omnes

2142 2563 2271 2603 ovrs
2299 2545 2459 2612 Juda,
2491 2564 2614 2618 qua:
2650 2550 2703 2602 in
2738 2551 2995 2616 gentibus
3025 2552 3287 2620 dispersae
3315 2560 3463 2615 sunt,
3493 2558 3547 2603 et
3590 2565 3722 2605 con-

2141 2639 2389 2709 gregabit
2424 2639 2890 2709 perditoslsrael
2946 2641 2999 2694 in
3050 2651 3238 2695 sancta
3285 2642 3508 2696 civitate
3560 2634 3722 2695 Jerul

2140 2731 2308 2785 salem
2333 2771 2348 2797 ,
2396 2740 2451 2784 et
2497 2731 2603 2785 erit
2654 2731 2823 2785 Israel
2873 2731 3010 2786 sicut
3043 2732 3180 2795 dies,
3215 2734 3434 2801 quando
3468 2747 3722 2801 egressus

2138 2832 2222 2877 est
2256 2837 2323 2878 ex
2366 2832 2508 2877 terra
2559 2821 2781 2894 Egypti
2818 2823 2933 2893 (34)
2965 2824 3035 2878 ⁵³.
3080 2843 3099 2875 ι
3147 2823 3284 2877 Tum
3326 2824 3454 2878 illud
3502 2840 3722 2893 quoque

2137 2916 2385 2986 Apostoli
2430 2916 2664 2985 allegant
2717 2934 2731 2970 :
2793 2934 2812 2967 ι
2863 2916 3094 2983 Quando
3150 2917 3430 2987 plenitudo
3479 2920 3719 2986 gentium

2140 3009 2354 3071 veniet,
2403 3019 2532 3062 tunc
2566 3008 2749 3063 omnis
2792 3009 2960 3065 Israel
2990 3010 3175 3064 salvus
3194 3011 3297 3064 erit
3331 3011 3398 3065 ⁸⁷⁵.
3435 3029 3452 3061 ι
3486 3010 3567 3065 Ita
3596 3011 3721 3080 qui-

2139 3103 2263 3155 dem
2299 3100 2375 3154 illi
2405 3115 2514 3154 non
2546 3100 2969 3171 incongruenter
3000 3102 3320 3171 loquuntur.
3362 3102 3560 3157 Beatus
3591 3118 3721 3158 vero

455 3189 601 3248 οὗτοι
629 3194 730 3264 μὲν
758 3192 901 3246 οὕτω
930 3193 1147 3260 λέγουσι
1197 3191 1292 3255 καὶ
1324 3192 1698 3260 ίσοφωνοῦσιν.
1723 3191 2033 3255 Ἱππόλυτος

2143 3191 2464 3262 Hippolytus
2507 3193 2772 3260 scriptum
2807 3193 3064 3262 reliquit,
3109 3209 3204 3263 per
3241 3194 3534 3249 adventum
3564 3194 3721 3248 Anti-

454 3286 512 3339 δὲ
546 3287 574 3337 ὁ
607 3285 877 3355 μακάριος
900 3284 1126 3355 ἔφησεν,
1155 3283 1237 3336 ὃτι
1262 3285 1320 3338 ἐν
1346 3287 1412 3354 τῇ
1438 3283 1707 3355 ἐπιδημίᾳ
1730 3283 1825 3336 τοῦ
1860 3283 2035 3337 Ἀντι-

457 3378 681 3448 χρίστου
743 3376 951 3444 πρῶτοι
1014 3375 1258 3430 Ἰουδαῖοι
1334 3376 1809 3446 πλανηθὴσονται·
1866 3377 1963 3429 καὶ
2007 3375 2036 3428 ὁ

454 3472 689 3542 Χριστὸς
740 3470 1290 3541 ἐπιμαρτυρούμενος
1335 3468 1507 3540 αύτῷ.
1536 3469 1672 3541 πρὸς
1717 3470 1844 3533 τοὺς
1902 3468 2036 3523 ’1ου-

454 3565 639 3628 ὂαίους
674 3560 862 3630 ἔλεγεν
902 3561 985 3614 ὅτι
1023 3578 1042 3613 ι
1080 3559 1223 3629 Ἐγὼ
1276 3555 1443 3630 ἦλθον
1488 3560 1548 3612 ἐν
1579 3560 1657 3629 τῷ
1685 3561 1910 3628 ὀνόματι
1937 3557 2033 3611 τοῦ

461 3656 671 3726 Πατρός
701 3668 827 3723 μου,
850 3654 946 3705 καὶ
971 3652 1032 3705 ού
1065 3651 1374 3722 λαμϐάνετέ
1407 3667 1474 3720 με
1499 3666 1513 3681 ·
1548 3650 1708 3712 ἄλλος
1753 3648 2034 3704 ἐλεύσεται

455 3746 617 3818 ἐντῷ
669 3746 784 3817 ἰδίῳ
829 3744 1078 3815 ὀνόματι,
1127 3745 1376 3798 κάκεῖνον
1424 3741 1805 3814 λήψεσθεοὸτι
1854 3744 1913 3795 ἐν
1963 3745 2032 3813 τῇ

456 3838 702 3910 ἁμαρτίᾳ
731 3837 885 3908 ὑμῶν
908 3836 1294 3892 ἀποθανεῖσθε.
1330 3852 1351 3888 ι

530 3938 670 4001 cur.
704 3931 825 3988 Ὀτι
876 3928 974 4000 μὲι
1021 3928 1114 3986 οὖν
1154 3931 1371 3998 συνάξει
1412 3927 1610 3991 αὐτοὺς
1663 3928 1721 3981 ἐν
1757 3929 1826 3999 τῇ
1880 3925 2033 3980 πόλει

466 4022 847 4100 Ἰερουσαλὴμ,
905 4022 1002 4077 καὶ
1054 4025 1122 4076 τὰ
1178 4022 1359 4076 αὐτῶν
1425 4020 1610 4081 αὐτοῖς
1661 4015 2031 4073 ἀνταποδώσει

457 4120 503 4192 [.
534 4161 547 4176 .
572 4159 588 4176 .
618 4158 634 4174 .
663 4118 706 4190 .j
744 4119 891 4180 ὅπως
924 4115 1020 4169 τοῦ
1051 4112 1487 4185 διασκορπισμοῦ
1527 4108 1704 4184 [εἷπον
1729 4110 1830 4182 τὴν
1877 4107 2032 4163 ἀπώ-

456 4213 627 4277 λειαν,
662 4210 713 4261 εἰ
746 4206 904 4262 τοῦτο
938 4205 1109 4260 πάλαι
1164 4204 1441 4275 ἐποίησεν,
1498 4200 2032 4270 ἀποκαταστατήσας

453 4306 526 4360 τὰ
563 4305 722 4377 ἡμῶν
750 4298 936 4374 (55)],,
958 4301 1127 4356 πάλαι
1155 4300 1219 4355 ἂν
1255 4300 1659 4366 ἐπιστεύσαμεν
1678 4297 1758 4367 τῷ
1786 4293 2027 4367 Χριστῷ,

454 4399 553 4469 τὴν
605 4396 862 4469 ἀφορμὴν
921 4396 1014 4448 τοῦ
1088 4396 1250 4465 φόνου
1318 4391 1640 4459 ἐξώσαντες,
1694 4390 1790 4444 τοῦ
1844 4389 2031 4440 ἐνεκεν

455 4601 547 4636 σεν
568 4599 581 4613 ·
612 4582 706 4637 νῦν
733 4582 789 4635 δὲ
820 4579 1176 4649 συναχθέντες
1218 4578 1315 4632 καὶ
1348 4576 1414 4630 τά
1453 4574 1634 4628 αὐτῶν
1664 4572 2030 4637 ἀπολαϐόντες

454 4678 513 4728 ὲν
544 4677 609 4743 τῇ
639 4673 777 4742 αὐτῇ
807 4669 1035 4742 ἀπιστίᾳ
1067 4670 1372 4740 μείναντες,
1412 4667 1529 4730 πῶς
1558 4666 1916 4737 σωθήσονται,
1946 4665 2040 4716 εύ-

454 4766 591 4828 θέως
619 4763 714 4818 τοῦ
757 4762 1127 4833 Ἀντιχρίστου
1173 4760 1471 4832 ἐρχομένου
1509 4761 1567 4812 ἐν
1612 4758 1767 4828 μέσῳ
1812 4746 2036 4816 αὐτῶνς

451 4851 498 4924 ᾧ
523 4856 618 4909 καὶ
652 4853 930 4909 πιστεύειν
970 4852 1248 4925 μέλλουσι,
1274 4850 1415 4904 κατὰ
1451 4851 1549 4920 τὴν
1580 4847 1819 4918 φοϐερὰν
1845 4847 2029 4917 φωνὴν

453 4946 547 5000 τοῦ
576 4946 704 5000 Υἱοῦ
737 4945 832 5000 τοῦ
875 4944 1040 4999 Θεοῦ·
1080 4944 1214 5008 Θεὸς
1264 4943 1373 5014 γὰρ
1399 4942 1462 4994 οὐ
1492 4942 1772 5013 ψεύδεται,
1807 4942 1834 4993 ὁ
1867 4956 2027 5010 μονο-

454 5039 641 5110 γενὴς,
663 5040 692 5094 ό
711 5039 882 5093 εἰπών
905 5056 919 5070 ·
949 5056 968 5092 ι
991 5036 1132 5107 Ἐγώ
1152 5038 1270 5107 εἰμι
1298 5037 1332 5106 ἡ
1365 5036 1644 5105 ἀλήθεια.»
1675 5036 1823 5096 Τέως
1846 5032 1943 5086 καὶ
1972 5034 2030 5084 ἐν

453 5132 532 5203 τῷ
561 5131 789 5198 συνάξαι
823 5130 1045 5197 αὐτοὺς,
1079 5132 1137 5183 ἐν
1164 5127 1402 5200 πρώτοις
1440 5128 1538 5198 τῆς
1570 5127 1867 5194 ἀπολογίας
1898 5123 2031 5177 ταύ-

454 5242 554 5296 της
591 5223 787 5286 αὐτοὺς
819 5222 1188 5293 ἀποστερήσει
1212 5235 1227 5249 ³
1275 5219 1369 5272 καὶ
1405 5218 1512 5289 γὰρ
1543 5218 1570 5272 ὁ
1616 5215 1823 5279 Παῦλος
1855 5213 2031 5285 σωθῆ-

2141 3285 2331 3337 cbristi
2365 3284 2574 3355 primos
2598 3286 2651 3338 in
2679 3300 2919 3338 errorem
2952 3285 3287 3339 inducendos
3315 3300 3438 3341 esse
3459 3283 3717 3352 iudmos;

2137 3390 2371 3444 (ιυουυιιι
2404 3387 2457 3430 et
2485 3376 2688 3431 Christi
2741 3377 3114 3432 testimonium
3153 3378 3450 3442 consentit,
3486 3377 3537 3430 in
3574 3376 3721 3431 hunc

2144 3467 2365 3522 modum
2415 3465 2634 3523 Judmos
2688 3469 3016 3538 appellantis
3054 3485 3068 3523 :
3107 3488 3125 3520 ι
3174 3468 3287 3540 Ego
3335 3471 3458 3524 veni
3513 3470 3567 3524 in
3618 3486 3721 3524 no-

2140 3560 2287 3616 mine
2320 3560 2499 3616 Patris
2529 3561 2672 3625 mei,
2702 3571 2758 3617 et
2783 3577 2890 3615 non
2923 3560 3173 3631 accipitis
3204 3578 3327 3628 me;
3362 3563 3505 3620 alius
3536 3566 3718 3620 veniet

2139 3652 2194 3706 in
2225 3652 2446 3709 nomine
2474 3666 2598 3715 suo,
2624 3662 2678 3706 et
2699 3652 2852 3707 illum
2876 3647 3193 3722 accipietis;
3221 3653 3350 3722 quia
3389 3653 3445 3708 in
3473 3657 3715 3724 peccatis

2137 3744 2334 3800 vestris
2365 3745 2673 3800 moriemini
2696 3744 2767 3800 ”.
2810 3763 2831 3797 ι

2203 3925 2331 3981 223.
2364 3924 2594 3992 Quando
2632 3924 2884 4005 videlicet
2918 3926 3267 3997 congregabit
3303 3927 3452 3997 ipsos
3492 3928 3546 3982 in
3573 3929 3713 3984 civi-

2136 4028 2247 4073 tate
2294 4017 2598 4072 Jerusalem
2642 4027 2695 4072 et
2748 4017 2909 4088 digna
2961 4017 3170 4071 met-itis
3222 4018 3474 4074 mercede
3528 4035 3714 4076 remu-

2135 4110 2438 4165 nerabitur.
2477 4107 2777 4180 [Videntes
2805 4109 2949 4163 enim
2980 4106 3167 4162 abillo
3203 4119 3560 4164 restauralam
3599 4126 3712 4166 suae

2135 4200 2493 4271 dispersionis
2522 4197 2853 4271 perniciem]
2894 4201 2947 4254 in
2983 4199 3323 4269 dispersione
3366 4215 3429 4254 ac
3489 4202 3711 4258 interitu

2134 4307 2237 4349 suo
2260 4292 2462 4348 dicturi
2486 4299 2615 4345 sunt
2641 4308 2655 4345 :
2679 4290 2737 4344 Si
2765 4290 2941 4345 istboc
2964 4290 3171 4361 pridem
3195 4289 3414 4347 fecisset
3437 4290 3710 4357 Christus,

2136 4394 2435 4453 nostraque
2466 4382 2796 4439 restituisset
2834 4382 3026 4447 nobis,
3055 4381 3169 4454 jam
3213 4384 3416 4451 pridem
3446 4385 3715 4440 etedidis-

454 4490 864 4561 προτιμηθῆναι
887 4491 956 4542 τὰ
982 4487 1111 4557 ἔθνη
1147 4485 1286 4555 ὑπὲρ
1318 4483 1490 4554 ἡμᾶς.
1519 4480 1689 4535 Τοῦτο
1716 4481 1816 4533 οὐκ
1844 4480 2028 4549 ἐποίη-

2141 4491 2325 4532 senius
2355 4476 2409 4529 itt
2443 4475 2618 4541 illum,
2659 4490 2756 4529 nec
2796 4475 2846 4529 ei
2895 4489 3081 4529 necem
3114 4476 3512 4543 intulissemus,
3546 4493 3713 4533 causa

2137 4584 2199 4623 ex
2245 4582 2312 4622 eo
2343 4577 2561 4636 sumpta
2609 4568 2752 4637 quod
2798 4567 2955 4621 nobis
2991 4569 3466 4637 anteponebantur
3500 4582 3710 4640 gentes.

2138 4659 2276 4714 Illud
2325 4667 2505 4713 autem
2554 4658 2815 4713 Dominus
2848 4673 2956 4713 non
3004 4658 3130 4713 fecit
3163 4678 3176 4714 :
3220 4675 3329 4728 quo
3361 4672 3515 4729 pacto
3549 4664 3714 4731 igitur

2138 4768 2282 4806 nunc
2320 4751 2670 4822 congregati,
2706 4765 2794 4805 res
2832 4764 2963 4804 suas
2994 4750 3096 4803 sibi
3125 4750 3387 4805 habentes
3415 4761 3469 4805 et
3508 4752 3561 4805 in
3592 4753 3713 4806 inli-

2138 4845 2359 4898 delitate
2404 4844 2780 4913 persistentes,
2835 4841 3225 4896 salt-abutitur?
3265 4842 3707 4913 quandoquidem

2140 4937 2195 4991 in
2226 4934 2630 4990 Antichristum
2664 4949 2787 4988 mox
2818 4934 3133 4988 adfuturum
3167 4934 3428 4989 credituri
3461 4946 3614 5000 sunt,
3653 4948 3713 4991 ut

2140 5040 2438 5082 tnetnorata
2474 5025 2594 5080 Filii
2667 5026 2758 5081 Dei
2805 5025 3072 5081 sententia
3109 5027 3365 5083 terribilis
3432 5038 3707 5083 testatur:

2139 5119 2315 5176 Filius
2346 5118 2546 5191 quippe
2578 5118 2670 5173 Dei
2713 5119 3022 5189 unigenitus
3050 5135 3159 5174 non
3192 5121 3453 5177 mentitur
3475 5160 3491 5185 ,
3528 5131 3711 5193 utpote

2137 5213 2230 5283 qui
2272 5211 2406 5266 dicit
2438 5230 2454 5267 :
2494 5229 2513 5262 ι
2553 5207 2665 5279 Ego
2711 5224 2833 5265 sum
2875 5213 3074 5266 veritas
3097 5212 3164 5266 ⁸⁸.
3197 5238 3218 5265 ι
3254 5210 3482 5278 Quando
3526 5223 3707 5267 autem

550 5387 572 5419 ³
610 5386 719 5441 lsa.
752 5401 832 5452 κι,
865 5383 952 5439 12.
1028 5383 1075 5416 ⁵⁵
1112 5382 1273 5437 Rom.
1311 5395 1389 5444 xi,
1417 5377 1509 5434 26.
1584 5379 1632 5410 ”
1668 5376 1826 5432 Joan.
1859 5392 1913 5443 v,
1941 5374 2032 5433 45.

2141 5372 2156 5404 ¹
2214 5371 2376 5429 Joan.
2411 5390 2520 5443 xu,
2556 5372 2643 5430 16.

530 5547 638 5618 (54)
669 5544 1213 5618 AputLlsaiamcap.
1253 5556 1329 5603 tt,
1362 5539 1527 5618 v.12,
1562 5538 1675 5618 liam
1717 5535 1892 5618 solum
1930 5533 2024 5586 lta-

452 5612 647 5673 bentur
684 5612 754 5670 ε⁷ι
804 5615 870 5669 Ει
906 5615 1101 5670 levabit
1132 5616 1345 5680 signum
1397 5612 1450 5664 in
1485 5612 1763 5680 nationes,
1807 5615 1863 5680 _c__t
1896 5618 2026 5657 con-

451 5689 696 5757 gregabit
719 5688 961 5757 perditos
990 5675 1252 5757 lisracl,‘et
1278 5681 1555 5757 dispersos
1578 5676 1710 5757 inda
1735 5675 1971 5757 colliget.
1998 5691 2017 5757 ι

454 5748 658 5813 Deinde
690 5748 740 5810 νῖ
776 5756 841 5809 ili
885 5755 1134 5810 subditur
1162 5771 1177 5808 :
1224 5770 1243 5803 ι
1282 5750 1345 5803 Et
1374 5748 1479 5803 t-rit
1509 5749 1608 5815 ipsi
1640 5748 1807 5800 lsrael
1832 5786 1846 5808 ,
1881 5748 2024 5798 sicut

452 5834 570 5884 thes
598 5830 817 5890 quando
843 5841 1094 5891 egressus
1127 5834 1203 5879 est
1246 5824 1313 5876 de
1343 5830 1485 5875 terra
1517 5817 1755 5888 Egypti.
1793 5835 1812 5867 ›

2206 5534 2318 5605 (35)
2376 5536 2433 5588 in
2491 5546 2720 5605 utroque
2770 5550 2876 5591 me.
2933 5539 3158 5591 mutilus
3192 5551 3417 5598 sensus,
3478 5536 3566 5587 bis
3621 5536 3704 5587 vel

2133 5604 2404 5659 similibus
2463 5604 2647 5660 verbis
2680 5609 3030 5675 integraudus
3072 5617 3187 5660 erat
3236 5621 3250 5658 :
3303 5604 3472 5673 magis
3522 5612 3702 5675 autem

2132 5679 2357 5729 mutilus
2388 5685 2468 5729 est
2500 5677 2552 5729 in
2588 5675 2760 5732 Vatie.
2795 5673 2880 5730 ubi
2908 5678 3082 5729 solum
3119 5678 3348 5743 legitur:
3394 5676 3579 5735 Ὅπως
3609 5673 3704 5726 τοῦ

2130 5746 2564 5815 διασκορπισμοῦ
2592 5748 2689 5815 τὴν
2722 5746 3033 5801 ἐπαπωλίαν
3055 5750 3120 5799 τὰ
3156 5746 3311 5815 ἡμῶν
3342 5746 3468 5813 ἡμῖν
3495 5744 3543 5796 εί
3569 5743 3705 5795 ἀπο-

2133 5814 2473 5887 κατέστησα.
2648 5814 2653 5815 ⁷
3182 5814 3185 5815 ν
3708 5814 3715 5823 ’
