4090 6394
366 385 475 449 859

1537 392 1713 452 νιΤΑ
1754 393 1817 453 S.
1854 393 2182 453 ΑΝΒΗΕίΕ
2218 394 2413 453 SALI.

3524 400 3634 464 8το

374 499 540 570 μῦας,
598 500 693 552 καὶ
742 499 1047 570 βατράχους
1096 501 1460 567 δαπανῶντες.
1509 506 1596 557 καὶ
1648 506 1830 560 πᾶσαν
1869 510 1947 576 ρυ-

2064 516 2119 561 et
2173 506 2438 577 quidquid
2497 509 2697 580 ubique
2749 520 2831 565 est
2884 511 3129 566 sordium
3183 527 3304 567 cum
3360 514 3634 586 voluptate

372 591 582 660 παρίαν
612 590 708 644 τοῦ
739 591 947 662 κόσμου
982 594 1040 646 ἐν
1069 594 1250 665 ἡδονῇ.
1276 598 1384 650 Καὶ
1413 598 1535 650 οὐαὶ
1559 601 1625 667 τῇ
1652 599 1946 670 οἰκουμένῃ
1976 610 1984 617 “

370 682 542 752 πάσῃ,
593 674 714 754 ὲνῇ
767 675 916 736 οὗτοι
968 684 1361 752 πορεύσονταιι
1415 686 1514 751 τὰς
1566 690 1676 760 γὰρ
1731 693 1949 760 ἡμέρας

370 773 585 834 ἐκείνας
620 773 698 842 μὴ
755 772 899 826 ἔστω
946 776 1295 846 Χριστιανὸς,
1343 777 1534 848 Κύριε,
1587 783 1637 832 εἰ
1684 781 1945 835 δυνατόν·

368 862 483 916 ἀλλ’
515 857 633 917 οῖδα
679 865 763 943 ὅτι
796 866 1032 921 ἔσονται.
1071 869 1204 921 Τότε
1253 872 1310 923 αἱ
1340 871 1545 940 ἡμέραι
1579 874 1785 925 ἐκεῖναι
1822 891 1947 926 σκο-

367 955 737 1025 τισθήσονται,
766 957 925 1028 δίκην
951 958 1249 1029 θρηνοῦσαι
1283 961 1364 1031 τῷ
1391 962 1513 1032 ἀέρι
1542 962 1631 1015 διὰ
1678 965 1739 1017 τὸ
1770 969 1945 1034 μῖσος,

369 1048 512 1118 ὅπερ
543 1049 612 1102 τὰ
651 1048 888 1120 βδελυρὰ
928 1049 1055 1119 ἔθνη
1105 1053 1287 1126 ἐκεῖνα
1338 1055 1664 1122 ἐργάσονται
1689 1072 1704 1086 ο
1739 1058 1767 1109 6
1796 1058 1949 1126 ἥλιος

366 1132 444 1196 ὡς
473 1130 615 1203 αἷμα
654 1138 968 1205 γενήσεται,
1004 1122 1216 1207 βλέπων
1244 1142 1313 1195 τὰ
1365 1141 1708 1211 βδελύγματα
1735 1122 1830 1198 ἐπι
1851 1147 1950 1215 τῆς

366 1226 471 1294 γῆς
523 1225 877 1295 ἁμιλλώμενα
898 1245 912 1259 ’
947 1230 980 1299 ἡ
1011 1229 1211 1301 σελήνη
1265 1234 1358 1285 καὶ
1390 1235 1566 1287 πάντα
1611 1226 1677 1289 τά
1713 1242 1949 1309 στοιχεῖα

368 1318 821 1389 σκοτισθήσονται
842 1336 855 1351 ο
891 1324 1152 1389 φάγονται
1180 1326 1289 1396 γὰρ
1309 1328 1401 1380 καὶ
1428 1328 1520 1381 τὸν
1548 1328 1680 1399 χοῦν
1704 1332 1800 1397 τῆς
1822 1332 1947 1401 γῆς,

367 1409 437 1463 τὰ
473 1409 838 1483 θυσιαστήρια
890 1414 1125 1485 κύθρους
1174 1411 1323 1470 οἷκον
1358 1420 1701 1489 ἐργάσονται.
1738 1424 1871 1476 Τότε
1898 1424 1947 1476 οί

371 1502 755 1566 κατοικοῦντες
794 1504 982 1559 Ἀσίαν
1033 1509 1388 1577 φευγέτωσαν
1420 1512 1500 1573 εἰς
1530 1512 1628 1569 τὰς
1676 1515 1949 1578 κυκλάδας

368 1594 480 1648 τῶν
510 1597 688 1663 νήσων
710 1613 723 1625 ’
756 1598 817 1650 οὐ
860 1597 971 1668 γὰρ
1005 1603 1365 1671 πορεύσονται
1395 1604 1453 1656 ἐν
1486 1605 1677 1667 αὐταῖς
1721 1607 1772 1658 οί
1806 1606 1945 1669 λαοὶ,

367 1686 487 1740 ἀλλ’
542 1686 757 1743 ἔσονται
788 1690 1137 1763 ,πενθοῦντες
1198 1693 1413 1765 ἡμέρας
1481 1695 1772 1761 ἑξακοσίας
1824 1696 1949 1767 ἐξῆ.

368 1795 534 1834 κοντα
542 1819 555 1834 .

436 1916 587 1982 σκς⁹.
619 1919 751 1973 Τότε
778 1918 1136 1992 ἐγερθήσεται
1163 1922 1191 1975 6
1237 1923 1479 1989 Σατανᾶς
1510 1924 1538 1977 6
1582 1924 1947 1999 Ἀντίχριστος

367 2010 433 2062 ὲκ
467 2010 640 2080 φυλῆς
670 2011 764 2063 τοῦ
789 2012 919 2076 Adv,
955 2012 1017 2066 οὐ
1052 2012 1237 2081 μέντοι
1266 2014 1375 2086 ἰδίᾳ
1404 2016 1634 2084 δυνάμει
1662 2017 1948 2088 ἄνθρωπος

363 2098 681 2169 γενόμενος,
735 2101 810 2173 μὴ
839 2101 1071 2171 γένοιτο,
1122 2104 1255 2157 ἀ).λὰ
1302 2104 1498 2160 πλάσει
1547 2108 1710 2160 αὐτὸν
1745 2108 1947 2180 Κύριος

363 2195 392 2244 6
421 2193 553 2255 Θεὸς
584 2192 777 2257 σκεῦος
803 2196 1030 2265 αἰσχρὸν
1061 2196 1160 2249 καὶ
1204 2197 1448 2267 ῥυπαρόν
1468 2214 1482 2228 ·
1510 2198 1660 2262 ὅπως
1684 2188 1944 2272 πληρωθῇ

364 2286 426 2337 ὲν
455 2278 602 2354 αὐτῷ
632 2285 702 2338 τὰ
749 2285 858 2338 τῶν
907 2287 1237 2357 προφητῶν
1288 2287 1384 2342 καὶ
1431 2288 1834 2360 ἀπολυθήσεται
1884 2297 1946 2347 ἐκ

364 2374 475 2427 τῶν
500 2374 596 2428 τοῦ
627 2374 755 2447 ᾅδου
777 2376 1018 2447 δεσμῶν,
1054 2381 1111 2431 ὲν
1140 2373 1222 2442 οἷς
1251 2379 1430 2433 αὐτῶν
1458 2382 1486 2433 6
1512 2382 1790 2453 Δεσπότης
1815 2385 1950 2456 Χρι-

367 2469 492 2533 στὸς
526 2469 705 2522 ἐκεῖσε
750 2470 1040 2540 γενόμενος
1091 2469 1273 2542 ἔδησε,
1326 2474 1421 2526 καὶ
1467 2474 1832 2529 εἰσελεύσεται
1867 2478 1945 2540 είς

364 2561 425 2614 τὸ
456 2558 650 2624 σκεῦος
689 2561 750 2614 τὸ
788 2559 1029 2615 πλασθὲν
1059 2563 1229 2635 αὐτῷ.
1263 2565 1373 2618 Καὶ
1398 2566 1745 2638 γεννηθέντος
1778 2567 1943 2622 αὐτοῦ

365 2651 681 2723 ἀνθρώπου,
732 2655 826 2706 καὶ
879 2652 1292 2724 ἀνδρυνθέντος,
1347 2657 1443 2710 καὶ
1500 2656 1939 2728 βασιλεύσαντος,

362 2742 485 2797 τότε
531 2743 757 2813 ἄρξεται
788 2746 1154 2799 ἐπιδεικνύειν
1185 2747 1285 2816 τὴν
1324 2747 1533 2817 πλάνην
1580 2749 1768 2813 αὐτοῦ,
1802 2750 1943 2804 καθά

367 2846 503 2903 φησι
539 2833 671 2905 περὶ
714 2832 881 2887 αὐτοῦ
941 2834 1198 2904 Ἰωάννης
1227 2836 1255 2887 6
1295 2835 1577 2904 θεολόγος,
1604 2836 1663 2901 6;
1693 2840 1789 2890 καὶ
1820 2841 1941 2907 ἐγε-

380 2925 468 2992 ρεῖ
494 2924 732 2995 πόλεμον
768 2924 860 2979 ἐπὶ
914 2925 1014 2989 τὰς
1064 2925 1333 2990 κυκλάδσς
1367 2928 1478 2981 τῶν
1525 2929 1735 2999 νήσωνο
1785 2930 1941 2999 νῆσοι

364 3016 444 3081 δὲ,
481 3017 649 3085 φησιν
690 3016 943 3083 Ἡσαΐας,
998 3019 1055 3071 al
1101 3018 1159 3084 ἐξ
1206 3016 1377 3072 ἐθνῶν
1429 3020 1716 3092 ἐκκλησίαι
1764 3023 1936 3075 είσίν·

369 3105 559 3159 Ἤλιοῦ
582 3107 637 3160 δὲ
666 3108 763 3161 καὶ
797 3106 992 3178 Ἑνὼχ,
1021 3109 1117 3161 καὶ
1140 3109 1231 3161 τοῦ
1263 3106 1383 3162 υίοῦ
1410 3104 1508 3180 τῆς
1541 3109 1767 3181 βροντῆς
1793 3111 1941 3175 ἐξελ-

2050 599 2360 654 absument.
2406 599 2497 653 Vae
2532 601 2698 654 terris
2732 602 3012 666 omnibus,
3048 602 3113 656 ad
3150 618 3287 672 quas
3317 604 3405 659 isti
3436 621 3632 673 perve-

2051 691 2272 745 nerint!
2313 688 2410 756 Ne,
2438 705 2645 760 quaeso,
2681 692 2911 748 Domine
2942 693 3105 759 Deus,
3153 706 3220 747 ne
3256 696 3322 749 sit
3357 697 3408 748 in
3439 698 3632 752 diebus

2052 782 2161 839 illis
2191 783 2543 837 Christianus
2576 784 2871 853 quispiam,
2904 786 2949 840 si
2979 786 3094 840 ﬁeri
3127 787 3299 855 possit
3330 804 3349 841 :
3384 790 3477 842 sed
3513 788 3629 842 lleri

2051 888 2157 927 non
2192 888 2353 942 posse
2376 916 2392 936 ,
2445 873 2615 942 probe
2651 877 2799 929 novi.
2837 875 2960 931 Dies
2998 887 3149 932 certe
3182 880 3421 934 tenebris
3455 882 3629 934 invol-

2052 970 2286 1022 ventur,
2341 961 2495 1029 quasi
2547 961 2862 1031 plangentes
2907 966 3143 1020 obscuro
3204 982 3333 1023 aere
3380 972 3625 1034 scelera,

2049 1063 2172 1117 quae
2213 1049 2281 1102 ab
2311 1051 2661 1105 exsecrandis
2706 1054 2960 1120 gentibus
2997 1056 3116 1109 istis
3164 1058 3623 1114 committentur:

2050 1142 2130 1196 sol
2167 1150 2406 1196 vertetur
2435 1142 2491 1196 in
2529 1145 2873 1214 sanguinem,
2897 1147 2962 1199 ad
2991 1160 3268 1215 aspectum
3295 1153 3627 1217 enormium,

2051 1245 2173 1298 quae
2226 1235 2473 1287 certatim
2527 1235 2580 1287 in
2636 1238 2798 1291 terris
2857 1239 3258 1306 patrabuntnr,
3316 1243 3628 1310 scelerum;

2050 1323 2178 1377 luna
2215 1333 2272 1379 et
2302 1336 2446 1379 astra
2483 1328 2665 1381 omnia
2706 1328 3151 1385 obscurabuntur
3188 1349 3203 1385 :
3239 1332 3376 1387 adeo
3420 1343 3482 1387 ut
3534 1337 3632 1389 lto-

2052 1413 2227 1469 mines
2255 1426 2544 1471 vescantur
2585 1419 2699 1473 luto
2731 1430 2911 1482 term,
2944 1431 2998 1476 et
3020 1422 3214 1477 altaria
3257 1425 3309 1477 in
3353 1426 3631 1494 sterquili-

2048 1506 2199 1558 nium
2228 1519 2634 1564 convertantur.
2673 1510 2830 1567 Tunc
2860 1511 3071 1583 fugiant
3104 1515 3171 1568 ad
3202 1516 3441 1571 ambitus
3475 1518 3630 1572 insu-

2048 1595 2226 1651 larum
2258 1600 2593 1656 habitatores
2619 1604 2798 1668 Asize;
2823 1618 2889 1658 eo
2920 1618 3157 1672 namque
3187 1622 3295 1662 non
3320 1607 3633 1662 transibunt

2050 1697 2239 1758 gentes
2264 1691 2370 1746 illa
2395 1733 2412 1757 ,
2457 1703 2746 1750 sexcentos
2796 1704 2850 1749 et
2893 1698 3175 1767 sexaginta
3217 1700 3333 1755 dies
3367 1711 3630 1770 perpetuo

2052 1780 2108 1834 in
2139 1781 2214 1836 Illt
2230 1791 2290 1837 tu
2322 1795 2640 1839 versatum.

2119 1916 2245 1972 226.
2279 1916 2406 1973 Post
2432 1920 2545 1974 hare
2575 1921 2853 1989 proveniet
2880 1938 2909 1976 e
2939 1920 3079 1977 tribu
3119 1924 3231 1978 Dan
3276 1925 3508 1982 Satanas
3538 1928 3632 1983 ille

2049 2009 2418 2065 Antichristus
2441 2054 2454 2073 ,
2495 2026 2600 2064 non
2645 2013 2863 2080 quidem
2893 2014 3093 2068 virtme
3124 2031 3221 2069 sna
3265 2026 3514 2072 naturam
3545 2019 3632 2074 in-

2048 2097 2215 2153 dutus
2262 2098 2602 2164 humanam,
2645 2103 2795 2154 nullo
2831 2101 3014 2161 modo,
3051 2098 3144 2155 sed
3177 2119 3205 2156 a
3250 2104 3475 2159 Domino
3520 2104 3562 2157 D
3598 2122 3632 2160 o

2052 2187 2318 2244 formatus
2350 2189 2402 2242 in
2438 2206 2531 2244 vas
2564 2200 2759 2245 tetrum
2792 2207 2857 2246 ac
2888 2195 3194 2257 sordidum,
3230 2204 3287 2248 ut
3320 2198 3633 2266 complean-

2049 2291 2137 2333 tur
2171 2279 2223 2333 in
2258 2295 2324 2334 eo
2356 2292 2476 2349 qum
2503 2296 2595 2349 per
2631 2284 2926 2351 prophetas
2963 2284 3217 2352 prmdicta
3250 2294 3375 2339 sunt
3412 2304 3424 2339 :
3454 2294 3505 2340 et
3537 2306 3634 2341 ex-

2048 2372 2290 2427 solvetur
2319 2373 2572 2433 vinculis,
2606 2376 2760 2444 queis
2797 2386 2921 2429 eunt
2950 2377 3201 2432 Christus
3241 2372 3499 2435 Dominus
3531 2383 3630 2436 ad-

2047 2464 2269 2518 strinxit
2306 2465 2445 2534 apud
2487 2465 2712 2531 inferos,
2749 2482 2872 2520 cum
2909 2478 2975 2521 eo
3006 2468 3319 2535 descendit;
3355 2482 3407 2525 rt
3447 2472 3630 2540 ingre-

2046 2555 2227 2610 dietur
2278 2556 2329 2609 in
2375 2568 2576 2627 corpus
2610 2557 2765 2628 (40),
2818 2552 2963 2629 quod
2996 2561 3043 2615 ei
3095 2572 3456 2633 praeparatum
3507 2573 3627 2619 eSt:

2046 2647 2235 2716 sicque
2255 2650 2488 2716 primum
2515 2643 2690 2706 factus
2724 2653 2912 2718 homo,
2948 2661 3058 2707 tum
3092 2654 3158 2707 ad
3185 2667 3398 2709 aetatem
3422 2657 3629 2712 virilem

2045 2746 2097 2792 et
2132 2739 2285 2807 regni
2333 2740 2532 2795 solium
2574 2756 2918 2811 progressus,
2958 2744 3174 2798 tandem
3222 2744 3441 2815 incipiet
3474 2762 3628 2803 erro-

2044 2845 2201 2885 neam
2234 2846 2387 2886 suam
2421 2832 2680 2889 invehere
2712 2836 3034 2901 doctrinam,
3068 2839 3526 2906 qdemadmotlum
3559 2840 3628 2896 de

2044 2923 2137 2976 illo
2162 2921 2399 2981 Joannes
2428 2925 2736 2999 Theologus
2771 2922 2999 2984 testatur
3034 2945 3051 2984 :
3112 2940 3165 2984 et
3192 2932 3484 2987 concitabit
3517 2934 3631 2989 bel-

2044 3016 2155 3071 lum
2181 3026 2368 3072 centra
2396 3019 2635 3075 ambitus
2666 3021 3003 3088 insularum;
3045 3024 3236 3076 insube
3265 3030 3445 3078 autem
3479 3032 3625 3090 Sunt,

2043 3119 2180 3164 teste
2240 3106 2411 3173 lsaia,
2476 3111 2715 3180 gentium
2779 3113 3056 3169 Ecclesim.
3132 3114 3302 3169 Porro
3356 3108 3514 3180 Elia,
3575 3126 3630 3173 et

363 3199 568 3252 θὰντων
595 3201 692 3253 καὶ⁵
725 3199 1191 3270 προκηρυξάντων
1217 3200 1314 3271 τὴν
1341 3200 1506 3254 αὐτοῦ
1538 3202 1936 3272 ἁποπλάνησιν,

2050 3199 2228 3256 Ennch
2251 3241 2266 3265 ,
2310 3210 2363 3256 et
2404 3204 2627 3257 t0uitrui
2662 3202 2802 3259 Filio
2836 3204 2947 3273 (ll)
2983 3206 3380 3274 prodeuntibus
3412 3217 3464 3262 et
3500 3216 3627 3277 pro-

362 3288 464 3358 τήν
495 3298 556 3341 τε
588 3289 682 3341 τοῦ
714 3290 921 3360 Κυρίου
966 3289 1141 3359 Ἰησοῦ
1175 3289 1434 3361 δευτέραν
1467 3286 1697 3345 ἕλευσιν·
1730 3295 1941 3365 πικρῶς

362 3379 420 3431 δὲ
474 3377 804 3432 ταπεινώσει
839 3381 963 3442 τοὺς
1021 3380 1144 3432 τότε
1196 3379 1562 3449 Χριστιανοὺς
1627 3382 1789 3453 μέχρι
1843 3385 1944 3448 τῆς

363 3470 597 3539 ἐσχάτης
646 3471 827 3524 αὐτῶν
874 3472 1172 3540 ἀναπνοῆς,
1231 3470 1435 3525 θλίϐων
1480 3475 1575 3525 καὶ
1613 3472 1818 3528 ὀλέκων
1848 3475 1944 3528 αὖ·

361 3563 490 3626 τοὺς
514 3565 545 3615 ὁ
571 3562 803 3632 μάταιος
834 3562 997 3629 ἄγαν.

436 3791 570 3856 σκζ’.
604 3792 741 3845 Τότε
773 3793 826 3846 εἴ
858 3809 942 3857 τις
980 3794 1039 3845 οὑ
1067 3793 1335 3864 πλανηθῇ,
1382 3796 1555 3865 μέγας
1591 3797 1685 3849 καὶ
1712 3797 1946 3867 φοϐερὸς

370 3890 520 3956 φίλος
552 3889 792 3958 Χριστοῦ
832 3890 1172 3960 ἁποφανθείη
1195 3906 1211 3922 ·
1246 3890 1508 3960 μακάριοι
1531 3890 1639 3961 γὰρ
1674 3893 1873 3956 πάντες
1894 3896 1945 3945 οί

368 3979 512 4043 ἅγιοι
532 3997 547 4011 ’
590 3976 724 4033 ἀλλά
747 3998 813 4049 γε
872 3981 1044 4034 πλείω
1072 3983 1120 4033 οἱ
1150 3982 1244 4034 ἐπὶ
1274 3983 1370 4034 τοῦ
1410 3983 1778 4054 Ἀντιχρίστου
1807 4001 1945 4053 μαρ-

365 4075 723 4143 τυρήσαντες,
757 4072 791 4142 ἢ
845 4072 895 4124 οῑ
950 4072 1239 4143 μέλλοντες
1298 4077 1619 4144 μαρτυρεῖν,
1681 4076 1943 4146 μακάριοι

364 4168 458 4219 καὶ
490 4165 919 4236 τρισμακάριον
964 4165 1198 4236 μεγίστη
1237 4167 1346 4238 γὰρ
1398 4167 1525 4233 δόξα
1577 4168 1771 4229 αὐτοὺς
1823 4168 1943 4221 δια-

364 4258 573 4324 δέξεται
604 4263 681 4318 εἰς
722 4256 1116 4328 ἀτελευτήτους
1151 4259 1375 4322 αἰῶνας.
1404 4259 1627 4329 Πρῶτον
1657 4261 1947 4314 ἀποκτενεῖ

365 4354 456 4404 τὸν
496 4352 703 4416 Ἠλίαν,
728 4346 848 4403 εἶτα
877 4349 968 4403 τὸν
1010 4348 1201 4419 Ἑνὼχ,
1232 4352 1524 4420 μετέπειτα
1552 4353 1641 4405 τὸν
1660 4352 1760 4419 τῆς
1792 4351 1949 4422 βρον-

366 4442 467 4511 τῆς
518 4441 653 4506 υἱὸν,
701 4442 796 4496 καὶ
820 4444 940 4495 τότε
972 4443 1097 4505 τοὺς
1136 4440 1214 4509 μὴ
1259 4441 1611 4504 πιστείοντας
1664 4442 1746 4504 είς
1788 4442 1948 4495 αὑτὸν

366 4536 581 4604 θανάτῳ
614 4535 797 4606 πικρῴ
830 4533 1165 4605 παραδώσει.
1222 4534 1357 4587 Τότε
1405 4535 1561 4587 ἔσται
1610 4533 1815 4603 μεταξὺ
1845 4533 1950 4586 αὑ-

438 4758 554 4827 (40)
597 4738 722 4812 liae
764 4755 1012 4827 doctrina
1037 4754 1106 4810 de
1136 4753 1336 4807 Satana
1368 4755 1725 4827 incarnando,
1759 4765 1817 4809 ut
1857 4754 1947 4827 liat
1981 4758 2021 4812 D

363 4825 737 4883 Antichristus
784 4825 1237 4886 homo-damon,
1299 4826 1609 4891 conjnnCtis
1665 4826 1721 4879 in
1785 4825 1947 4879 unius

366 4915 611 4969 persona;
679 4896 955 4969 hypostasi
1019 4898 1232 4969 naturis
1289 4894 1723 4969 duab_us_,_sieu_t
1773 4895 1947 4969 conii-

364 4964 543 5024 iemur
574 4968 642 5022 de
671 4964 892 5021 Christo
914 5006 928 5029 ,
978 4965 1256 5034 peregrina
1296 4964 1437 5017 haud
1472 4964 1633 5017 dubie
1678 4965 1947 5031 theOIOgis

364 5042 609 5102 accidet,
664 5052 859 5104 purum
910 5035 1189 5097 hominem
1241 5034 1482 5104 futurum
1549 5034 1946 5089 Anticltristum

364 5103 811 5163 existimantibus
844 5124 859 5159 :
894 5106 1068 5174 magis
1097 5116 1278 5174 tamen
1308 5103 1573 5157 absonum
1608 5119 1637 5155 a
1668 5105 1949 5174 communi

362 5193 525 5233 sensu
562 5178 776 5231 videtur
804 5190 944 5241 esse,
968 5171 1107 5242 quod
1137 5171 1455 5244 Hippolytus
1480 5183 1689 5244 martyr
1720 5173 1772 5226 in
1795 5171 1945 5244 orat.

363 5250 434 5303 de
460 5248 683 5303 Christo
724 5256 779 5300 et
813 5241 1149 5299 Antichristo
1180 5241 1259 5297 sic
1305 5241 1468 5295 habet
1516 5260 1531 5295 :
1581 5261 1599 5293 ι
1635 5241 1769 5296 Cum
1829 5243 1949 5296 Sal-

369 5329 522 5372 vator
554 5317 742 5371 mundi
791 5314 1301 5385 genushurnanum
1343 5314 1554 5365 salvare
1594 5313 1947 5385 decrevisset,

364 5403 433 5443 ex
466 5382 815 5441 immaculata
842 5382 1058 5452 Virgine
1088 5384 1255 5436 Maria
1281 5392 1440 5437 natus
1462 5390 1578 5448 est;
1605 5385 1671 5435 ad
1694 5384 1947 5437 eumdem

369 5460 590 5513 modqu
621 5467 785 5511 etiam
825 5453 1109 5515 diabolus,
1159 5470 1223 5506 ex
1282 5455 1494 5519 impura
1544 5453 1773 5505 muliere
1825 5468 1949 5521 pm-

368 5528 506 5581 dihit
538 5542 705 5597 super
739 5536 977 5588 terram;
1029 5527 1123 5577 sed
1157 5524 1294 5578 l'also
1323 5535 1617 5597 nascetur.‘
1640 5524 1774 5597 Quia
1821 5525 1943 5577 dia-

368 5599 566 5661 bolus,
610 5594 741 5650 licet
787 5608 1006 5650 carnem
1064 5601 1345 5656 assumat,
1384 5595 1485 5646 hoc
1534 5594 1789 5660 Opinione
1825 5602 1943 5647 tau-

369 5678 484 5721 tum
518 5684 533 5721 :
560 5669 655 5735 qui
681 5665 825 5718 enim
859 5678 1077 5735 carnem
1109 5665 1292 5725 ferret,
1325 5672 1486 5731 quam
1518 5664 1631 5731 ipse
1668 5678 1771 5717 non
1804 5678 1936 5735 con-

367 5738 547 5793 didit?
578 5733 718 5793 llinc
745 5736 957 5804 opinor,
985 5733 1187 5796 dilecti,
1223 5748 1402 5804 carius
1432 5749 1542 5804 sua:
1575 5734 1935 5787 substantiam

370 5803 1038 5868 uhautasdcamassumet
1072 5803 1260 5875 organi
1292 5804 1429 5857 vice.
1472 5803 1757 5872 Proptetca
1792 5808 1934 5858 ede-

2044 3293 2408 3361 mulgaut'rbus
2464 3293 2766 3359 secundum
2834 3288 3048 3348 Domini
3101 3293 3230 3349 Jtrsu
3292 3291 3627 3370 adventum,

2044 3392 2168 3453 past
2210 3385 2483 3439 refutatos
2528 3386 2846 3440 Antichristi
2896 3401 3152 3452 errores,
3208 3386 3513 3444 humilia‘bit
3542 3389 3632 3445 llic

2044 3475 2393 3530 vehementer
2434 3474 2824 3540 Christianos,
2885 3488 2940 3532 et
2992 3480 3056 3533 ad
3097 3484 3401 3535 extremum
3455 3495 3629 3552 usque

2043 3566 2294 3633 spiritum
2360 3578 2754 3637 persequetur,
2814 3568 3100 3639 allligcndo
3158 3569 3633 3644 disperdetrduque

2046 3658 2307 3710 miserunt
2336 3658 2388 3710 in
2427 3659 2672 3712 modum.

2118 3792 2244 3846 2:27.
2289 3791 2343 3845 Si
2378 3795 2503 3859 quis
2534 3802 2646 3848 tum
2696 3794 2960 3863 temporis
3013 3796 3065 3847 in
3107 3809 3349 3848 errorem
3398 3809 3506 3848 non
3541 3793 3629 3849 in-

2047 3886 2326 3948 ducatur,
2381 3900 2576 3954 magna
2632 3895 2779 3938 certe
2833 3901 2897 3941 ac
2948 3886 3210 3954 singulari
3261 3885 3406 3955 apud
3458 3886 3626 3940 Deum

2047 3979 2224 4048 gratia
2250 3979 2485 4032 valuerit
2513 3995 2524 4029 :
2557 3980 2812 4048 quamvis
2837 3981 2981 4033 enim
3008 3979 3153 4033 beati
3181 3978 3484 4050 appellandi
3518 3980 3630 4034 sint

2046 4072 2222 4127 sancti
2260 4087 2484 4135 omnes,
2524 4072 2682 4140 longe
2718 4082 2898 4126 tamen
2933 4072 3008 4126 illi
3047 4072 3339 4139 beatiores,
3365 4072 3461 4142 qui
3494 4082 3631 4128 teut-

2045 4162 2268 4232 poribus
2315 4162 2637 4216 Antichristi
2692 4162 2975 4216 veritatem
3035 4161 3157 4216 ﬁdei
3216 4176 3316 4216 suo
3363 4164 3629 4231 sanguine

2048 4256 2397 4312 testiﬁcaturi
2434 4266 2566 4311 sunt
2596 4274 2609 4310 :
2639 4256 2937 4319 beatiores,
2965 4257 3212 4329 inquam,
3241 4259 3316 4312 illi
3343 4269 3394 4313 et
3422 4258 3630 4314 beatis-

2049 4349 2197 4413 simi,
2230 4358 2414 4417 utpote
2446 4363 2584 4418 quos
2620 4348 2796 4417 glaria
2834 4349 3068 4403 maxima
3106 4366 3200 4419 per
3231 4350 3628 4405 interminabi-

2050 4440 2155 4496 lem
2210 4440 2569 4494 teter-nitatem
2619 4452 2820 4495 manet.
2873 4439 2941 4493 Et
2989 4441 3222 4509 primum
3266 4440 3485 4510 quidem
3532 4455 3627 4495 ne-

2051 4544 2168 4584 cem
2216 4528 2408 4584 inferet
2447 4528 2621 4594 Elian,
2674 4530 2868 4584 deinde
2926 4529 3185 4592 Enocho.
3236 4541 3350 4587 tum
3402 4534 3625 4586 tonitrui
3699 4602 3705 4608 '

2054 4764 2138 4807 tur
2174 4768 2240 4806 ex
2284 4749 2531 4821 virgine,
2584 4750 2750 4805 veluti
2800 4749 3057 4821 spurius,
3099 4751 3193 4820 qui
3225 4753 3445 4819 quidem
3494 4762 3626 4809 tunc

2050 4825 2277 4902 reliquis
2335 4819 2618 4901 apparebit
2659 4819 2997 4900 (ποιοίμεθα
3055 4819 3315 4884 virginem
3348 4824 3627 4902 peperisse

2051 4895 2222 4948 solam
2278 4892 2683 4962 sanctissimam
2745 4892 3034 4962 novimus,
3103 4907 3221 4957 qua:
3277 4892 3622 4962 caruigerum

2052 4978 2176 5017 vere
2206 4962 2392 5032 genuit
2424 4961 2759 5032 Salvator-em
2796 4977 2808 5013 :
2841 4959 3012 5032 hostis
3044 4975 3221 5014 autem
3258 4959 3625 5032 nequaquam,

2052 5034 2146 5087 sed
2197 5030 2657 5101 quemadmodum
2709 5044 2817 5084 non
2857 5030 3061 5099 aperiet
3095 5032 3351 5095 vulvam,
3400 5030 3471 5086 ita
3523 5048 3624 5088 nec

2052 5117 2272 5156 carnem
2310 5116 2494 5157 veram
2542 5111 2813 5164 assumet,
2873 5111 2964 5153 aut
3003 5102 3426 5158 circumcidetur
3476 5117 3623 5170 vere,

2055 5182 2113 5226 ut
2163 5173 2522 5243 circumcisus
2567 5181 2651 5243 est
2698 5170 2972 5243 Christus.
3010 5188 3029 5221 ι
3068 5172 3144 5226 Ex
3186 5174 3385 5243 quibus
3430 5187 3626 5243 seque-

2050 5251 2220 5309 retur,
2256 5258 2441 5295 verum
2474 5241 2745 5294 hominem
2785 5258 2892 5294 non
2926 5239 3168 5295 futurum
3202 5239 3619 5305 Antichristutn,

2050 5313 2144 5380 qui
2202 5324 2382 5365 tamen
2434 5311 2604 5365 Paulo
2650 5312 2873 5374 dicitur,
2932 5309 3102 5362 Homo
3161 5314 3382 5380 peccati.
3447 5312 3624 5366 Minus

2053 5384 2217 5451 igitur
2272 5383 2385 5435 hanc
2442 5382 2711 5435 sententia
2753 5382 3053 5450 Seripturis
3106 5383 3394 5448 convenit,
3456 5390 3621 5451 quam

2052 5454 2140 5505 illa
2182 5468 2301 5519 qua:
2331 5451 2631 5505 daemonem
2684 5467 2807 5505 vere
2845 5452 3241 5506 incarnandunt
3278 5452 3522 5516 diceret,
3569 5458 3627 5505 et

2052 5522 2195 5574 hunc
2235 5521 2475 5573 futurum
2516 5521 2931 5575 Anticltristum.

2121 5592 2233 5662 (ll)
2282 5592 2425 5644 Idem
2461 5589 2819 5661 Hippolytus:
2853 5608 2872 5640 ‹
2912 5593 3089 5655 Prior,
3120 5591 3318 5662 inquit,
3360 5589 3629 5647 adventus
3697 5596 3706 5605 '

2048 5660 2248 5716 Christi
2304 5678 2693 5727 prmeursorem
2750 5662 2935 5717 habuit
2974 5665 3237 5718 Joannem
3288 5660 3625 5730 BaptiStatn;

2048 5735 2312 5801 pos'crillt‘
2338 5744 2542 5802 autem.
2574 5747 2685 5800 quo
2717 5740 2977 5787 venturus
3003 5743 3085 5787 est
3116 5732 3167 5785 in
3202 5731 3394 5802 gloria,
3416 5732 3625 5801 Enoclt,

2048 5800 2218 5857 hlium
2252 5812 2304 5858 et
2340 5800 2603 5856 Jmnnctn
2641 5802 2971 5868 'l'heulugum
3004 5800 3298 5859 exhibebit.
3333 5819 3352 5852 ι
