4076 6398
455 377 562 444 871

1529 378 1951 440 NICEPHORI
1991 379 2471 442 PRESBYTERI
2515 381 2622 443 (ΣΡ.

3630 374 3740 438 872

456 492 599 550 Filio
643 490 783 562 (42),
817 489 1053 559 denique
1101 490 1413 546 noletitibus
1452 492 1507 546 in
1561 508 1621 548 se
1669 492 1893 548 credere
1922 508 2045 565 om-

2153 492 2242 546 τοῦ
2284 492 2386 546 καὶ
2423 492 2520 546 τοῦ
2568 490 2843 545 Δεσπότου
2892 490 3132 565 Χριστοῦ
3195 490 3432 560 πόλεμος
3482 489 3737 560 φοόερὺς,

460 587 647 640 nibus.
709 583 865 639 Tunc
912 584 1058 638 inter
1112 583 1291 651 ipsum
1342 593 1400 639 et
1451 583 1737 639 Dominum
1793 595 2041 639 nostrum

456 676 646 732 Jesum
687 674 974 731 Christum
1011 677 1115 728 erit
1160 674 1360 729 bellum
1393 674 1672 742 terribile;
1703 683 1758 730 et
1783 674 2044 744 quoniam

412 824 425 835 ι
460 769 698 837 denique
749 766 927 835 palam
989 766 1081 820 ﬁet
1144 766 1321 835 ipsum
1373 765 1600 819 immani
1654 765 1836 821 lurore
1893 766 2045 835 rapi,

461 861 713 930 ueloque
755 874 816 914 se
855 872 1171 929 opponere,
1228 856 1457 911 fulmina
1489 856 1757 912 eliciendo
1782 897 1799 923 ,
1851 857 2047 912 ciendo

461 953 702 1007 tonitrua
728 992 742 1017 ,
802 960 1125 1018 tantumque
1171 948 1442 1019 fragorem
1483 948 1757 1015 faciendo,
1802 958 1863 1004 ut
1889 958 2045 1015 quot-

460 1054 598 1115 quot
646 1043 894 1099 incolunt
947 1055 1212 1096 terrarum
1248 1042 1437 1095 orbem
1481 1040 1799 1095 universum
1836 1040 2049 1111 percul-

460 1152 628 1193 surus
660 1135 979 1190 terribiliter
1006 1144 1059 1188 et
1093 1134 1512 1188 exanitnaturus
1555 1132 1650 1187 sit.
1678 1131 1884 1202 Ecquis
1932 1142 2047 1186 tum

460 1230 722 1297 temporis
750 1242 859 1280 non
900 1225 1294 1280 contremiscet
1318 1263 1336 1289 ,
1385 1224 1511 1294 quis
1541 1239 1647 1278 non
1679 1225 1934 1291 pavebit,
1973 1222 2047 1277 lili

460 1318 573 1372 mi?
596 1318 768 1382 Beati,
792 1318 889 1387 qui
917 1326 1048 1371 tunc
1077 1316 1131 1369 in
1164 1315 1397 1370 Domino
1422 1325 1613 1371 nostro
1639 1314 1770 1370 Jesu
1803 1314 2047 1378 Christo,

456 1427 587 1465 vero
621 1411 728 1464 Deo
754 1450 770 1476 ,
819 1423 929 1463 non
963 1408 1527 1464 scaudalizabuntur!
1572 1408 1715 1463 beati
1741 1446 1758 1470 ,
1810 1409 1906 1477 qui
1939 1422 2047 1461 non

459 1502 871 1572 separabuntur
892 1517 921 1553 a
952 1508 1158 1555 sanctae
1188 1496 1429 1570 Virginis
1453 1498 1639 1554 Maria:
1672 1497 1847 1553 Filio!
1879 1498 2048 1565 beati,

458 1592 555 1661 qui
584 1593 792 1646 amoris
820 1591 994 1660 ipsius
1016 1604 1184 1644 causa
1213 1598 1445 1643 mortem
1473 1588 1725 1651 abibunt,
1751 1590 2047 1642 draconem

458 1684 641 1753 ipsum
671 1682 996 1738 inl‘ernalem
1025 1694 1080 1738 et
1108 1697 1328 1738 errores
1362 1681 1481 1749 ejus
1515 1680 1569 1734 in
1595 1678 1794 1734 facient
1820 1694 2051 1750 arguere

458 1776 595 1831 nihil
628 1777 819 1856 verti!
854 1777 1001 1832 beati
1041 1778 1278 1847 denique
1325 1791 1516 1830 omnes
1551 1773 1645 1844 qui
1684 1783 1872 1829 contra
1896 1789 2051 1829 eum-

455 1870 581 1924 dem
614 1870 845 1925 viriliter
898 1870 1327 1941 depugnabunt,
1379 1868 1609 1938 ejusque
1661 1868 2050 1923 immanitatem

459 1977 721 2032 generose
754 1962 1187 2032 reprehendent;
1222 1963 1297 2016 illi
1341 1980 1533 2033 nempe
1566 1950 2047 2032 lutninaria'quaa-

461 2055 586 2108 dant
618 2064 798 2121 terra},
832 2056 909 2108 illi
943 2056 1152 2126 pugiles
1174 2055 1382 2121 decori,
1421 2056 1495 2110 illi
1530 2056 1765 2110 uniones
1797 2053 2044 2124 pretiosi,

459 2146 535 2201 illi
579 2162 776 2201 suaves
801 2188 817 2212 ,
858 2148 1114 2216 jucunda:
1166 2164 1231 2202 ac
1271 2149 1430 2202 melle
1486 2149 1762 2204 dulciores
1797 2147 2037 2203 animai:

2151 585 2291 639 ἐπὰν
2322 584 2511 657 γνώσῃ
2560 584 2671 656 πρὸ
2715 583 2906 647 τέλους
2941 584 3144 654 μανίαν
3203 582 3384 652 δεινὴν
3437 582 3608 652 ἔχειν,
3645 581 3741 634 καὶ

2151 676 2292 749 πρὸς
2323 676 2551 748 οὐρανὸν
2578 675 2971 747 ἀντιπράξεται
2997 676 3351 742 ἀστράπτων,
3376 675 3472 728 καὶ
3499 673 3739 745 βροντῶν

2147 770 2246 823 κα)⁵
2289 768 2531 827 κτύπους
2564 766 2755 829 ποιῶν,
2788 768 2930 822 ὥστε
2955 767 3035 839 τῷ
3063 768 3179 838 ἤχῳ
3212 768 3311 838 τῆς
3345 766 3474 837 βοῆς
3516 766 3616 833 τὴν
3646 764 3745 820 ὑπ’

2152 860 2387 932 οὐρανὸν
2417 860 2639 930 δονῆσαι
2669 858 2765 913 καὶ
2792 860 3180 930 περιηγεῖσθαι
3209 858 3479 930 φοϐερῶς.
3522 859 3634 911 Καὶ
3655 857 3741 921 τίς

2148 949 2270 1002 τότε
2305 950 2367 1002 οὐ
2413 948 2826 1019 θαμόηθήσεται
2856 949 2951 1002 καί⁵
2979 949 3197 1020 πτήξει,
3223 949 3416 1002 τέκνον
3461 947 3741 1017 γλυκύτα-

2148 1059 2243 1096 τον
2268 1057 2285 1109 ;
2315 1042 2597 1110 Μακάριοι
2652 1041 2775 1095 τότε
2826 1040 3025 1103 οἵτινες
3065 1042 3126 1094 οὐ
3182 1041 3737 1112 σκανδαλισθήσονται

2151 1133 2210 1185 ὲν
2236 1131 2313 1201 τῷ
2337 1130 2584 1202 Δεσπότῃ
2607 1129 2763 1201 ἡμῶν
2793 1129 3018 1202 Χριστῷ
3040 1130 3121 1199 τῷ
3149 1130 3391 1202 ἀληθινῷ
3414 1130 3535 1201 Θεῷ
3559 1130 3736 1202 ἡμῶν.

2155 1226 2438 1296 Μακάριοι
2509 1225 2632 1279 τότε
2692 1225 2891 1288 οἵτινες
2981 1223 3083 1279 οὐκ
3153 1226 3598 1294 ἀποσχοινίσουσι
3648 1226 3743 1279 τὸν

2152 1318 2484 1390 γεννηθέντα
2511 1317 2577 1371 εκ
2607 1317 2708 1386 τῆς
2746 1316 2911 1384 ἀγίας
2943 1316 3223 1389 Παρθένου
3275 1318 3518 1390 Μαρίας.
3552 1318 3745 1372 Μακά-

2158 1428 2265 1483 ριοι
2294 1410 2493 1472 οἵτινες
2536 1408 2624 1462 διὰ
2652 1409 2754 1479 τὴν
2796 1409 3024 1478 ἀγάπην
3054 1407 3220 1462 αὐτοῦ
3266 1407 3619 1472 ἀποθανοῦσι,
3643 1410 3744 1462 καὶ

2151 1504 2433 1572 έλέγξουσι
2482 1503 2627 1557 κατά
2692 1502 2990 1573 πρόσωπον
3042 1503 3135 1556 τὸν
3181 1501 3454 1571 δράκοντα
3496 1503 3588 1555 καὶ
3644 1502 3745 1571 τὴν

2153 1596 2320 1651 αὐτοῦ
2351 1595 2753 1664 ἀποπλάνησιν.
2783 1594 3064 1665 Μακάριοι
3090 1594 3206 1647 ὅσοι
3229 1593 3371 1648 κατὰ
3398 1592 3492 1648 τοῦ
3517 1593 3746 1664 δράκον·

2149 1705 2244 1752 τος
2291 1687 2776 1759 ἀνδρυνθήσονται,
2835 1687 2931 1740 καί⁵
2955 1686 3220 1754 γενναίως
3250 1687 3319 1742 τὰ
3369 1686 3519 1741 δεινά
3575 1686 3743 1739 αὑτοῦ

2154 1778 2506 1849 ἐλέγξουσιν·
2558 1778 2609 1832 οἱ
2665 1777 2976 1847 φωστῆρες,
3016 1777 3067 1831 oi
3123 1777 3339 1848 ὡραῖοι,
3391 1781 3443 1833 ot
3494 1779 3743 1848 φίλτατοι

2163 1872 2522 1943 μαργαρῖται,
2554 1870 2611 1923 αἱ
2664 1868 2916 1938 γλυκεῖαι
2960 1868 3202 1940 καρδίαι,
3244 1870 3339 1924 καὶ
3389 1871 3624 1941 τερπναὶ
3649 1870 3746 1922 καὶ

2161 1963 2503 2035 μελίῤῥυτοι,
2536 1962 2632 2016 καὶ
2661 1961 2776 2015 ὅσοι
2809 1963 2891 2025 εἰς
2930 1962 3150 2033 Πατέρα
3178 1964 3273 2016 καὶ
3301 1962 3432 2016 Υίδν
3463 1969 3554 2016 καὶ
3585 1964 3744 2030 ἆγιον

2156 2054 2402 2127 Πνεῦμα,
2437 2056 2517 2119 είς
2568 2055 2669 2127 τὴν
2707 2055 2872 2123 ἀγίαν
2917 2056 3014 2109 atat
3066 2056 3352 2127 ὀμοούσιον
3404 2056 3613 2125 Τριάδα
3642 2056 3742 2128 τὴν

2152 2145 2439 2212 ζωοποιδν,
2469 2144 2862 2200 πιστεύσωσιν.

460 2241 536 2294 uti
575 2251 629 2294 et
673 2257 864 2295 omnes
903 2242 993 2310 qui
1045 2246 1096 2294 in
1143 2241 1361 2295 Patrem
1389 2252 1443 2297 et
1474 2241 1673 2296 Filiqu
1715 2252 1770 2296 et
1801 2226 2051 2297 sanetum
2097 2239 2386 2311 Spiritum,
2415 2247 2659 2296 sanctam
2722 2247 2779 2294 et
2839 2239 3356 2295 consubstantialem
3392 2241 3740 2309 Trinitatem,

457 2349 591 2402 quae
629 2335 795 2388 vitam
833 2334 1029 2389 tribuit
1053 2334 1331 2399 omnibus,
1363 2334 1626 2390 credituri
1652 2343 1801 2390 sunt.

528 2430 657 2486 228.
692 2429 931 2483 Sedebat
971 2430 1164 2483 beatus
1196 2428 1446 2484 Andreas
1476 2446 1600 2485 cum
1633 2429 1825 2483 isthzec
1857 2428 2048 2497 loque-

460 2530 665 2576 retur:
719 2519 1062 2590 Epiphanius
1120 2534 1248 2574 vero
1295 2520 1562 2585 audiens,
1618 2535 1741 2590 quae
1788 2528 2047 2574 eventura

459 2621 618 2668 erant
659 2613 916 2666 universo
955 2611 1159 2665 tuundo
1200 2649 1216 2676 ,
1262 2612 1509 2679 plorabat
1537 2627 1600 2666 ac
1631 2611 1870 2681 graviter
1899 2609 2048 2680 inge—

461 2706 765 2767 iniscebat,
805 2707 884 2760 uti
935 2706 1139 2773 swpius
1174 2706 1381 2759 dictmn
1409 2715 1513 2771 est,
1553 2705 1722 2758 multa
1757 2704 2051 2758 commise-

461 2798 674 2851 ratione
703 2806 903 2852 tactus.
939 2797 1145 2852 Deinde
1178 2800 1259 2852 sic
1300 2796 1572 2851 Andream
1597 2796 1797 2850 aﬂ‘atur
1831 2813 1846 2850 :
1885 2793 2049 2850 Edis-

460 2904 605 2956 sere,
626 2905 835 2960 quaeso,
876 2891 1009 2944 mihi
1032 2932 1048 2957 ,
1081 2891 1274 2946 amabo
1305 2899 1379 2952 te,
1402 2904 1513 2958 quo
1552 2901 1710 2959 pacto
1730 2889 2045 2943 universum

463 2996 637 3051 genus
694 2981 997 3034 humanum
1047 2998 1077 3035 e
1128 2983 1290 3036 terris
1348 2980 1687 3045 tollendum,
1747 2978 2045 3049 atque-ita

462 3073 660 3128 deinde
714 3084 1155 3129 resurrecturum
1209 3075 1304 3129 sit.
1364 3074 1466 3127 Cui
1524 3074 1759 3128 Sanctus
1808 3089 1823 3126 :
1898 3070 2050 3125 Alios

2218 2418 2360 2493 σκη’.
2380 2417 2568 2475 Ταῦτα
2588 2419 2682 2474 τοῦ
2713 2420 2985 2493 μακαρίου
3026 2422 3392 2494 καθεζομένου
3433 2427 3527 2480 καὶ
3548 2427 3740 2499 λέγον-

2146 2532 2258 2580 τος,
2309 2513 2630 2582 Ἐπιφανίου
2660 2513 2717 2566 δὲ
2762 2513 3054 2578 ἀκούοντος
3082 2516 3151 2569 τά
3196 2517 3459 2586 μέλλοντα
3490 2522 3743 2587 γενέσθαι

2148 2607 2288 2658 κατὰ
2310 2605 2408 2676 τὴν
2439 2606 2788 2677 οἰκουμένην,
2821 2606 3042 2678 ἐθρήνει
3071 2608 3136 2660 ἐκ
3170 2607 3381 2679 βαθέων
3397 2613 3738 2684 στεναγμῶν,

2150 2701 2334 2765 καθὼς
2353 2701 2612 2765 πολλάκις
2632 2701 2868 2773 εἴρηται,
2883 2702 3024 2771 ἀγαν
3039 2704 3327 2777 συμπαθὴς
3348 2708 3735 2779 ἐχρημάτιζεν.

2156 2792 2291 2846 Εἶτα
2341 2793 2490 2862 λέγει
2537 2794 2673 2863 πρὸς
2730 2793 2821 2847 τὸν
2854 2795 3035 2849 ὅσιον
3079 2798 3281 2866 Δέομαί
3311 2815 3427 2862 σου,
3474 2802 3593 2853 είπέ
3625 2818 3735 2871 μοι,

2159 2885 2275 2949 πῶς
2323 2886 2509 2955 μέλλει
2537 2886 2646 2939 ἀπὸ
2674 2886 2775 2955 τῆς
2816 2890 2920 2958 γῆς
2956 2887 3357 2961 ἀπαλειφθῆναι
3392 2893 3423 2961 ἡ
3453 2893 3739 2958 ἀνθρωπό-

2156 2993 2278 3045 της,
2313 2976 2410 3029 καὶ
2435 2975 2578 3030 οῦτω
2604 2977 2863 3044 γενέσθαι
2910 2980 2942 3048 ή
2985 2980 3315 3047 ἀνάστασις;
3345 2985 3493 3052 Ἔφη
3522 2987 3550 3037 ὁ
3570 2986 3736 3051 ὅσιος·

2158 3068 2295 3131 Τοὺς
2326 3069 2425 3139 μὲν
2449 3069 2518 3123 τὰ
2544 3068 2768 3140 μυσαρά
2791 3069 2917 3140 ἔθνη
2946 3071 3174 3142 ἥκουσιν
3201 3075 3505 3140 ἀναλῶσαι,
3532 3078 3657 3142 τοὺς
3680 3080 3739 3133 δὲ

461 3163 678 3234 quidem
743 3167 1027 3231 nefandae,
1074 3183 1215 3238 quos
1271 3167 1429 3232 dixi,
1472 3174 1660 3237 gentes
1720 3163 2046 3227 conﬁcient;

2154 3162 2209 3214 ὲν
2240 3163 2353 3224 τοῖς
2390 3161 2748 3223 πυκνοτάτοις
2771 3162 2958 3226 τόποις
2987 3165 3077 3216 καὶ
3102 3165 3360 3236 πολέμοις
3393 3168 3743 3224 θανατώσου-

461 3257 602 3311 alios
636 3257 690 3311 in
724 3258 980 3314 obscuris
1020 3261 1155 3315 lucis
1196 3270 1251 3313 et
1280 3259 1439 3314 bellis
1471 3258 1745 3313 neeabunt
1776 3273 1791 3309 :
1824 3265 2051 3309 caeteros

463 3350 667 3403 tihristi
701 3351 887 3406 ﬁdeles
912 3353 1172 3407 mactabit
1190 3352 1572 3406 Antichristus
1600 3368 1614 3405 :
1650 3350 1705 3403 in
1733 3349 1895 3416 hujus
1923 3361 2050 3400 vero

462 3443 702 3498 asseclas
742 3453 797 3498 et
840 3456 1138 3499 sectatores
1186 3444 1443 3499 immittet
1494 3442 1761 3497 Dominus
1791 3440 2049 3495 animalia

465 3536 702 3591 volantia
728 3577 745 3604 ,
785 3538 853 3592 de
886 3538 1089 3604 quibus
1133 3535 1429 3599 Ezechiel,
1472 3536 1733 3589 trahentia
1768 3534 1823 3589 in
1860 3533 2049 3587 caudis

465 3629 582 3685 suis
611 3630 773 3685 boum
804 3630 1059 3684 stimulos
1086 3643 1295 3683 veneno
1322 3627 1552 3683 inlectos
1586 3627 1734 3698 (43):
1762 3642 1794 3681 a
1825 3626 2047 3695 quibus,

370 3756 373 3761 -
464 3732 735 3792 quotquot
796 3722 1036 3777 salutare
1092 3731 1146 3775 et
1208 3735 1393 3774 verum
1448 3721 1652 3775 Christi
1711 3722 1928 3790 signum
1994 3718 2047 3771 in

465 3815 736 3868 frontibus
788 3815 904 3869 suis
954 3829 1064 3867 non
1121 3814 1446 3875 habuerint,
1497 3813 1681 3883 puncti
1734 3824 2049 3878 Venenoque

462 3907 689 3971 inlecti,
735 3905 1090 3963 acerbissima
1144 3921 1278 3960 nece
1325 3905 1602 3975 peribunt.
1654 3902 1813 3970 Quod
1863 3903 1909 3957 si
1954 3902 2046 3972 qui

461 4002 627 4052 etiam
677 4010 1016 4060 sanctorum,
1050 3996 1387 4050 Antichristo
1417 3995 1713 4065 praeteriti,
1759 3995 1812 4047 iu
1853 3994 2048 4049 solitu-

464 4090 686 4145 dinibus
718 4090 923 4144 inventi
969 4087 1214 4149 fuerint,
1266 4085 1342 4139 illi
1385 4101 1575 4141 oumes
1605 4084 1775 4139 divini
1809 4083 2047 4152 Spiritus

465 4186 665 4236 virtute
687 4182 742 4236 in
775 4190 1026 4236 sanctam
1049 4178 1326 4234 civitatem
1359 4178 1494 4230 Sion
1527 4177 2001 4246 congregabantur
2028 4193 2043 4230 :

462 4288 514 4329 et
545 4277 597 4329 hi
626 4284 785 4339 sunt,
819 4274 914 4342 qui
955 4274 1009 4326 in
1043 4275 1254 4326 beatam
1291 4269 1750 4323 immortalitatem
1784 4269 2046 4323 transeri-

464 4370 678 4423 bentur.

530 4459 664 4513 2'29.
705 4457 1079 4512 Antichristus
1127 4471 1258 4510 vero
1285 4454 1397 4524 jam
1434 4469 1767 4523 percussus,
1808 4472 2043 4526 cumque

2162 3270 2235 3315 σι,
2284 3255 2412 3316 τοὺς
2457 3253 2516 3307 δὲ
2563 3253 2893 3318 ὑπολοίπους
2935 3259 3161 3320 πιστοὺς
3206 3260 3235 3312 ὁ
3281 3259 3649 3333 Ἀντίχριστος
3681 3267 3741 3318 έν

2159 3344 2349 3414 Κυρίῳ
2374 3345 2645 3398 ἀναλώσει
2669 3363 2684 3377 ’
2710 3347 2824 3399 ὅσοι
2854 3347 2909 3400 δὲ
2936 3348 3013 3417 τῷ
3052 3350 3409 3423 Ἀντιχρίστῳ
3438 3356 3746 3412 πιστεύσω-

2159 3453 2266 3499 σιν,
2301 3436 2590 3490 ἀποστελεῖ
2621 3439 2824 3507 Κύριος
2847 3439 2877 3490 ὁ
2911 3439 3045 3505 Θεὸς
3075 3441 3241 3513 θηρία
3274 3446 3569 3516 πετόμενα,
3600 3450 3745 3503 κατά

2156 3528 2248 3580 τὸν
2295 3529 2577 3599 Ἰεζεκιὴλ,
2611 3529 2805 3599 ἔχοντα
2834 3532 2891 3583 ἐν
2919 3535 3042 3595 ταῖς
3070 3534 3260 3604 οὐραῖς
3292 3537 3473 3591 αὐτῶν
3519 3539 3741 3607 βούκεν-

2159 3636 2265 3690 τρα
2300 3621 2382 3673 ίοῦ
2418 3621 2850 3691 μεμεστωμένα·
2888 3625 2981 3676 καὶ
3027 3625 3143 3677 ὅσοι
3185 3627 3283 3697 οὐχ
3330 3628 3509 3693 ἕξουσι
3539 3631 3599 3683 τὸ
3645 3649 3743 3701 cr,-

2159 3713 2311 3781 μεῖον
2345 3712 2445 3782 τῆς
2471 3713 2733 3782 γραφίδος
2771 3714 2865 3767 τοῦ
2908 3715 3144 3785 Χριστοῦ
3179 3720 3316 3772 σῶον
3351 3722 3444 3774 καὶ
3484 3725 3744 3792 ἀκέραιον

2155 3806 2214 3858 ἐν
2244 3806 2354 3867 τοῖς
2392 3805 2663 3875 μετώποις
2696 3806 2895 3871 αὐτῶν,
2928 3807 3034 3860 ὑπὸ
3068 3811 3175 3864 τῶν
3207 3811 3415 3882 θηρίων
3444 3818 3742 3887 κεντοῦμεν

2155 3912 2237 3948 νοι
2266 3896 2363 3947 καὶ
2397 3896 2460 3964 ίῴ
2488 3896 2970 3965 χαλεπαινόμενοι,
3008 3898 3221 3971 θανάτῳ
3264 3904 3447 3975 πικρῷ
3476 3907 3735 3977 τελευτήο

2157 4004 2367 4044 σουσιν.
2402 3991 2537 4044 Τότε
2591 3990 2647 4043 εῐ
2692 4009 2777 4055 τις
2824 3994 2935 4048 τῶν
2993 3995 3165 4063 ἁγίων
3215 3997 3391 4051 λαθὼν
3440 4000 3516 4070 τῷ
3564 4004 3734 4054 Ἀντι-

2155 4081 2387 4150 χρίστῳ,
2431 4082 2791 4154 εὑρεθήσεται
2840 4087 2900 4138 έν
2954 4087 3213 4157 ἐρημίαις
3240 4106 3255 4120 ο
3289 4094 3380 4143 καὶ
3433 4090 3679 4156 ἅπαντας
3709 4096 3737 4145 ὁ

2155 4172 2363 4241 Κύριος
2396 4173 2674 4242 πνεύματι
2700 4176 2981 4246 δυνάμεως
3009 4178 3172 4231 αὑτοῦ
3217 4182 3275 4231 ἐν
3298 4185 3361 4253 τῇ
3400 4183 3530 4254 ἁγίᾳ
3581 4184 3738 4236 πόλει

2153 4264 2292 4316 Σιὼν
2326 4263 2606 4336 άθροίσεν
2638 4263 2784 4321 οὗτοί
2834 4271 2973 4321 εἰσιν
3002 4270 3052 4321 οἱ
3096 4272 3403 4341 γραφέντες
3449 4276 3528 4337 είς
3563 4274 3733 4343 ζωήν.

2226 4452 2366 4506 σκθ’.
2399 4452 2505 4505 Τοῦ
2532 4453 2907 4525 Ἀντιχρίστου
2948 4458 3004 4509 δὲ
3051 4457 3150 4529 ἤδη
3204 4460 3593 4531 παταχθέντος,
3638 4464 3736 4517 καὶ

462 4551 751 4606 danuoniis
780 4550 896 4605 suis
923 4548 1358 4618 comprehensus
1381 4588 1395 4609 .
1442 4558 1495 4600 et
1523 4548 1591 4601 ab
1625 4548 1811 4615 ignitis
1842 4551 2046 4620 angelis

2160 4543 2256 4596 σὺν
2285 4547 2396 4606 τοῖς
2427 4545 2681 4613 δαίμοσιν
2713 4548 2879 4600 αὑτοῦ
2914 4549 3329 4618 συλληφθέντος,
3367 4552 3460 4605 καὶ
3497 4554 3599 4606 ὑπὸ
3629 4571 3735 4607 πυ-

465 4646 522 4697 iu
564 4640 782 4695 vincula
818 4640 1233 4708 custodiamque
1271 4650 1496 4705 raptus,
1535 4643 1600 4689 ad
1633 4634 1842 4692 JUtllLlS
1882 4639 2050 4693 divini

462 4732 704 4790 tribunal
736 4731 1109 4802 protrahetur,
1139 4738 1195 4784 et
1238 4729 1573 4792 animarum,
1605 4744 1746 4797 quas
1780 4731 1831 4781 in
1865 4731 2049 4797 perni-

454 4829 599 4883 ciem
633 4826 888 4895 impulit,
923 4822 1190 4876 rationem
1218 4820 1607 4889 postulabitur.
1637 4817 1680 4871 Τ
1687 4836 1793 4874 unc
1835 4831 1891 4874 et
1919 4822 2048 4874 tuba

460 4922 710 4989 clanget,
746 4927 799 4971 et
851 4914 1055 4970 mortui
1104 4925 1387 4983 resurgent
1439 4913 1741 4985 incorrupti
1787 4929 1801 4966 :
1856 4913 2048 4967 deinde

464 5013 581 5077 illi,
617 5010 709 5081 qui
747 5010 974 5071 vivunt,
1028 5019 1085 5062 ut
1118 5007 1361 5075 loquitur
1410 5004 1472 5061 Ι).
1504 5003 1707 5059 Paulus
1729 5005 1773 5036 ⁸⁷
1797 5046 1810 5071 ,
1841 5006 2044 5075 quique

465 5107 519 5161 in
555 5104 845 5157 adventum
880 5100 1087 5155 Domini
1137 5099 1311 5153 relicti
1359 5108 1526 5163 sunt,
1577 5098 1631 5151 in
1687 5100 1795 5150 ictu
1827 5098 1968 5151 oculi
2012 5112 2041 5149 a

463 5195 817 5264 corruptione
844 5195 897 5247 in
921 5194 1387 5263 incorruptionem
1408 5192 1624 5256 ntutati,
1645 5190 1806 5244 simul
1826 5192 2041 5260 rapien-

533 5371 577 5402 "
622 5372 637 5424 l
670 5368 797 5425 Cor.
837 5382 930 5434 xv,
959 5365 1050 5420 52.

538 5546 651 5617 με)
689 5545 804 5600 lloc
834 5547 877 5617 si
918 5546 1048 5608 ﬂat,
1119 5543 1407 5617 mpleb‘itur
1438 5542 1503 5617 a_d
1546 5543 1821 5617 litteram,
1871 5543 2041 5613 quod,

467 5610 573 5670 non
611 5610 788 5671 solum
832 5614 1037 5669 Jzicobo
1061 5653 1077 5679 ,
1114 5610 1207 5667 sed
1236 5615 1398 5667 etiam
1449 5610 1645 5666 Joanni
1679 5610 2042 5668 communiter

469 5688 713 5750 prmdixit
754 5687 1007 5740 Christus
1033 5724 1050 5749 ,
1092 5686 1317 5739 callet-tu
1362 5684 1483 5751 ejus
1535 5684 1831 5745 hibituros,
1874 5684 1922 5736 id
1960 5693 2043 5736 est

472 5764 783 5823 martyrium
818 5770 1099 5820 passuros.
1125 5754 1257 5807 Nam
1288 5763 1433 5823 quod
1469 5754 1730 5807 ferventis
1756 5757 1858 5807 olei
1896 5756 2042 5806 ἀηηι»

473 5820 750 5877 immissus
798 5823 1034 5878 Joannes
1091 5837 1195 5882 est.
1258 5820 1552 5881 mat'n’rem
1583 5841 1706 5877 cum
1760 5841 1881 5879 vere
1934 5842 2045 5878 non

2156 4636 2317 4704 ρίνων
2347 4636 2595 4704 ἀγγέλων
2625 4637 3014 4709 δεσμευθέντος
3043 4644 3139 4694 καὶ
3176 4641 3605 4713 φυλασσομένου,
3654 4647 3733 4717 τῷ

2153 4729 2420 4799 κριτηρίῳ
2468 4729 2836 4799 παρίστασθαι
2888 4733 2983 4785 καὶ
3017 4733 3367 4787 ἀπαιτεῖσθαι
3409 4735 3565 4801 δίκας
3604 4741 3731 4807 περὶ

2148 4822 2257 4872 τῶν
2278 4819 2487 4890 ψυχῶν,
2519 4815 2593 4873 ὧν
2615 4820 2888 4886 ἀπώλεσε,
2909 4824 3029 4874 τότε
3060 4822 3151 4875 οὖν
3185 4826 3218 4893 ἡ
3245 4826 3479 4894 σάλπ.γξ
3510 4829 3614 4896 ἠχή
3626 4844 3730 4893 σει,

2149 4916 2243 4966 καὶ
2290 4915 2340 4965 οἱ
2393 4923 2578 4984 νεκροὶ
2637 4915 3036 4985 ἀναστήσονται
3086 4917 3387 4988 ἄφθαρτοι·
3438 4920 3630 4971 ἔπειτα
3683 4920 3733 4971 οἱ

2151 5004 2376 5071 ζῶντες,
2407 5004 2588 5068 καθὼς
2624 5005 2779 5059 εἶπεν
2829 5009 2856 5060 ὁ
2892 5008 3120 5073 Παῦλος,
3161 5010 3239 5071 εί,
3279 5010 3377 5080 τὴν
3422 5010 3729 5081 παρουσίαν

2149 5097 2243 5151 τοῦ
2279 5099 2483 5167 Κυρίου
2524 5100 2576 5151 οἱ
2628 5099 3093 5170 περιλειφθέντες,
3129 5102 3451 5170 άλλαγὲντες
3488 5105 3545 5155 έν
3593 5106 3728 5174 ῥιπῇ

2150 5190 2431 5262 ὲφθαλμοῦ
2457 5193 2563 5245 ἀπὸ
2597 5194 2799 5265 φθορᾶς
2829 5197 2908 5257 εἰς
2937 5196 3245 5267 ἀσθαρσίαν
3271 5195 3387 5265 ἅμα
3415 5196 3511 5247 σὺν
3544 5198 3731 5258 αὐτοῖς

2149 5543 2310 5624 fecit,
2346 5547 2438 5615 qui
2490 5546 2690 5604 illaesos
2731 5548 2936 5624 exivit;
2964 5550 3108 5624 licet,
3150 5562 3370 5624 propter
3419 5564 3723 5624 promptam

2153 5617 2483 5738 volun'tatem
2513 5658 2527 5684 ,
2580 5619 2823 5690 martyrii
2866 5617 3165 5674 laureolam
3211 5617 3349 5678 forte
3398 5617 3727 5694 prome-ritus

2155 5696 2282 5739 tunc
2343 5700 2504 5740 uet'tt.

2227 5758 2338 5826 (£5)
2364 5758 2510 5810 Nihil
2539 5758 2852 5826 bujusmodi
2883 5763 2935 5815 in
2971 5759 3249 5818 Ezechiele
3281 5765 3519 5819 invenio.
