  <div class='ocr_page' id='page_1' title='image "/cluster/home/n/w/nwhite01/storage/ocr_20150623/111/coo.31924054870153/446.png"; bbox 0 0 4076 6394; ppageno 0'>
   <div class='ocr_carea' id='block_1_1' title="bbox 396 323 3632 392">
    <p class='ocr_par' dir='ltr' id='par_1_1' title="bbox 396 323 3632 392">
     <span class='ocr_line' id='line_1_1' title="bbox 396 323 3632 392; baseline 0.001 -8"><span class='ocrx_word' id='word_1_1' title='bbox 396 323 523 389; x_wconf 62' lang='lat'><strong>873&#39;</strong></span> <span class='ocrx_word' id='word_1_2' title='bbox 1558 326 1734 387; x_wconf 81' lang='lat' dir='ltr'><strong>VITA</strong></span> <span class='ocrx_word' id='word_1_3' title='bbox 1773 328 1836 388; x_wconf 88' lang='lat' dir='ltr'><strong>S.</strong></span> <span class='ocrx_word' id='word_1_4' title='bbox 1876 326 2206 390; x_wconf 70' lang='lat' dir='ltr'><strong>ANDREB</strong></span> <span class='ocrx_word' id='word_1_5' title='bbox 2237 330 2430 392; x_wconf 79' lang='lat' dir='ltr'><strong>SALI.</strong></span> <span class='ocrx_word' id='word_1_6' title='bbox 3527 327 3632 388; x_wconf 66' lang='grc'><strong>874</strong></span> 
     </span>
    </p>
   </div>
   <div class='ocr_carea' id='block_1_2' title="bbox 393 418 1972 508">
    <p class='ocr_par' dir='ltr' id='par_1_2' title="bbox 393 435 1960 508">
     <span class='ocr_line' id='line_1_2' title="bbox 393 435 1960 508; baseline 0.003 -22"><span class='ocrx_word' id='word_1_7' title='bbox 393 435 804 505; x_wconf 78' lang='grc' dir='ltr'>ἁρπαγήσονται</span> <span class='ocrx_word' id='word_1_8' title='bbox 837 442 892 493; x_wconf 76' lang='grc' dir='ltr'>ἐν</span> <span class='ocrx_word' id='word_1_9' title='bbox 918 438 1164 506; x_wconf 73' lang='grc' dir='ltr'><strong>νεφέλαις</strong></span> <span class='ocrx_word' id='word_1_10' title='bbox 1189 438 1271 501; x_wconf 86' lang='grc' dir='ltr'><strong>είς</strong></span> <span class='ocrx_word' id='word_1_11' title='bbox 1299 438 1604 505; x_wconf 75' lang='grc' dir='ltr'><strong>ἀπάντησιν</strong></span> <span class='ocrx_word' id='word_1_12' title='bbox 1626 437 1723 492; x_wconf 78' lang='grc' dir='ltr'>τοῦ</span> <span class='ocrx_word' id='word_1_13' title='bbox 1755 438 1960 508; x_wconf 86' lang='grc' dir='ltr'>Κυρίου</span> 
     </span>
    </p>
   </div>
   <div class='ocr_carea' id='block_1_3' title="bbox 2077 418 3637 508">
    <p class='ocr_par' dir='ltr' id='par_1_3' title="bbox 2077 418 3637 498">
     <span class='ocr_line' id='line_1_3' title="bbox 2077 418 3637 498; baseline 0.004 -7"><span class='ocrx_word' id='word_1_14' title='bbox 2077 449 2153 493; x_wconf 76' lang='lat' dir='ltr'><strong>Lur</strong></span> <span class='ocrx_word' id='word_1_15' title='bbox 2182 454 2309 493; x_wconf 91' lang='lat' dir='ltr'><strong>cum</strong></span> <span class='ocrx_word' id='word_1_16' title='bbox 2350 438 2455 491; x_wconf 84' lang='lat' dir='ltr'><strong>illis</strong></span> <span class='ocrx_word' id='word_1_17' title='bbox 2497 437 2550 491; x_wconf 89' lang='lat' dir='ltr'><strong>in</strong></span> <span class='ocrx_word' id='word_1_18' title='bbox 2607 418 2845 493; x_wconf 83' lang='lat' dir='ltr'><strong>nubibus</strong></span> <span class='ocrx_word' id='word_1_19' title='bbox 2878 438 3093 493; x_wconf 82' lang='lat' dir='ltr'><strong>obviam</strong></span> <span class='ocrx_word' id='word_1_20' title='bbox 3126 437 3349 494; x_wconf 89' lang='lat' dir='ltr'><strong>Christo</strong></span> <span class='ocrx_word' id='word_1_21' title='bbox 3397 442 3450 494; x_wconf 91' lang='lat' dir='ltr'><strong>in</strong></span> <span class='ocrx_word' id='word_1_22' title='bbox 3483 456 3637 498; x_wconf 84' lang='lat' dir='ltr'><strong>aera.</strong></span> 
     </span>
    </p>
   </div>
   <div class='ocr_carea' id='block_1_4' title="bbox 392 526 1972 600">
    <p class='ocr_par' dir='ltr' id='par_1_4' title="bbox 392 526 1960 599">
     <span class='ocr_line' id='line_1_4' title="bbox 392 526 1960 599; baseline -0.002 -16"><span class='ocrx_word' id='word_1_23' title='bbox 392 527 471 587; x_wconf 71' lang='lat' dir='ltr'><strong>el;</strong></span> <span class='ocrx_word' id='word_1_24' title='bbox 502 526 658 594; x_wconf 83' lang='grc' dir='ltr'>ἀέρα.</span> <span class='ocrx_word' id='word_1_25' title='bbox 691 528 864 582; x_wconf 83' lang='grc' dir='ltr'>Ὅταν</span> <span class='ocrx_word' id='word_1_26' title='bbox 897 528 989 583; x_wconf 84' lang='grc' dir='ltr'><strong>οὐν</strong></span> <span class='ocrx_word' id='word_1_27' title='bbox 1022 530 1105 599; x_wconf 73' lang='grc' dir='ltr'>ἴδῃ</span> <span class='ocrx_word' id='word_1_28' title='bbox 1134 545 1217 592; x_wconf 88' lang='grc' dir='ltr'><strong>τις</strong></span> <span class='ocrx_word' id='word_1_29' title='bbox 1246 528 1315 581; x_wconf 86' lang='grc' dir='ltr'>τὰ</span> <span class='ocrx_word' id='word_1_30' title='bbox 1344 527 1571 599; x_wconf 83' lang='grc' dir='ltr'>βδελυρά</span> <span class='ocrx_word' id='word_1_31' title='bbox 1599 527 1729 593; x_wconf 76' lang='grc' dir='ltr'>ἔθνη</span> <span class='ocrx_word' id='word_1_32' title='bbox 1757 530 1837 591; x_wconf 84' lang='grc' dir='ltr'><strong>είς</strong></span> <span class='ocrx_word' id='word_1_33' title='bbox 1868 529 1960 581; x_wconf 77' lang='grc' dir='ltr'>τὸν</span> 
     </span>
    </p>
   </div>
   <div class='ocr_carea' id='block_1_5' title="bbox 2077 526 3641 600">
    <p class='ocr_par' dir='ltr' id='par_1_5' title="bbox 2077 528 3641 600">
     <span class='ocr_line' id='line_1_5' title="bbox 2077 528 3641 600; baseline 0.003 -16"><span class='ocrx_word' id='word_1_34' title='bbox 2077 530 2203 584; x_wconf 74' lang='lat' dir='ltr'><strong>Cum</strong></span> <span class='ocrx_word' id='word_1_35' title='bbox 2234 530 2359 598; x_wconf 85' lang='lat' dir='ltr'><strong>quis</strong></span> <span class='ocrx_word' id='word_1_36' title='bbox 2385 543 2514 598; x_wconf 87' lang='lat' dir='ltr'><strong>ergo</strong></span> <span class='ocrx_word' id='word_1_37' title='bbox 2543 528 2775 594; x_wconf 86' lang='lat' dir='ltr'><strong>viderit,</strong></span> <span class='ocrx_word' id='word_1_38' title='bbox 2816 529 2892 585; x_wconf 82' lang='lat' dir='ltr'><strong>ﬁli</strong></span> <span class='ocrx_word' id='word_1_39' title='bbox 2923 529 3034 593; x_wconf 90' lang='lat' dir='ltr'><strong>mi,</strong></span> <span class='ocrx_word' id='word_1_40' title='bbox 3062 530 3422 586; x_wconf 77' lang='lat' dir='ltr'><strong>exsecrandas</strong></span> <span class='ocrx_word' id='word_1_41' title='bbox 3451 541 3641 600; x_wconf 82' lang='lat' dir='ltr'><strong>gentes</strong></span> 
     </span>
    </p>
   </div>
   <div class='ocr_carea' id='block_1_6' title="bbox 393 616 1972 691">
    <p class='ocr_par' dir='ltr' id='par_1_6' title="bbox 393 616 1961 688">
     <span class='ocr_line' id='line_1_6' title="bbox 393 616 1961 688; baseline 0.003 -22"><span class='ocrx_word' id='word_1_42' title='bbox 393 616 595 684; x_wconf 74' lang='grc' dir='ltr'>κόσμον</span> <span class='ocrx_word' id='word_1_43' title='bbox 629 618 948 688; x_wconf 79' lang='grc' dir='ltr'>ἐληλυθότα,</span> <span class='ocrx_word' id='word_1_44' title='bbox 969 620 1202 685; x_wconf 78' lang='grc' dir='ltr'><strong>⁸τέκνον,</strong></span> <span class='ocrx_word' id='word_1_45' title='bbox 1256 620 1378 673; x_wconf 87' lang='grc' dir='ltr'>τότε</span> <span class='ocrx_word' id='word_1_46' title='bbox 1417 619 1729 687; x_wconf 80' lang='grc' dir='ltr'><strong>γινωσκέτω</strong></span> <span class='ocrx_word' id='word_1_47' title='bbox 1759 618 1839 672; x_wconf 80' lang='grc' dir='ltr'>ὅτι</span> <span class='ocrx_word' id='word_1_48' title='bbox 1868 620 1961 671; x_wconf 74' lang='grc' dir='ltr'><strong>ἐπὶ</strong></span> 
     </span>
    </p>
   </div>
   <div class='ocr_carea' id='block_1_7' title="bbox 2077 616 3646 691">
    <p class='ocr_par' dir='ltr' id='par_1_7' title="bbox 2077 620 3646 691">
     <span class='ocr_line' id='line_1_7' title="bbox 2077 620 3646 691; baseline 0.003 -17"><span class='ocrx_word' id='word_1_49' title='bbox 2077 621 2192 676; x_wconf 88' lang='lat' dir='ltr'><strong>illas</strong></span> <span class='ocrx_word' id='word_1_50' title='bbox 2225 621 2491 689; x_wconf 86' lang='lat' dir='ltr'><strong>irrupisse</strong></span> <span class='ocrx_word' id='word_1_51' title='bbox 2518 622 2572 675; x_wconf 92' lang='lat' dir='ltr'><strong>in</strong></span> <span class='ocrx_word' id='word_1_52' title='bbox 2601 620 2898 684; x_wconf 89' lang='lat' dir='ltr'><strong>mundum,</strong></span> <span class='ocrx_word' id='word_1_53' title='bbox 2933 622 3070 676; x_wconf 88' lang='lat' dir='ltr'><strong>sciat</strong></span> <span class='ocrx_word' id='word_1_54' title='bbox 3100 621 3147 676; x_wconf 87' lang='lat' dir='ltr'><strong>is</strong></span> <span class='ocrx_word' id='word_1_55' title='bbox 3170 661 3185 686; x_wconf 93' lang='lat'><strong>,</strong></span> <span class='ocrx_word' id='word_1_56' title='bbox 3225 636 3395 691; x_wconf 83' lang='lat' dir='ltr'><strong>prope</strong></span> <span class='ocrx_word' id='word_1_57' title='bbox 3436 637 3559 677; x_wconf 89' lang='lat' dir='ltr'><strong>esse</strong></span> <span class='ocrx_word' id='word_1_58' title='bbox 3588 624 3646 678; x_wconf 90' lang='lat' dir='ltr'><strong>in</strong></span> 
     </span>
    </p>
   </div>
   <div class='ocr_carea' id='block_1_8' title="bbox 391 708 1963 782">
    <p class='ocr_par' dir='ltr' id='par_1_8' title="bbox 391 708 1963 782">
     <span class='ocr_line' id='line_1_8' title="bbox 391 708 1963 782; baseline -0.001 -21"><span class='ocrx_word' id='word_1_59' title='bbox 391 708 585 778; x_wconf 89' lang='grc' dir='ltr'>θυραις</span> <span class='ocrx_word' id='word_1_60' title='bbox 612 710 811 773; x_wconf 82' lang='grc' dir='ltr'>πάντα.</span> <span class='ocrx_word' id='word_1_61' title='bbox 845 712 938 766; x_wconf 67' lang='lat' dir='ltr'><strong>zeal.</strong></span> <span class='ocrx_word' id='word_1_62' title='bbox 966 713 1105 782; x_wconf 80' lang='grc' dir='ltr'>μετὰ</span> <span class='ocrx_word' id='word_1_63' title='bbox 1145 712 1339 780; x_wconf 79' lang='grc' dir='ltr'>μικρὸν</span> <span class='ocrx_word' id='word_1_64' title='bbox 1362 714 1389 764; x_wconf 91' lang='lat'><strong>6</strong></span> <span class='ocrx_word' id='word_1_65' title='bbox 1427 710 1635 780; x_wconf 83' lang='grc' dir='ltr'>Κριτὴς</span> <span class='ocrx_word' id='word_1_66' title='bbox 1674 708 1963 762; x_wconf 79' lang='grc' dir='ltr'>ἐπελεύσε-</span> 
     </span>
    </p>
   </div>
   <div class='ocr_carea' id='block_1_9' title="bbox 388 800 1964 873">
    <p class='ocr_par' dir='ltr' id='par_1_9' title="bbox 388 800 1964 873">
     <span class='ocr_line' id='line_1_9' title="bbox 388 800 1964 873; baseline -0.001 -21"><span class='ocrx_word' id='word_1_67' title='bbox 388 815 498 852; x_wconf 88' lang='grc' dir='ltr'>ται.</span> <span class='ocrx_word' id='word_1_68' title='bbox 530 800 715 855; x_wconf 84' lang='grc' dir='ltr'>Ταῦτα</span> <span class='ocrx_word' id='word_1_69' title='bbox 765 803 1029 871; x_wconf 67' lang='grc' dir='ltr'>ἐλάλησεν</span> <span class='ocrx_word' id='word_1_70' title='bbox 1060 805 1089 855; x_wconf 98' lang='lat'><strong>6</strong></span> <span class='ocrx_word' id='word_1_71' title='bbox 1121 803 1417 873; x_wconf 83' lang='grc' dir='ltr'>Μακάριος</span> <span class='ocrx_word' id='word_1_72' title='bbox 1452 804 1519 871; x_wconf 74' lang='grc' dir='ltr'><strong>τῇ</strong></span> <span class='ocrx_word' id='word_1_73' title='bbox 1568 802 1726 857; x_wconf 80' lang='grc' dir='ltr'>νυκτὶ</span> <span class='ocrx_word' id='word_1_74' title='bbox 1777 800 1964 873; x_wconf 69' lang='grc' dir='ltr'>ἐκείνῃ</span> 
     </span>
    </p>
   </div>
   <div class='ocr_carea' id='block_1_10' title="bbox 388 890 1964 963">
    <p class='ocr_par' dir='ltr' id='par_1_10' title="bbox 388 890 1964 963">
     <span class='ocr_line' id='line_1_10' title="bbox 388 890 1964 963; baseline 0.004 -23"><span class='ocrx_word' id='word_1_75' title='bbox 388 890 467 959; x_wconf 82' lang='grc' dir='ltr'>τῷ</span> <span class='ocrx_word' id='word_1_76' title='bbox 500 890 826 962; x_wconf 83' lang='grc' dir='ltr'>Ἐπιφανίῳ,</span> <span class='ocrx_word' id='word_1_77' title='bbox 868 892 1288 963; x_wconf 78' lang='grc' dir='ltr'>ἀγρυπνοῦντων</span> <span class='ocrx_word' id='word_1_78' title='bbox 1321 892 1501 946; x_wconf 83' lang='grc' dir='ltr'>αὐτῶν</span> <span class='ocrx_word' id='word_1_79' title='bbox 1531 893 1627 946; x_wconf 79' lang='grc' dir='ltr'>καὶ</span> <span class='ocrx_word' id='word_1_80' title='bbox 1673 891 1775 962; x_wconf 83' lang='grc' dir='ltr'>τῆς</span> <span class='ocrx_word' id='word_1_81' title='bbox 1824 891 1964 961; x_wconf 69' lang='grc' dir='ltr'><strong>ὲμῆς</strong></span> 
     </span>
    </p>
   </div>
   <div class='ocr_carea' id='block_1_11' title="bbox 389 981 1965 1054">
    <p class='ocr_par' dir='ltr' id='par_1_11' title="bbox 389 981 1965 1054">
     <span class='ocr_line' id='line_1_11' title="bbox 389 981 1965 1054; baseline 0.004 -23"><span class='ocrx_word' id='word_1_82' title='bbox 389 982 792 1053; x_wconf 76' lang='grc' dir='ltr'><strong>ταπεινότητος.</strong></span> <span class='ocrx_word' id='word_1_83' title='bbox 820 984 927 1041; x_wconf 82' lang='grc' dir='ltr'><strong>Τοῦ</strong></span> <span class='ocrx_word' id='word_1_84' title='bbox 954 985 1008 1039; x_wconf 79' lang='grc' dir='ltr'>δὲ</span> <span class='ocrx_word' id='word_1_85' title='bbox 1034 981 1194 1050; x_wconf 79' lang='grc' dir='ltr'>ξύλου</span> <span class='ocrx_word' id='word_1_86' title='bbox 1218 984 1319 1053; x_wconf 83' lang='grc' dir='ltr'>τῆς</span> <span class='ocrx_word' id='word_1_87' title='bbox 1347 983 1645 1054; x_wconf 65' lang='grc' dir='ltr'>ἐκκλησίας</span> <span class='ocrx_word' id='word_1_88' title='bbox 1697 983 1965 1054; x_wconf 82' lang='grc' dir='ltr'>κρούσαν-</span> 
     </span>
    </p>
   </div>
   <div class='ocr_carea' id='block_1_12' title="bbox 389 1072 1965 1145">
    <p class='ocr_par' dir='ltr' id='par_1_12' title="bbox 389 1072 1965 1145">
     <span class='ocr_line' id='line_1_12' title="bbox 389 1072 1965 1145; baseline 0.001 -20"><span class='ocrx_word' id='word_1_89' title='bbox 389 1088 502 1135; x_wconf 87' lang='grc' dir='ltr'>τος,</span> <span class='ocrx_word' id='word_1_90' title='bbox 552 1072 824 1145; x_wconf 70' lang='grc' dir='ltr'>ἱπορεύθη</span> <span class='ocrx_word' id='word_1_91' title='bbox 855 1076 884 1128; x_wconf 91' lang='lat'><strong>6</strong></span> <span class='ocrx_word' id='word_1_92' title='bbox 914 1074 1233 1141; x_wconf 88' lang='grc' dir='ltr'>Ἐπιφάνιος</span> <span class='ocrx_word' id='word_1_93' title='bbox 1278 1075 1457 1128; x_wconf 72' lang='grc' dir='ltr'>ἐκεῖσε</span> <span class='ocrx_word' id='word_1_94' title='bbox 1477 1090 1492 1107; x_wconf 78' lang='grc' dir='ltr'><strong>ο</strong></span> <span class='ocrx_word' id='word_1_95' title='bbox 1524 1077 1553 1128; x_wconf 92' lang='lat'><strong>6</strong></span> <span class='ocrx_word' id='word_1_96' title='bbox 1579 1075 1637 1128; x_wconf 76' lang='grc' dir='ltr'>δὲ</span> <span class='ocrx_word' id='word_1_97' title='bbox 1676 1073 1965 1144; x_wconf 74' lang='grc' dir='ltr'><strong>Μακάριος</strong></span> 
     </span>
    </p>
   </div>
   <div class='ocr_carea' id='block_1_13' title="bbox 388 1163 1494 1239">
    <p class='ocr_par' dir='ltr' id='par_1_13' title="bbox 388 1163 1494 1239">
     <span class='ocr_line' id='line_1_13' title="bbox 388 1163 1494 1239; baseline 0.004 -22"><span class='ocrx_word' id='word_1_98' title='bbox 388 1164 450 1218; x_wconf 74' lang='grc' dir='ltr'>ιν</span> <span class='ocrx_word' id='word_1_99' title='bbox 480 1163 559 1236; x_wconf 84' lang='grc' dir='ltr'><strong>τῷ</strong></span> <span class='ocrx_word' id='word_1_100' title='bbox 591 1165 725 1237; x_wconf 79' lang='grc' dir='ltr'>οἴκῳ</span> <span class='ocrx_word' id='word_1_101' title='bbox 760 1164 884 1222; x_wconf 85' lang='grc' dir='ltr'>καθ’</span> <span class='ocrx_word' id='word_1_102' title='bbox 915 1166 1106 1224; x_wconf 78' lang='grc' dir='ltr'>ἑαυτὸν</span> <span class='ocrx_word' id='word_1_103' title='bbox 1130 1167 1494 1239; x_wconf 82' lang='grc' dir='ltr'>προσηύχετο,</span> 
     </span>
    </p>
   </div>
   <div class='ocr_carea' id='block_1_14' title="bbox 2067 710 3646 781">
    <p class='ocr_par' dir='ltr' id='par_1_14' title="bbox 2067 710 3646 781">
     <span class='ocr_line' id='line_1_14' title="bbox 2067 710 3646 781; baseline 0.003 -17"><span class='ocrx_word' id='word_1_104' title='bbox 2067 710 2270 780; x_wconf 82' lang='lat' dir='ltr'><strong>ianuis,</strong></span> <span class='ocrx_word' id='word_1_105' title='bbox 2298 726 2419 781; x_wconf 76' lang='lat' dir='ltr'><strong>qua:</strong></span> <span class='ocrx_word' id='word_1_106' title='bbox 2450 712 2586 777; x_wconf 78' lang='lat' dir='ltr'><strong>dixi,</strong></span> <span class='ocrx_word' id='word_1_107' title='bbox 2616 713 2837 777; x_wconf 83' lang='lat' dir='ltr'><strong>omnia;</strong></span> <span class='ocrx_word' id='word_1_108' title='bbox 2885 724 2939 767; x_wconf 91' lang='lat' dir='ltr'><strong>et</strong></span> <span class='ocrx_word' id='word_1_109' title='bbox 2970 712 3118 767; x_wconf 84' lang='lat' dir='ltr'><strong>brevi</strong></span> <span class='ocrx_word' id='word_1_110' title='bbox 3146 710 3391 771; x_wconf 69' lang='lat' dir='ltr'><strong>Iudicem</strong></span> <span class='ocrx_word' id='word_1_111' title='bbox 3422 714 3646 769; x_wconf 79' lang='lat' dir='ltr'><strong>adfutu-</strong></span> 
     </span>
    </p>
   </div>
   <div class='ocr_carea' id='block_1_15' title="bbox 2072 795 3677 874">
    <p class='ocr_par' dir='ltr' id='par_1_15' title="bbox 2072 795 3677 874">
     <span class='ocr_line' id='line_1_15' title="bbox 2072 795 3677 874; baseline 0.001 -17"><span class='ocrx_word' id='word_1_112' title='bbox 2072 818 2220 858; x_wconf 92' lang='lat' dir='ltr'><strong>rum.</strong></span> <span class='ocrx_word' id='word_1_113' title='bbox 2267 803 2446 872; x_wconf 79' lang='lat' dir='ltr'><strong>Atque</strong></span> <span class='ocrx_word' id='word_1_114' title='bbox 2491 802 2545 856; x_wconf 92' lang='lat' dir='ltr'><strong>hi</strong></span> <span class='ocrx_word' id='word_1_115' title='bbox 2596 802 2749 859; x_wconf 78' lang='lat' dir='ltr'><strong>fuere</strong></span> <span class='ocrx_word' id='word_1_116' title='bbox 2781 817 3101 870; x_wconf 77' lang='lat' dir='ltr'><strong>sermones,</strong></span> <span class='ocrx_word' id='word_1_117' title='bbox 3130 817 3268 874; x_wconf 89' lang='lat' dir='ltr'><strong>quos</strong></span> <span class='ocrx_word' id='word_1_118' title='bbox 3300 803 3368 857; x_wconf 87' lang='lat' dir='ltr'><strong>ad</strong></span> <span class='ocrx_word' id='word_1_119' title='bbox 3411 795 3677 873; x_wconf 71' lang='lat' dir='ltr'><strong>Epipha-l</strong></span> 
     </span>
    </p>
   </div>
   <div class='ocr_carea' id='block_1_16' title="bbox 2072 893 3650 963">
    <p class='ocr_par' dir='ltr' id='par_1_16' title="bbox 2072 893 3650 963">
     <span class='ocr_line' id='line_1_16' title="bbox 2072 893 3650 963; baseline -0.001 -13"><span class='ocrx_word' id='word_1_120' title='bbox 2072 896 2222 951; x_wconf 92' lang='lat' dir='ltr'><strong>nium</strong></span> <span class='ocrx_word' id='word_1_121' title='bbox 2257 896 2446 951; x_wconf 86' lang='lat' dir='ltr'><strong>habuit</strong></span> <span class='ocrx_word' id='word_1_122' title='bbox 2494 894 2741 950; x_wconf 78' lang='lat' dir='ltr'><strong>Andreas</strong></span> <span class='ocrx_word' id='word_1_123' title='bbox 2778 903 2938 950; x_wconf 89' lang='lat' dir='ltr'><strong>nocte</strong></span> <span class='ocrx_word' id='word_1_124' title='bbox 2983 893 3075 948; x_wconf 89' lang='lat' dir='ltr'><strong>illa</strong></span> <span class='ocrx_word' id='word_1_125' title='bbox 3100 933 3116 957; x_wconf 91' lang='lat'><strong>,</strong></span> <span class='ocrx_word' id='word_1_126' title='bbox 3152 903 3269 948; x_wconf 88' lang='lat' dir='ltr'><strong>tum</strong></span> <span class='ocrx_word' id='word_1_127' title='bbox 3316 894 3485 963; x_wconf 85' lang='lat' dir='ltr'><strong>ipsis,</strong></span> <span class='ocrx_word' id='word_1_128' title='bbox 3533 903 3650 949; x_wconf 89' lang='lat' dir='ltr'><strong>tum</strong></span> 
     </span>
    </p>
   </div>
   <div class='ocr_carea' id='block_1_17' title="bbox 2076 982 3648 1054">
    <p class='ocr_par' dir='ltr' id='par_1_17' title="bbox 2076 982 3648 1054">
     <span class='ocr_line' id='line_1_17' title="bbox 2076 982 3648 1054; baseline -0.001 -16"><span class='ocrx_word' id='word_1_129' title='bbox 2076 984 2208 1038; x_wconf 90' lang='lat' dir='ltr'><strong>mihi</strong></span> <span class='ocrx_word' id='word_1_130' title='bbox 2248 999 2467 1054; x_wconf 88' lang='lat' dir='ltr'><strong>quoque</strong></span> <span class='ocrx_word' id='word_1_131' title='bbox 2509 983 2628 1037; x_wconf 91' lang='lat' dir='ltr'><strong>sine</strong></span> <span class='ocrx_word' id='word_1_132' title='bbox 2661 996 2856 1038; x_wconf 90' lang='lat' dir='ltr'><strong>somno</strong></span> <span class='ocrx_word' id='word_1_133' title='bbox 2898 990 3205 1048; x_wconf 85' lang='lat' dir='ltr'><strong>transacta;</strong></span> <span class='ocrx_word' id='word_1_134' title='bbox 3256 982 3428 1037; x_wconf 88' lang='lat' dir='ltr'><strong>donec</strong></span> <span class='ocrx_word' id='word_1_135' title='bbox 3461 983 3648 1037; x_wconf 88' lang='lat' dir='ltr'><strong>datum</strong></span> 
     </span>
    </p>
   </div>
   <div class='ocr_carea' id='block_1_18' title="bbox 2074 1071 3650 1144">
    <p class='ocr_par' dir='ltr' id='par_1_18' title="bbox 2074 1071 3650 1144">
     <span class='ocr_line' id='line_1_18' title="bbox 2074 1071 3650 1144; baseline -0.001 -15"><span class='ocrx_word' id='word_1_136' title='bbox 2074 1075 2291 1144; x_wconf 89' lang='lat' dir='ltr'><strong>signum</strong></span> <span class='ocrx_word' id='word_1_137' title='bbox 2322 1074 2388 1128; x_wconf 87' lang='lat' dir='ltr'><strong>ad</strong></span> <span class='ocrx_word' id='word_1_138' title='bbox 2418 1073 2705 1129; x_wconf 85' lang='lat' dir='ltr'><strong>ecclesiam</strong></span> <span class='ocrx_word' id='word_1_139' title='bbox 2758 1083 3105 1135; x_wconf 88' lang='lat' dir='ltr'><strong>convocaret,</strong></span> <span class='ocrx_word' id='word_1_140' title='bbox 3159 1087 3270 1142; x_wconf 90' lang='lat' dir='ltr'><strong>quo</strong></span> <span class='ocrx_word' id='word_1_141' title='bbox 3307 1071 3650 1143; x_wconf 84' lang='lat' dir='ltr'><strong>Epiphanius</strong></span> 
     </span>
    </p>
   </div>
   <div class='ocr_carea' id='block_1_19' title="bbox 2074 1163 3649 1235">
    <p class='ocr_par' dir='ltr' id='par_1_19' title="bbox 2074 1163 3649 1235">
     <span class='ocr_line' id='line_1_19' title="bbox 2074 1163 3649 1235; baseline -0.001 -16"><span class='ocrx_word' id='word_1_142' title='bbox 2074 1166 2290 1235; x_wconf 86' lang='lat' dir='ltr'><strong>quidem</strong></span> <span class='ocrx_word' id='word_1_143' title='bbox 2331 1180 2450 1219; x_wconf 80' lang='lat' dir='ltr'><strong>sese</strong></span> <span class='ocrx_word' id='word_1_144' title='bbox 2476 1164 2740 1231; x_wconf 75' lang='lat' dir='ltr'><strong>contulit,</strong></span> <span class='ocrx_word' id='word_1_145' title='bbox 2783 1163 3033 1220; x_wconf 79' lang='lat' dir='ltr'><strong>Andreas</strong></span> <span class='ocrx_word' id='word_1_146' title='bbox 3072 1177 3200 1218; x_wconf 90' lang='lat' dir='ltr'><strong>vero</strong></span> <span class='ocrx_word' id='word_1_147' title='bbox 3231 1163 3380 1220; x_wconf 86' lang='lat' dir='ltr'><strong>domi</strong></span> <span class='ocrx_word' id='word_1_148' title='bbox 3418 1163 3649 1225; x_wconf 82' lang='lat' dir='ltr'><strong>seorsim</strong></span> 
     </span>
    </p>
   </div>
   <div class='ocr_carea' id='block_1_20' title="bbox 2072 1256 2595 1312">
    <p class='ocr_par' dir='ltr' id='par_1_20' title="bbox 2072 1256 2595 1312">
     <span class='ocr_line' id='line_1_20' title="bbox 2072 1256 2595 1312; baseline -0.006 -1"><span class='ocrx_word' id='word_1_149' title='bbox 2072 1258 2307 1312; x_wconf 75' lang='lat' dir='ltr'><strong>orationi</strong></span> <span class='ocrx_word' id='word_1_150' title='bbox 2335 1271 2394 1311; x_wconf 91' lang='lat' dir='ltr'><strong>se</strong></span> <span class='ocrx_word' id='word_1_151' title='bbox 2424 1256 2595 1311; x_wconf 89' lang='lat' dir='ltr'><strong>dedit.</strong></span> 
     </span>
    </p>
   </div>
   <div class='ocr_carea' id='block_1_21' title="bbox 1791 1387 2291 1447">
    <p class='ocr_par' dir='ltr' id='par_1_21' title="bbox 1791 1387 2291 1447">
     <span class='ocr_line' id='line_1_21' title="bbox 1791 1387 2291 1447; baseline -0.008 0"><span class='ocrx_word' id='word_1_152' title='bbox 1791 1388 2025 1447; x_wconf 80' lang='lat' dir='ltr'><strong>CAPUT</strong></span> <span class='ocrx_word' id='word_1_153' title='bbox 2081 1387 2291 1447; x_wconf 76' lang='lat' dir='ltr'><strong>XXVII.</strong></span> 
     </span>
    </p>
   </div>
   <div class='ocr_carea' id='block_1_22' title="bbox 395 1522 3648 1671">
    <p class='ocr_par' dir='ltr' id='par_1_22' title="bbox 395 1522 3648 1671">
     <span class='ocr_line' id='line_1_22' title="bbox 395 1522 3648 1671; baseline 0.001 -91"><span class='ocrx_word' id='word_1_154' title='bbox 395 1522 681 1581; x_wconf 75' lang='lat' dir='ltr'><strong>Occasione</strong></span> <span class='ocrx_word' id='word_1_155' title='bbox 734 1522 958 1581; x_wconf 65' lang='lat' dir='ltr'><strong>scelestis</strong></span> <span class='ocrx_word' id='word_1_156' title='bbox 987 1526 1342 1598; x_wconf 67' lang='lat' dir='ltr'><strong>fragrantia,</strong></span> <span class='ocrx_word' id='word_1_157' title='bbox 1397 1526 1493 1582; x_wconf 78' lang='lat' dir='ltr'><strong>sub</strong></span> <span class='ocrx_word' id='word_1_158' title='bbox 1528 1544 1681 1583; x_wconf 85' lang='lat' dir='ltr'><strong>sacra</strong></span> <span class='ocrx_word' id='word_1_159' title='bbox 1722 1528 1943 1584; x_wconf 78' lang='lat' dir='ltr'><strong>lectione</strong></span> <span class='ocrx_word' id='word_1_160' title='bbox 1973 1537 2251 1671; x_wconf 62' lang='lat' dir='ltr'><strong>percefptaz,</strong></span> <span class='ocrx_word' id='word_1_161' title='bbox 2290 1536 2564 1609; x_wconf 33' lang='lat' dir='ltr'><strong>Onarratur</strong></span> <span class='ocrx_word' id='word_1_162' title='bbox 2607 1528 2829 1585; x_wconf 77' lang='lat' dir='ltr'><strong>historia</strong></span> <span class='ocrx_word' id='word_1_163' title='bbox 2866 1526 3129 1583; x_wconf 77' lang='lat' dir='ltr'><strong>Theodori</strong></span> <span class='ocrx_word' id='word_1_164' title='bbox 3163 1527 3228 1582; x_wconf 72' lang='lat' dir='ltr'><strong>ab</strong></span> <span class='ocrx_word' id='word_1_165' title='bbox 3277 1527 3480 1598; x_wconf 78' lang='lat' dir='ltr'><strong>angelis</strong></span> <span class='ocrx_word' id='word_1_166' title='bbox 3509 1530 3648 1584; x_wconf 75' lang='lat' dir='ltr'><strong>inter</strong></span> 
     </span>
     <span class='ocr_line' id='line_1_23' title="bbox 1715 1608 2321 1653; baseline 0 0"><span class='ocrx_word' id='word_1_167' title='bbox 1715 1609 1978 1653; x_wconf 83' lang='lat' dir='ltr'><strong>tormenta</strong></span> <span class='ocrx_word' id='word_1_168' title='bbox 2011 1615 2107 1653; x_wconf 87' lang='lat' dir='ltr'><strong>con</strong></span> <span class='ocrx_word' id='word_1_169' title='bbox 2136 1608 2321 1653; x_wconf 73' lang='lat' dir='ltr'><strong>artati.</strong></span> 
     </span>
    </p>
   </div>
   <div class='ocr_carea' id='block_1_23' title="bbox 1715 1608 2321 1653">
    <p class='ocr_par' dir='ltr' id='par_1_23' title="bbox 1715 1608 2321 1653">
     <span class='ocr_line' id='line_1_24' title="bbox 1715 1608 2321 1653; baseline 0 0"><span class='ocrx_word' id='word_1_170' title='bbox 1715 1609 1978 1653; x_wconf 83' lang='lat' dir='ltr'><strong>tormenta</strong></span> <span class='ocrx_word' id='word_1_171' title='bbox 2011 1608 2321 1653; x_wconf 70' lang='lat' dir='ltr'><strong>contorum.</strong></span> 
     </span>
    </p>
   </div>
   <div class='ocr_carea' id='block_1_24' title="bbox 464 1698 1972 1802">
    <p class='ocr_par' dir='ltr' id='par_1_24' title="bbox 464 1698 1967 1802">
     <span class='ocr_line' id='line_1_25' title="bbox 464 1698 1967 1802; baseline 0.006 -27"><span class='ocrx_word' id='word_1_172' title='bbox 464 1724 562 1779; x_wconf 71' lang='grc' dir='ltr'>σλθ.</span> <span class='ocrx_word' id='word_1_173' title='bbox 588 1725 809 1795; x_wconf 77' lang='grc' dir='ltr'>Πρωτας</span> <span class='ocrx_word' id='word_1_174' title='bbox 836 1727 894 1782; x_wconf 79' lang='grc' dir='ltr'>δὲ</span> <span class='ocrx_word' id='word_1_175' title='bbox 922 1716 1243 1799; x_wconf 69' lang='grc' dir='ltr'>γενομένης,</span> <span class='ocrx_word' id='word_1_176' title='bbox 1264 1728 1430 1783; x_wconf 86' lang='grc' dir='ltr'>πάλιν</span> <span class='ocrx_word' id='word_1_177' title='bbox 1461 1728 1578 1802; x_wconf 73' lang='grc' dir='ltr'><strong>[ἐπὶ</strong></span> <span class='ocrx_word' id='word_1_178' title='bbox 1600 1731 1660 1783; x_wconf 76' lang='grc' dir='ltr'><strong>τὸ</strong></span> <span class='ocrx_word' id='word_1_179' title='bbox 1682 1698 1816 1785; x_wconf 73' lang='grc' dir='ltr'>αὐτὸ</span> <span class='ocrx_word' id='word_1_180' title='bbox 1843 1748 1967 1787; x_wconf 91' lang='grc' dir='ltr'>συν-</span> 
     </span>
    </p>
   </div>
   <div class='ocr_carea' id='block_1_25' title="bbox 2077 1698 3646 1802">
    <p class='ocr_par' dir='ltr' id='par_1_25' title="bbox 2137 1729 3646 1801">
     <span class='ocr_line' id='line_1_26' title="bbox 2137 1729 3646 1801; baseline 0.004 -17"><span class='ocrx_word' id='word_1_181' title='bbox 2137 1729 2266 1785; x_wconf 77' lang='grc'><strong>250.</strong></span> <span class='ocrx_word' id='word_1_182' title='bbox 2294 1729 2646 1787; x_wconf 83' lang='lat' dir='ltr'><strong>lllucescente</strong></span> <span class='ocrx_word' id='word_1_183' title='bbox 2669 1740 2889 1801; x_wconf 89' lang='lat' dir='ltr'><strong>postera</strong></span> <span class='ocrx_word' id='word_1_184' title='bbox 2913 1731 3025 1799; x_wconf 90' lang='lat' dir='ltr'><strong>die,</strong></span> <span class='ocrx_word' id='word_1_185' title='bbox 3047 1730 3235 1786; x_wconf 89' lang='lat' dir='ltr'><strong>eodem</strong></span> <span class='ocrx_word' id='word_1_186' title='bbox 3262 1731 3646 1791; x_wconf 84' lang='lat' dir='ltr'><strong>convenientes</strong></span> 
     </span>
    </p>
   </div>
   <div class='ocr_carea' id='block_1_26' title="bbox 392 1813 1973 1893">
    <p class='ocr_par' dir='ltr' id='par_1_26' title="bbox 392 1813 1973 1893">
     <span class='ocr_line' id='line_1_27' title="bbox 392 1813 1973 1893; baseline 0.006 -25"><span class='ocrx_word' id='word_1_187' title='bbox 392 1813 634 1879; x_wconf 77' lang='grc' dir='ltr'>ιλθόντες</span> <span class='ocrx_word' id='word_1_188' title='bbox 658 1816 776 1889; x_wconf 68' lang='grc' dir='ltr'>καὶ]</span> <span class='ocrx_word' id='word_1_189' title='bbox 809 1818 1167 1881; x_wconf 78' lang='grc' dir='ltr'><strong>καθεσθέντες</strong></span> <span class='ocrx_word' id='word_1_190' title='bbox 1196 1819 1437 1888; x_wconf 81' lang='grc' dir='ltr'>ὡμίλουν</span> <span class='ocrx_word' id='word_1_191' title='bbox 1466 1823 1537 1875; x_wconf 70' lang='grc' dir='ltr'><strong>τὰ</strong></span> <span class='ocrx_word' id='word_1_192' title='bbox 1587 1820 1683 1875; x_wconf 83' lang='grc' dir='ltr'><strong>τοῦ</strong></span> <span class='ocrx_word' id='word_1_193' title='bbox 1716 1820 1973 1893; x_wconf 85' lang='grc' dir='ltr'>πνεύμα-</span> 
     </span>
    </p>
   </div>
   <div class='ocr_carea' id='block_1_27' title="bbox 390 1906 1969 1983">
    <p class='ocr_par' dir='ltr' id='par_1_27' title="bbox 390 1906 1969 1983">
     <span class='ocr_line' id='line_1_28' title="bbox 390 1906 1969 1983; baseline 0.006 -27"><span class='ocrx_word' id='word_1_194' title='bbox 390 1920 516 1967; x_wconf 86' lang='grc' dir='ltr'>τος·</span> <span class='ocrx_word' id='word_1_195' title='bbox 572 1908 666 1959; x_wconf 73' lang='grc' dir='ltr'>καὶ</span> <span class='ocrx_word' id='word_1_196' title='bbox 715 1906 780 1977; x_wconf 80' lang='grc' dir='ltr'>δὴ</span> <span class='ocrx_word' id='word_1_197' title='bbox 817 1907 999 1978; x_wconf 84' lang='grc' dir='ltr'>βίϐλου</span> <span class='ocrx_word' id='word_1_198' title='bbox 1053 1910 1233 1962; x_wconf 70' lang='grc' dir='ltr'>ἐκεῖσε</span> <span class='ocrx_word' id='word_1_199' title='bbox 1288 1910 1551 1983; x_wconf 77' lang='grc' dir='ltr'><strong>κειμένης</strong></span> <span class='ocrx_word' id='word_1_200' title='bbox 1601 1910 1697 1964; x_wconf 83' lang='grc' dir='ltr'>τοῦ</span> <span class='ocrx_word' id='word_1_201' title='bbox 1733 1912 1969 1982; x_wconf 80' lang='grc' dir='ltr'>μεγάλου</span> 
     </span>
    </p>
   </div>
   <div class='ocr_carea' id='block_1_28' title="bbox 392 1994 1971 2073">
    <p class='ocr_par' dir='ltr' id='par_1_28' title="bbox 392 1994 1971 2073">
     <span class='ocr_line' id='line_1_29' title="bbox 392 1994 1971 2073; baseline 0.007 -27"><span class='ocrx_word' id='word_1_202' title='bbox 392 1994 698 2063; x_wconf 83' lang='grc' dir='ltr'>Βασιλείου,</span> <span class='ocrx_word' id='word_1_203' title='bbox 744 1998 1093 2070; x_wconf 81' lang='grc' dir='ltr'>προτρέψατο</span> <span class='ocrx_word' id='word_1_204' title='bbox 1117 2002 1147 2053; x_wconf 90' lang='lat'><strong>6</strong></span> <span class='ocrx_word' id='word_1_205' title='bbox 1177 2000 1365 2065; x_wconf 81' lang='grc' dir='ltr'>Ὀσιος</span> <span class='ocrx_word' id='word_1_206' title='bbox 1414 2002 1493 2071; x_wconf 78' lang='grc' dir='ltr'>τῷ</span> <span class='ocrx_word' id='word_1_207' title='bbox 1532 2002 1833 2073; x_wconf 81' lang='grc' dir='ltr'>Ἑπιφανίῳ</span> <span class='ocrx_word' id='word_1_208' title='bbox 1876 2003 1971 2057; x_wconf 82' lang='grc' dir='ltr'><strong>τοῦ</strong></span> 
     </span>
    </p>
   </div>
   <div class='ocr_carea' id='block_1_29' title="bbox 392 2085 1973 2164">
    <p class='ocr_par' dir='ltr' id='par_1_29' title="bbox 392 2085 1973 2164">
     <span class='ocr_line' id='line_1_30' title="bbox 392 2085 1973 2164; baseline 0.005 -23"><span class='ocrx_word' id='word_1_209' title='bbox 392 2085 577 2141; x_wconf 76' lang='grc' dir='ltr'>λαϐεῖν</span> <span class='ocrx_word' id='word_1_210' title='bbox 606 2090 698 2141; x_wconf 74' lang='grc' dir='ltr'>καὶ</span> <span class='ocrx_word' id='word_1_211' title='bbox 747 2090 1145 2158; x_wconf 80' lang='grc' dir='ltr'>ἀναγινώσκειν</span> <span class='ocrx_word' id='word_1_212' title='bbox 1163 2107 1179 2123; x_wconf 82' lang='grc'><strong><em>⁸</em></strong></span> <span class='ocrx_word' id='word_1_213' title='bbox 1208 2087 1276 2164; x_wconf 81' lang='grc' dir='ltr'>ἦν</span> <span class='ocrx_word' id='word_1_214' title='bbox 1314 2092 1371 2145; x_wconf 83' lang='grc' dir='ltr'>δὲ</span> <span class='ocrx_word' id='word_1_215' title='bbox 1399 2094 1427 2145; x_wconf 92' lang='lat'><strong>6</strong></span> <span class='ocrx_word' id='word_1_216' title='bbox 1450 2093 1606 2163; x_wconf 80' lang='grc' dir='ltr'>λόγος</span> <span class='ocrx_word' id='word_1_217' title='bbox 1638 2112 1973 2164; x_wconf 82' lang='grc' dir='ltr'>προτρεπτι-</span> 
     </span>
    </p>
   </div>
   <div class='ocr_carea' id='block_1_30' title="bbox 392 2181 1971 2257">
    <p class='ocr_par' dir='ltr' id='par_1_30' title="bbox 392 2181 1971 2257">
     <span class='ocr_line' id='line_1_31' title="bbox 392 2181 1971 2257; baseline 0.004 -23"><span class='ocrx_word' id='word_1_218' title='bbox 392 2181 508 2245; x_wconf 70' lang='grc' dir='ltr'>κὸς,</span> <span class='ocrx_word' id='word_1_219' title='bbox 539 2182 724 2252; x_wconf 79' lang='grc' dir='ltr'>ὁμιλία</span> <span class='ocrx_word' id='word_1_220' title='bbox 756 2184 835 2247; x_wconf 85' lang='grc' dir='ltr'><strong>είς</strong></span> <span class='ocrx_word' id='word_1_221' title='bbox 877 2183 938 2238; x_wconf 79' lang='grc' dir='ltr'>τὸ</span> <span class='ocrx_word' id='word_1_222' title='bbox 989 2184 1291 2254; x_wconf 80' lang='grc' dir='ltr'>βάπτισμα,</span> <span class='ocrx_word' id='word_1_223' title='bbox 1341 2186 1400 2238; x_wconf 86' lang='lat'><strong>&#39;0</strong></span> <span class='ocrx_word' id='word_1_224' title='bbox 1451 2186 1551 2257; x_wconf 83' lang='grc' dir='ltr'>μὲν</span> <span class='ocrx_word' id='word_1_225' title='bbox 1602 2187 1766 2256; x_wconf 78' lang='grc' dir='ltr'>σοφὸς</span> <span class='ocrx_word' id='word_1_226' title='bbox 1812 2189 1971 2241; x_wconf 78' lang='grc' dir='ltr'>Σολο-</span> 
     </span>
    </p>
   </div>
   <div class='ocr_carea' id='block_1_31' title="bbox 397 2268 1973 2348">
    <p class='ocr_par' dir='ltr' id='par_1_31' title="bbox 397 2268 1973 2348">
     <span class='ocr_line' id='line_1_32' title="bbox 397 2268 1973 2348; baseline 0.008 -29"><span class='ocrx_word' id='word_1_227' title='bbox 397 2269 534 2336; x_wconf 86' lang='grc' dir='ltr'><strong>μὼν.</strong></span> <span class='ocrx_word' id='word_1_228' title='bbox 572 2268 777 2324; x_wconf 83' lang='grc' dir='ltr'>Τούτου</span> <span class='ocrx_word' id='word_1_229' title='bbox 805 2271 861 2324; x_wconf 79' lang='grc' dir='ltr'>δὲ</span> <span class='ocrx_word' id='word_1_230' title='bbox 903 2273 1439 2342; x_wconf 81' lang='grc' dir='ltr'>ἀναγινωσκομένου,</span> <span class='ocrx_word' id='word_1_231' title='bbox 1474 2276 1646 2345; x_wconf 68' lang='grc' dir='ltr'><strong>⁴ἡδέως</strong></span> <span class='ocrx_word' id='word_1_232' title='bbox 1684 2279 1973 2348; x_wconf 81' lang='grc' dir='ltr'>ὴκροᾶτοό</span> 
     </span>
    </p>
   </div>
   <div class='ocr_carea' id='block_1_32' title="bbox 394 2359 1973 2440">
    <p class='ocr_par' dir='ltr' id='par_1_32' title="bbox 394 2359 1973 2440">
     <span class='ocr_line' id='line_1_33' title="bbox 394 2359 1973 2440; baseline 0.004 -24"><span class='ocrx_word' id='word_1_233' title='bbox 394 2359 701 2431; x_wconf 73' lang='grc' dir='ltr'>Μακάριος,</span> <span class='ocrx_word' id='word_1_234' title='bbox 760 2363 981 2431; x_wconf 84' lang='grc' dir='ltr'>μειδιῶν</span> <span class='ocrx_word' id='word_1_235' title='bbox 1020 2364 1099 2434; x_wconf 84' lang='grc' dir='ltr'>τῷ</span> <span class='ocrx_word' id='word_1_236' title='bbox 1135 2364 1413 2436; x_wconf 81' lang='grc' dir='ltr'>προσώπῳ</span> <span class='ocrx_word' id='word_1_237' title='bbox 1466 2368 1562 2420; x_wconf 80' lang='grc' dir='ltr'><strong>καὶ</strong></span> <span class='ocrx_word' id='word_1_238' title='bbox 1608 2368 1973 2440; x_wconf 84' lang='grc' dir='ltr'>εὐφραινόμε-</span> 
     </span>
    </p>
   </div>
   <div class='ocr_carea' id='block_1_33' title="bbox 395 2451 1972 2528">
    <p class='ocr_par' dir='ltr' id='par_1_33' title="bbox 395 2451 1972 2528">
     <span class='ocr_line' id='line_1_34' title="bbox 395 2451 1972 2528; baseline 0.006 -26"><span class='ocrx_word' id='word_1_239' title='bbox 395 2466 484 2512; x_wconf 78' lang='grc' dir='ltr'><strong>νος</strong></span> <span class='ocrx_word' id='word_1_240' title='bbox 503 2467 518 2480; x_wconf 87' lang='grc'><strong>·</strong></span> <span class='ocrx_word' id='word_1_241' title='bbox 542 2453 569 2503; x_wconf 90' lang='lat'><strong>6</strong></span> <span class='ocrx_word' id='word_1_242' title='bbox 599 2452 655 2504; x_wconf 80' lang='grc' dir='ltr'>δὲ</span> <span class='ocrx_word' id='word_1_243' title='bbox 681 2451 1000 2521; x_wconf 83' lang='grc' dir='ltr'>Ἐπιφάνιος</span> <span class='ocrx_word' id='word_1_244' title='bbox 1026 2453 1143 2524; x_wconf 81' lang='grc' dir='ltr'>ἔχεε</span> <span class='ocrx_word' id='word_1_245' title='bbox 1168 2455 1381 2526; x_wconf 87' lang='grc' dir='ltr'>δάκρυα</span> <span class='ocrx_word' id='word_1_246' title='bbox 1408 2459 1473 2527; x_wconf 84' lang='grc' dir='ltr'><strong>τῇ</strong></span> <span class='ocrx_word' id='word_1_247' title='bbox 1507 2456 1696 2528; x_wconf 82' lang='grc' dir='ltr'>βίϐλῳ,</span> <span class='ocrx_word' id='word_1_248' title='bbox 1727 2459 1821 2511; x_wconf 70' lang='grc' dir='ltr'>καὶ</span> <span class='ocrx_word' id='word_1_249' title='bbox 1848 2474 1972 2511; x_wconf 84' lang='grc' dir='ltr'>στε-</span> 
     </span>
    </p>
   </div>
   <div class='ocr_carea' id='block_1_34' title="bbox 396 2541 1974 2618">
    <p class='ocr_par' dir='ltr' id='par_1_34' title="bbox 396 2541 1974 2618">
     <span class='ocr_line' id='line_1_35' title="bbox 396 2541 1974 2618; baseline 0.006 -27"><span class='ocrx_word' id='word_1_250' title='bbox 396 2542 638 2608; x_wconf 79' lang='grc' dir='ltr'>ναγμοὺς</span> <span class='ocrx_word' id='word_1_251' title='bbox 664 2542 728 2595; x_wconf 84' lang='grc' dir='ltr'>ὲκ</span> <span class='ocrx_word' id='word_1_252' title='bbox 763 2541 972 2612; x_wconf 77' lang='grc' dir='ltr'>βαθέων</span> <span class='ocrx_word' id='word_1_253' title='bbox 998 2544 1339 2615; x_wconf 76' lang='grc' dir='ltr'>ἀνέπεμπεν.</span> <span class='ocrx_word' id='word_1_254' title='bbox 1369 2547 1513 2618; x_wconf 78' lang='grc' dir='ltr'>Ἔφη</span> <span class='ocrx_word' id='word_1_255' title='bbox 1551 2546 1608 2601; x_wconf 79' lang='grc' dir='ltr'>δὲ</span> <span class='ocrx_word' id='word_1_256' title='bbox 1644 2548 1781 2617; x_wconf 78' lang='grc' dir='ltr'>πρὸς</span> <span class='ocrx_word' id='word_1_257' title='bbox 1811 2547 1974 2601; x_wconf 70' lang='grc' dir='ltr'>αὐτὸν</span> 
     </span>
    </p>
   </div>
   <div class='ocr_carea' id='block_1_35' title="bbox 392 2630 1973 2708">
    <p class='ocr_par' dir='ltr' id='par_1_35' title="bbox 392 2630 1973 2708">
     <span class='ocr_line' id='line_1_36' title="bbox 392 2630 1973 2708; baseline 0.005 -28"><span class='ocrx_word' id='word_1_258' title='bbox 392 2630 425 2680; x_wconf 89' lang='lat'><strong>6</strong></span> <span class='ocrx_word' id='word_1_259' title='bbox 462 2631 744 2701; x_wconf 83' lang='grc' dir='ltr'>Μακάριος</span> <span class='ocrx_word' id='word_1_260' title='bbox 769 2649 783 2664; x_wconf 77' lang='grc' dir='ltr'><strong>ο</strong></span> <span class='ocrx_word' id='word_1_261' title='bbox 815 2633 1017 2687; x_wconf 78' lang='grc' dir='ltr'>Τέκνον</span> <span class='ocrx_word' id='word_1_262' title='bbox 1056 2652 1194 2704; x_wconf 68' lang='grc' dir='ltr'>μου,</span> <span class='ocrx_word' id='word_1_263' title='bbox 1226 2636 1279 2689; x_wconf 86' lang='grc' dir='ltr'><strong>τί</strong></span> <span class='ocrx_word' id='word_1_264' title='bbox 1328 2636 1627 2706; x_wconf 85' lang='grc' dir='ltr'>δακρύεις;</span> <span class='ocrx_word' id='word_1_265' title='bbox 1680 2636 1973 2708; x_wconf 83' lang='grc' dir='ltr'>εὐφραίνου</span> 
     </span>
    </p>
   </div>
   <div class='ocr_carea' id='block_1_36' title="bbox 394 2718 1970 2796">
    <p class='ocr_par' dir='ltr' id='par_1_36' title="bbox 394 2718 1970 2796">
     <span class='ocr_line' id='line_1_37' title="bbox 394 2718 1970 2796; baseline 0.006 -24"><span class='ocrx_word' id='word_1_266' title='bbox 394 2718 453 2772; x_wconf 83' lang='grc' dir='ltr'>δὲ</span> <span class='ocrx_word' id='word_1_267' title='bbox 483 2721 683 2789; x_wconf 80' lang='grc' dir='ltr'>μᾶλλον</span> <span class='ocrx_word' id='word_1_268' title='bbox 710 2726 852 2776; x_wconf 84' lang='grc' dir='ltr'><strong>κατά</strong></span> <span class='ocrx_word' id='word_1_269' title='bbox 878 2724 970 2777; x_wconf 80' lang='grc' dir='ltr'>τὸν</span> <span class='ocrx_word' id='word_1_270' title='bbox 1018 2727 1290 2796; x_wconf 81' lang='grc' dir='ltr'>μακάριον</span> <span class='ocrx_word' id='word_1_271' title='bbox 1328 2728 1541 2781; x_wconf 83' lang='grc' dir='ltr'>Παῦλον</span> <span class='ocrx_word' id='word_1_272' title='bbox 1582 2728 1674 2781; x_wconf 83' lang='grc' dir='ltr'>τὸν</span> <span class='ocrx_word' id='word_1_273' title='bbox 1706 2727 1931 2796; x_wconf 79' lang='grc' dir='ltr'>λέγοντα</span> <span class='ocrx_word' id='word_1_274' title='bbox 1956 2745 1970 2757; x_wconf 90' lang='grc'><strong>·</strong></span> 
     </span>
    </p>
   </div>
   <div class='ocr_carea' id='block_1_37' title="bbox 402 2811 1972 2894">
    <p class='ocr_par' dir='ltr' id='par_1_37' title="bbox 402 2811 1972 2894">
     <span class='ocr_line' id='line_1_38' title="bbox 402 2811 1972 2894; baseline 0.006 -31"><span class='ocrx_word' id='word_1_275' title='bbox 402 2811 662 2894; x_wconf 35' lang='grc' dir='ltr'>ιΧαίρετΙε</span> <span class='ocrx_word' id='word_1_276' title='bbox 682 2815 739 2868; x_wconf 82' lang='grc' dir='ltr'>ὲν</span> <span class='ocrx_word' id='word_1_277' title='bbox 758 2816 949 2886; x_wconf 81' lang='grc' dir='ltr'>Κυρίῳ</span> <span class='ocrx_word' id='word_1_278' title='bbox 968 2818 1217 2870; x_wconf 83' lang='grc' dir='ltr'>πάντοτε·</span> <span class='ocrx_word' id='word_1_279' title='bbox 1233 2835 1253 2870; x_wconf 72' lang='grc' dir='ltr'><strong>ι</strong></span> <span class='ocrx_word' id='word_1_280' title='bbox 1278 2818 1495 2871; x_wconf 75' lang='grc' dir='ltr'>καὶόσοι</span> <span class='ocrx_word' id='word_1_281' title='bbox 1518 2818 1588 2871; x_wconf 79' lang='grc' dir='ltr'><strong>τὰ</strong></span> <span class='ocrx_word' id='word_1_282' title='bbox 1612 2819 1705 2872; x_wconf 82' lang='grc' dir='ltr'>τοῦ</span> <span class='ocrx_word' id='word_1_283' title='bbox 1727 2818 1972 2891; x_wconf 80' lang='grc' dir='ltr'>Πνεύμα-</span> 
     </span>
    </p>
   </div>
   <div class='ocr_carea' id='block_1_38' title="bbox 394 2900 1971 2981">
    <p class='ocr_par' dir='ltr' id='par_1_38' title="bbox 394 2900 1971 2981">
     <span class='ocr_line' id='line_1_39' title="bbox 394 2900 1971 2981; baseline 0.004 -24"><span class='ocrx_word' id='word_1_284' title='bbox 394 2919 484 2966; x_wconf 89' lang='grc' dir='ltr'><strong>τος</strong></span> <span class='ocrx_word' id='word_1_285' title='bbox 501 2909 819 2975; x_wconf 84' lang='grc' dir='ltr'>πράττουσι,</span> <span class='ocrx_word' id='word_1_286' title='bbox 837 2909 946 2979; x_wconf 85' lang='grc' dir='ltr'><strong>χρὴ</strong></span> <span class='ocrx_word' id='word_1_287' title='bbox 972 2909 1168 2971; x_wconf 82' lang='grc' dir='ltr'>αὐτοὺς</span> <span class='ocrx_word' id='word_1_288' title='bbox 1189 2912 1416 2980; x_wconf 83' lang='grc' dir='ltr'>σκιρτᾷν</span> <span class='ocrx_word' id='word_1_289' title='bbox 1438 2912 1533 2964; x_wconf 76' lang='grc' dir='ltr'>καὶ</span> <span class='ocrx_word' id='word_1_290' title='bbox 1554 2900 1939 2981; x_wconf 81' lang='grc' dir='ltr'>εὐφραίνεσθαι</span> <span class='ocrx_word' id='word_1_291' title='bbox 1956 2928 1971 2944; x_wconf 77' lang='grc'><strong><em>⁸</em></strong></span> 
     </span>
    </p>
   </div>
   <div class='ocr_carea' id='block_1_39' title="bbox 393 2996 1971 3079">
    <p class='ocr_par' dir='ltr' id='par_1_39' title="bbox 393 2996 1971 3079">
     <span class='ocr_line' id='line_1_40' title="bbox 393 2996 1971 3079; baseline 0.005 -30"><span class='ocrx_word' id='word_1_292' title='bbox 393 2996 509 3050; x_wconf 84' lang='grc' dir='ltr'>ὅσοι</span> <span class='ocrx_word' id='word_1_293' title='bbox 539 2997 596 3049; x_wconf 78' lang='grc' dir='ltr'>δὲ</span> <span class='ocrx_word' id='word_1_294' title='bbox 654 2999 818 3051; x_wconf 89' lang='grc' dir='ltr'>πάλιν</span> <span class='ocrx_word' id='word_1_295' title='bbox 856 2998 1071 3052; x_wconf 77' lang='grc' dir='ltr'>ποιοῦσι</span> <span class='ocrx_word' id='word_1_296' title='bbox 1101 2999 1197 3052; x_wconf 80' lang='grc' dir='ltr'>τοῦ</span> <span class='ocrx_word' id='word_1_297' title='bbox 1252 3000 1502 3055; x_wconf 88' lang='grc' dir='ltr'>διαϐόλου</span> <span class='ocrx_word' id='word_1_298' title='bbox 1553 3002 1622 3055; x_wconf 86' lang='grc' dir='ltr'>τὰ</span> <span class='ocrx_word' id='word_1_299' title='bbox 1670 3004 1971 3079; x_wconf 79' lang='grc' dir='ltr'>θελήματα,</span> 
     </span>
    </p>
   </div>
   <div class='ocr_carea' id='block_1_40' title="bbox 2074 1822 3647 1894">
    <p class='ocr_par' dir='ltr' id='par_1_40' title="bbox 2074 1822 3647 1894">
     <span class='ocr_line' id='line_1_41' title="bbox 2074 1822 3647 1894; baseline -0.001 -16"><span class='ocrx_word' id='word_1_300' title='bbox 2074 1822 2256 1879; x_wconf 92' lang='lat' dir='ltr'><strong>denuo</strong></span> <span class='ocrx_word' id='word_1_301' title='bbox 2289 1823 2669 1893; x_wconf 86' lang='lat' dir='ltr'><strong>sedentesque,</strong></span> <span class='ocrx_word' id='word_1_302' title='bbox 2691 1825 2756 1877; x_wconf 91' lang='lat' dir='ltr'><strong>de</strong></span> <span class='ocrx_word' id='word_1_303' title='bbox 2792 1825 2957 1880; x_wconf 89' lang='lat' dir='ltr'><strong>rebus</strong></span> <span class='ocrx_word' id='word_1_304' title='bbox 2992 1824 3059 1878; x_wconf 88' lang='lat' dir='ltr'><strong>ad</strong></span> <span class='ocrx_word' id='word_1_305' title='bbox 3093 1824 3342 1893; x_wconf 84' lang='lat' dir='ltr'><strong>spiritum</strong></span> <span class='ocrx_word' id='word_1_306' title='bbox 3368 1823 3647 1894; x_wconf 82' lang='lat' dir='ltr'><strong>pertinen-</strong></span> 
     </span>
    </p>
   </div>
   <div class='ocr_carea' id='block_1_41' title="bbox 2076 1912 3648 1985">
    <p class='ocr_par' dir='ltr' id='par_1_41' title="bbox 2076 1912 3648 1985">
     <span class='ocr_line' id='line_1_42' title="bbox 2076 1912 3648 1985; baseline 0.002 -18"><span class='ocrx_word' id='word_1_307' title='bbox 2076 1914 2224 1968; x_wconf 88' lang='lat' dir='ltr'><strong>tibus</strong></span> <span class='ocrx_word' id='word_1_308' title='bbox 2277 1915 2530 1970; x_wconf 80' lang='lat' dir='ltr'><strong>conferre</strong></span> <span class='ocrx_word' id='word_1_309' title='bbox 2577 1923 2892 1984; x_wconf 85' lang='lat' dir='ltr'><strong>coeperunt,</strong></span> <span class='ocrx_word' id='word_1_310' title='bbox 2942 1929 3183 1985; x_wconf 88' lang='lat' dir='ltr'><strong>cumque</strong></span> <span class='ocrx_word' id='word_1_311' title='bbox 3232 1912 3370 1969; x_wconf 81' lang='lat' dir='ltr'><strong>forte</strong></span> <span class='ocrx_word' id='word_1_312' title='bbox 3414 1914 3551 1982; x_wconf 58' lang='lat' dir='ltr'><strong>istic:</strong></span> <span class='ocrx_word' id='word_1_313' title='bbox 3578 1914 3648 1970; x_wconf 87' lang='lat' dir='ltr'><strong>ad</strong></span> 
     </span>
    </p>
   </div>
   <div class='ocr_carea' id='block_1_42' title="bbox 2077 2004 3647 2076">
    <p class='ocr_par' dir='ltr' id='par_1_42' title="bbox 2077 2004 3647 2076">
     <span class='ocr_line' id='line_1_43' title="bbox 2077 2004 3647 2076; baseline 0 -19"><span class='ocrx_word' id='word_1_314' title='bbox 2077 2018 2306 2066; x_wconf 81' lang='lat' dir='ltr'><strong>manum</strong></span> <span class='ocrx_word' id='word_1_315' title='bbox 2338 2013 2484 2060; x_wconf 88' lang='lat' dir='ltr'><strong>esset</strong></span> <span class='ocrx_word' id='word_1_316' title='bbox 2532 2005 2713 2074; x_wconf 90' lang='lat' dir='ltr'><strong>magni</strong></span> <span class='ocrx_word' id='word_1_317' title='bbox 2771 2004 2955 2059; x_wconf 86' lang='lat' dir='ltr'><strong>Basilii</strong></span> <span class='ocrx_word' id='word_1_318' title='bbox 3010 2004 3261 2059; x_wconf 86' lang='lat' dir='ltr'><strong>volumen</strong></span> <span class='ocrx_word' id='word_1_319' title='bbox 3310 2004 3647 2076; x_wconf 83' lang='lat' dir='ltr'><strong>quodpiam,</strong></span> 
     </span>
    </p>
   </div>
   <div class='ocr_carea' id='block_1_43' title="bbox 2076 2094 3654 2167">
    <p class='ocr_par' dir='ltr' id='par_1_43' title="bbox 2076 2094 3654 2167">
     <span class='ocr_line' id='line_1_44' title="bbox 2076 2094 3654 2167; baseline -0.001 -17"><span class='ocrx_word' id='word_1_320' title='bbox 2076 2097 2326 2153; x_wconf 86' lang='lat' dir='ltr'><strong>hortatus</strong></span> <span class='ocrx_word' id='word_1_321' title='bbox 2355 2106 2437 2152; x_wconf 88' lang='lat' dir='ltr'><strong>est</strong></span> <span class='ocrx_word' id='word_1_322' title='bbox 2465 2097 2827 2166; x_wconf 84' lang='lat' dir='ltr'><strong>Epiphanium</strong></span> <span class='ocrx_word' id='word_1_323' title='bbox 2864 2095 3135 2161; x_wconf 74' lang='lat' dir='ltr'><strong>Andreas,</strong></span> <span class='ocrx_word' id='word_1_324' title='bbox 3176 2107 3236 2150; x_wconf 91' lang='lat' dir='ltr'><strong>ut</strong></span> <span class='ocrx_word' id='word_1_325' title='bbox 3273 2094 3407 2149; x_wconf 92' lang='lat' dir='ltr'><strong>illud</strong></span> <span class='ocrx_word' id='word_1_326' title='bbox 3440 2096 3654 2167; x_wconf 88' lang='lat' dir='ltr'><strong>accipe-</strong></span> 
     </span>
    </p>
   </div>
   <div class='ocr_carea' id='block_1_44' title="bbox 2077 2182 3652 2255">
    <p class='ocr_par' dir='ltr' id='par_1_44' title="bbox 2077 2182 3652 2255">
     <span class='ocr_line' id='line_1_45' title="bbox 2077 2182 3652 2255; baseline -0.003 -16"><span class='ocrx_word' id='word_1_327' title='bbox 2077 2194 2159 2239; x_wconf 86' lang='lat' dir='ltr'><strong>ret</strong></span> <span class='ocrx_word' id='word_1_328' title='bbox 2182 2185 2512 2255; x_wconf 89' lang='lat' dir='ltr'><strong>legeretque.</strong></span> <span class='ocrx_word' id='word_1_329' title='bbox 2540 2185 2669 2238; x_wconf 85' lang='lat' dir='ltr'><strong>Erat</strong></span> <span class='ocrx_word' id='word_1_330' title='bbox 2697 2194 2878 2237; x_wconf 89' lang='lat' dir='ltr'><strong>autem</strong></span> <span class='ocrx_word' id='word_1_331' title='bbox 2910 2183 3088 2236; x_wconf 87' lang='lat' dir='ltr'><strong>oratio</strong></span> <span class='ocrx_word' id='word_1_332' title='bbox 3122 2184 3452 2252; x_wconf 87' lang='lat' dir='ltr'><strong>protreptica</strong></span> <span class='ocrx_word' id='word_1_333' title='bbox 3483 2219 3498 2245; x_wconf 92' lang='lat'><strong>,</strong></span> <span class='ocrx_word' id='word_1_334' title='bbox 3544 2182 3652 2235; x_wconf 84' lang='lat' dir='ltr'><strong>ho-</strong></span> 
     </span>
    </p>
   </div>
   <div class='ocr_carea' id='block_1_45' title="bbox 2077 2273 3649 2346">
    <p class='ocr_par' dir='ltr' id='par_1_45' title="bbox 2077 2273 3649 2346">
     <span class='ocr_line' id='line_1_46' title="bbox 2077 2273 3649 2346; baseline -0.001 -19"><span class='ocrx_word' id='word_1_335' title='bbox 2077 2275 2225 2330; x_wconf 82' lang='lat' dir='ltr'><strong>niilia</strong></span> <span class='ocrx_word' id='word_1_336' title='bbox 2262 2275 2376 2346; x_wconf 72' lang='grc'><strong>(44)</strong></span> <span class='ocrx_word' id='word_1_337' title='bbox 2399 2275 2650 2330; x_wconf 89' lang='lat' dir='ltr'><strong>videlicet</strong></span> <span class='ocrx_word' id='word_1_338' title='bbox 2687 2275 2755 2329; x_wconf 86' lang='lat' dir='ltr'><strong>de</strong></span> <span class='ocrx_word' id='word_1_339' title='bbox 2789 2274 3084 2342; x_wconf 90' lang='lat' dir='ltr'><strong>baptismo,</strong></span> <span class='ocrx_word' id='word_1_340' title='bbox 3129 2287 3252 2342; x_wconf 71' lang='lat' dir='ltr'><strong>qua:</strong></span> <span class='ocrx_word' id='word_1_341' title='bbox 3281 2273 3362 2328; x_wconf 89' lang='lat' dir='ltr'><strong>sic</strong></span> <span class='ocrx_word' id='word_1_342' title='bbox 3402 2273 3649 2339; x_wconf 81' lang='lat' dir='ltr'><strong>orditur;</strong></span> 
     </span>
    </p>
   </div>
   <div class='ocr_carea' id='block_1_46' title="bbox 2079 2362 3652 2437">
    <p class='ocr_par' dir='ltr' id='par_1_46' title="bbox 2079 2362 3652 2437">
     <span class='ocr_line' id='line_1_47' title="bbox 2079 2362 3652 2437; baseline -0.005 -14"><span class='ocrx_word' id='word_1_343' title='bbox 2079 2368 2310 2437; x_wconf 90' lang='lat' dir='ltr'><strong>Sapiens</strong></span> <span class='ocrx_word' id='word_1_344' title='bbox 2350 2367 2570 2437; x_wconf 91' lang='lat' dir='ltr'><strong>quidem</strong></span> <span class='ocrx_word' id='word_1_345' title='bbox 2616 2365 2897 2420; x_wconf 88' lang='lat' dir='ltr'><strong>Salomon.</strong></span> <span class='ocrx_word' id='word_1_346' title='bbox 2936 2364 3173 2434; x_wconf 88' lang='lat' dir='ltr'><strong>Legcnte</strong></span> <span class='ocrx_word' id='word_1_347' title='bbox 3212 2363 3378 2433; x_wconf 79' lang='lat' dir='ltr'><strong>igitur</strong></span> <span class='ocrx_word' id='word_1_348' title='bbox 3417 2362 3652 2434; x_wconf 56' lang='lat' dir='ltr'><strong>Epiphaq</strong></span> 
     </span>
    </p>
   </div>
   <div class='ocr_carea' id='block_1_47' title="bbox 2077 2456 3654 2525">
    <p class='ocr_par' dir='ltr' id='par_1_47' title="bbox 2077 2456 3654 2525">
     <span class='ocr_line' id='line_1_48' title="bbox 2077 2456 3654 2525; baseline -0.002 -13"><span class='ocrx_word' id='word_1_349' title='bbox 2077 2462 2167 2514; x_wconf 93' lang='lat' dir='ltr'><strong>nio</strong></span> <span class='ocrx_word' id='word_1_350' title='bbox 2192 2498 2208 2525; x_wconf 89' lang='lat'><strong>,</strong></span> <span class='ocrx_word' id='word_1_351' title='bbox 2260 2459 2416 2513; x_wconf 88' lang='lat' dir='ltr'><strong>suavi</strong></span> <span class='ocrx_word' id='word_1_352' title='bbox 2463 2473 2589 2517; x_wconf 89' lang='lat' dir='ltr'><strong>cum</strong></span> <span class='ocrx_word' id='word_1_353' title='bbox 2626 2457 2987 2513; x_wconf 84' lang='lat' dir='ltr'><strong>delectatione</strong></span> <span class='ocrx_word' id='word_1_354' title='bbox 3020 2456 3362 2512; x_wconf 83' lang='lat' dir='ltr'><strong>auscultabat</strong></span> <span class='ocrx_word' id='word_1_355' title='bbox 3405 2456 3488 2509; x_wconf 89' lang='lat' dir='ltr'><strong>vir</strong></span> <span class='ocrx_word' id='word_1_356' title='bbox 3523 2470 3654 2509; x_wconf 80' lang='lat' dir='ltr'><strong>san-</strong></span> 
     </span>
    </p>
   </div>
   <div class='ocr_carea' id='block_1_48' title="bbox 2075 2545 3652 2617">
    <p class='ocr_par' dir='ltr' id='par_1_48' title="bbox 2075 2545 3652 2617">
     <span class='ocr_line' id='line_1_49' title="bbox 2075 2545 3652 2617; baseline -0.006 -9"><span class='ocrx_word' id='word_1_357' title='bbox 2075 2560 2198 2608; x_wconf 91' lang='lat' dir='ltr'><strong>ctus</strong></span> <span class='ocrx_word' id='word_1_358' title='bbox 2221 2590 2235 2616; x_wconf 89' lang='lat'><strong>,</strong></span> <span class='ocrx_word' id='word_1_359' title='bbox 2272 2551 2421 2607; x_wconf 80' lang='lat' dir='ltr'><strong>rultu</strong></span> <span class='ocrx_word' id='word_1_360' title='bbox 2465 2550 2532 2604; x_wconf 91' lang='lat' dir='ltr'><strong>ad</strong></span> <span class='ocrx_word' id='word_1_361' title='bbox 2564 2551 2733 2604; x_wconf 89' lang='lat' dir='ltr'><strong>risum</strong></span> <span class='ocrx_word' id='word_1_362' title='bbox 2776 2556 2830 2604; x_wconf 88' lang='lat' dir='ltr'><strong>et</strong></span> <span class='ocrx_word' id='word_1_363' title='bbox 2870 2548 3108 2604; x_wconf 67' lang='lat' dir='ltr'><strong>laetitiam</strong></span> <span class='ocrx_word' id='word_1_364' title='bbox 3139 2546 3442 2617; x_wconf 89' lang='lat' dir='ltr'><strong>composito</strong></span> <span class='ocrx_word' id='word_1_365' title='bbox 3476 2562 3491 2601; x_wconf 88' lang='lat'><strong>:</strong></span> <span class='ocrx_word' id='word_1_366' title='bbox 3521 2545 3652 2615; x_wconf 80' lang='lat' dir='ltr'><strong>Epi-</strong></span> 
     </span>
    </p>
   </div>
   <div class='ocr_carea' id='block_1_49' title="bbox 2078 2638 3646 2715">
    <p class='ocr_par' dir='ltr' id='par_1_49' title="bbox 2078 2638 3646 2715">
     <span class='ocr_line' id='line_1_50' title="bbox 2078 2638 3646 2715; baseline -0.003 -19"><span class='ocrx_word' id='word_1_367' title='bbox 2078 2644 2312 2715; x_wconf 89' lang='lat' dir='ltr'><strong>phanius</strong></span> <span class='ocrx_word' id='word_1_368' title='bbox 2343 2655 2495 2705; x_wconf 87' lang='lat' dir='ltr'><strong>vero,</strong></span> <span class='ocrx_word' id='word_1_369' title='bbox 2517 2641 2770 2711; x_wconf 84' lang='lat' dir='ltr'><strong>lacrymis</strong></span> <span class='ocrx_word' id='word_1_370' title='bbox 2798 2640 2997 2695; x_wconf 92' lang='lat' dir='ltr'><strong>librum</strong></span> <span class='ocrx_word' id='word_1_371' title='bbox 3028 2639 3283 2708; x_wconf 79' lang='lat' dir='ltr'><strong>irrigans,</strong></span> <span class='ocrx_word' id='word_1_372' title='bbox 3307 2638 3646 2691; x_wconf 83' lang='lat' dir='ltr'><strong>continenter</strong></span> 
     </span>
    </p>
   </div>
   <div class='ocr_carea' id='block_1_50' title="bbox 2076 2727 3650 2802">
    <p class='ocr_par' dir='ltr' id='par_1_50' title="bbox 2076 2727 3650 2802">
     <span class='ocr_line' id='line_1_51' title="bbox 2076 2727 3650 2802; baseline -0.006 -13"><span class='ocrx_word' id='word_1_373' title='bbox 2076 2749 2142 2789; x_wconf 83' lang='lat' dir='ltr'><strong>ex</strong></span> <span class='ocrx_word' id='word_1_374' title='bbox 2191 2735 2300 2787; x_wconf 88' lang='lat' dir='ltr'><strong>imo</strong></span> <span class='ocrx_word' id='word_1_375' title='bbox 2352 2743 2573 2801; x_wconf 88' lang='lat' dir='ltr'><strong>pectore</strong></span> <span class='ocrx_word' id='word_1_376' title='bbox 2626 2731 2861 2802; x_wconf 86' lang='lat' dir='ltr'><strong>suspiria</strong></span> <span class='ocrx_word' id='word_1_377' title='bbox 2917 2730 3170 2789; x_wconf 82' lang='lat' dir='ltr'><strong>ducebat.</strong></span> <span class='ocrx_word' id='word_1_378' title='bbox 3222 2727 3322 2783; x_wconf 84' lang='lat' dir='ltr'><strong>Cui</strong></span> <span class='ocrx_word' id='word_1_379' title='bbox 3368 2727 3650 2783; x_wconf 84' lang='lat' dir='ltr'><strong>Sanctus:</strong></span> 
     </span>
    </p>
   </div>
   <div class='ocr_carea' id='block_1_51' title="bbox 2076 2817 3652 2892">
    <p class='ocr_par' dir='ltr' id='par_1_51' title="bbox 2076 2817 3652 2892">
     <span class='ocr_line' id='line_1_52' title="bbox 2076 2817 3652 2892; baseline -0.004 -17"><span class='ocrx_word' id='word_1_380' title='bbox 2076 2824 2349 2891; x_wconf 84' lang='lat' dir='ltr'><strong>Quorsum</strong></span> <span class='ocrx_word' id='word_1_381' title='bbox 2385 2823 2503 2877; x_wconf 77' lang='lat' dir='ltr'><strong>ista:</strong></span> <span class='ocrx_word' id='word_1_382' title='bbox 2536 2822 2808 2892; x_wconf 75' lang='lat' dir='ltr'><strong>lacrymae,</strong></span> <span class='ocrx_word' id='word_1_383' title='bbox 2853 2820 2927 2873; x_wconf 86' lang='lat' dir='ltr'><strong>lili</strong></span> <span class='ocrx_word' id='word_1_384' title='bbox 2967 2820 3085 2874; x_wconf 89' lang='lat' dir='ltr'><strong>mi?</strong></span> <span class='ocrx_word' id='word_1_385' title='bbox 3125 2818 3257 2887; x_wconf 88' lang='lat' dir='ltr'><strong>quin</strong></span> <span class='ocrx_word' id='word_1_386' title='bbox 3288 2817 3468 2887; x_wconf 88' lang='lat' dir='ltr'><strong>potius</strong></span> <span class='ocrx_word' id='word_1_387' title='bbox 3499 2825 3555 2869; x_wconf 91' lang='lat' dir='ltr'><strong>tu</strong></span> <span class='ocrx_word' id='word_1_388' title='bbox 3598 2821 3652 2869; x_wconf 82' lang='lat' dir='ltr'><strong>to</strong></span> 
     </span>
    </p>
   </div>
   <div class='ocr_carea' id='block_1_52' title="bbox 2078 2904 3649 2983">
    <p class='ocr_par' dir='ltr' id='par_1_52' title="bbox 2078 2904 3649 2983">
     <span class='ocr_line' id='line_1_53' title="bbox 2078 2904 3649 2983; baseline -0.005 -16"><span class='ocrx_word' id='word_1_389' title='bbox 2078 2916 2303 2968; x_wconf 88' lang='lat' dir='ltr'><strong>hilarem</strong></span> <span class='ocrx_word' id='word_1_390' title='bbox 2348 2913 2566 2983; x_wconf 65' lang='lat' dir='ltr'><strong>prabe,</strong></span> <span class='ocrx_word' id='word_1_391' title='bbox 2628 2928 2697 2966; x_wconf 75' lang='lat' dir='ltr'><strong>ex</strong></span> <span class='ocrx_word' id='word_1_392' title='bbox 2759 2920 2939 2967; x_wconf 92' lang='lat' dir='ltr'><strong>mente</strong></span> <span class='ocrx_word' id='word_1_393' title='bbox 2990 2909 3133 2965; x_wconf 89' lang='lat' dir='ltr'><strong>beati</strong></span> <span class='ocrx_word' id='word_1_394' title='bbox 3177 2908 3329 2964; x_wconf 88' lang='lat' dir='ltr'><strong>Pauli</strong></span> <span class='ocrx_word' id='word_1_395' title='bbox 3379 2904 3649 2962; x_wconf 89' lang='lat' dir='ltr'><strong>dicentis:</strong></span> 
     </span>
    </p>
   </div>
   <div class='ocr_carea' id='block_1_53' title="bbox 2084 2996 3651 3073">
    <p class='ocr_par' dir='ltr' id='par_1_53' title="bbox 2084 2996 3651 3073">
     <span class='ocr_line' id='line_1_54' title="bbox 2084 2996 3651 3073; baseline -0.004 -15"><span class='ocrx_word' id='word_1_396' title='bbox 2084 3026 2103 3058; x_wconf 76' lang='grc' dir='ltr'><strong>ι</strong></span> <span class='ocrx_word' id='word_1_397' title='bbox 2139 3006 2385 3061; x_wconf 82' lang='lat' dir='ltr'><strong>Gaudete</strong></span> <span class='ocrx_word' id='word_1_398' title='bbox 2438 3005 2493 3060; x_wconf 90' lang='lat' dir='ltr'><strong>in</strong></span> <span class='ocrx_word' id='word_1_399' title='bbox 2539 3003 2769 3059; x_wconf 89' lang='lat' dir='ltr'><strong>Domino</strong></span> <span class='ocrx_word' id='word_1_400' title='bbox 2827 3016 3040 3073; x_wconf 89' lang='lat' dir='ltr'><strong>semper</strong></span> <span class='ocrx_word' id='word_1_401' title='bbox 3073 3002 3142 3055; x_wconf 82' lang='lat'><strong>”.</strong></span> <span class='ocrx_word' id='word_1_402' title='bbox 3180 3019 3200 3055; x_wconf 73' lang='grc' dir='ltr'><strong>ι</strong></span> <span class='ocrx_word' id='word_1_403' title='bbox 3252 2999 3319 3054; x_wconf 85' lang='lat' dir='ltr'><strong>Et</strong></span> <span class='ocrx_word' id='word_1_404' title='bbox 3374 3015 3504 3055; x_wconf 89' lang='lat' dir='ltr'><strong>sane</strong></span> <span class='ocrx_word' id='word_1_405' title='bbox 3558 2996 3651 3067; x_wconf 86' lang='lat' dir='ltr'><strong>qui</strong></span> 
     </span>
    </p>
   </div>
   <div class='ocr_carea' id='block_1_54' title="bbox 398 3076 1972 3167">
    <p class='ocr_par' dir='ltr' id='par_1_54' title="bbox 398 3076 1972 3166">
     <span class='ocr_line' id='line_1_55' title="bbox 398 3076 1972 3166; baseline 0.008 -27"><span class='ocrx_word' id='word_1_406' title='bbox 398 3088 967 3157; x_wconf 79' lang='grc' dir='ltr'>σκυθρωπαζέτωσαν,</span> <span class='ocrx_word' id='word_1_407' title='bbox 999 3090 1188 3144; x_wconf 85' lang='grc' dir='ltr'>καθότι</span> <span class='ocrx_word' id='word_1_408' title='bbox 1218 3092 1279 3145; x_wconf 84' lang='grc' dir='ltr'>τὸ</span> <span class='ocrx_word' id='word_1_409' title='bbox 1318 3093 1432 3162; x_wconf 83' lang='grc' dir='ltr'>φῶς</span> <span class='ocrx_word' id='word_1_410' title='bbox 1474 3094 1569 3151; x_wconf 81' lang='grc' dir='ltr'>τοῦ</span> <span class='ocrx_word' id='word_1_411' title='bbox 1596 3093 1732 3147; x_wconf 77' lang='grc' dir='ltr'>Θεοῦ</span> <span class='ocrx_word' id='word_1_412' title='bbox 1781 3076 1972 3166; x_wconf 78' lang='grc' dir='ltr'>ἐλήλυ-</span> 
     </span>
    </p>
   </div>
   <div class='ocr_carea' id='block_1_55' title="bbox 2077 3076 3652 3167">
    <p class='ocr_par' dir='ltr' id='par_1_55' title="bbox 2077 3088 3652 3167">
     <span class='ocr_line' id='line_1_56' title="bbox 2077 3088 3652 3167; baseline -0.004 -18"><span class='ocrx_word' id='word_1_413' title='bbox 2077 3113 2195 3167; x_wconf 75' lang='lat' dir='ltr'><strong>qua:</strong></span> <span class='ocrx_word' id='word_1_414' title='bbox 2247 3106 2375 3151; x_wconf 90' lang='lat' dir='ltr'><strong>sunt</strong></span> <span class='ocrx_word' id='word_1_415' title='bbox 2431 3094 2672 3164; x_wconf 89' lang='lat' dir='ltr'><strong>Spiritus</strong></span> <span class='ocrx_word' id='word_1_416' title='bbox 2726 3101 2927 3163; x_wconf 87' lang='lat' dir='ltr'><strong>agunt,</strong></span> <span class='ocrx_word' id='word_1_417' title='bbox 2986 3092 3108 3147; x_wconf 89' lang='lat' dir='ltr'><strong>illos</strong></span> <span class='ocrx_word' id='word_1_418' title='bbox 3150 3091 3349 3161; x_wconf 83' lang='lat' dir='ltr'><strong>gaudio</strong></span> <span class='ocrx_word' id='word_1_419' title='bbox 3377 3099 3431 3145; x_wconf 91' lang='lat' dir='ltr'><strong>et</strong></span> <span class='ocrx_word' id='word_1_420' title='bbox 3464 3088 3652 3151; x_wconf 63' lang='lat' dir='ltr'><strong>latitia</strong></span> 
     </span>
    </p>
   </div>
   <div class='ocr_carea' id='block_1_56' title="bbox 395 3178 1978 3254">
    <p class='ocr_par' dir='ltr' id='par_1_56' title="bbox 395 3178 1978 3254">
     <span class='ocr_line' id='line_1_57' title="bbox 395 3178 1978 3254; baseline 0.004 -22"><span class='ocrx_word' id='word_1_421' title='bbox 395 3178 488 3233; x_wconf 85' lang='grc' dir='ltr'><strong>θεν</strong></span> <span class='ocrx_word' id='word_1_422' title='bbox 517 3180 597 3242; x_wconf 89' lang='grc' dir='ltr'><strong>είς</strong></span> <span class='ocrx_word' id='word_1_423' title='bbox 617 3178 711 3233; x_wconf 83' lang='grc' dir='ltr'>τὸν</span> <span class='ocrx_word' id='word_1_424' title='bbox 744 3180 973 3249; x_wconf 81' lang='grc' dir='ltr'>κόσμον,</span> <span class='ocrx_word' id='word_1_425' title='bbox 1005 3183 1100 3234; x_wconf 76' lang='grc' dir='ltr'>καὶ</span> <span class='ocrx_word' id='word_1_426' title='bbox 1135 3182 1429 3252; x_wconf 74' lang='grc' dir='ltr'>ἠγάπησαν</span> <span class='ocrx_word' id='word_1_427' title='bbox 1454 3183 1502 3235; x_wconf 82' lang='grc' dir='ltr'>οἱ</span> <span class='ocrx_word' id='word_1_428' title='bbox 1529 3183 1806 3254; x_wconf 80' lang='grc' dir='ltr'>ἄνθρωποι</span> <span class='ocrx_word' id='word_1_429' title='bbox 1841 3185 1978 3253; x_wconf 74' lang='grc' dir='ltr'>μᾶλα-</span> 
     </span>
    </p>
   </div>
   <div class='ocr_carea' id='block_1_57' title="bbox 394 3270 1978 3342">
    <p class='ocr_par' dir='ltr' id='par_1_57' title="bbox 394 3270 1978 3342">
     <span class='ocr_line' id='line_1_58' title="bbox 394 3270 1978 3342; baseline 0.005 -20"><span class='ocrx_word' id='word_1_430' title='bbox 394 3270 486 3323; x_wconf 89' lang='grc' dir='ltr'><strong>λον</strong></span> <span class='ocrx_word' id='word_1_431' title='bbox 515 3272 578 3323; x_wconf 85' lang='grc' dir='ltr'>τὸ</span> <span class='ocrx_word' id='word_1_432' title='bbox 607 3273 798 3334; x_wconf 83' lang='grc' dir='ltr'>σκότος</span> <span class='ocrx_word' id='word_1_433' title='bbox 830 3272 862 3338; x_wconf 84' lang='grc' dir='ltr'><strong>ἢ</strong></span> <span class='ocrx_word' id='word_1_434' title='bbox 889 3272 949 3325; x_wconf 84' lang='grc' dir='ltr'>τὸ</span> <span class='ocrx_word' id='word_1_435' title='bbox 984 3272 1118 3341; x_wconf 83' lang='grc' dir='ltr'>φῶς.</span> <span class='ocrx_word' id='word_1_436' title='bbox 1164 3272 1308 3341; x_wconf 86' lang='grc' dir='ltr'><strong>Ἔφη</strong></span> <span class='ocrx_word' id='word_1_437' title='bbox 1352 3273 1668 3342; x_wconf 82' lang='grc' dir='ltr'>Ἐπιφάνιος</span> <span class='ocrx_word' id='word_1_438' title='bbox 1692 3290 1706 3304; x_wconf 90' lang='grc'><strong>·</strong></span> <span class='ocrx_word' id='word_1_439' title='bbox 1741 3276 1855 3328; x_wconf 87' lang='grc' dir='ltr'><strong>Οὐκ</strong></span> <span class='ocrx_word' id='word_1_440' title='bbox 1881 3275 1978 3330; x_wconf 80' lang='grc' dir='ltr'><strong>οὐν</strong></span> 
     </span>
    </p>
   </div>
   <div class='ocr_carea' id='block_1_58' title="bbox 396 3362 1978 3435">
    <p class='ocr_par' dir='ltr' id='par_1_58' title="bbox 396 3362 1978 3435">
     <span class='ocr_line' id='line_1_59' title="bbox 396 3362 1978 3435; baseline 0.004 -20"><span class='ocrx_word' id='word_1_441' title='bbox 396 3362 551 3430; x_wconf 75' lang='grc' dir='ltr'>κάγὼ</span> <span class='ocrx_word' id='word_1_442' title='bbox 586 3363 931 3432; x_wconf 83' lang='grc' dir='ltr'>ἁμαρτωλὸς,</span> <span class='ocrx_word' id='word_1_443' title='bbox 966 3363 1061 3419; x_wconf 84' lang='grc' dir='ltr'><strong>καὶ</strong></span> <span class='ocrx_word' id='word_1_444' title='bbox 1102 3363 1284 3434; x_wconf 86' lang='grc' dir='ltr'>θρηνῶ</span> <span class='ocrx_word' id='word_1_445' title='bbox 1319 3381 1424 3433; x_wconf 92' lang='grc' dir='ltr'><strong>μου</strong></span> <span class='ocrx_word' id='word_1_446' title='bbox 1458 3366 1557 3429; x_wconf 84' lang='grc' dir='ltr'><strong>τὰς</strong></span> <span class='ocrx_word' id='word_1_447' title='bbox 1605 3367 1832 3435; x_wconf 78' lang='grc' dir='ltr'>πράξεις</span> <span class='ocrx_word' id='word_1_448' title='bbox 1877 3368 1978 3431; x_wconf 82' lang='grc' dir='ltr'>τὰς</span> 
     </span>
    </p>
   </div>
   <div class='ocr_carea' id='block_1_59' title="bbox 397 3456 1977 3529">
    <p class='ocr_par' dir='ltr' id='par_1_59' title="bbox 397 3456 1977 3529">
     <span class='ocr_line' id='line_1_60' title="bbox 397 3456 1977 3529; baseline 0.005 -23"><span class='ocrx_word' id='word_1_449' title='bbox 397 3456 658 3525; x_wconf 83' lang='grc' dir='ltr'>πονηρὰς,</span> <span class='ocrx_word' id='word_1_450' title='bbox 686 3456 802 3518; x_wconf 84' lang='grc' dir='ltr'><strong>πῶς</strong></span> <span class='ocrx_word' id='word_1_451' title='bbox 830 3456 1225 3524; x_wconf 82' lang='grc' dir='ltr'>ἁπολογίζομαι</span> <span class='ocrx_word' id='word_1_452' title='bbox 1252 3474 1267 3522; x_wconf 84' lang='lat'><strong>;</strong></span> <span class='ocrx_word' id='word_1_453' title='bbox 1290 3457 1455 3525; x_wconf 82' lang='grc' dir='ltr'>Λέγει</span> <span class='ocrx_word' id='word_1_454' title='bbox 1481 3460 1589 3529; x_wconf 91' lang='grc' dir='ltr'><strong>γάρ</strong></span> <span class='ocrx_word' id='word_1_455' title='bbox 1618 3476 1709 3529; x_wconf 89' lang='grc' dir='ltr'><strong>μοι</strong></span> <span class='ocrx_word' id='word_1_456' title='bbox 1730 3462 1758 3514; x_wconf 91' lang='lat'><strong>6</strong></span> <span class='ocrx_word' id='word_1_457' title='bbox 1783 3461 1977 3528; x_wconf 79' lang='grc' dir='ltr'>’Ἄγιος</span> 
     </span>
    </p>
   </div>
   <div class='ocr_carea' id='block_1_60' title="bbox 395 3538 1979 3620">
    <p class='ocr_par' dir='ltr' id='par_1_60' title="bbox 395 3538 1979 3620">
     <span class='ocr_line' id='line_1_61' title="bbox 395 3538 1979 3620; baseline 0.003 -21"><span class='ocrx_word' id='word_1_458' title='bbox 395 3538 571 3607; x_wconf 73' lang='grc' dir='ltr'>οὗτος·</span> <span class='ocrx_word' id='word_1_459' title='bbox 605 3545 768 3611; x_wconf 84' lang='grc' dir='ltr'>Πότε,</span> <span class='ocrx_word' id='word_1_460' title='bbox 796 3546 989 3615; x_wconf 67' lang='grc' dir='ltr'>φησιν,</span> <span class='ocrx_word' id='word_1_461' title='bbox 1017 3545 1348 3619; x_wconf 76' lang='grc' dir='ltr'>οίκειωθήσῃ</span> <span class='ocrx_word' id='word_1_462' title='bbox 1376 3549 1454 3619; x_wconf 81' lang='grc' dir='ltr'>τῷ</span> <span class='ocrx_word' id='word_1_463' title='bbox 1481 3549 1619 3620; x_wconf 85' lang='grc' dir='ltr'>Θεῷ,</span> <span class='ocrx_word' id='word_1_464' title='bbox 1642 3551 1737 3605; x_wconf 76' lang='grc' dir='ltr'><strong>καὶ</strong></span> <span class='ocrx_word' id='word_1_465' title='bbox 1765 3552 1894 3604; x_wconf 86' lang='grc' dir='ltr'>πότε</span> <span class='ocrx_word' id='word_1_466' title='bbox 1919 3552 1979 3604; x_wconf 75' lang='grc' dir='ltr'>σὲ</span> 
     </span>
    </p>
   </div>
   <div class='ocr_carea' id='block_1_61' title="bbox 397 3636 1975 3711">
    <p class='ocr_par' dir='ltr' id='par_1_61' title="bbox 397 3636 1975 3711">
     <span class='ocr_line' id='line_1_62' title="bbox 397 3636 1975 3711; baseline 0.006 -24"><span class='ocrx_word' id='word_1_467' title='bbox 397 3636 741 3709; x_wconf 86' lang='grc' dir='ltr'>γνωρίσομεν</span> <span class='ocrx_word' id='word_1_468' title='bbox 769 3636 844 3698; x_wconf 83' lang='grc' dir='ltr'>ὼς</span> <span class='ocrx_word' id='word_1_469' title='bbox 878 3638 1172 3705; x_wconf 82' lang='grc' dir='ltr'>ήμέτερον;</span> <span class='ocrx_word' id='word_1_470' title='bbox 1203 3637 1389 3691; x_wconf 87' lang='grc' dir='ltr'>Ταῦτα</span> <span class='ocrx_word' id='word_1_471' title='bbox 1425 3640 1643 3694; x_wconf 76' lang='grc' dir='ltr'>ἀκούων</span> <span class='ocrx_word' id='word_1_472' title='bbox 1672 3641 1743 3695; x_wconf 81' lang='grc' dir='ltr'><strong>τά</strong></span> <span class='ocrx_word' id='word_1_473' title='bbox 1774 3641 1975 3711; x_wconf 86' lang='grc' dir='ltr'>ὀνείδη,</span> 
     </span>
    </p>
   </div>
   <div class='ocr_carea' id='block_1_62' title="bbox 400 3728 1976 3801">
    <p class='ocr_par' dir='ltr' id='par_1_62' title="bbox 400 3728 1976 3801">
     <span class='ocr_line' id='line_1_63' title="bbox 400 3728 1976 3801; baseline 0.004 -22"><span class='ocrx_word' id='word_1_474' title='bbox 400 3728 476 3799; x_wconf 74' lang='grc' dir='ltr'>μὴ</span> <span class='ocrx_word' id='word_1_475' title='bbox 519 3728 777 3799; x_wconf 79' lang='grc' dir='ltr'>θρηνήσω</span> <span class='ocrx_word' id='word_1_476' title='bbox 818 3728 917 3799; x_wconf 78' lang='grc' dir='ltr'>τὴν</span> <span class='ocrx_word' id='word_1_477' title='bbox 959 3728 1140 3801; x_wconf 82' lang='grc' dir='ltr'>δεινὴν</span> <span class='ocrx_word' id='word_1_478' title='bbox 1179 3730 1477 3799; x_wconf 86' lang='grc' dir='ltr'>ἀπολογίαν</span> <span class='ocrx_word' id='word_1_479' title='bbox 1515 3748 1655 3799; x_wconf 78' lang='grc' dir='ltr'>μους</span> <span class='ocrx_word' id='word_1_480' title='bbox 1710 3732 1827 3793; x_wconf 84' lang='grc' dir='ltr'><strong>πῶς</strong></span> <span class='ocrx_word' id='word_1_481' title='bbox 1849 3733 1976 3787; x_wconf 79' lang='grc' dir='ltr'>ἀνέ·</span> 
     </span>
    </p>
   </div>
   <div class='ocr_carea' id='block_1_63' title="bbox 396 3816 1975 3892">
    <p class='ocr_par' dir='ltr' id='par_1_63' title="bbox 396 3816 1975 3892">
     <span class='ocr_line' id='line_1_64' title="bbox 396 3816 1975 3892; baseline 0.011 -22"><span class='ocrx_word' id='word_1_482' title='bbox 396 3835 566 3889; x_wconf 85' lang='grc' dir='ltr'>χοιτο,</span> <span class='ocrx_word' id='word_1_483' title='bbox 611 3819 739 3889; x_wconf 72' lang='grc' dir='ltr'>κέρι</span> <span class='ocrx_word' id='word_1_484' title='bbox 770 3821 798 3872; x_wconf 93' lang='lat'><strong>6</strong></span> <span class='ocrx_word' id='word_1_485' title='bbox 836 3820 1043 3890; x_wconf 73' lang='grc' dir='ltr'>μόγας;</span> <span class='ocrx_word' id='word_1_486' title='bbox 1077 3821 1222 3892; x_wconf 83' lang='grc' dir='ltr'><strong>Ἔφη</strong></span> <span class='ocrx_word' id='word_1_487' title='bbox 1246 3821 1275 3872; x_wconf 79' lang='grc' dir='ltr'>ὁ</span> <span class='ocrx_word' id='word_1_488' title='bbox 1298 3820 1483 3883; x_wconf 81' lang='grc' dir='ltr'>Ὅσιος</span> <span class='ocrx_word' id='word_1_489' title='bbox 1513 3838 1526 3853; x_wconf 84' lang='grc'><strong><em>⁸</em></strong></span> <span class='ocrx_word' id='word_1_490' title='bbox 1553 3816 1721 3883; x_wconf 74' lang='grc' dir='ltr'>Οὗτος</span> <span class='ocrx_word' id='word_1_491' title='bbox 1746 3823 1776 3874; x_wconf 78' lang='grc' dir='ltr'><strong>ὁ</strong></span> <span class='ocrx_word' id='word_1_492' title='bbox 1798 3821 1975 3888; x_wconf 80' lang='grc' dir='ltr'>λόγος.</span> 
     </span>
    </p>
   </div>
   <div class='ocr_carea' id='block_1_64' title="bbox 395 3907 1975 3983">
    <p class='ocr_par' dir='ltr' id='par_1_64' title="bbox 395 3907 1975 3983">
     <span class='ocr_line' id='line_1_65' title="bbox 395 3907 1975 3983; baseline -0.001 -19"><span class='ocrx_word' id='word_1_493' title='bbox 395 3912 585 3965; x_wconf 84' lang='grc' dir='ltr'>τέκνον</span> <span class='ocrx_word' id='word_1_494' title='bbox 616 3929 740 3982; x_wconf 90' lang='grc' dir='ltr'>μου,</span> <span class='ocrx_word' id='word_1_495' title='bbox 769 3913 846 3983; x_wconf 84' lang='grc' dir='ltr'>μὴ</span> <span class='ocrx_word' id='word_1_496' title='bbox 870 3914 977 3982; x_wconf 85' lang='grc' dir='ltr'>γὰρ</span> <span class='ocrx_word' id='word_1_497' title='bbox 1007 3910 1175 3982; x_wconf 81' lang='grc' dir='ltr'>οἶδας,</span> <span class='ocrx_word' id='word_1_498' title='bbox 1205 3916 1318 3978; x_wconf 86' lang='grc' dir='ltr'>τοῖς</span> <span class='ocrx_word' id='word_1_499' title='bbox 1344 3916 1425 3969; x_wconf 83' lang='grc' dir='ltr'>ὅτι</span> <span class='ocrx_word' id='word_1_500' title='bbox 1452 3914 1716 3983; x_wconf 82' lang='grc' dir='ltr'>ἀμυήτοις</span> <span class='ocrx_word' id='word_1_501' title='bbox 1738 3907 1857 3965; x_wconf 84' lang='grc' dir='ltr'>οὖσι</span> <span class='ocrx_word' id='word_1_502' title='bbox 1880 3911 1975 3963; x_wconf 82' lang='grc' dir='ltr'>τοῦ</span> 
     </span>
    </p>
   </div>
   <div class='ocr_carea' id='block_1_65' title="bbox 398 4002 1979 4076">
    <p class='ocr_par' dir='ltr' id='par_1_65' title="bbox 398 4002 1979 4076">
     <span class='ocr_line' id='line_1_66' title="bbox 398 4002 1979 4076; baseline -0.001 -21"><span class='ocrx_word' id='word_1_503' title='bbox 398 4003 542 4058; x_wconf 88' lang='grc' dir='ltr'>θείου</span> <span class='ocrx_word' id='word_1_504' title='bbox 598 4004 974 4076; x_wconf 83' lang='grc' dir='ltr'>βαπτίσματος</span> <span class='ocrx_word' id='word_1_505' title='bbox 1064 4006 1339 4071; x_wconf 79' lang='grc' dir='ltr'>ὀνειδίζων</span> <span class='ocrx_word' id='word_1_506' title='bbox 1407 4006 1610 4072; x_wconf 73' lang='grc' dir='ltr'>ἔλεγεν.</span> <span class='ocrx_word' id='word_1_507' title='bbox 1662 4002 1979 4071; x_wconf 78' lang='grc' dir='ltr'>Ἐπιφάνιος</span> 
     </span>
    </p>
   </div>
   <div class='ocr_carea' id='block_1_66' title="bbox 397 4092 1978 4168">
    <p class='ocr_par' dir='ltr' id='par_1_66' title="bbox 397 4092 1978 4168">
     <span class='ocr_line' id='line_1_67' title="bbox 397 4092 1978 4168; baseline -0.003 -19"><span class='ocrx_word' id='word_1_508' title='bbox 397 4095 545 4164; x_wconf 71' lang='grc' dir='ltr'>λέγει</span> <span class='ocrx_word' id='word_1_509' title='bbox 570 4112 586 4128; x_wconf 77' lang='grc' dir='ltr'><strong><em>ο</em></strong></span> <span class='ocrx_word' id='word_1_510' title='bbox 612 4097 723 4149; x_wconf 75' lang='grc' dir='ltr'><strong>Ναὶ</strong></span> <span class='ocrx_word' id='word_1_511' title='bbox 756 4096 907 4166; x_wconf 80' lang='grc' dir='ltr'>τίμιε</span> <span class='ocrx_word' id='word_1_512' title='bbox 956 4097 1160 4168; x_wconf 87' lang='grc' dir='ltr'>Πάτερ,</span> <span class='ocrx_word' id='word_1_513' title='bbox 1192 4098 1348 4165; x_wconf 82' lang='grc' dir='ltr'>κάγὼ</span> <span class='ocrx_word' id='word_1_514' title='bbox 1376 4092 1493 4150; x_wconf 83' lang='grc' dir='ltr'>οἶδα</span> <span class='ocrx_word' id='word_1_515' title='bbox 1522 4110 1538 4128; x_wconf 86' lang='grc'>⁶</span> <span class='ocrx_word' id='word_1_516' title='bbox 1583 4094 1724 4165; x_wconf 82' lang='grc' dir='ltr'>πλὴν</span> <span class='ocrx_word' id='word_1_517' title='bbox 1751 4096 1779 4148; x_wconf 90' lang='lat'><strong>6</strong></span> <span class='ocrx_word' id='word_1_518' title='bbox 1822 4094 1978 4161; x_wconf 88' lang='grc' dir='ltr'>λόγος</span> 
     </span>
    </p>
   </div>
   <div class='ocr_carea' id='block_1_67' title="bbox 397 4180 1977 4258">
    <p class='ocr_par' dir='ltr' id='par_1_67' title="bbox 397 4180 1977 4258">
     <span class='ocr_line' id='line_1_68' title="bbox 397 4180 1977 4258; baseline -0.004 -18"><span class='ocrx_word' id='word_1_519' title='bbox 397 4180 572 4249; x_wconf 75' lang='grc' dir='ltr'>οὗτος,</span> <span class='ocrx_word' id='word_1_520' title='bbox 603 4190 662 4242; x_wconf 81' lang='grc' dir='ltr'>ὃν</span> <span class='ocrx_word' id='word_1_521' title='bbox 689 4203 853 4256; x_wconf 86' lang='grc' dir='ltr'>φασιν</span> <span class='ocrx_word' id='word_1_522' title='bbox 874 4190 921 4241; x_wconf 81' lang='lat' dir='ltr'><strong>oi</strong></span> <span class='ocrx_word' id='word_1_523' title='bbox 953 4189 1062 4242; x_wconf 83' lang='grc' dir='ltr'>τῶν</span> <span class='ocrx_word' id='word_1_524' title='bbox 1088 4189 1363 4258; x_wconf 87' lang='grc' dir='ltr'>ἀγροίκων</span> <span class='ocrx_word' id='word_1_525' title='bbox 1408 4186 1852 4257; x_wconf 85' lang='grc' dir='ltr'>αίνιγματὼδεις,</span> <span class='ocrx_word' id='word_1_526' title='bbox 1895 4184 1977 4235; x_wconf 85' lang='grc' dir='ltr'>ὅτι</span> 
     </span>
    </p>
   </div>
   <div class='ocr_carea' id='block_1_68' title="bbox 399 4274 1976 4351">
    <p class='ocr_par' dir='ltr' id='par_1_68' title="bbox 399 4274 1976 4351">
     <span class='ocr_line' id='line_1_69' title="bbox 399 4274 1976 4351; baseline -0.004 -14"><span class='ocrx_word' id='word_1_527' title='bbox 399 4279 512 4345; x_wconf 77' lang='grc' dir='ltr'><strong>Σοὶ,</strong></span> <span class='ocrx_word' id='word_1_528' title='bbox 536 4274 581 4334; x_wconf 81' lang='grc' dir='ltr'><strong>ὦ</strong></span> <span class='ocrx_word' id='word_1_529' title='bbox 603 4280 812 4351; x_wconf 85' lang='grc' dir='ltr'>νύμφη,</span> <span class='ocrx_word' id='word_1_530' title='bbox 846 4280 1039 4351; x_wconf 79' lang='grc' dir='ltr'>όμιλῶ,</span> <span class='ocrx_word' id='word_1_531' title='bbox 1083 4282 1167 4334; x_wconf 83' lang='grc' dir='ltr'>ἴνα</span> <span class='ocrx_word' id='word_1_532' title='bbox 1203 4282 1300 4335; x_wconf 76' lang='grc' dir='ltr'>καὶ</span> <span class='ocrx_word' id='word_1_533' title='bbox 1322 4281 1461 4351; x_wconf 78' lang='grc' dir='ltr'>αὐτὴ</span> <span class='ocrx_word' id='word_1_534' title='bbox 1498 4283 1530 4351; x_wconf 83' lang='grc' dir='ltr'>ἡ</span> <span class='ocrx_word' id='word_1_535' title='bbox 1562 4280 1800 4351; x_wconf 82' lang='grc' dir='ltr'>πενθερὰ</span> <span class='ocrx_word' id='word_1_536' title='bbox 1844 4281 1976 4332; x_wconf 77' lang='grc' dir='ltr'>ἑνω-</span> 
     </span>
    </p>
   </div>
   <div class='ocr_carea' id='block_1_69' title="bbox 398 4372 546 4444">
    <p class='ocr_par' dir='ltr' id='par_1_69' title="bbox 398 4372 546 4444">
     <span class='ocr_line' id='line_1_70' title="bbox 398 4372 546 4444; baseline 0.02 -21"><span class='ocrx_word' id='word_1_537' title='bbox 398 4372 546 4444; x_wconf 73' lang='grc' dir='ltr'>τίζῃ.</span> 
     </span>
    </p>
   </div>
   <div class='ocr_carea' id='block_1_70' title="bbox 2079 3183 3652 3252">
    <p class='ocr_par' dir='ltr' id='par_1_70' title="bbox 2079 3183 3652 3252">
     <span class='ocr_line' id='line_1_71' title="bbox 2079 3183 3652 3252; baseline -0.007 -7"><span class='ocrx_word' id='word_1_538' title='bbox 2079 3189 2354 3245; x_wconf 82' lang='lat' dir='ltr'><strong>exsultare</strong></span> <span class='ocrx_word' id='word_1_539' title='bbox 2402 3188 2709 3243; x_wconf 87' lang='lat' dir='ltr'><strong>convenit:</strong></span> <span class='ocrx_word' id='word_1_540' title='bbox 2754 3186 2831 3240; x_wconf 88' lang='lat' dir='ltr'><strong>illi</strong></span> <span class='ocrx_word' id='word_1_541' title='bbox 2883 3195 3072 3241; x_wconf 89' lang='lat' dir='ltr'><strong>contra</strong></span> <span class='ocrx_word' id='word_1_542' title='bbox 3103 3184 3314 3252; x_wconf 75' lang='lat' dir='ltr'><strong>deiecto</strong></span> <span class='ocrx_word' id='word_1_543' title='bbox 3360 3183 3416 3236; x_wconf 91' lang='lat' dir='ltr'><strong>in</strong></span> <span class='ocrx_word' id='word_1_544' title='bbox 3452 3192 3652 3237; x_wconf 86' lang='lat' dir='ltr'><strong>terram</strong></span> 
     </span>
    </p>
   </div>
   <div class='ocr_carea' id='block_1_71' title="bbox 2081 3277 3635 3351">
    <p class='ocr_par' dir='ltr' id='par_1_71' title="bbox 2081 3277 3635 3351">
     <span class='ocr_line' id='line_1_72' title="bbox 2081 3277 3635 3351; baseline -0.008 -14"><span class='ocrx_word' id='word_1_545' title='bbox 2081 3283 2332 3351; x_wconf 87' lang='lat' dir='ltr'><strong>tristique</strong></span> <span class='ocrx_word' id='word_1_546' title='bbox 2364 3280 2620 3336; x_wconf 84' lang='lat' dir='ltr'><strong>incedant</strong></span> <span class='ocrx_word' id='word_1_547' title='bbox 2647 3279 2821 3342; x_wconf 87' lang='lat' dir='ltr'><strong>vultu,</strong></span> <span class='ocrx_word' id='word_1_548' title='bbox 2850 3278 2947 3347; x_wconf 87' lang='lat' dir='ltr'><strong>qui</strong></span> <span class='ocrx_word' id='word_1_549' title='bbox 2973 3277 3313 3331; x_wconf 88' lang='lat' dir='ltr'><strong>voluntatem</strong></span> <span class='ocrx_word' id='word_1_550' title='bbox 3345 3288 3635 3342; x_wconf 79' lang='lat' dir='ltr'><strong>exsequun-</strong></span> 
     </span>
    </p>
   </div>
   <div class='ocr_carea' id='block_1_72' title="bbox 2082 3364 3654 3441">
    <p class='ocr_par' dir='ltr' id='par_1_72' title="bbox 2082 3364 3654 3441">
     <span class='ocr_line' id='line_1_73' title="bbox 2082 3364 3654 3441; baseline -0.007 -15"><span class='ocrx_word' id='word_1_551' title='bbox 2082 3385 2168 3428; x_wconf 91' lang='lat' dir='ltr'><strong>tur</strong></span> <span class='ocrx_word' id='word_1_552' title='bbox 2199 3372 2433 3436; x_wconf 90' lang='lat' dir='ltr'><strong>diaboli;</strong></span> <span class='ocrx_word' id='word_1_553' title='bbox 2471 3371 2729 3441; x_wconf 88' lang='lat' dir='ltr'><strong>quoniam</strong></span> <span class='ocrx_word' id='word_1_554' title='bbox 2763 3370 2857 3424; x_wconf 77' lang='lat' dir='ltr'><strong>lux</strong></span> <span class='ocrx_word' id='word_1_555' title='bbox 2890 3369 3075 3424; x_wconf 89' lang='lat' dir='ltr'><strong>divina</strong></span> <span class='ocrx_word' id='word_1_556' title='bbox 3105 3367 3254 3422; x_wconf 84' lang='lat' dir='ltr'><strong>venit</strong></span> <span class='ocrx_word' id='word_1_557' title='bbox 3281 3368 3336 3419; x_wconf 91' lang='lat' dir='ltr'><strong>in</strong></span> <span class='ocrx_word' id='word_1_558' title='bbox 3367 3364 3654 3431; x_wconf 88' lang='lat' dir='ltr'><strong>mundum,</strong></span> 
     </span>
    </p>
   </div>
   <div class='ocr_carea' id='block_1_73' title="bbox 2078 3455 3652 3529">
    <p class='ocr_par' dir='ltr' id='par_1_73' title="bbox 2078 3455 3652 3529">
     <span class='ocr_line' id='line_1_74' title="bbox 2078 3455 3652 3529; baseline -0.007 -11"><span class='ocrx_word' id='word_1_559' title='bbox 2078 3476 2132 3518; x_wconf 91' lang='lat' dir='ltr'><strong>et</strong></span> <span class='ocrx_word' id='word_1_560' title='bbox 2159 3464 2473 3519; x_wconf 83' lang='lat' dir='ltr'><strong>dilexerunt</strong></span> <span class='ocrx_word' id='word_1_561' title='bbox 2500 3462 2748 3517; x_wconf 83' lang='lat' dir='ltr'><strong>homines</strong></span> <span class='ocrx_word' id='word_1_562' title='bbox 2778 3460 3031 3515; x_wconf 88' lang='lat' dir='ltr'><strong>tenebras</strong></span> <span class='ocrx_word' id='word_1_563' title='bbox 3061 3458 3232 3529; x_wconf 87' lang='lat' dir='ltr'><strong>magis</strong></span> <span class='ocrx_word' id='word_1_564' title='bbox 3260 3471 3424 3527; x_wconf 81' lang='lat' dir='ltr'><strong>quam</strong></span> <span class='ocrx_word' id='word_1_565' title='bbox 3453 3455 3652 3509; x_wconf 88' lang='lat' dir='ltr'><strong>lucem.</strong></span> 
     </span>
    </p>
   </div>
   <div class='ocr_carea' id='block_1_74' title="bbox 2082 3550 3656 3626">
    <p class='ocr_par' dir='ltr' id='par_1_74' title="bbox 2082 3550 3656 3626">
     <span class='ocr_line' id='line_1_75' title="bbox 2082 3550 3656 3626; baseline -0.007 -16"><span class='ocrx_word' id='word_1_566' title='bbox 2082 3554 2220 3610; x_wconf 87' lang='lat' dir='ltr'><strong>Tum</strong></span> <span class='ocrx_word' id='word_1_567' title='bbox 2257 3554 2597 3626; x_wconf 83' lang='lat' dir='ltr'><strong>Epiphanius</strong></span> <span class='ocrx_word' id='word_1_568' title='bbox 2638 3573 2650 3608; x_wconf 89' lang='lat'><strong>:</strong></span> <span class='ocrx_word' id='word_1_569' title='bbox 2687 3552 2855 3623; x_wconf 81' lang='lat' dir='ltr'><strong>Atqui</strong></span> <span class='ocrx_word' id='word_1_570' title='bbox 2895 3553 3009 3606; x_wconf 69' lang='lat' dir='ltr'><strong>haec</strong></span> <span class='ocrx_word' id='word_1_571' title='bbox 3047 3550 3164 3619; x_wconf 85' lang='lat' dir='ltr'><strong>ipsa</strong></span> <span class='ocrx_word' id='word_1_572' title='bbox 3198 3563 3364 3605; x_wconf 87' lang='lat' dir='ltr'><strong>causa</strong></span> <span class='ocrx_word' id='word_1_573' title='bbox 3397 3555 3515 3613; x_wconf 90' lang='lat' dir='ltr'><strong>est,</strong></span> <span class='ocrx_word' id='word_1_574' title='bbox 3556 3560 3656 3601; x_wconf 83' lang='lat' dir='ltr'><strong>cur</strong></span> 
     </span>
    </p>
   </div>
   <div class='ocr_carea' id='block_1_75' title="bbox 2079 3638 3654 3717">
    <p class='ocr_par' dir='ltr' id='par_1_75' title="bbox 2079 3638 3654 3717">
     <span class='ocr_line' id='line_1_76' title="bbox 2079 3638 3654 3717; baseline -0.007 -15"><span class='ocrx_word' id='word_1_575' title='bbox 2079 3662 2211 3716; x_wconf 76' lang='lat' dir='ltr'><strong>ego,</strong></span> <span class='ocrx_word' id='word_1_576' title='bbox 2260 3648 2352 3717; x_wconf 85' lang='lat' dir='ltr'><strong>qui</strong></span> <span class='ocrx_word' id='word_1_577' title='bbox 2388 3654 2640 3715; x_wconf 87' lang='lat' dir='ltr'><strong>peccator</strong></span> <span class='ocrx_word' id='word_1_578' title='bbox 2671 3658 2793 3698; x_wconf 90' lang='lat' dir='ltr'><strong>sum</strong></span> <span class='ocrx_word' id='word_1_579' title='bbox 2820 3682 2836 3708; x_wconf 94' lang='lat'><strong>,</strong></span> <span class='ocrx_word' id='word_1_580' title='bbox 2875 3656 3158 3711; x_wconf 87' lang='lat' dir='ltr'><strong>perperam</strong></span> <span class='ocrx_word' id='word_1_581' title='bbox 3198 3655 3227 3694; x_wconf 88' lang='lat' dir='ltr'><strong>a</strong></span> <span class='ocrx_word' id='word_1_582' title='bbox 3277 3654 3364 3693; x_wconf 88' lang='lat' dir='ltr'><strong>me</strong></span> <span class='ocrx_word' id='word_1_583' title='bbox 3393 3647 3545 3708; x_wconf 81' lang='lat' dir='ltr'><strong>gesta</strong></span> <span class='ocrx_word' id='word_1_584' title='bbox 3580 3638 3654 3691; x_wconf 83' lang='lat' dir='ltr'><strong>la-</strong></span> 
     </span>
    </p>
   </div>
   <div class='ocr_carea' id='block_1_76' title="bbox 2079 3730 3653 3803">
    <p class='ocr_par' dir='ltr' id='par_1_76' title="bbox 2079 3730 3653 3803">
     <span class='ocr_line' id='line_1_77' title="bbox 2079 3730 3653 3803; baseline -0.003 -12"><span class='ocrx_word' id='word_1_585' title='bbox 2079 3747 2321 3800; x_wconf 87' lang='lat' dir='ltr'><strong>menter,</strong></span> <span class='ocrx_word' id='word_1_586' title='bbox 2372 3750 2539 3799; x_wconf 90' lang='lat' dir='ltr'><strong>cum,</strong></span> <span class='ocrx_word' id='word_1_587' title='bbox 2591 3748 2700 3803; x_wconf 92' lang='lat' dir='ltr'><strong>quo</strong></span> <span class='ocrx_word' id='word_1_588' title='bbox 2755 3747 2841 3787; x_wconf 89' lang='lat' dir='ltr'><strong>me</strong></span> <span class='ocrx_word' id='word_1_589' title='bbox 2890 3746 3157 3802; x_wconf 88' lang='lat' dir='ltr'><strong>purgem,</strong></span> <span class='ocrx_word' id='word_1_590' title='bbox 3203 3730 3339 3786; x_wconf 89' lang='lat' dir='ltr'><strong>nihil</strong></span> <span class='ocrx_word' id='word_1_591' title='bbox 3393 3731 3653 3799; x_wconf 87' lang='lat' dir='ltr'><strong>supersit.</strong></span> 
     </span>
    </p>
   </div>
   <div class='ocr_carea' id='block_1_77' title="bbox 2082 3820 3654 3895">
    <p class='ocr_par' dir='ltr' id='par_1_77' title="bbox 2082 3820 3654 3895">
     <span class='ocr_line' id='line_1_78' title="bbox 2082 3820 3654 3895; baseline -0.005 -13"><span class='ocrx_word' id='word_1_592' title='bbox 2082 3829 2221 3883; x_wconf 81' lang='lat' dir='ltr'><strong>Dicit</strong></span> <span class='ocrx_word' id='word_1_593' title='bbox 2274 3841 2511 3895; x_wconf 84' lang='lat' dir='ltr'><strong>namque</strong></span> <span class='ocrx_word' id='word_1_594' title='bbox 2569 3826 2702 3881; x_wconf 90' lang='lat' dir='ltr'><strong>mihi</strong></span> <span class='ocrx_word' id='word_1_595' title='bbox 2764 3831 2991 3879; x_wconf 88' lang='lat' dir='ltr'><strong>sanctus</strong></span> <span class='ocrx_word' id='word_1_596' title='bbox 3042 3824 3129 3877; x_wconf 91' lang='lat' dir='ltr'><strong>hic</strong></span> <span class='ocrx_word' id='word_1_597' title='bbox 3182 3820 3414 3877; x_wconf 88' lang='lat' dir='ltr'><strong>Basilius</strong></span> <span class='ocrx_word' id='word_1_598' title='bbox 3462 3839 3478 3880; x_wconf 87' lang='lat'><strong>:</strong></span> <span class='ocrx_word' id='word_1_599' title='bbox 3535 3820 3654 3875; x_wconf 80' lang='lat' dir='ltr'><strong>Ali-</strong></span> 
     </span>
    </p>
   </div>
   <div class='ocr_carea' id='block_1_78' title="bbox 2080 3912 3654 3989">
    <p class='ocr_par' dir='ltr' id='par_1_78' title="bbox 2080 3912 3654 3989">
     <span class='ocr_line' id='line_1_79' title="bbox 2080 3912 3654 3989; baseline -0.005 -16"><span class='ocrx_word' id='word_1_600' title='bbox 2080 3917 2299 3989; x_wconf 85' lang='lat' dir='ltr'><strong>quando</strong></span> <span class='ocrx_word' id='word_1_601' title='bbox 2333 3918 2385 3971; x_wconf 89' lang='lat' dir='ltr'><strong>in</strong></span> <span class='ocrx_word' id='word_1_602' title='bbox 2428 3914 2521 3971; x_wconf 86' lang='lat' dir='ltr'><strong>Dei</strong></span> <span class='ocrx_word' id='word_1_603' title='bbox 2552 3915 2976 3969; x_wconf 78' lang='lat' dir='ltr'><strong>familiaritatem</strong></span> <span class='ocrx_word' id='word_1_604' title='bbox 3007 3913 3329 3977; x_wconf 88' lang='lat' dir='ltr'><strong>admitteris,</strong></span> <span class='ocrx_word' id='word_1_605' title='bbox 3364 3912 3654 3981; x_wconf 89' lang='lat' dir='ltr'><strong>aliquando</strong></span> 
     </span>
    </p>
   </div>
   <div class='ocr_carea' id='block_1_79' title="bbox 2081 4004 3654 4077">
    <p class='ocr_par' dir='ltr' id='par_1_79' title="bbox 2081 4004 3654 4077">
     <span class='ocr_line' id='line_1_80' title="bbox 2081 4004 3654 4077; baseline -0.006 -10"><span class='ocrx_word' id='word_1_606' title='bbox 2081 4023 2131 4067; x_wconf 91' lang='lat' dir='ltr'><strong>te</strong></span> <span class='ocrx_word' id='word_1_607' title='bbox 2150 4012 2225 4064; x_wconf 90' lang='lat' dir='ltr'><strong>uti</strong></span> <span class='ocrx_word' id='word_1_608' title='bbox 2258 4018 2501 4064; x_wconf 87' lang='lat' dir='ltr'><strong>nostrum</strong></span> <span class='ocrx_word' id='word_1_609' title='bbox 2533 4020 2948 4077; x_wconf 80' lang='lat' dir='ltr'><strong>cognoscemus.</strong></span> <span class='ocrx_word' id='word_1_610' title='bbox 2975 4004 3148 4072; x_wconf 84' lang='lat' dir='ltr'><strong>Quam</strong></span> <span class='ocrx_word' id='word_1_611' title='bbox 3180 4020 3280 4075; x_wconf 92' lang='lat' dir='ltr'><strong>ego</strong></span> <span class='ocrx_word' id='word_1_612' title='bbox 3309 4018 3431 4058; x_wconf 92' lang='lat' dir='ltr'><strong>cum</strong></span> <span class='ocrx_word' id='word_1_613' title='bbox 3457 4017 3654 4072; x_wconf 79' lang='lat' dir='ltr'><strong>expro-</strong></span> 
     </span>
    </p>
   </div>
   <div class='ocr_carea' id='block_1_80' title="bbox 2078 4097 3653 4169">
    <p class='ocr_par' dir='ltr' id='par_1_80' title="bbox 2078 4097 3653 4169">
     <span class='ocr_line' id='line_1_81' title="bbox 2078 4097 3653 4169; baseline -0.006 -10"><span class='ocrx_word' id='word_1_614' title='bbox 2078 4104 2381 4159; x_wconf 86' lang='lat' dir='ltr'><strong>brationem</strong></span> <span class='ocrx_word' id='word_1_615' title='bbox 2409 4101 2648 4165; x_wconf 87' lang='lat' dir='ltr'><strong>audiam,</strong></span> <span class='ocrx_word' id='word_1_616' title='bbox 2679 4097 2957 4169; x_wconf 90' lang='lat' dir='ltr'><strong>quomodo</strong></span> <span class='ocrx_word' id='word_1_617' title='bbox 2982 4113 3013 4152; x_wconf 89' lang='lat' dir='ltr'><strong>a</strong></span> <span class='ocrx_word' id='word_1_618' title='bbox 3044 4097 3302 4167; x_wconf 80' lang='lat' dir='ltr'><strong>lacrymis</strong></span> <span class='ocrx_word' id='word_1_619' title='bbox 3332 4105 3653 4166; x_wconf 85' lang='lat' dir='ltr'><strong>temperem,</strong></span> 
     </span>
    </p>
   </div>
   <div class='ocr_carea' id='block_1_81' title="bbox 2080 4187 3654 4258">
    <p class='ocr_par' dir='ltr' id='par_1_81' title="bbox 2080 4187 3654 4258">
     <span class='ocr_line' id='line_1_82' title="bbox 2080 4187 3654 4258; baseline -0.005 -11"><span class='ocrx_word' id='word_1_620' title='bbox 2080 4194 2298 4247; x_wconf 87' lang='lat' dir='ltr'><strong>domine</strong></span> <span class='ocrx_word' id='word_1_621' title='bbox 2330 4192 2400 4244; x_wconf 88' lang='lat' dir='ltr'><strong>mi</strong></span> <span class='ocrx_word' id='word_1_622' title='bbox 2431 4206 2626 4258; x_wconf 83' lang='lat' dir='ltr'><strong>magne</strong></span> <span class='ocrx_word' id='word_1_623' title='bbox 2650 4228 2664 4253; x_wconf 91' lang='lat'><strong>,</strong></span> <span class='ocrx_word' id='word_1_624' title='bbox 2698 4204 2808 4258; x_wconf 88' lang='lat' dir='ltr'><strong>quo</strong></span> <span class='ocrx_word' id='word_1_625' title='bbox 2841 4190 3022 4243; x_wconf 87' lang='lat' dir='ltr'><strong>minus</strong></span> <span class='ocrx_word' id='word_1_626' title='bbox 3049 4188 3319 4245; x_wconf 85' lang='lat' dir='ltr'><strong>dillicilem</strong></span> <span class='ocrx_word' id='word_1_627' title='bbox 3357 4188 3492 4243; x_wconf 87' lang='lat' dir='ltr'><strong>adeo</strong></span> <span class='ocrx_word' id='word_1_628' title='bbox 3523 4187 3654 4240; x_wconf 87' lang='lat' dir='ltr'><strong>mihi</strong></span> 
     </span>
    </p>
   </div>
   <div class='ocr_carea' id='block_1_82' title="bbox 2080 4279 3653 4347">
    <p class='ocr_par' dir='ltr' id='par_1_82' title="bbox 2080 4279 3653 4347">
     <span class='ocr_line' id='line_1_83' title="bbox 2080 4279 3653 4347; baseline -0.004 -9"><span class='ocrx_word' id='word_1_629' title='bbox 2080 4282 2452 4339; x_wconf 81' lang='lat' dir='ltr'><strong>defensionem</strong></span> <span class='ocrx_word' id='word_1_630' title='bbox 2494 4281 2761 4335; x_wconf 82' lang='lat' dir='ltr'><strong>deﬂeam?</strong></span> <span class='ocrx_word' id='word_1_631' title='bbox 2816 4281 2917 4333; x_wconf 80' lang='lat' dir='ltr'><strong>Cui</strong></span> <span class='ocrx_word' id='word_1_632' title='bbox 2955 4290 3175 4337; x_wconf 88' lang='lat' dir='ltr'><strong>sanctus</strong></span> <span class='ocrx_word' id='word_1_633' title='bbox 3223 4299 3237 4336; x_wconf 89' lang='lat'><strong>:</strong></span> <span class='ocrx_word' id='word_1_634' title='bbox 3286 4280 3475 4335; x_wconf 87' lang='lat' dir='ltr'><strong>Oratio</strong></span> <span class='ocrx_word' id='word_1_635' title='bbox 3519 4279 3607 4334; x_wconf 89' lang='lat' dir='ltr'><strong>illa</strong></span> <span class='ocrx_word' id='word_1_636' title='bbox 3635 4316 3653 4347; x_wconf 89' lang='lat'><strong>,</strong></span> 
     </span>
    </p>
   </div>
   <div class='ocr_carea' id='block_1_83' title="bbox 2082 4371 3654 4443">
    <p class='ocr_par' dir='ltr' id='par_1_83' title="bbox 2082 4371 3654 4443">
     <span class='ocr_line' id='line_1_84' title="bbox 2082 4371 3654 4443; baseline -0.006 -12"><span class='ocrx_word' id='word_1_637' title='bbox 2082 4377 2154 4431; x_wconf 81' lang='lat' dir='ltr'><strong>illi</strong></span> <span class='ocrx_word' id='word_1_638' title='bbox 2191 4377 2296 4440; x_wconf 87' lang='lat' dir='ltr'><strong>mi,</strong></span> <span class='ocrx_word' id='word_1_639' title='bbox 2343 4375 2487 4443; x_wconf 74' lang='lat' dir='ltr'><strong>quod</strong></span> <span class='ocrx_word' id='word_1_640' title='bbox 2520 4375 2775 4442; x_wconf 83' lang='lat' dir='ltr'><strong>ignorare</strong></span> <span class='ocrx_word' id='word_1_641' title='bbox 2807 4371 3044 4436; x_wconf 89' lang='lat' dir='ltr'><strong>videris,</strong></span> <span class='ocrx_word' id='word_1_642' title='bbox 3096 4373 3150 4427; x_wconf 92' lang='lat' dir='ltr'><strong>in</strong></span> <span class='ocrx_word' id='word_1_643' title='bbox 3190 4372 3313 4427; x_wconf 90' lang='lat' dir='ltr'><strong>illos</strong></span> <span class='ocrx_word' id='word_1_644' title='bbox 3359 4372 3654 4439; x_wconf 87' lang='lat' dir='ltr'><strong>invehitur,</strong></span> 
     </span>
    </p>
   </div>
   <div class='ocr_carea' id='block_1_84' title="bbox 400 4460 3654 4539">
    <p class='ocr_par' dir='ltr' id='par_1_84' title="bbox 400 4460 3654 4539">
     <span class='ocr_line' id='line_1_85' title="bbox 400 4460 3654 4539; baseline -0.002 -20"><span class='ocrx_word' id='word_1_645' title='bbox 400 4466 494 4535; x_wconf 84' lang='lat' dir='ltr'><strong>qui</strong></span> <span class='ocrx_word' id='word_1_646' title='bbox 524 4481 677 4522; x_wconf 76' lang='lat' dir='ltr'><strong>sacra</strong></span> <span class='ocrx_word' id='word_1_647' title='bbox 750 4467 1091 4536; x_wconf 89' lang='lat' dir='ltr'><strong>baptismatis</strong></span> <span class='ocrx_word' id='word_1_648' title='bbox 1150 4470 1291 4521; x_wconf 88' lang='lat' dir='ltr'><strong>unda</strong></span> <span class='ocrx_word' id='word_1_649' title='bbox 1344 4467 1509 4523; x_wconf 88' lang='lat' dir='ltr'><strong>abluti</strong></span> <span class='ocrx_word' id='word_1_650' title='bbox 1565 4467 1803 4522; x_wconf 88' lang='lat' dir='ltr'><strong>nondum</strong></span> <span class='ocrx_word' id='word_1_651' title='bbox 1862 4477 2009 4523; x_wconf 87' lang='lat' dir='ltr'><strong>sunt.</strong></span> <span class='ocrx_word' id='word_1_652' title='bbox 2091 4469 2149 4522; x_wconf 82' lang='lat' dir='ltr'><strong>Et</strong></span> <span class='ocrx_word' id='word_1_653' title='bbox 2194 4468 2580 4539; x_wconf 83' lang='lat' dir='ltr'><strong>Epiphanius:</strong></span> <span class='ocrx_word' id='word_1_654' title='bbox 2642 4466 2953 4530; x_wconf 86' lang='lat' dir='ltr'><strong>Enimvero,</strong></span> <span class='ocrx_word' id='word_1_655' title='bbox 3007 4460 3166 4519; x_wconf 86' lang='lat' dir='ltr'><strong>Pater</strong></span> <span class='ocrx_word' id='word_1_656' title='bbox 3218 4464 3544 4525; x_wconf 87' lang='lat' dir='ltr'><strong>venerande,</strong></span> <span class='ocrx_word' id='word_1_657' title='bbox 3604 4461 3654 4513; x_wconf 91' lang='lat' dir='ltr'><strong>id</strong></span> 
     </span>
    </p>
   </div>
   <div class='ocr_carea' id='block_1_85' title="bbox 405 4553 3653 4631">
    <p class='ocr_par' dir='ltr' id='par_1_85' title="bbox 405 4553 3653 4631">
     <span class='ocr_line' id='line_1_86' title="bbox 405 4553 3653 4631; baseline -0.001 -16"><span class='ocrx_word' id='word_1_658' title='bbox 405 4564 529 4620; x_wconf 87' lang='lat' dir='ltr'><strong>novi</strong></span> <span class='ocrx_word' id='word_1_659' title='bbox 582 4564 788 4631; x_wconf 87' lang='lat' dir='ltr'><strong>probe;</strong></span> <span class='ocrx_word' id='word_1_660' title='bbox 847 4571 1223 4616; x_wconf 85' lang='lat' dir='ltr'><strong>verumtamen</strong></span> <span class='ocrx_word' id='word_1_661' title='bbox 1278 4564 1454 4615; x_wconf 89' lang='lat' dir='ltr'><strong>oratio</strong></span> <span class='ocrx_word' id='word_1_662' title='bbox 1501 4562 1591 4615; x_wconf 86' lang='lat' dir='ltr'><strong>illa</strong></span> <span class='ocrx_word' id='word_1_663' title='bbox 1647 4563 1840 4617; x_wconf 82' lang='lat' dir='ltr'><strong>similis</strong></span> <span class='ocrx_word' id='word_1_664' title='bbox 1894 4573 1974 4617; x_wconf 90' lang='lat' dir='ltr'><strong>est</strong></span> <span class='ocrx_word' id='word_1_665' title='bbox 2008 4563 2119 4627; x_wconf 87' lang='lat' dir='ltr'><strong>isti,</strong></span> <span class='ocrx_word' id='word_1_666' title='bbox 2172 4578 2275 4631; x_wconf 89' lang='lat' dir='ltr'><strong>qua</strong></span> <span class='ocrx_word' id='word_1_667' title='bbox 2327 4562 2663 4629; x_wconf 64' lang='lat' dir='ltr'><strong>mnigmatice</strong></span> <span class='ocrx_word' id='word_1_668' title='bbox 2734 4560 2923 4613; x_wconf 84' lang='lat' dir='ltr'><strong>dicunt</strong></span> <span class='ocrx_word' id='word_1_669' title='bbox 2998 4558 3238 4612; x_wconf 89' lang='lat' dir='ltr'><strong>rustici:</strong></span> <span class='ocrx_word' id='word_1_670' title='bbox 3280 4553 3404 4611; x_wconf 86' lang='lat' dir='ltr'><strong>Tibi</strong></span> <span class='ocrx_word' id='word_1_671' title='bbox 3436 4559 3653 4628; x_wconf 88' lang='lat' dir='ltr'><strong>loquor,</strong></span> 
     </span>
    </p>
   </div>
   <div class='ocr_carea' id='block_1_86' title="bbox 400 4652 1700 4725">
    <p class='ocr_par' dir='ltr' id='par_1_86' title="bbox 400 4652 1700 4725">
     <span class='ocr_line' id='line_1_87' title="bbox 400 4652 1700 4725; baseline -0.005 -17"><span class='ocrx_word' id='word_1_672' title='bbox 400 4669 437 4708; x_wconf 88' lang='grc' dir='ltr'><strong>ο</strong></span> <span class='ocrx_word' id='word_1_673' title='bbox 480 4669 718 4725; x_wconf 87' lang='lat' dir='ltr'><strong>sponsa,</strong></span> <span class='ocrx_word' id='word_1_674' title='bbox 758 4660 819 4709; x_wconf 90' lang='lat' dir='ltr'><strong>ut</strong></span> <span class='ocrx_word' id='word_1_675' title='bbox 857 4653 972 4723; x_wconf 88' lang='lat' dir='ltr'><strong>ipsa</strong></span> <span class='ocrx_word' id='word_1_676' title='bbox 1023 4666 1242 4720; x_wconf 87' lang='lat' dir='ltr'><strong>quoque</strong></span> <span class='ocrx_word' id='word_1_677' title='bbox 1275 4666 1464 4705; x_wconf 88' lang='lat' dir='ltr'><strong>socrus</strong></span> <span class='ocrx_word' id='word_1_678' title='bbox 1494 4652 1700 4704; x_wconf 86' lang='lat' dir='ltr'><strong>audiat.</strong></span> 
     </span>
    </p>
   </div>
   <div class='ocr_carea' id='block_1_87' title="bbox 475 4732 1972 4812">
    <p class='ocr_par' dir='ltr' id='par_1_87' title="bbox 475 4741 1972 4812">
     <span class='ocr_line' id='line_1_88' title="bbox 475 4741 1972 4812; baseline -0.003 -15"><span class='ocrx_word' id='word_1_679' title='bbox 475 4742 609 4798; x_wconf 83' lang='grc' dir='ltr'>σλα’.</span> <span class='ocrx_word' id='word_1_680' title='bbox 642 4743 830 4797; x_wconf 83' lang='grc' dir='ltr'>Ταῦτα</span> <span class='ocrx_word' id='word_1_681' title='bbox 856 4741 952 4794; x_wconf 77' lang='grc' dir='ltr'>τοῦ</span> <span class='ocrx_word' id='word_1_682' title='bbox 996 4742 1315 4809; x_wconf 82' lang='grc' dir='ltr'>Ἐπιφανίου</span> <span class='ocrx_word' id='word_1_683' title='bbox 1361 4742 1716 4812; x_wconf 79' lang='grc' dir='ltr'>λαλήσαντος,</span> <span class='ocrx_word' id='word_1_684' title='bbox 1746 4741 1972 4811; x_wconf 80' lang='grc' dir='ltr'>ὐπομει·</span> 
     </span>
    </p>
   </div>
   <div class='ocr_carea' id='block_1_88' title="bbox 2077 4732 3655 4812">
    <p class='ocr_par' dir='ltr' id='par_1_88' title="bbox 2169 4732 3655 4806">
     <span class='ocr_line' id='line_1_89' title="bbox 2169 4732 3655 4806; baseline -0.005 -9"><span class='ocrx_word' id='word_1_685' title='bbox 2169 4742 2295 4797; x_wconf 75' lang='grc'><strong>231.</strong></span> <span class='ocrx_word' id='word_1_686' title='bbox 2355 4739 2546 4795; x_wconf 82' lang='lat' dir='ltr'><strong>lsthaec</strong></span> <span class='ocrx_word' id='word_1_687' title='bbox 2622 4744 2977 4806; x_wconf 80' lang='lat' dir='ltr'><strong>reponentem</strong></span> <span class='ocrx_word' id='word_1_688' title='bbox 3052 4732 3411 4801; x_wconf 85' lang='lat' dir='ltr'><strong>Epiphanium</strong></span> <span class='ocrx_word' id='word_1_689' title='bbox 3472 4735 3655 4791; x_wconf 85' lang='lat' dir='ltr'><strong>subri-</strong></span> 
     </span>
    </p>
   </div>
   <div class='ocr_carea' id='block_1_89' title="bbox 399 4823 1972 4905">
    <p class='ocr_par' dir='ltr' id='par_1_89' title="bbox 399 4832 1972 4905">
     <span class='ocr_line' id='line_1_90' title="bbox 399 4832 1972 4905; baseline -0.004 -15"><span class='ocrx_word' id='word_1_690' title='bbox 399 4837 589 4898; x_wconf 74' lang='grc' dir='ltr'>διάσας</span> <span class='ocrx_word' id='word_1_691' title='bbox 634 4838 661 4888; x_wconf 78' lang='grc' dir='ltr'><strong>ὁ</strong></span> <span class='ocrx_word' id='word_1_692' title='bbox 706 4838 1013 4903; x_wconf 73' lang='grc' dir='ltr'>Μακάριος,</span> <span class='ocrx_word' id='word_1_693' title='bbox 1060 4833 1397 4905; x_wconf 70' lang='grc' dir='ltr'>ἐπέστρεψεν</span> <span class='ocrx_word' id='word_1_694' title='bbox 1447 4835 1610 4888; x_wconf 80' lang='grc' dir='ltr'>αὐτὸν</span> <span class='ocrx_word' id='word_1_695' title='bbox 1678 4834 1839 4887; x_wconf 80' lang='grc' dir='ltr'>πάλιν</span> <span class='ocrx_word' id='word_1_696' title='bbox 1882 4832 1972 4886; x_wconf 83' lang='grc' dir='ltr'>τοῦ</span> 
     </span>
    </p>
   </div>
   <div class='ocr_carea' id='block_1_90' title="bbox 2077 4823 3655 4905">
    <p class='ocr_par' dir='ltr' id='par_1_90' title="bbox 2084 4823 3655 4892">
     <span class='ocr_line' id='line_1_91' title="bbox 2084 4823 3655 4892; baseline -0.01 -1"><span class='ocrx_word' id='word_1_697' title='bbox 2084 4836 2220 4891; x_wconf 89' lang='lat' dir='ltr'><strong>dens</strong></span> <span class='ocrx_word' id='word_1_698' title='bbox 2248 4832 2492 4887; x_wconf 86' lang='lat' dir='ltr'><strong>Andreas</strong></span> <span class='ocrx_word' id='word_1_699' title='bbox 2532 4830 2785 4883; x_wconf 88' lang='lat' dir='ltr'><strong>hortatus</strong></span> <span class='ocrx_word' id='word_1_700' title='bbox 2813 4836 2916 4890; x_wconf 84' lang='lat' dir='ltr'><strong>est,</strong></span> <span class='ocrx_word' id='word_1_701' title='bbox 2954 4832 3013 4879; x_wconf 91' lang='lat' dir='ltr'><strong>ut</strong></span> <span class='ocrx_word' id='word_1_702' title='bbox 3051 4824 3230 4877; x_wconf 89' lang='lat' dir='ltr'><strong>denuo</strong></span> <span class='ocrx_word' id='word_1_703' title='bbox 3264 4823 3483 4890; x_wconf 75' lang='lat' dir='ltr'><strong>legeret.</strong></span> <span class='ocrx_word' id='word_1_704' title='bbox 3533 4823 3655 4892; x_wconf 84' lang='lat' dir='ltr'><strong>Quo</strong></span> 
     </span>
    </p>
   </div>
   <div class='ocr_carea' id='block_1_91' title="bbox 401 4914 1972 4997">
    <p class='ocr_par' dir='ltr' id='par_1_91' title="bbox 401 4924 1972 4997">
     <span class='ocr_line' id='line_1_92' title="bbox 401 4924 1972 4997; baseline -0.004 -15"><span class='ocrx_word' id='word_1_705' title='bbox 401 4926 816 4995; x_wconf 77' lang='grc' dir='ltr'>ἀναγινώσκειν.</span> <span class='ocrx_word' id='word_1_706' title='bbox 881 4924 1370 4993; x_wconf 81' lang='grc' dir='ltr'>Ἀναγινώσκοντος</span> <span class='ocrx_word' id='word_1_707' title='bbox 1421 4925 1479 4977; x_wconf 76' lang='grc' dir='ltr'>δὲ</span> <span class='ocrx_word' id='word_1_708' title='bbox 1534 4925 1721 4988; x_wconf 79' lang='grc' dir='ltr'>αὐτοῦ,</span> <span class='ocrx_word' id='word_1_709' title='bbox 1780 4928 1972 4997; x_wconf 79' lang='grc' dir='ltr'>αἴφνης</span> 
     </span>
    </p>
   </div>
   <div class='ocr_carea' id='block_1_92' title="bbox 2077 4914 3654 4997">
    <p class='ocr_par' dir='ltr' id='par_1_92' title="bbox 2084 4914 3654 4993">
     <span class='ocr_line' id='line_1_93' title="bbox 2084 4914 3654 4993; baseline -0.006 -10"><span class='ocrx_word' id='word_1_710' title='bbox 2084 4927 2491 4993; x_wconf 84' lang='lat' dir='ltr'><strong>obtemperante</strong></span> <span class='ocrx_word' id='word_1_711' title='bbox 2515 4960 2530 4985; x_wconf 90' lang='lat'><strong>,</strong></span> <span class='ocrx_word' id='word_1_712' title='bbox 2566 4918 2769 4986; x_wconf 86' lang='lat' dir='ltr'><strong>allapsa</strong></span> <span class='ocrx_word' id='word_1_713' title='bbox 2796 4926 2877 4972; x_wconf 92' lang='lat' dir='ltr'><strong>est</strong></span> <span class='ocrx_word' id='word_1_714' title='bbox 2910 4914 3235 4969; x_wconf 77' lang='lat' dir='ltr'><strong>suavissima</strong></span> <span class='ocrx_word' id='word_1_715' title='bbox 3272 4914 3501 4969; x_wconf 90' lang='lat' dir='ltr'><strong>odorum</strong></span> <span class='ocrx_word' id='word_1_716' title='bbox 3543 4915 3654 4973; x_wconf 51' lang='lat' dir='ltr'><strong>fray</strong></span> 
     </span>
    </p>
   </div>
   <div class='ocr_carea' id='block_1_93' title="bbox 403 5006 1972 5087">
    <p class='ocr_par' dir='ltr' id='par_1_93' title="bbox 403 5015 1972 5086">
     <span class='ocr_line' id='line_1_94' title="bbox 403 5015 1972 5086; baseline -0.002 -14"><span class='ocrx_word' id='word_1_717' title='bbox 403 5019 611 5086; x_wconf 87' lang='grc' dir='ltr'>διεδόθη</span> <span class='ocrx_word' id='word_1_718' title='bbox 663 5019 785 5079; x_wconf 80' lang='grc' dir='ltr'>ταῖς</span> <span class='ocrx_word' id='word_1_719' title='bbox 824 5018 1019 5085; x_wconf 72' lang='grc' dir='ltr'>φρεσὶν</span> <span class='ocrx_word' id='word_1_720' title='bbox 1073 5016 1251 5069; x_wconf 85' lang='grc' dir='ltr'>αὐτῶν</span> <span class='ocrx_word' id='word_1_721' title='bbox 1280 5015 1479 5068; x_wconf 80' lang='grc' dir='ltr'>εὐωδία</span> <span class='ocrx_word' id='word_1_722' title='bbox 1527 5032 1614 5077; x_wconf 83' lang='grc' dir='ltr'><strong>τις</strong></span> <span class='ocrx_word' id='word_1_723' title='bbox 1661 5016 1737 5077; x_wconf 79' lang='grc' dir='ltr'>ὼς</span> <span class='ocrx_word' id='word_1_724' title='bbox 1781 5017 1972 5085; x_wconf 80' lang='grc' dir='ltr'>τιμίων</span> 
     </span>
    </p>
   </div>
   <div class='ocr_carea' id='block_1_94' title="bbox 2077 5006 3654 5087">
    <p class='ocr_par' dir='ltr' id='par_1_94' title="bbox 2087 5006 3654 5087">
     <span class='ocr_line' id='line_1_95' title="bbox 2087 5006 3654 5087; baseline -0.008 -15"><span class='ocrx_word' id='word_1_725' title='bbox 2087 5018 2320 5087; x_wconf 82' lang='lat' dir='ltr'><strong>grantia,</strong></span> <span class='ocrx_word' id='word_1_726' title='bbox 2353 5013 2508 5084; x_wconf 88' lang='lat' dir='ltr'><strong>quasi</strong></span> <span class='ocrx_word' id='word_1_727' title='bbox 2540 5011 2902 5080; x_wconf 87' lang='lat' dir='ltr'><strong>pretiosorum</strong></span> <span class='ocrx_word' id='word_1_728' title='bbox 2935 5018 3264 5072; x_wconf 87' lang='lat' dir='ltr'><strong>aromatum,</strong></span> <span class='ocrx_word' id='word_1_729' title='bbox 3309 5006 3375 5059; x_wconf 81' lang='lat' dir='ltr'><strong>ad</strong></span> <span class='ocrx_word' id='word_1_730' title='bbox 3417 5008 3654 5063; x_wconf 87' lang='lat' dir='ltr'><strong>animam</strong></span> 
     </span>
    </p>
   </div>
   <div class='ocr_carea' id='block_1_95' title="bbox 402 5093 1972 5181">
    <p class='ocr_par' dir='ltr' id='par_1_95' title="bbox 402 5093 1972 5181">
     <span class='ocr_line' id='line_1_96' title="bbox 402 5093 1972 5181; baseline -0.002 -15"><span class='ocrx_word' id='word_1_731' title='bbox 402 5112 732 5181; x_wconf 81' lang='grc' dir='ltr'>ἀρωμάτων,</span> <span class='ocrx_word' id='word_1_732' title='bbox 773 5108 915 5163; x_wconf 83' lang='grc' dir='ltr'>ὥστε</span> <span class='ocrx_word' id='word_1_733' title='bbox 948 5110 1194 5179; x_wconf 83' lang='grc' dir='ltr'>φρίττειν</span> <span class='ocrx_word' id='word_1_734' title='bbox 1244 5110 1334 5163; x_wconf 85' lang='grc' dir='ltr'>τὸν</span> <span class='ocrx_word' id='word_1_735' title='bbox 1377 5108 1697 5177; x_wconf 83' lang='grc' dir='ltr'>Ἐπιφάνιον</span> <span class='ocrx_word' id='word_1_736' title='bbox 1731 5112 1822 5163; x_wconf 74' lang='grc' dir='ltr'><strong>ἐπὶ</strong></span> <span class='ocrx_word' id='word_1_737' title='bbox 1853 5093 1972 5166; x_wconf 67' lang='lat' dir='ltr'><strong>lxa-</strong></span> 
     </span>
    </p>
   </div>
   <div class='ocr_carea' id='block_1_96' title="bbox 2077 5093 3655 5181">
    <p class='ocr_par' dir='ltr' id='par_1_96' title="bbox 2087 5094 3655 5177">
     <span class='ocr_line' id='line_1_97' title="bbox 2087 5094 3655 5177; baseline -0.004 -15"><span class='ocrx_word' id='word_1_738' title='bbox 2087 5122 2258 5177; x_wconf 87' lang='lat' dir='ltr'><strong>usque</strong></span> <span class='ocrx_word' id='word_1_739' title='bbox 2289 5112 2603 5175; x_wconf 88' lang='lat' dir='ltr'><strong>penetrans,</strong></span> <span class='ocrx_word' id='word_1_740' title='bbox 2636 5100 2770 5155; x_wconf 90' lang='lat' dir='ltr'><strong>adeo</strong></span> <span class='ocrx_word' id='word_1_741' title='bbox 2808 5104 2868 5153; x_wconf 91' lang='lat' dir='ltr'><strong>ut</strong></span> <span class='ocrx_word' id='word_1_742' title='bbox 2901 5097 3184 5169; x_wconf 88' lang='lat' dir='ltr'><strong>perculsus</strong></span> <span class='ocrx_word' id='word_1_743' title='bbox 3215 5094 3556 5165; x_wconf 82' lang='lat' dir='ltr'><strong>Epiphanius</strong></span> <span class='ocrx_word' id='word_1_744' title='bbox 3586 5098 3655 5157; x_wconf 83' lang='lat' dir='ltr'><strong>ad</strong></span> 
     </span>
    </p>
   </div>
   <div class='ocr_carea' id='block_1_97' title="bbox 403 5187 1972 5274">
    <p class='ocr_par' dir='ltr' id='par_1_97' title="bbox 403 5200 1972 5274">
     <span class='ocr_line' id='line_1_98' title="bbox 403 5200 1972 5274; baseline -0.002 -17"><span class='ocrx_word' id='word_1_745' title='bbox 403 5204 499 5274; x_wconf 83' lang='grc' dir='ltr'>νὴν</span> <span class='ocrx_word' id='word_1_746' title='bbox 526 5202 677 5273; x_wconf 84' lang='grc' dir='ltr'>ὥραν</span> <span class='ocrx_word' id='word_1_747' title='bbox 711 5202 806 5256; x_wconf 73' lang='grc' dir='ltr'>καὶ</span> <span class='ocrx_word' id='word_1_748' title='bbox 836 5200 1164 5267; x_wconf 76' lang='grc' dir='ltr'>ξενίζεσθαι.</span> <span class='ocrx_word' id='word_1_749' title='bbox 1207 5200 1385 5270; x_wconf 84' lang='grc' dir='ltr'>Ἐώρα</span> <span class='ocrx_word' id='word_1_750' title='bbox 1423 5200 1480 5253; x_wconf 77' lang='grc' dir='ltr'>δὲ</span> <span class='ocrx_word' id='word_1_751' title='bbox 1517 5202 1545 5253; x_wconf 92' lang='lat'><strong>6</strong></span> <span class='ocrx_word' id='word_1_752' title='bbox 1573 5201 1856 5272; x_wconf 84' lang='grc' dir='ltr'>Μακάριος</span> <span class='ocrx_word' id='word_1_753' title='bbox 1888 5202 1972 5255; x_wconf 81' lang='grc' dir='ltr'><strong>τὸν</strong></span> 
     </span>
    </p>
   </div>
   <div class='ocr_carea' id='block_1_98' title="bbox 2077 5187 3653 5274">
    <p class='ocr_par' dir='ltr' id='par_1_98' title="bbox 2088 5187 3653 5268">
     <span class='ocr_line' id='line_1_99' title="bbox 2088 5187 3653 5268; baseline -0.008 -15"><span class='ocrx_word' id='word_1_754' title='bbox 2088 5199 2309 5268; x_wconf 89' lang='lat' dir='ltr'><strong>longum</strong></span> <span class='ocrx_word' id='word_1_755' title='bbox 2362 5204 2579 5264; x_wconf 89' lang='lat' dir='ltr'><strong>tempus</strong></span> <span class='ocrx_word' id='word_1_756' title='bbox 2618 5207 2728 5262; x_wconf 73' lang='lat' dir='ltr'><strong>pra:</strong></span> <span class='ocrx_word' id='word_1_757' title='bbox 2780 5200 3002 5259; x_wconf 87' lang='lat' dir='ltr'><strong>stupore</strong></span> <span class='ocrx_word' id='word_1_758' title='bbox 3037 5202 3125 5241; x_wconf 80' lang='lat' dir='ltr'><strong>vrx</strong></span> <span class='ocrx_word' id='word_1_759' title='bbox 3171 5197 3314 5243; x_wconf 85' lang='lat' dir='ltr'><strong>esset</strong></span> <span class='ocrx_word' id='word_1_760' title='bbox 3357 5187 3499 5258; x_wconf 86' lang='lat' dir='ltr'><strong>apud</strong></span> <span class='ocrx_word' id='word_1_761' title='bbox 3549 5202 3653 5244; x_wconf 88' lang='lat' dir='ltr'><strong>se:</strong></span> 
     </span>
    </p>
   </div>
   <div class='ocr_carea' id='block_1_99' title="bbox 404 5277 1972 5367">
    <p class='ocr_par' dir='ltr' id='par_1_99' title="bbox 404 5290 1972 5367">
     <span class='ocr_line' id='line_1_100' title="bbox 404 5290 1972 5367; baseline -0.001 -20"><span class='ocrx_word' id='word_1_762' title='bbox 404 5294 754 5365; x_wconf 70' lang='grc' dir='ltr'>τὴνέὐωδίαν</span> <span class='ocrx_word' id='word_1_763' title='bbox 791 5292 1086 5361; x_wconf 77' lang='grc' dir='ltr'>κομίζοντα</span> <span class='ocrx_word' id='word_1_764' title='bbox 1127 5293 1388 5353; x_wconf 86' lang='grc' dir='ltr'>ἀεννάως.</span> <span class='ocrx_word' id='word_1_765' title='bbox 1426 5290 1557 5343; x_wconf 83' lang='grc' dir='ltr'>Ὅτε</span> <span class='ocrx_word' id='word_1_766' title='bbox 1606 5291 1662 5344; x_wconf 81' lang='grc' dir='ltr'>δὲ</span> <span class='ocrx_word' id='word_1_767' title='bbox 1703 5292 1792 5344; x_wconf 85' lang='grc' dir='ltr'>τὸν</span> <span class='ocrx_word' id='word_1_768' title='bbox 1824 5292 1972 5367; x_wconf 86' lang='grc' dir='ltr'>λόγον</span> 
     </span>
    </p>
   </div>
   <div class='ocr_carea' id='block_1_100' title="bbox 2077 5277 3653 5367">
    <p class='ocr_par' dir='ltr' id='par_1_100' title="bbox 2084 5277 3653 5348">
     <span class='ocr_line' id='line_1_101' title="bbox 2084 5277 3653 5348; baseline -0.008 -6"><span class='ocrx_word' id='word_1_769' title='bbox 2084 5290 2302 5343; x_wconf 86' lang='lat' dir='ltr'><strong>vidente</strong></span> <span class='ocrx_word' id='word_1_770' title='bbox 2357 5285 2564 5340; x_wconf 87' lang='lat' dir='ltr'><strong>interea</strong></span> <span class='ocrx_word' id='word_1_771' title='bbox 2612 5284 2771 5339; x_wconf 81' lang='lat' dir='ltr'><strong>beato</strong></span> <span class='ocrx_word' id='word_1_772' title='bbox 2819 5281 3038 5335; x_wconf 85' lang='lat' dir='ltr'><strong>Andrea</strong></span> <span class='ocrx_word' id='word_1_773' title='bbox 3073 5278 3265 5342; x_wconf 86' lang='lat' dir='ltr'><strong>illum,</strong></span> <span class='ocrx_word' id='word_1_774' title='bbox 3310 5277 3405 5348; x_wconf 87' lang='lat' dir='ltr'><strong>qui</strong></span> <span class='ocrx_word' id='word_1_775' title='bbox 3448 5291 3653 5331; x_wconf 51' lang='lat' dir='ltr'><strong>mento.</strong></span> 
     </span>
    </p>
   </div>
   <div class='ocr_carea' id='block_1_101' title="bbox 409 5364 1972 5459">
    <p class='ocr_par' dir='ltr' id='par_1_101' title="bbox 409 5364 1972 5459">
     <span class='ocr_line' id='line_1_102' title="bbox 409 5364 1972 5459; baseline -0.004 -20"><span class='ocrx_word' id='word_1_776' title='bbox 409 5364 769 5451; x_wconf 82' lang='grc' dir='ltr'>κατέπαυσεν,</span> <span class='ocrx_word' id='word_1_777' title='bbox 795 5384 997 5445; x_wconf 81' lang='grc' dir='ltr'>εὐθέως</span> <span class='ocrx_word' id='word_1_778' title='bbox 1023 5382 1114 5437; x_wconf 77' lang='grc' dir='ltr'>καὶ</span> <span class='ocrx_word' id='word_1_779' title='bbox 1140 5384 1173 5459; x_wconf 75' lang='grc' dir='ltr'><strong>η</strong></span> <span class='ocrx_word' id='word_1_780' title='bbox 1205 5383 1402 5441; x_wconf 77' lang='grc' dir='ltr'>εὐωδία</span> <span class='ocrx_word' id='word_1_781' title='bbox 1428 5382 1661 5453; x_wconf 80' lang='grc' dir='ltr'>ἀπέστη.</span> <span class='ocrx_word' id='word_1_782' title='bbox 1680 5364 1972 5451; x_wconf 81' lang='grc' dir='ltr'>Θαυμάσας</span> 
     </span>
    </p>
   </div>
   <div class='ocr_carea' id='block_1_102' title="bbox 2077 5364 3653 5459">
    <p class='ocr_par' dir='ltr' id='par_1_102' title="bbox 2084 5364 3653 5451">
     <span class='ocr_line' id='line_1_103' title="bbox 2084 5364 3653 5451; baseline -0.01 -16"><span class='ocrx_word' id='word_1_783' title='bbox 2084 5389 2258 5436; x_wconf 88' lang='lat' dir='ltr'><strong>ratam</strong></span> <span class='ocrx_word' id='word_1_784' title='bbox 2292 5375 2649 5451; x_wconf 77' lang='lat' dir='ltr'><strong>iragrantiam</strong></span> <span class='ocrx_word' id='word_1_785' title='bbox 2692 5374 3031 5431; x_wconf 84' lang='lat' dir='ltr'><strong>incessanter</strong></span> <span class='ocrx_word' id='word_1_786' title='bbox 3067 5370 3374 5443; x_wconf 85' lang='lat' dir='ltr'><strong>spargebat.</strong></span> <span class='ocrx_word' id='word_1_787' title='bbox 3410 5364 3512 5424; x_wconf 81' lang='lat' dir='ltr'><strong>Ubi</strong></span> <span class='ocrx_word' id='word_1_788' title='bbox 3555 5380 3653 5424; x_wconf 53' lang='lat' dir='ltr'><strong>au,</strong></span> 
     </span>
    </p>
   </div>
   <div class='ocr_carea' id='block_1_103' title="bbox 474 5563 983 5638">
    <p class='ocr_par' dir='ltr' id='par_1_103' title="bbox 474 5563 983 5638">
     <span class='ocr_line' id='line_1_104' title="bbox 474 5563 983 5638; baseline -0.01 -15"><span class='ocrx_word' id='word_1_789' title='bbox 474 5568 518 5599; x_wconf 72' lang='grc' dir='ltr'><strong>ιιι</strong></span> <span class='ocrx_word' id='word_1_790' title='bbox 561 5566 795 5638; x_wconf 76' lang='lat' dir='ltr'><strong>Philipp.</strong></span> <span class='ocrx_word' id='word_1_791' title='bbox 824 5579 900 5629; x_wconf 79' lang='grc' dir='ltr'><strong>ιν,</strong></span> <span class='ocrx_word' id='word_1_792' title='bbox 929 5563 983 5621; x_wconf 76' lang='grc' dir='ltr'>ι.</span> 
     </span>
    </p>
   </div>
   <div class='ocr_carea' id='block_1_104' title="bbox 482 5706 2707 5793">
    <p class='ocr_par' dir='ltr' id='par_1_104' title="bbox 482 5706 2707 5793">
     <span class='ocr_line' id='line_1_105' title="bbox 482 5706 2707 5793; baseline -0.008 -13"><span class='ocrx_word' id='word_1_793' title='bbox 482 5725 591 5793; x_wconf 63' lang='lat' dir='ltr'><strong>tit)</strong></span> <span class='ocrx_word' id='word_1_794' title='bbox 622 5722 719 5778; x_wconf 80' lang='lat' dir='ltr'><strong>Est</strong></span> <span class='ocrx_word' id='word_1_795' title='bbox 748 5721 863 5777; x_wconf 77' lang='lat' dir='ltr'><strong>haec</strong></span> <span class='ocrx_word' id='word_1_796' title='bbox 893 5722 1035 5776; x_wconf 85' lang='lat' dir='ltr'><strong>inter</strong></span> <span class='ocrx_word' id='word_1_797' title='bbox 1060 5718 1237 5773; x_wconf 79' lang='lat' dir='ltr'><strong>varias</strong></span> <span class='ocrx_word' id='word_1_798' title='bbox 1264 5713 1449 5771; x_wconf 84' lang='lat' dir='ltr'><strong>Basilii</strong></span> <span class='ocrx_word' id='word_1_799' title='bbox 1477 5712 1790 5779; x_wconf 81' lang='lat' dir='ltr'><strong>conciones,</strong></span> <span class='ocrx_word' id='word_1_800' title='bbox 1822 5711 1964 5789; x_wconf 77' lang='lat' dir='ltr'><strong>apud</strong></span> <span class='ocrx_word' id='word_1_801' title='bbox 2003 5710 2351 5777; x_wconf 80' lang='lat' dir='ltr'><strong>Cornarium,</strong></span> <span class='ocrx_word' id='word_1_802' title='bbox 2388 5707 2582 5766; x_wconf 86' lang='lat' dir='ltr'><strong>concio</strong></span> <span class='ocrx_word' id='word_1_803' title='bbox 2622 5706 2707 5770; x_wconf 71' lang='grc'><strong>15.</strong></span> 
     </span>
    </p>
   </div>
   <div class='ocr_carea' id='block_1_105' title="bbox 707 5794 1972 5878">
    <p class='ocr_par' dir='ltr' id='par_1_105' title="bbox 707 5794 1601 5878">
     <span class='ocr_line' id='line_1_106' title="bbox 707 5794 1601 5878; baseline 0.001 -7"><span class='ocrx_word' id='word_1_804' title='bbox 707 5816 976 5873; x_wconf 69' lang='grc' dir='ltr'>Ρλτιιυι..</span> <span class='ocrx_word' id='word_1_805' title='bbox 1017 5818 1130 5873; x_wconf 68' lang='lat' dir='ltr'><strong>Gn.</strong></span> <span class='ocrx_word' id='word_1_806' title='bbox 1168 5810 1331 5878; x_wconf 76' lang='lat' dir='ltr'><strong>CXI.</strong></span> <span class='ocrx_word' id='word_1_807' title='bbox 1596 5794 1601 5799; x_wconf 16' lang='lat'><strong>~</strong></span> 
     </span>
    </p>
   </div>
   <div class='ocr_carea' id='block_1_106' title="bbox 2077 5794 3335 5878">
    <p class='ocr_par' dir='ltr' id='par_1_106' title="bbox 3258 5794 3335 5867">
     <span class='ocr_line' id='line_1_107' title="bbox 3258 5794 3335 5867; baseline -0.026 0"><span class='ocrx_word' id='word_1_808' title='bbox 3258 5794 3335 5867; x_wconf 70' lang='grc'><strong>28</strong></span> 
     </span>
    </p>
   </div>
  </div>
