4076 6390
388 319 497 381 875

1454 317 1874 379 NICEPHORI
1914 312 2388 377 PRESBYTER!
2429 314 2538 375 ΟΡ.

3529 312 3636 373 876

390 440 498 487 tein
532 431 710 502 legere
741 430 933 495 desiit,
965 430 1125 485 desiit
1150 440 1202 484 et
1235 431 1532 502 fragrantia
1566 433 1778 487 sentiri.
1805 430 1959 497 Quod

2076 430 2119 483 se
2152 432 2179 483 ό
2225 429 2541 498 Ἐπιφάνιος
2587 428 2704 491 πῶς
2739 430 2807 498 τῇ
2844 428 3188 483 καταπαύσει
3212 424 3306 481 τοῦ
3352 425 3513 492 λόγου
3542 427 3638 478 καὶ

392 522 623 576 miratus
670 521 962 576 admodum
1020 523 1395 593 Epiphanius,
1447 524 1796 593 interrogavit
1838 538 1963 576 san-

391 619 538 663 etum
592 608 888 674 Andream,
920 610 1109 663 dicens
1157 626 1171 663 :
1212 611 1319 663 Oro
1366 619 1417 663 te
1468 622 1631 678 atque
1683 611 1911 664 obsecro
1944 651 1959 674 ,

392 711 587 767 ntagne
612 698 837 763 domine
858 736 875 761 ,
922 714 1045 766 qua:
1075 699 1164 753 illa
1189 740 1203 763 ,
1242 715 1403 767 quam
1453 700 1614 753 modo
1641 701 1962 771 praelegente

394 805 481 844 me
533 791 917 859 percepimus,
994 788 1326 856 fragrantia?
1387 790 1487 844 Cui
1544 794 1629 845 vir
1689 800 1960 846 sanctus:

402 895 421 929 ι
463 877 637 942 Quam
680 877 859 932 dulcia
896 878 1142 931 faucibus
1187 880 1321 933 meis
1366 880 1580 950 eloquia
1621 889 1713 935 tua
1739 917 1756 943 ,
1799 896 1964 949 super

396 969 500 1022 mel
541 968 625 1022 ori
667 983 785 1022 ineo
804 968 883 1021 "1
923 987 941 1019 ι
980 967 1078 1021 Hic
1106 982 1232 1023 vero
1272 985 1380 1023 non
1413 979 1522 1023 tam
1552 970 1620 1026 de
1656 972 1961 1040 corporali,

396 1076 561 1131 quam
614 1060 681 1113 de
712 1058 981 1127 spirituali
1025 1074 1122 1114 ore
1157 1069 1321 1129 atque
1374 1060 1625 1115 faucibus
1656 1077 1963 1115 sermonem

397 1150 513 1206 fleri
564 1149 970 1218 intelligendum
1021 1157 1122 1204 est.
1184 1150 1315 1206 Post
1370 1151 1484 1205 haec
1513 1152 1714 1205 dicenti
1770 1166 1964 1206 rursus

398 1236 695 1308 Epiphanio
724 1255 737 1291 :
772 1236 930 1290 Missa
962 1238 1043 1291 fac
1074 1239 1197 1301 ista,
1229 1249 1283 1291 et
1312 1240 1516 1308 siquid
1552 1240 1781 1294 visionis
1809 1241 1962 1294 obla-

399 1341 510 1384 tum
543 1328 639 1382 tibi
669 1330 762 1392 sit,
789 1329 1067 1395 edissere;
1104 1330 1320 1384 illorum
1362 1334 1561 1400 quippe
1587 1332 1837 1385 notitiam
1868 1347 1966 1401 per

398 1435 587 1493 preces
630 1429 753 1475 tuas
786 1428 1075 1475 assecutus
1118 1437 1240 1475 sum
1283 1438 1296 1474 :
1358 1424 1636 1491 respondit
1674 1423 1961 1479 Andreas:

398 1510 538 1577 Quid
566 1511 889 1575 edisseram,
915 1512 1275 1567 charissime?
1317 1511 1586 1578 Quamdiu
1614 1515 1821 1584 legisti,
1854 1514 1965 1569 fre-

398 1613 625 1673 quentes
663 1604 752 1658 hic
781 1603 1005 1659 adfuere
1047 1605 1256 1674 angeli,
1304 1622 1535 1674 quorum
1587 1624 1746 1673 unus,
1788 1608 1965 1661 sancti

400 1697 633 1765 Spiritus
665 1699 846 1761 verba,
879 1698 1005 1765 quia
1036 1699 1274 1752 suavitas
1306 1707 1358 1752 et
1391 1699 1575 1751 lmtitia
1605 1706 1755 1762 sunt,
1795 1699 1966 1753 hono-

2065 522 2099 590 ἡ
2138 520 2433 590 μυρίπνοος
2471 517 2670 571 εὐωδία
2706 518 2939 587 ἀπέστη,
2984 514 3239 587 ἠρώτησε
3284 514 3377 567 τὸν
3418 514 3640 567 Δίκαιον

2067 610 2244 677 λέγων
2264 627 2278 639 ·
2309 607 2512 677 Δέομαί
2545 622 2659 671 σου,
2685 608 2813 677 κύρι
2842 608 2871 659 ό
2924 607 3119 676 μέγας,
3162 606 3247 667 τίς
3273 600 3342 675 ἦν
3376 606 3409 675 ἡ
3440 602 3640 656 εὐωδία

2064 703 2101 771 ἡ
2134 701 2239 772 πρὸ
2265 702 2364 771 τῆς
2396 700 2545 770 ὥρας
2572 701 2705 769 ἡμῖν
2757 700 3045 768 γενομένη,
3079 697 3315 765 ὁπηνίκα
3349 695 3442 748 τὸν
3480 697 3641 763 λόγον

2063 793 2467 864 διεξηρχόμηνς
2504 791 2646 861 Ἔφη
2690 793 2719 844 ό
2769 790 3075 859 Μακάριος.
3103 790 3237 851 ι’θς
3283 789 3512 855 γλυκεῖα
3560 785 3640 854 τῷ

2064 884 2303 955 λάρυγγί
2351 874 2457 953 μου
2487 884 2553 935 τὰ
2610 882 2767 949 λόγιά
2797 899 2911 947 σου,
2934 881 3074 949 ὑπὲρ
3126 880 3248 949 μέλι
3277 880 3355 947 τῷ
3410 876 3642 945 στόματί

2067 974 2204 1042 μουί
2244 991 2264 1024 ι
2298 973 2507 1039 Nor,th
2537 971 2593 1023 δὲ
2620 971 2725 1041 χρὴ
2758 971 3048 1035 γινώσκειν
3074 969 3136 1020 τὸ
3165 969 3391 1036 στόματι
3440 966 3557 1029 καὶ,
3582 964 3644 1016 τὸ

2064 1065 2323 1135 λάρυγγι,
2378 1062 2511 1132 περὶ
2554 1064 2649 1115 τοῦ
2682 1059 2913 1130 ψυχικοῦ
2938 1060 3214 1129 λάρυγγος
3248 1060 3348 1117 καὶ
3374 1057 3641 1125 στόματος

2067 1159 2312 1226 εἴρηκεν.
2361 1154 2675 1222 Ἐπιφάνιος
2710 1150 2864 1207 εἶπεν
2888 1168 2902 1183 ι
2941 1153 3110 1216 Ἀφες
3155 1150 3350 1212 ταῦτα,
3396 1151 3489 1201 καὶ
3517 1146 3640 1201 εἰπέ

2070 1265 2160 1318 μοι
2189 1250 2235 1300 εί
2265 1247 2409 1316 ἔχεις
2443 1262 2494 1298 τι
2530 1245 2637 1299 ἀπὸ
2664 1243 2899 1313 Θεωρίας
2922 1258 2936 1272 ο
2968 1237 3085 1295 οἶδα
3108 1240 3216 1310 γὰρ
3243 1238 3398 1307 κάγὼ
3421 1237 3510 1291 διὰ
3530 1237 3640 1301 τῶν

2064 1342 2262 1409 τιμίων
2297 1356 2390 1391 σου
2434 1337 2678 1407 δεήσεων
2721 1335 2916 1389 ταῦτα.
2958 1332 3016 1387 '0
3068 1333 3355 1403 Μακάριος
3388 1331 3492 1400 ἔφη
3516 1346 3533 1362 ο
3573 1329 3641 1381 Τί

2067 1445 2150 1480 σοι
2180 1427 2317 1480 θέλω
2350 1428 2548 1489 εἰπεῖν,
2574 1414 2797 1494 φίλτατέ
2829 1438 2960 1493 μους
2996 1422 3257 1490 Ἄγγελοι
3289 1422 3398 1491 γὰρ
3433 1418 3640 1489 Κυρίου

2063 1514 2204 1588 ἦσαν
2254 1516 2430 1569 ἱκανοὶ
2466 1516 2559 1567 ἐπὶ
2607 1515 2669 1567 τὸ
2712 1515 2846 1567 αὐτὸ
2877 1513 2951 1577 ὡς
2997 1514 3362 1581 ἀνεγίνωσκες
3390 1527 3405 1541 ·
3458 1504 3542 1573 εἷς
3583 1509 3641 1562 δὲ

2065 1609 2125 1674 ἐξ
2151 1609 2348 1674 αὐτῶν,
2378 1607 2614 1671 δοξάζων
2643 1606 2711 1660 τὰ
2734 1608 2956 1678 ῥήματα
2986 1605 3080 1658 τοῦ
3105 1606 3262 1672 ἁγίου
3297 1602 3638 1671 Πνεύματος,

2067 1701 2255 1754 καθότι
2284 1698 2555 1769 εὐφρασία
2588 1697 2736 1752 ἐστὶν
2762 1697 3055 1768 ἡδύνουσα,
3087 1694 3352 1765 ὲθυμίαζε
3414 1693 3646 1763 θεοπρε-

401 1804 523 1843 rare
552 1789 761 1853 volens,
792 1789 1043 1844 adolebat
1070 1790 1229 1844 hilari
1256 1806 1380 1845 cum
1409 1791 1558 1845 vultu
1587 1791 1825 1846 sufﬁtum
1858 1791 1968 1847 Deo

2076 1792 2189 1855 πῶς
2204 1787 2607 1861 ἀγαλλόμενος.

400 1879 644 1948 dignum.

471 1970 598 2023 252.
655 1970 758 2031 At.
815 1970 1080 2027 inferente
1165 1972 1505 2042 Epiphanio,
1588 1971 1740 2029 Unde
1792 1975 1971 2044 angeli

403 2060 643 2115 sumtum
682 2062 833 2126 sibi,
890 2062 1035 2117 unde
1087 2063 1424 2117 thurihulum
1452 2103 1467 2127 ,
1517 2065 1663 2118 unde
1710 2066 1973 2119 carbones

403 2162 775 2220 comparant,
837 2154 1277 2223 quandoquidem
1337 2155 1469 2221 ipsis
1520 2156 1973 2211 immaterialibus

406 2244 554 2298 nulla
601 2259 722 2298 cum
760 2244 922 2298 rebus
971 2244 1270 2299 materiatis
1304 2246 1617 2315 conjunctio
1684 2246 1797 2301 sit?
1846 2256 1974 2301 tunc

406 2338 623 2392 intuens
661 2338 713 2390 in
742 2352 865 2390 eum
908 2338 993 2390 vir
1034 2336 1253 2401 beatus,
1290 2346 1342 2389 et
1375 2352 1596 2392 manum
1630 2339 1967 2394 extendens:

406 2428 687 2493 Miranda,
740 2428 951 2497 inquit,
1002 2429 1055 2481 in
1110 2428 1347 2482 medium
1403 2429 1600 2494 aﬂ‘ers,
1661 2431 1732 2482 tui
1787 2430 1971 2483 boum.

407 2518 612 2572 Verum
661 2519 787 2589 quis
841 2519 979 2584 tibi,
1034 2519 1253 2589 angelos
1307 2522 1678 2590 perceptibilia
1722 2524 1974 2578 sensibus

320 2647 337 2663 .
409 2611 711 2677 thuribula,
742 2611 865 2677 quis
888 2611 1077 2663 mundi
1108 2611 1270 2680 hujus
1298 2611 1556 2675 suﬂitum,
1587 2621 1682 2666 aut
1709 2614 1973 2667 carbones

406 2702 667 2755 adhibere
716 2702 885 2755 dixit?
925 2700 1033 2766 Qui
1080 2703 1275 2771 Spiritu
1315 2702 1432 2756 solo
1487 2712 1758 2767 constant,
1815 2704 1975 2773 spiri-

408 2791 614 2854 tualia,
669 2790 764 2859 qui
800 2804 864 2844 ex
912 2790 1136 2845 materia
1175 2791 1484 2858 compecti,
1530 2793 1815 2845 materiata
1864 2800 1975 2845 tra-

406 2889 577 2935 etant.
613 2881 804 2950 Angeli
863 2894 991 2935 vero
1044 2896 1169 2934 cum
1227 2883 1509 2935 incensum
1561 2883 1795 2935 oblaturi
1846 2891 1975 2936 sunt

406 2972 734 3032 Altissimo,
798 2971 946 3024 aliud
1013 2986 1122 3024 non
1173 2969 1429 3036 sumunt,
1493 2986 1657 3039 quam
1716 2971 1974 3025 thronum

408 3063 582 3128 iitum,
606 3078 822 3116 omnem
865 3061 1196 3131 intelligendi
1232 3067 1335 3116 vim
1368 3072 1716 3132 superantem
1750 3080 1768 3116 :
1804 3064 1972 3126 illam,

406 3155 947 3220 aio,'suarissimam
986 3153 1333 3222 fragrantiam
1358 3192 1375 3220 ,
1415 3170 1535 3223 quae
1580 3171 1646 3208 ex
1695 3155 1975 3209 tremenda

406 3258 461 3300 et
517 3246 882 3299 inaccessibili
954 3245 1162 3298 Deitate
1215 3246 1481 3312 procedit.
1542 3243 1676 3299 Nam
1738 3256 1977 3302 astantes

409 3337 641 3391 terribili
680 3335 1078 3404 Omnipotcntis
1110 3335 1339 3402 throno,
1368 3337 1670 3403 excipiunt,
1701 3351 1823 3406 quae
1856 3337 1979 3392 inde

411 3427 585 3481 multo
613 3442 737 3482 cum
772 3426 985 3494 fulgore
1025 3428 1282 3490 absistit,
1316 3430 1545 3483 odorum
1589 3428 1976 3498 fragrantiam,

412 3520 653 3572 humano
691 3532 942 3572 sermone
986 3518 1456 3586 inexplicabilem,
1502 3534 1731 3588 eamque
1773 3519 1979 3591 jugiter

410 3607 655 3662 sutliunt.
691 3607 919 3673 Quando
962 3608 1130 3679 igitur
1161 3609 1387 3673 volunt,
1428 3610 1813 3665 suavissimum
1857 3611 1981 3666 Dei-

410 3696 539 3750 ta'tis
586 3696 733 3751 illius
762 3697 987 3751 odorem
1039 3711 1164 3751 cum
1211 3695 1392 3765 aliquo
1440 3695 1803 3765 participare,
1841 3712 1980 3751 con-

410 3788 670 3841 sistentes
708 3796 838 3841 ante
878 3788 1061 3855 ipsum
1089 3826 1105 3851 ,
1144 3797 1414 3856 quantum
1452 3787 1642 3840 volunt
1689 3788 1876 3843 odoris
1926 3789 1981 3841 in

410 3876 606 3933 faciem
654 3878 774 3943 ejus
811 3878 1135 3945 effundunt;
1174 3893 1336 3947 quem
1383 3877 1487 3937 ille.
1515 3878 1777 3933 continuo
1812 3880 1984 3947 perci-

410 3969 567 4040 piens
592 3970 793 4024 olfactu
817 4009 831 4032 ,
868 3968 1067 4024 dubius
1102 3968 1271 4022 haeret
1314 3968 1456 4023 unde
1487 3978 1636 4022 tanta
1683 3969 1983 4040 fragrantia

411 4061 647 4115 ametur.
685 4062 838 4119 Alias
866 4077 1086 4133 quoque
1126 4061 1286 4115 iidem
1315 4060 1493 4130 angeli
1538 4061 1731 4116 allatas
1763 4078 1793 4115 e
1824 4077 1986 4132 para-

409 4151 533 4209 diso
574 4152 732 4206 flores
764 4152 1023 4205 invisibili
1056 4152 1218 4205 modo
1269 4150 1505 4206 hominis
1558 4153 1846 4207 admovent
1892 4168 1985 4207 na-

413 4244 585 4309 ribus,
615 4258 818 4312 easque
853 4244 1013 4299 suavi
1043 4244 1211 4297 odore
1240 4243 1532 4312 complent.
1565 4244 1785 4315 Triplici
1829 4261 1987 4299 nam-

412 4349 523 4407 que
554 4335 768 4389 ratione
792 4343 1026 4405 possunt
1061 4335 1237 4388 sancti
1264 4336 1443 4403 angeli
1482 4334 1627 4400 illos,
1658 4338 1985 4407 quibuscum

2148 1979 2198 2031 σ)
2214 1976 2277 2047 β’.
2321 1976 2639 2045 Ἐπιφάνιος
2671 1970 2857 2028 εἶπεν·
2901 1972 3009 2026 Καὶ
3040 1971 3142 2024 ποῦ
3172 1973 3221 2023 οἱ
3254 1969 3348 2024 τοῦ
3390 1968 3645 2038 Σωτῆρος

2074 2070 2316 2138 ἄγγελοι,
2351 2069 2411 2121 τό
2434 2084 2493 2119 τε
2525 2067 2797 2136 θυμίαμα,
2822 2066 2920 2119 καὶ
2939 2064 3001 2117 τὸ
3027 2064 3408 2133 θυμιατήριον,
3432 2060 3559 2124 τούς
3585 2078 3646 2114 τε

2074 2159 2353 2228 ἄνθρακας
2388 2155 2755 2226 εὑρίσκουσιν,
2809 2155 2960 2208 ἀῦλοι
2991 2154 3165 2216 ὄντες,
3202 2153 3295 2205 καὶ
3327 2151 3529 2213 ὐλικοῑς
3567 2149 3645 2219 μὴ

2077 2249 2455 2319 συγχρώμενοι
2486 2263 2500 2312 ;
2542 2247 2603 2298 ’0
2646 2247 2701 2299 δὲ
2729 2247 3017 2315 Μακάριος
3063 2244 3314 2304 ἀτενίσας
3338 2243 3418 2304 είς
3449 2241 3640 2300 αὐτὸν,

2075 2341 2166 2391 καὶ
2200 2337 2299 2407 τὴν
2337 2339 2494 2406 χεῖρα
2523 2335 2687 2388 αὐτοῦ
2732 2335 2867 2405 πρὸς
2911 2334 3074 2387 αὐτὸν
3110 2333 3413 2395 ἀνατείνας,
3453 2332 3603 2398 λὲγει
3628 2347 3645 2361 ο

2074 2429 2379 2497 Θαυμαστὰ
2422 2426 2729 2498 ὡμίλησας,
2761 2424 3035 2493 ἄνθρωπε.
3063 2423 3159 2485 Τίς
3204 2424 3312 2491 γάρ
3341 2438 3423 2475 σοι
3466 2416 3644 2484 εἶπεν,

2073 2523 2156 2575 ὅτι
2195 2520 2429 2587 αίσθητά
2476 2518 2816 2589 θυμιατήρια
2869 2518 2919 2569 ol
2979 2514 3200 2583 ἄγγελοι
3237 2514 3555 2585 κέκτηνται,
3610 2515 3643 2585 ἢ

2074 2612 2315 2681 κοσμικὰ
2360 2612 2681 2681 θυμιάματα
2722 2610 2957 2680 ἔχουσιν,
2985 2609 3018 2679 ἢ
3050 2608 3143 2660 τὸν
3183 2607 3275 2660 τοῦ
3321 2607 3527 2676 κόσμου
3555 2608 3650 2660 άν-

2075 2704 2255 2774 θρακα
2286 2703 2588 2755 ὲπιδέονται
2614 2720 2629 2769 ;
2652 2702 2718 2754 Οί
2747 2704 2854 2772 γὰρ
2895 2701 3247 2771 πνευματικοὶ
3279 2700 3642 2769 πνευματικὰ,

2076 2795 2172 2849 καὶ
2218 2796 2268 2846 ei.
2302 2795 2477 2847 ἔνυλοι
2532 2794 2695 2847 ἒνυλα
2730 2794 3044 2862 κέκτηνται.
3076 2792 3332 2861 ’Ἄγγελοι
3378 2793 3439 2845 δὲ
3482 2792 3640 2861 ἡνίκα

2076 2885 2342 2953 θυμιᾶσαι
2374 2884 2673 2953 βούλονται,
2697 2884 2847 2937 οὐδὲν
2888 2884 3018 2937 ἄλλο
3044 2882 3308 2953 θυμιῶσιν
3338 2882 3647 2952 ἔμπροσθεν

2075 2976 2168 3027 τοῦ
2212 2975 2493 3043 ’λ’ψίστου,
2530 2974 2563 3045 ἢ
2596 2975 2687 3027 τὸν
2717 2974 2908 3043 θρόνον
2938 2976 3147 3027 ἐκεῖνον
3183 2974 3275 3027 τὸν
3307 2976 3484 3027 πάντα
3523 2972 3648 3025 νοῦν

2077 3066 2496 3136 ὑπερϐαίνοντα,
2534 3066 2676 3135 φημὶ
2703 3065 2800 3135 τὴν
2823 3065 3073 3129 εὐωδίαν,
3098 3067 3197 3135 τὴν
3215 3066 3485 3136 ἡδυτάτην
3511 3064 3648 3117 ὲκεί-

2077 3176 2175 3228 νην
2208 3160 2305 3227 τὴν
2326 3159 2691 3227 ὲξερχομὲνην
2721 3159 2784 3210 ἐκ
2811 3157 2910 3226 τῆς
2954 3157 3195 3228 φοϐερᾶς
3226 3158 3320 3210 καὶ
3350 3157 3650 3226 ἀπροσίτου

2077 3249 2349 3316 θεότητος.
2385 3247 2473 3308 Ὠς
2501 3247 2608 3316 γὰρ
2634 3245 2996 3317 παρίστανται
3017 3246 3099 3316 τῷ
3122 3246 3335 3317 φοϐερῷ
3359 3246 3535 3315 θρόνῳ
3554 3244 3650 3297 τοῦ

2079 3338 2548 3408 Παντοκράτορος,
2611 3337 2855 3405 δέχονται
2914 3338 3012 3406 τῆς
3065 3338 3277 3391 ἐκεῖθεν
3326 3336 3652 3406 ὲκπηδὼσης

2077 3428 2366 3497 ἀστραπῆς
2390 3428 2489 3495 τὴν
2521 3426 2801 3496 εὐοσμίαν,
2823 3426 2917 3480 καὶ
2951 3426 3309 3490 ἀδιαλείπτως
3330 3426 3513 3480 ἔκτοτε
3548 3438 3657 3496 p.0-

2083 3519 2324 3589 ρίζουσιν
2352 3519 2653 3590 ἀπορρήτῳ
2694 3517 2890 3586 εὐωδίᾳ
2910 3518 3012 3586 τῆς
3042 3518 3313 3589 θεότητος.
3355 3518 3522 3571 Ὅταν
3550 3517 3646 3571 οὖν

2079 3611 2368 3679 όφείλωσιν
2394 3611 2531 3679 (45),
2560 3610 2841 3679 βούλονται
2865 3611 3015 3673 ὅπως
3047 3611 3298 3682 μετάσχῃ
3324 3610 3424 3679 τῆς
3449 3610 3651 3681 ἡδύτη-

2080 3720 2170 3766 τος
2204 3703 2401 3771 αὐτῆς,
2435 3702 2534 3755 καὶ
2563 3702 2719 3754 αὐτοὶ
2744 3703 2792 3754 ei
2820 3702 3095 3771 ἱστάμενοι
3123 3700 3433 3771 ἔμπροσθεν
3462 3701 3651 3766 αὐτοῦ,

2080 3794 2378 3848 τύπτουσιν
2410 3791 2579 3845 αὐτοῦ
2608 3791 2669 3844 τὸ
2714 3792 3009 3863 πρόσωπον
3044 3793 3113 3861 τῇ
3141 3791 3372 3862 εὐοσμίᾳ
3400 3794 3464 3861 τῇ
3500 3791 3655 3863 θεῖκῇ

2080 3886 2191 3955 ὅσῳ
2241 3885 2425 3955 μέτρῳ
2478 3882 2794 3952 βούλονταιο
2853 3881 2947 3936 καὶ
3003 3882 3189 3934 λοιπὸν
3228 3880 3658 3952 ὀσφραινόμενος

2082 3977 2290 4037 ἐκεῖνος
2336 3975 2713 4043 ἑπαπορεῖτῇ
2750 3972 2988 4043 ἡδυτάτη
3035 3972 3331 4044 γλυκύτητι
3368 3973 3659 4042 εὐφραινό-

2084 4082 2264 4135 μενος.
2297 4063 2661 4127 Εὐωδιάζουσι
2688 4063 2746 4116 δὲ
2774 4064 2870 4117 καὶ
2901 4063 3046 4132 αλλῳ
3088 4062 3205 4124 πῶς
3233 4066 3298 4115 ὲκ
3318 4062 3425 4115 τῶν
3453 4062 3657 4116 ἀνθέων

2082 4151 2179 4205 τοῦ
2220 4151 2549 4211 παραδείσου
2584 4151 2952 4220 κομιζόμενοι,
2994 4152 3087 4203 καὶ
3128 4152 3345 4221 ἀοράτῳ
3375 4153 3658 4221 παραστά-

2086 4256 2170 4293 σει
2202 4241 2301 4309 τὴν
2333 4240 2604 4310 ὄσφρησιν
2635 4240 2728 4293 τοῦ
2760 4239 3048 4312 ἀνθρώπου
3082 4241 3454 4310 ὲμπιπλῶσιν.
3503 4242 3658 4293 Κατά

2084 4336 2189 4406 γάρ
2215 4338 2364 4405 τρεῖς
2384 4337 2622 4405 τρόπους
2647 4335 2863 4403 ἔχουσιν
2908 4335 3159 4399 ἐξουσίαν
3190 4336 3388 4406 θυμιᾷν
3433 4336 3482 4388 oi
3511 4334 3657 4403 ἅγιοι

414 4427 520 4482 tiibi
572 4424 914 4480 familiaritas
954 4433 1008 4479 et
1054 4438 1264 4479 morum
1314 4424 1629 4495 conjunctio
1672 4429 1975 4493 intercedit,

2086 4424 2309 4492 ἄγγελοι
2338 4426 2449 4487 τοῖς
2494 4425 2774 4495 ἐχομένοις
2806 4426 2992 4488 αὐτοῖς
3023 4426 3173 4496 φιλίᾳ
3213 4428 3308 4479 καὶ
3346 4427 3656 4495 σεμνότητι.
3754 4438 3757 4441 ‘

415 4518 588 4573 odore
617 4512 966 4585 perfundere.
1000 4513 1068 4570 Et
1103 4514 1339 4583 primum
1366 4515 1585 4585 quidem
1622 4516 1674 4569 id
1706 4527 1986 4587 praastant,

415 4623 540 4663 cum
572 4605 834 4660 librorum
874 4620 1155 4661 sacrorum
1187 4605 1406 4661 lectioni
1442 4620 1604 4673 opera
1643 4606 1800 4659 datur
1833 4625 1846 4659 :
1875 4608 1985 4661 eir-

415 4705 693 4755 cutnstant
718 4698 916 4767 quippe
936 4706 1048 4751 tum
1076 4735 1093 4763 ,
1132 4697 1386 4767 quamvis
1418 4697 1590 4752 aciem
1620 4706 1862 4751 nostram
1894 4696 1986 4752 fu-

416 4792 594 4861 giant,
643 4789 833 4844 audire
880 4788 1060 4857 cupidi
1102 4787 1499 4858 jucundissima
1528 4789 1703 4842 sancti
1752 4786 1986 4855 Spiritus

419 4884 599 4936 verba.
656 4878 893 4935 Rursum
945 4879 997 4933 id
1050 4888 1349 4949 praestant,
1405 4895 1528 4933 cum
1580 4880 1703 4948 quis
1752 4880 1984 4934 orationi

386 4968 618 5029 Zvacans
654 4983 780 5023 cum
820 4968 931 5024 Deo
978 4969 1312 5040 colloquitur
1350 4985 1364 5023 :
1409 4970 1644 5038 denique
1671 4985 1793 5025 cum
1838 4970 1987 5025 labo-

418 5061 579 5116 riosis
636 5059 892 5130 operibus
944 5066 1164 5129 propter
1222 5058 1475 5114 eumdem
1510 5074 1593 5134 ‘se
1647 5060 1981 5125 discruciat,

416 5166 653 5220 cumque
697 5152 751 5205 in
806 5166 1007 5220 corpus
1056 5166 1215 5206 suum
1272 5149 1501 5220 ﬂagellis
1551 5152 1987 5206 animadvertit:

420 5255 548 5298 tunc
576 5244 722 5299 enim
761 5246 1025 5314 praeclaro
1057 5242 1226 5313 pugili
1257 5259 1361 5298 suo
1386 5255 1585 5313 praesto
1632 5253 1761 5298 sunt
1782 5282 1797 5306 ,
1843 5259 1996 5299 eum-

416 5350 524 5403 que
550 5333 714 5389 variis
744 5334 923 5389 modis
978 5334 1244 5389 deliniant
1270 5372 1286 5399 ,
1322 5343 1569 5389 recreant
1621 5335 1993 5405 animamque.

492 5511 542 5543 "
581 5510 728 5565 Psal.
764 5524 955 5572 cum,
989 5510 1111 5564 105.

492 5662 606 5737 (ξῦ)
635 5664 813 5737 ξύταν
846 5658 960 5727 οὖν,
979 5671 1084 5717 etc.
1120 5662 1457 5737 Hinensque
1482 5662 1547 5717 ad
1574 5664 1684 5728 illa,
1714 5666 1851 5719 κατά
1874 5668 1982 5737 γάρ

421 5732 589 5795 τρεῖς,
614 5732 990 5787 desiderantur
1030 5739 1085 5787 in
1116 5748 1216 5787 ms.
1243 5731 1443 5787 κων.
1473 5744 1710 5803 suntque
1735 5738 1847 5791 fere
1875 5731 1978 5813 ob-

2104 4517 2191 4569 Ἐν
2214 4516 2451 4586 πρώτοις
2470 4517 2598 4570 ὅταν
2620 4519 2718 4580 τὰς
2747 4518 2898 4588 ἱερὰς
2922 4515 3138 4586 βίϐλους
3163 4518 3627 4585 ἀναγινώσκουσιν
3643 4534 3657 4549 ·

2091 4608 2515 4678 περικυκλοῦσιν
2572 4610 2682 4678 γὰρ
2730 4611 2928 4663 ἐκεῖνοι
2973 4611 3095 4662 τότε
3128 4610 3394 4680 ἀοράτως,
3431 4609 3662 4664 ἀκοῦσαι

2086 4697 2336 4761 θέλοντες
2358 4698 2431 4751 τά
2451 4697 2546 4751 τοῦ
2586 4699 2853 4767 παναγίου
2886 4698 3202 4769 Πνεύματος
3233 4699 3531 4772 θεότερπνα
3564 4701 3662 4771 ρή-

2089 4805 2237 4857 ματα
2258 4804 2272 4818 ·
2305 4788 2469 4842 πάλιν
2516 4788 2679 4858 ἡνίκα
2711 4806 2790 4852 τις
2839 4788 3223 4859 προσεύχεται,
3254 4790 3348 4844 καὶ
3382 4790 3560 4861 ὁμιλεῖ
3586 4790 3663 4860 τῷ

2085 4880 2207 4950 Θεῴ
2234 4895 2248 4910 ·
2283 4882 2380 4933 καὶ
2404 4882 2495 4934 ὅτε
2527 4881 2703 4951 κόπῳ,
2728 4882 2762 4950 ἢ
2791 4879 2961 4952 πόνῳ,
2989 4880 3022 4951 ἢ
3055 4880 3275 4951 μάστιγι
3303 4884 3560 4952 καρτερεῖ
3583 4899 3663 4945 τις

2084 4971 2176 5024 διὰ
2229 4971 2359 5024 Θεόν
2380 4987 2394 5002 ο
2456 4972 2579 5026 τότε
2639 4974 2749 5042 γὰρ
2776 4972 2945 5026 ἀΐδιον
2971 4971 3185 5042 ἔχουσιν
3224 4973 3465 5043 ἀλείφειν
3486 4990 3546 5025 τε
3572 4974 3666 5026 καὶ

2092 5063 2435 5129 εὐωδιάζειν,
2484 5065 2579 5117 καὶ
2620 5064 3048 5136 προθυμοποιεῖν
3084 5065 3174 5117 τὸν
3217 5065 3358 5135 ὑπὲρ
3384 5063 3667 5128 εὐσεϐείας

2095 5155 2511 5225 ἀγωνιζόμενον.

2089 5673 2337 5749 scuriora
2365 5711 2413 5749 ,η
2432 5672 2507 5725 uti
2537 5680 2593 5725 et
2628 5673 2896 5749 pleraque
2916 5674 3203 5749 sequentia
3232 5690 3246 5732 :
3283 5689 3346 5731 ac
3386 5674 3441 5733 iu
3469 5667 3678 5749 primis:

2092 5742 2235 5794 istud
2276 5740 2594 5808 ὀφείλωσιν,
2629 5740 2762 5812 quid
2793 5740 2899 5798 sibi
2935 5740 3087 5798 vult?
3469 5740 3488 5749 ”
3670 5742 3677 5757 ’
