4076 6436
450 313 555 379 871

1612 335 1792 399 VITA
1829 341 1892 404 ε.
1932 339 2014 402 ΑΒ

2118 342 2265 404 ΧΕΛΞ
2304 344 2503 406 SALI.
3602 343 3710 403 878

521 436 660 504 σλγν.
699 438 1012 510 Γέγραπται
1041 444 1150 515 γὰρ
1173 448 1254 500 ὅτι
1281 448 1374 504 ιπι
1408 449 1698 505 Ἰουλιανοῦ
1721 452 1818 506 τοῦ
1847 455 2014 526 Παραι

2201 456 2330 513 235.
2387 455 2670 511 Proditum
2741 455 2944 525 quippe
2987 464 3072 510 est
3113 455 3388 510 memoriae
3431 454 3706 510 Julianum

447 525 616 581 ϐάτου
646 529 901 594 ἀπιόντος
933 535 1068 603 πρὸς
1093 537 1218 607 τοὺς
1255 539 1492 608 Πέρσας,
1521 541 1702 607 ἔδοξεν
1728 545 1892 598 αὐτὸν
1921 525 2023 600 κα·

447 617 678 689 ταόῆναι
710 620 846 688 πρὸς
874 623 965 676 τὸν
991 626 1189 680 Πύθιον
1219 629 1472 696 δαίμονα,
1514 635 1605 687 τδν
1637 635 1696 688 ὲν
1723 638 1788 705 τῇ
1812 635 2022 708 Δάφνῃ,

445 710 596 773 ὅπως
627 712 952 788 ἀποκαλύψῃ
979 719 1141 773 αὑτὸν
1162 724 1290 792 περὶ
1316 717 1378 778 οὗ
1399 727 1609 800 ὴπείγῃ
1643 729 1900 800 πολέμου,
1923 733 2024 786 κᾶν

448 817 510 890 τε
543 803 762 873 νικήσῃ,
791 806 892 860 κάν
920 825 980 860 τε
1011 811 1241 882 ἡττηθῇ.
1273 816 1644 882 Θυσιάσαντος
1688 821 1780 874 οὖν
1807 821 1884 890 τῷ
1917 825 2026 876 nu-

446 888 548 982 θίῳ
591 891 786 964 ξοάνῳ,
832 898 1149 965 ἐνεφάνισεν
1177 905 1327 975 αὐτῷ
1376 908 1590 979 ἐκείνῳ,
1644 910 1720 982 μὴ
1766 888 2023 968 δύνασθαι

446 981 864 1053 ἔνεργείν“κατά
889 990 988 1052 τάς
1018 993 1252 1062 ἡμέρας.
1281 998 1368 1051 διὰ
1398 999 1458 1053 τὸ
1488 1003 1666 1055 ἐκεῖσε
1698 981 1910 1058 κεῖσθαι
1931 1005 2024 1058 τὸν

445 1071 602 1140 ἅγιον
634 1076 728 1129 καὶ
759 1078 1000 1149 ἀοίδιμον
1022 1084 1270 1142 Βαῦυλᾶν
1295 1091 1433 1157 μετὰ
1459 1092 1565 1144 τῶν
1590 1095 1759 1160 τριῶν
1788 1096 2020 1162 νηπίων,

443 1164 515 1217 τά
564 1169 1018 1238 καρτερικώτατα
1051 1177 1146 1230 καὶ
1198 1178 1464 1248 θεάρεστα
1511 1182 1758 1253 λείψανα.
1813 1185 1950 1238 Τότε
1994 1188 2024 1239 ό

442 1253 711 1327 δυσσεσής
759 1261 1094 1334 Παραόἀτης
1151 1266 1437 1323 ἐκέλευσεν
1485 1273 1597 1334 τοῖς
1659 1273 2022 1344 ’Δντιοχεῦσιν

445 1345 615 1400 αὐτοῦ
644 1349 899 1418 ἀτρόμως
931 1355 1027 1405 καὶ
1066 1357 1287 1425 ἀφόϐως
1334 1361 1698 1431 μετακομίσαι
1725 1365 1868 1417 αὺτά
1911 1366 2020 1419 τῶν

445 1437 644 1503 ἐκεῖσε,
679 1441 774 1493 καὶ
803 1441 934 1494 ὅπου
969 1443 1016 1496 δ’
1049 1446 1119 1498 ἂν
1147 1446 1446 1516 βούλωνται
1480 1453 1814 1508 καταθέσθαι
1855 1456 2016 1520 αὐτὰ,

445 1524 633 1582 ἄνεσιν
659 1537 963 1602 παραποιού
973 1554 1129 1604 μενος
1153 1539 1228 1609 τῷ
1249 1539 1466 1608 ὀφθέντι
1492 1545 1642 1614 αὐτῷ
1663 1550 2019 1618 πονηροτάτῳ

445 1621 736 1691 πιεύματι.
770 1625 900 1679 Ὅτε
931 1623 1024 1683 οὖν
1046 1630 1249 1700 πλῆθος
1273 1633 1371 1702 τῆς
1393 1633 1601 1698 πόλεως
1632 1635 1855 1705 ἐξῆλθον
1882 1639 2019 1707 μετά

445 1714 633 1784 κηρῶν
656 1718 750 1768 καὶ¹
781 1717 966 1788 ὕμνων
994 1721 1091 1774 καὶ
1123 1721 1385 1788 λιτανίας,
1413 1722 1554 1796 ἦραν
1584 1728 1682 1797 τὴν
1714 1731 1871 1798 σορὶιν
1905 1731 2013 1782 τῶν

2125 548 2444 623 Apostatam
2468 586 2484 609 ,
2534 546 2720 603 Persis
2752 547 2954 601 bellum
2985 546 3186 600 inferre
3212 548 3560 602 meditantem
3586 588 3600 610 ,
3642 548 3708 600 ad

2127 633 2380 704 Pythium
2425 633 2728 689 daemonem
2753 675 2769 700 ,
2817 635 2911 704 qui
2938 635 2992 688 in
3023 634 3249 705 Daphne
3278 651 3541 706 responsa
3579 652 3711 691 con-
3777 670 3788 681 .

2126 725 2432 780 sulentibus
2463 726 2647 790 dabat,
2700 711 3034 782 descendere
3079 725 3363 791 voluisse,
3406 737 3466 781 ut
3512 744 3576 780 ex
3618 728 3710 782 illo

2124 817 2192 872 de
2223 818 2348 872 belli
2377 818 2521 886 quod
2557 819 2889 886 suscipiebat
2925 828 3123 872 eventu
3149 819 3402 882 disceret,
3425 821 3712 886 superior-

2127 923 2197 962 ne
2225 924 2292 962 an
2329 908 2564 963 inferior
2594 909 2814 964 iuturus
2839 917 3008 965 esset.
3029 910 3168 964 Cum
3204 911 3388 978 itaque
3415 907 3720 964 simulacro

2123 999 2394 1069 Apollinis
2426 1001 2555 1056 thus
2585 1001 2846 1065 adoleret,
2898 1012 3177 1056 ostensum
3230 1015 3317 1056 est
3365 1017 3395 1054 a
3441 1002 3707 1068 daemone,

2124 1091 2325 1147 frustra
2374 1107 2435 1147 se
2475 1108 2741 1162 responsa
2792 1093 2943 1162 posci
2985 1109 3079 1163 per
3127 1093 3258 1148 illud
3295 1104 3510 1163 tempus
3534 1133 3549 1157 ,
3588 1107 3714 1162 pro-

2123 1195 2305 1256 pterea
2367 1185 2511 1254 quod
2567 1201 2740 1241 sacrae
2779 1187 2904 1242 istic
2957 1185 3059 1240 loci
3117 1186 3364 1254 reliquiae
3413 1186 3586 1240 sancti
3644 1200 3710 1238 ac

2125 1276 2356 1332 celebris
2388 1276 2640 1347 Babylaa,
2683 1277 2962 1346 triumque
3002 1293 3298 1346 puerorum
3336 1276 3548 1332 fortiter
3585 1292 3712 1346 pas-

2123 1382 2308 1421 sorum
2345 1367 2732 1420 conderentur.
2773 1367 2930 1421 Tunc
2975 1367 3176 1434 impius
3215 1367 3477 1434 Aposma
3505 1403 3520 1427 ,
3568 1365 3709 1419 libe-

2120 1457 2319 1514 riorem
2355 1457 2591 1526 pessimo
2633 1458 2904 1522 daemoni,
2959 1459 3050 1526 qui
3101 1472 3161 1510 se
3208 1457 3500 1510 videndum
3543 1456 3708 1510 obtu-

2119 1548 2291 1612 lerat,
2330 1548 2509 1602 locum
2555 1547 2839 1613 facturus,
2887 1550 3142 1619 precepit
3197 1548 3596 1610 Antiocbenis,
3647 1556 3708 1601 ut

2120 1639 2253 1693 nihil
2277 1639 2613 1709 trepidantes
2637 1649 3036 1700 metuentesve,
3062 1640 3322 1709 reliquias
3348 1640 3472 1693 inde
3493 1639 3705 1694 ablatas

2121 1732 2308 1792 libere,
2357 1747 2686 1800 quocunque
2727 1730 3032 1785 collibitum
3066 1740 3232 1792 esset,
3268 1737 3706 1799 transportarent

454 1802 672 1871 Ἁγίων.
692 1808 786 1860 καὶ
809 1811 1132 1879 ἐπορεύοντο
1163 1814 1478 1883 ψάλλοντες·
1505 1836 1524 1869 ι
1556 1820 2011 1891 Αίσχυνθήτωσαν

2120 1831 2577 1891 reponvrentque.
2612 1821 2831 1890 Egressi
2877 1821 3067 1896 itaque.
3088 1822 3358 1874 civitatem
3391 1819 3704 1889 frequentes

445 1897 644 1959 πάντες
664 1900 718 1950 οἱ
750 1902 1184 1968 προσκυνοῦντες
1209 1909 1322 1969 τοῖς
1348 1908 1631 1975 γλυπτοῖς,
1653 1912 1703 1962 οἱ
1732 1897 2020 1980 ἐγκαιχὼὲ

446 2003 596 2056 μενοι
647 1990 704 2041 ἐν
753 1995 866 2054 τοῖς
919 1993 1157 2059 εἰδώλοις
1192 1997 1391 2051 αὐτῶν.
1428 2019 1446 2051 ι
1478 1998 1538 2052 '0
1567 2001 1658 2054 οὖν
1691 2001 2014 2074 θεομὶσητος

446 2078 697 2147 βασιλεὺς
748 2083 988 2147 ἀκούσας
1029 2087 1224 2152 ταῦτα,
1273 2090 1577 2158 ὀργισθεὶς,
1630 2095 1884 2147 ἐκέλευσε
1938 2096 2012 2166 τῷ

443 2173 668 2244 ἐπάρχῳ
703 2179 802 2246 τῆς
839 2181 1046 2246 πόλεως
1105 2181 1377 2249 κρατῆσαι
1404 2185 1610 2250 πάντας
1637 2188 1762 2251 τοὺς
1791 2191 1856 2258 τῇ
1889 2188 2008 2259 λιτῇ

440 2269 1002 2338 παρακολουθοῦντας.

2121 1914 2423 1969 admodum
2480 1914 2628 1969 cives
2672 1929 2792 1968 cum
2835 1914 3049 1975 cereis,
3103 1914 3318 1984 hymnis
3371 1921 3424 1966 et
3481 1912 3703 1975 litauiis,

2123 2008 2464 2060 sustulerunt
2515 2016 2831 2060 sanctorum
2872 2021 3051 2070 arcas,
3097 2018 3150 2060 et
3181 2013 3513 2059 revertentes
3545 2017 3706 2056 cane-

2122 2097 2251 2150 bant
2289 2115 2304 2151 :
2345 2116 2368 2147 ‹
2407 2097 2826 2151 (Jonl‘undantur
2870 2114 3093 2165 omnes,
3149 2096 3240 2166 qui
3274 2097 3502 2150 adorant
3557 2095 3703 2151 scul-

2122 2189 2301 2256 ptilia,
2336 2189 2428 2258 qui
2461 2190 2763 2261 gloriantur
2805 2189 2860 2244 in
2900 2189 3208 2246 simulacris
3252 2188 3365 2244 suis
3397 2187 3502 2252 “'._
3529 2207 3546 2238 ι
3600 2185 3705 2241 Sed

2119 2289 2172 2333 et
2198 2282 2302 2335 alia
2351 2286 2594 2351 quaedam
2642 2283 2781 2337 baud
2821 2285 2956 2338 levia
2991 2285 3296 2344 addebant,
3333 2281 3469 2335 nihil
3503 2279 3709 2334 formi-

439 2359 651 2415 dantes.
685 2361 894 2428 Quibus
922 2367 1140 2435 perlatis
1170 2372 1234 2426 ad
1271 2386 1434 2428 aures
1500 2363 1882 2446 imperatoris,
1913 2373 2157 2430 divinum
2204 2390 2400 2428 nomen
2444 2377 2568 2430 odio
2637 2375 2834 2430 acerbo
2902 2374 3326 2445 prosequentis,
3363 2373 3571 2428 exarsit
3595 2374 3708 2426 ira-

438 2459 949 2527 cundia,jussitque
977 2466 1128 2520 urbis
1152 2467 1467 2536 praefectum
1492 2487 1685 2541 capere
1711 2473 2017 2537 universos,
2060 2473 2152 2540 qui
2187 2471 2548 2524 interfuerant
2587 2471 2996 2541 supplicationi.

512 2551 637 2605 σλδ’.
677 2553 1054 2627 Καταδραμὼν
1089 2558 1182 2612 οὖν
1215 2563 1242 2614 ό
1271 2559 1512 2631 ἔπαρχος
1559 2563 1660 2629 τῆς
1707 2563 2011 2632 λεωφόρου,

441 2643 745 2715 ἐκράτησεν
783 2647 1024 2714 ἱκανοὺς,
1053 2650 1147 2701 καὶ
1174 2651 1230 2702 ὲν
1257 2651 1337 2718 τῷ
1369 2651 1729 2723 δεσμωτηρίῳ
1774 2651 2013 2705 ἐνέκλει-

443 2753 535 2789 σεν
558 2752 574 2767 °
606 2737 662 2788 ὲν
689 2731 770 2800 οἷς
797 2739 890 2791 καὶ
922 2739 1090 2791 παῖδά
1115 2756 1238 2794 τινα
1261 2741 1372 2794 τῶν
1396 2742 1626 2809 πρώτων
1654 2745 1750 2810 τῆς
1781 2744 2008 2809 πόλεως,

439 2833 569 2886 tbos‘t
600 2832 736 2909 ὲτῷν
761 2834 1171 2898 πεντεκαίδεκα,
1200 2837 1400 2906 ὡραῖον
1424 2837 1501 2907 τῷ
1526 2838 1711 2890 κάλλει
1740 2839 1833 2891 καὶ
1858 2841 1891 2892 ἀ
1901 2839 2012 2908 μώ·

440 2943 608 2994 μητον
644 2927 874 2996 σφόδρα,
893 2926 1120 2996 ὀνόματι
1145 2929 1422 2999 Θεόδωρον
1447 2945 1462 2962 ο
1495 2929 1553 2982 ὃν
1581 2932 1674 2983 καὶ
1702 2931 2008 3000 προσήνεγ-

438 3035 540 3071 καν
589 3017 667 3087 τῷ
710 3019 938 3088 ἡγεμόνι
999 3020 1249 3087 λέγοντες
1295 3022 1511 3094 μεγάλῃ
1563 3025 1626 3092 τῇ
1684 3027 1833 3092 φωνῇ
1872 3025 2010 3092 Χρι-

438 3111 652 3163 στιανὸν
673 3112 862 3164 ἑαυτὸν
880 3112 1239 3182 ὀνομάζοντα,
1265 3115 1356 3167 καὶ⁸
1380 3113 1565 3167 δοῦλον
1587 3115 1823 3184 Χριστοῦ
1848 3109 2011 3168 εἶναι.
2042 3132 2086 3192 C

437 3201 638 3256 Τοῦτον
671 3203 840 3258 πολλὰ
863 3203 1200 3276 παραινέσας
1245 3208 1272 3258 ό
1315 3205 1554 3277 ἔπαρχος
1585 3209 1885 3278 ἀποστῆναι
1911 3211 2010 3278 τῆς

437 3296 692 3363 ἀληθείας
741 3298 842 3349 οὑκ
895 3295 1135 3350 ἔπεισεν.
1197 3297 1288 3360 Ὠς
1339 3297 1397 3350 δὲ
1450 3297 1781 3354 ἀπειθοῦντα
1837 3299 2007 3368 ἑώρα,

435 3385 724 3439 ἐκέλευσεν
775 3385 937 3439 αὐτὸν
988 3386 1078 3438 ἐπὶ
1117 3385 1210 3438 τοῦ
1261 3385 1418 3451 ξύλου
1471 3388 1866 3458 ἀναρτηθῆναι,
1916 3389 2012 3442 καὶ

437 3476 648 3542 ξέεσθαι
681 3478 772 3532 καὶ
810 3479 1117 3542 αἰκίζεσθαι
1144 3493 1158 3508 ⁸
1193 3479 1360 3532 πολλὰ
1393 3476 1486 3534 οὖν
1515 3480 1664 3533 δεινά
1709 3482 2012 3551 ὑπομείνας

436 3571 528 3623 ἐπὶ
554 3568 646 3622 τοῦ
678 3567 833 3633 ξύλου
873 3570 1244 3639 κρεμάμενος,
1281 3570 1416 3639 πρὸς
1453 3572 1694 3639 ἑσπέραν
1741 3573 1796 3625 δὲ
1844 3589 2013 3632 κατεο,

433 3660 642 3732 νεχθεὶς
672 3659 780 3714 ἀπὸ
812 3660 903 3713 τοῦ
934 3660 1113 3725 ξύλου,
1143 3661 1344 3733 ἐϐλήθη
1374 3665 1450 3722 εἰς
1479 3664 1745 3734 φυλακήν.
1771 3666 2011 3736 Ποιήσας

433 3752 525 3811 οὗν
555 3754 769 3825 ἡμέρας
809 3753 945 3823 μετά
999 3754 1216 3807 πάντων
1248 3753 1358 3806 τῶν
1392 3754 1511 3807 τότε
1562 3757 2010 3825 κατασχεθέντων

436 3847 494 3898 ὲν
527 3845 604 3914 τῷ
633 3844 1012 3915 δεσμωτηρίῳ,
1044 3842 1254 3897 καὶτοῦ
1303 3845 1622 3916 παρανόμου
1655 3848 1868 3900 ἐκείνου
1913 3848 2010 3917 βα-

434 3933 623 3997 σιλέως
663 3937 720 3987 ὲν
764 3933 840 4004 τῷ
879 3933 1100 4004 πολέμῳ
1131 3933 1531 4004 ἀναιρεθέντος,
1577 3935 1820 4005 ἀπελύθη
1871 3937 2009 4008 μετά

436 4026 654 4082 πάντων
680 4026 787 4080 τῶν
826 4027 884 4079 ὲν
916 4015 1134 4094 δεσμοῖς
1173 4025 1607 4096 καθειρχθέντων
1658 4027 1752 4082 καὶ
1790 4029 1818 4080 ό
1847 4029 2009 4083 σεϐά-

439 4135 596 4188 σμιος
627 4112 782 4184 οὗτος
833 4120 984 4180 παῖς.
1020 4119 1110 4182 Ὠς
1161 4115 1253 4173 οὖν
1283 4119 1384 4182 ἐίς
1422 4118 1490 4172 τὰ
1532 4120 1709 4172 οἰκεῖα
1765 4120 2003 4188 ἐγένετο,

437 4213 668 4282 ἠρώτων
700 4211 862 4265 αὑτὸν
895 4212 948 4266 οἵ
975 4229 1035 4264 τε
1082 4199 1259 4279 φίλοι,
1281 4212 1375 4265 καὶ
1415 4214 1463 4266 oi
1498 4215 1802 4281 συγγενεῖς,
1831 4215 1924 4266 καὶ
1957 4214 2008 4267 oi

437 4304 717 4373 ὀμοήλικοι
747 4303 910 4357 αὑτοῦ
967 4305 1107 4376 μετὰ
1155 4306 1264 4358 τῶν
1306 4304 1530 4373 γονέων,
1579 4305 2006 4374 καταφιλοῦντες

437 4392 502 4444 τὰ
529 4392 818 4463 τραύματα
845 4393 1012 4446 αὑτοῦ
1040 4394 1132 4447 καὶ
1156 4383 1406 4461 λέγοντες
1433 4393 1582 4462 αὑτῷ
1605 4409 1618 4423 ·
1654 4394 1719 4447 Τί
1745 4395 2004 4466 ᾑσθάνου,

2191 2559 2319 2614 254.
2369 2559 2668 2617 Praefectus
2712 2562 2892 2630 itaque
2929 2562 2995 2616 ad
3029 2560 3203 2616 forum
3236 2561 3568 2616 contendens
3601 2577 3702 2631 pu-

2123 2651 2344 2718 blicum,
2370 2655 2798 2721 comprehensos
2829 2669 2990 2722 quam
3024 2653 3287 2722 plurimos
3316 2655 3522 2708 carceri
3553 2670 3707 2708 man-

2123 2744 2325 2812 cipavit
2370 2761 2382 2795 :
2429 2758 2572 2814 quos
2611 2745 2753 2797 inter
2793 2749 3184 2798 numerabatur
3230 2745 3516 2813 praecipua:
3557 2746 3707 2798 nobi-

2122 2832 2290 2886 litatis
2318 2847 2452 2902 puer
2481 2847 2746 2909 annorum
2772 2835 2992 2888 circiter
3020 2835 3355 2903 quindecim,
3381 2833 3703 2888 Theodorus

2120 2925 2365 2988 nomine,
2409 2924 2583 2979 forma
2619 2924 2820 2995 insigni
2870 2935 2924 2979 et
2976 2925 3083 2978 vita
3133 2924 3358 2976 omnino
3407 2924 3698 2992 inculpata.

2119 2999 2282 3068 Ilune
2357 3031 2480 3069 cum
2558 3016 2814 3080 lictores,
2891 3031 3086 3084 magna
3141 3030 3276 3068 voce
3333 3016 3703 3070 exclamantes

2117 3103 2487 3160 Christianum
2529 3122 2648 3161 csse
2717 3116 2767 3161 et
2822 3107 3024 3161 Cbristi
3081 3105 3344 3160 famulum
3407 3121 3464 3160 se
3521 3107 3703 3176 appel-

2121 3197 2256 3261 lare,
2287 3200 2352 3252 ad
2383 3201 2691 3269 praefectum
2723 3199 3098 3262 adduxissent,
3135 3200 3320 3253 multis
3351 3199 3440 3254 hic
3469 3203 3701 3257 suadere

2118 3300 2349 3346 conatus
2397 3301 2512 3356 est,
2548 3303 2604 3346 ut
2655 3307 2686 3346 a
2741 3292 2972 3345 veritate
3016 3291 3380 3354 descisceret;
3421 3291 3514 3346 sed
3566 3293 3700 3363 nibiql

2119 3384 2410 3452 persuasit.
2449 3383 2624 3438 Jussit
2657 3385 2838 3453 itaque
2866 3393 3208 3438 constantem
3246 3384 3299 3435 in
3334 3383 3438 3436 lide
3464 3397 3696 3454 puerum

2118 3475 2174 3528 in
2229 3475 2371 3540 ligno
2439 3476 2679 3542 extendi,
2739 3475 2967 3528 lacerari
3026 3485 3079 3529 et
3142 3475 3460 3531 verberibus
3517 3477 3700 3531 multis

2120 3567 2289 3629 ca-di;
2328 3581 2565 3634 cumque
2613 3571 2694 3620 sic
2723 3569 2995 3636 pendulus
3030 3568 3200 3621 multa
3229 3569 3566 3637 pertulisset,
3598 3573 3701 3625 sub

2120 3670 2399 3723 vesperam
2435 3658 2632 3726 deponi
2679 3669 2733 3712 et
2777 3659 2831 3712 in
2862 3675 3136 3714 carcerem
3177 3660 3397 3728 conjici.
3444 3659 3702 3716 Latuerat

2071 3739 2076 3742 ’
2119 3747 2240 3801 istic.
2271 3747 2552 3816 aliquanto
2587 3757 2832 3817 tempore
2879 3751 3206 3805 venerabilis
3245 3767 3378 3820 puer
3408 3766 3539 3805 cum
3572 3753 3699 3807 aliis

2115 3839 2364 3906 captivis,
2420 3842 2637 3908 quando
2670 3843 2918 3895 nuntiata
2946 3843 3317 3897 scelestissimi
3351 3844 3698 3913 imperatoris

2117 3930 2172 3984 in
2207 3931 2348 3984 bello
2378 3933 2505 3985 caesi
2549 3942 2744 3997 morte,
2779 3947 2971 3988 omnes
3005 3949 3034 3987 e
3060 3948 3285 3988 carcere
3316 3934 3524 3989 dimissi
3551 3945 3606 3990 et
3642 3939 3696 3991 in

2116 4022 2413 4076 libertatem
2433 4023 2659 4076 restituti
2681 4032 2808 4078 sunt
2833 4023 2965 4094 (46).
2995 4022 3256 4080 Veniente
3282 4026 3505 4080 domum
3537 4043 3696 4084 suam

2115 4111 2406 4168 Theodoro
2449 4123 2676 4178 nostro,
2731 4129 2857 4169 mox
2907 4115 3165 4170 advolant
3205 4117 3460 4183 sodales,
3497 4118 3694 4182 amici,

2115 4207 2530 4278 consanguinei,
2557 4218 2847 4276 parentes;
2872 4208 3266 4264 deosculantur
3291 4210 3540 4271 vulnera.
3572 4227 3696 4280 pcr-

2116 4306 2444 4353 cunctantur
2474 4315 2488 4351 :
2537 4297 2674 4364 Quid
2706 4298 2959 4355 dolorum
2989 4300 3232 4366 sensisti,
3266 4301 3487 4356 domine
3517 4301 3698 4357 Theo-

2118 4389 2271 4454 dore,
2298 4405 2424 4445 cum
2459 4406 2630 4446 sacrte
2667 4391 2720 4446 in
2752 4393 2940 4448 eculeo
2962 4393 3214 4461 suSpensi
3245 4408 3434 4448 carnes
3463 4405 3566 4447 tuae
3595 4410 3700 4446 un-

437 4485 561 4558 κύρι
590 4486 856 4558 Θεόδωρε,
891 4487 1052 4558 ἡνίκα
1085 4489 1142 4540 ὲν
1172 4487 1250 4558 τῷ
1281 4486 1421 4558 ξύλῳ
1461 4487 1754 4559 ὲκρέμασο,
1789 4488 1885 4542 καὶ
1911 4490 2008 4568 τὰς

2118 4482 2252 4552 gulis
2293 4483 2685 4539 tardabantur?
2727 4483 2832 4540 Sed
2861 4488 3044 4540 renuit
3076 4486 3166 4540 ille
3195 4499 3328 4568 quae.
3349 4497 3498 4556 gesta
3537 4496 3698 4540 erant

436 4580 597 4648 ἁγίας
628 4577 830 4642 ταύτας
857 4582 1064 4649 σάρκας
1089 4581 1198 4642 τοῖς
1226 4579 1374 4644 ὄνυξι
1399 4580 1831 4651 διεσπαράττου;
1869 4580 1928 4635 -Ὀ
1951 4559 2008 4633 5’s

435 4669 688 4723 ἀνένευσε
723 4669 817 4723 τοῦ
862 4667 1266 4740 διηγήσασθαι·
1299 4669 1467 4724 πολλά
1511 4686 1569 4722 τε
1614 4669 2010 4740 παρακληθεὶς,

440 4761 590 4831 μόλις
616 4761 801 4822 αὐτοῖς
827 4761 896 4813 τά
924 4759 1149 4813 τοιαῦτα
1173 4761 1472 4832 διηγήσατο
1491 4760 1688 4830 λέγων’

506 4855 636 4908 σλε’.
681 4853 824 4920 Ἐγὼ
849 4855 940 4908 ὅτε
989 4855 1050 4907 ὲν
1073 4853 1150 4922 τῷ
1195 4853 1339 4921 ξύλῳ
1367 4854 1685 4926 ἀνηρτήθην
1740 4853 2008 4926 aliisin;

435 4945 652 5015 σαρκῶν
679 4962 779 5018 μου
798 4947 845 4999 oi
877 4944 1091 5017 ὃνυχες]
1123 4947 1439 5023 ἀπήρξαντο
1461 4942 1750 5009 ἅπτεσθαι,
1782 4945 1843 4996 τὸ
1870 4959 2003 4997 κατ-

434 5042 608 5110 αρχὰς
669 5039 856 5110 βιαίως
903 5038 1256 5116 ἔφερον,“καὶ
1304 5037 1540 5108 ἐμαυτὸν
1578 5037 2008 5107 παραμυθούμε-

504 5215 576 5274 ⁸⁹’,
610 5213 756 5272 Psal.
791 5229 933 5282 xcvr,
963 5217 1017 5294 7.

508 5377 619 5450 (46)
656 5375 931 5450 Hactenus
988 5369 1100 5434 fere
1155 5376 1407 5434 Socrates
1436 5378 1552 5450 lib.
1589 5395 1657 5450 in
1687 5421 1702 5445 ,
1745 5394 1863 5448 (-ap.
1907 5379 2010 5444 l9;

434 5448 770 5504 Soiomenus
792 5487 806 5511 ,
845 5449 940 5520 lib.
980 5465 1032 5514 v,
1082 5463 1203 5520 cap.
1238 5451 1304 5504 19
1326 5459 1399 5520 _e_t
1427 5449 1534 5515 20;
1588 5449 1964 5520 Tlieodorelus
1989 5487 2003 5511 ,

435 5520 528 5575 lib.
563 5535 621 5573 Ill
645 5559 660 5582 ,
709 5533 843 5588 cap.
878 5518 950 5588 710
983 5529 1036 5572 et
1065 5518 1183 5588 All,
1231 5529 1286 5574 et
1323 5518 1660 5588 Nicephorus
1706 5519 2001 5579 Callistus.

435 5591 529 5646 lib.
561 5605 592 5644 ι
621 5629 636 5652 ,
672 5586 792 5658 ευρ.
829 5587 920 5642 28.
949 5619 1018 5630 --
1050 5586 1252 5645 Omnes
1285 5605 1408 5642 vero
1441 5586 1629 5642 dicunt
1654 5630 1667 5651 .
1718 5590 2010 5655 ipsummet

438 5659 712 5712 lulianum
775 5674 941 5713 suasu
995 5659 1235 5729 pra'fecti
1293 5659 1501 5729 dimitti
1551 5673 1743 5713 unines
1796 5659 2009 5713 vinctos

431 5731 699 5799 jussis-se,
730 5744 797 5782 ne
827 5728 1014 5799 eorum
1052 5729 1356 5783 censtantia
1379 5728 1576 5799 illlajlls
1612 5731 1868 5797 probrum
1905 5729 2007 5782 sibi

438 5797 776 5855 maciliaret.
825 5797 1026 5864 Quidni
1078 5810 1256 5855 tamen
1328 5798 1686 5866 Theodorus,
1749 5807 2007 5868 tanquam

2112 4587 2408 4640 enarrare;
2447 4575 2622 4629 donec
2645 4574 2832 4628 multis
2867 4573 3132 4628 instanter
3165 4581 3411 4643 rogatus,
3447 4574 3534 4628 vix
3571 4583 3696 4629 tan-

2112 4664 2232 4719 dem
2272 4665 2346 4720 ita
2380 4661 2636 4734 prolo'qui
2677 4666 2841 4736 cmpit
2871 4681 2886 4718 :

2183 4853 2313 4908 2'55.
2351 4851 2624 4918 Principio
2667 4865 2791 4906 cum
2845 4865 2875 4905 e
2922 4851 3071 4922 ligno
3119 4865 3445 4920 suspensum
3497 4854 3692 4908 durius

2118 4957 2355 5001 tractare
2385 4959 2449 5000 ac
2483 4945 2692 4999 laniare
2724 4943 2941 5013 ungulis
2972 4943 3324 5012 incipiebant,
3360 4944 3689 5013 permoleste

2113 5038 2362 5106 equidem
2411 5037 2630 5090 dolores
2681 5035 2819 5099 tuli,
2875 5049 3071 5103 meque
3110 5035 3224 5103 ipse
3265 5035 3349 5092 sic
3402 5037 3690 5107 alloquens

2120 5379 2244 5433 aliis
2284 5380 2565 5433 nocentior
2596 5415 2611 5441 ,
2665 5377 2993 5431 retentusin
3030 5391 3251 5434 carcere
3291 5376 3496 5433 fuerit?
3524 5377 3684 5432 Certe

2113 5451 2407 5516 scriptores
2440 5449 2510 5502 illi
2544 5449 2716 5501 solam
2750 5449 2950 5517 habent
2977 5449 3220 5502 historiae
3248 5449 3540 5516 epitomen,
3561 5463 3684 5517 qua:

2109 5519 2196 5571 hic
2239 5520 2507 5586 prolixius
2565 5518 2737 5570 multo
2783 5516 3150 5582 describitur,
3207 5533 3331 5570 cum
3383 5516 3679 5586 elogio’cx

2107 5591 2380 5656 prmdictis
2414 5586 2730 5642 auctoribus
2754 5597 2992 5656 sumpto,
3017 5589 3264 5656 quod‘sic
3293 5587 3636 5640 concluditur
3665 5604 3678 5638 :

2115 5653 2132 5709 ἰ
2186 5658 2279 5713 llis
2341 5660 2592 5726 peractis,
2637 5656 2838 5726 impius
2882 5653 3110 5724 quidem
3157 5653 3407 5710 Julianus
3467 5661 3682 5712 tuuesta

2111 5738 2285 5782 morte
2340 5725 2503 5781 vitam
2557 5726 2722 5797 apud
2755 5725 2951 5797 Persas
3008 5727 3216 5791 linivit,
3281 5736 3503 5780 sanctus
3555 5739 3682 5780 vero

2110 5797 2428 5855 Theodorus
2475 5801 2528 5851 in
2575 5796 2806 5852 Domino
2846 5796 3197 5866 requiescens
3247 5797 3469 5866 gavisus
3513 5805 3616 5850 est.
3653 5811 3674 5846 ι
