4076 6398
373 300 479 363 879

1449 312 1871 374 NICEPHORI
1907 313 2392 377 PRESBYTER!
2433 316 2542 376 ΟΡ.

3516 311 3621 375 880

295 411 310 418 ’
375 419 592 473 solabar
641 436 657 473 :
696 421 917 477 Sustine
964 422 1217 488 fortiter,
1273 438 1307 479 ο
1353 423 1673 491 Tueodore,
1720 435 1826 480 tute
1878 425 1950 478 nil

2056 445 2144 491 νος
2169 429 2357 496 ελεγον
2381 445 2398 462 ο
2443 427 2680 484 Ταπεινέ
2717 426 2983 498 Θεόδωρε,
3033 426 3167 497 φέρε
3211 423 3495 493 γενναίως,
3526 423 3623 476 καὶ

373 507 658 562 immemor
715 510 985 577 vilitatis,
1032 519 1088 566 et
1145 520 1538 568 tormentorum
1599 515 1944 569 acerbitatem

370 598 554 652 auium
571 615 837 666 generoso
854 602 1060 670 perfer:
1081 604 1336 671 quoniam
1356 605 1400 658 si
1420 604 1625 674 absque
1647 605 1732 660 his
1780 604 1943 668 fores,

374 689 518 759 ignis
550 700 602 744 te
643 703 888 746 maneret
920 695 1301 762 sempiternus.
1337 694 1465 749 Haec
1496 695 1734 749 dixeram
1761 733 1777 760 ,
1819 709 1945 749 cum

372 795 433 834 se
463 782 597 835 mihi
629 793 866 852 quatuor
895 785 950 838 in
985 794 1336 854 conspectum
1371 786 1505 840 dant
1549 786 1788 841 eunuchi
1809 787 1946 857 (48),

372 882 605 927 venusta
641 875 844 942 specie,
903 876 1052 929 vultu
1088 877 1338 931 ardentes
1369 885 1432 931 ut
1460 891 1624 941 rosae,
1653 877 1948 933 candentes

373 962 618 1017 vestibus
671 974 730 1017 ut
785 964 898 1017 nix.
944 962 1148 1018 Eorum
1201 980 1341 1020 unus
1405 965 1600 1035 pelvim
1655 965 1944 1034 quamdam

373 1053 696 1122 praeferebat
739 1053 1057 1120 candidam,
1093 1064 1245 1110 tanto
1273 1059 1722 1126 perstringentem
1754 1057 1946 1114 oculos

372 1143 617 1212 fulgore,
667 1152 724 1198 ut
754 1160 873 1198 eam
907 1145 1181 1200 intuentes
1213 1146 1265 1200 in
1296 1146 1712 1202 admirationem
1745 1157 1801 1201 et
1829 1159 1947 1203 stu-

371 1250 555 1302 porem
589 1247 927 1303 raperentur.
959 1237 1107 1290 Alter
1129 1236 1379 1306 pyxidem
1411 1238 1681 1306 portabat,
1715 1238 1948 1292 deaura-

374 1337 481 1380 tam
530 1328 897 1397 refertamque
949 1328 1136 1383 divino
1178 1340 1489 1396 unguento,
1540 1343 1649 1382 non
1699 1329 1950 1384 dissimili

369 1416 516 1471 illius
545 1417 686 1486 quod
731 1433 760 1472 e
809 1418 949 1473 rosis
981 1419 1231 1474 distillat.
1274 1418 1390 1475 Duo
1434 1419 1628 1489 reliqui
1665 1421 1951 1488 gestabant

373 1508 626 1562 manibus
673 1510 884 1580 supinis
934 1511 1088 1566 nivea
1142 1512 1350 1578 lintea,
1403 1512 1460 1567 in
1500 1514 1669 1581 plicas
1715 1523 1951 1582 quatuor

371 1601 699 1668 composita.

441 1690 566 1746 236.
599 1692 956 1763 Posteaquam
993 1695 1069 1748 illi
1092 1694 1172 1750 sic
1199 1695 1251 1748 in
1282 1708 1637 1766 conspectum
1667 1705 1948 1764 venerant,

371 1783 510 1838 dixit
563 1801 704 1839 unus
737 1787 938 1840 tenenti
995 1787 1333 1855 splendidam
1359 1827 1375 1851 ,
1424 1805 1586 1858 quam
1626 1791 1945 1856 memoravi,

372 1875 570 1942 pelvim
600 1893 614 1930 :
639 1876 784 1929 Aﬂ'et'
807 1877 953 1932 illam
987 1878 1132 1943 huc;
1167 1895 1400 1949 cmuque
1425 1880 1587 1935 allata
1611 1893 1774 1948 esset,
1811 1883 1950 1939 dixit

371 1976 428 2031 et
475 1966 666 2032 alteri,
722 1969 1040 2022 deauratam
1075 1972 1311 2038 portanti
1350 1972 1597 2041 pyxidem
1638 1990 1652 2026 :
1687 1972 1949 2043 Unguen-

374 2073 487 2114 tum
522 2073 672 2114 tuum
706 2062 814 2116 huc
837 2061 1085 2130 elTunde;
1136 2066 1278 2134 quod
1315 2066 1404 2120 ubi
1433 2067 1686 2127 similiter
1716 2067 1946 2122 eﬂ‘usum

376 2152 512 2216 fuit,
555 2155 729 2208 instar
764 2155 1011 2210 fulminis
1043 2155 1326 2226 cujusdam
1375 2160 1560 2213 oculos
1603 2175 1754 2216 meos
1795 2160 1950 2214 iuva-

371 2248 528 2309 dens,
569 2246 777 2300 viscera
809 2247 1168 2316 membraque
1195 2250 1378 2302 omnia
1410 2253 1745 2318 penetravit;
1799 2259 1946 2304 tanta

371 2337 669 2390 comitante
692 2339 953 2406 unguenti
988 2336 1305 2406 fragrantia,
1333 2347 1391 2392 ut
1419 2340 1662 2392 omnium
1693 2339 1945 2394 dolorum

369 2435 422 2482 et
465 2426 809 2481 crueiatuum
862 2443 1060 2482 sensus
1101 2429 1559 2497 exstingueretur.
1597 2429 1735 2484 Tum
1783 2431 1945 2494 alius,

370 2520 517 2589 quod
576 2519 632 2573 in
691 2521 944 2574 manibus
997 2520 1229 2574 habebat
1271 2521 1492 2576 linteum
1543 2523 1594 2575 in
1646 2523 1782 2591 pelvi
1833 2537 1948 2578 ma-

371 2615 651 2670 defaciens
681 2653 696 2676 ,
746 2615 910 2684 capiti
960 2629 1082 2667 meo
1121 2614 1428 2683 imposuit,
1481 2616 1754 2682 longoque
1814 2614 1947 2670 satis

372 2720 616 2777 tempore
653 2708 872 2778 reliquit
903 2725 915 2761 :
949 2707 1094 2762 unde
1119 2706 1519 2776 iucundissima
1554 2705 1807 2775 perfusus
1851 2721 1947 2761 νος

369 2800 597 2868 luptate,
635 2798 878 2853 omnium
905 2838 921 2863 ,
956 2807 1015 2851 ut
1059 2798 1219 2851 modo
1245 2797 1357 2852 dixi
1387 2838 1400 2860 ,
1434 2798 1776 2852 cruciatnum
1818 2798 1973 2854 obli-.

368 2902 456 2945 tus
500 2889 596 2945 fui.
638 2890 850 2945 Rursus
884 2897 1064 2944 autent
1111 2889 1287 2944 isthoc
1316 2904 1476 2944 suum
1517 2889 1796 2946 auferente
1841 2891 1947 2944 lin-

369 2993 518 3036 tcum
539 2991 599 3036 et
639 2981 829 3035 faciem
869 2996 1043 3034 meam
1080 2981 1414 3044 denudanle,
1443 2992 1643 3049 prmsm
1667 2994 1784 3034 erat
1813 2983 1948 3038 alius

370 3086 428 3129 ut
454 3091 610 3131 suum
645 3074 928 3143 injiceret;
953 3074 1140 3142 sicque
1167 3073 1502 3128 alternantes
1529 3075 1944 3138 continuabaut,
1979 3112 2022 3171 ο

369 3169 546 3237 quoad
583 3166 871 3221 carniﬁces
900 3166 1220 3220 verberandi
1269 3165 1489 3220 modum
1537 3165 1804 3231 facerent,
1838 3183 1949 3221 me-

368 3275 475 3330 que
514 3274 545 3314 e
595 3258 741 3329 ligno
770 3258 1125 3326 deponerent.
1158 3256 1309 3322 Quod
1342 3258 1432 3312 ubi
1484 3259 1693 3312 factum.
1721 3266 1835 3321 est,
1863 3273 1952 3311 re-

369 3347 630 3402 cedentes
655 3345 918 3399 continuo
942 3345 1150 3413 angeli,
1191 3356 1298 3400 tam
1328 3346 1533 3415 liquida
1567 3363 1651 3401 me
1675 3347 1951 3416 voluptate

370 3436 671 3506 privatum,
733 3449 994 3504 perquam
1055 3437 1266 3491 tristem
1324 3438 1697 3506 reliquerunt,
1752 3451 1949 3508 optan-

373 3538 596 3592 temque
640 3525 805 3580 etiam
853 3526 1088 3594 amplius
1129 3527 1210 3582 sic
1245 3527 1504 3586 cruciari.
1548 3527 1718 3582 Deum
1749 3531 1951 3599 quippe

373 3630 564 3686 testor,
601 3633 706 3676 tam
741 3620 1062 3676 admirabile
1102 3622 1154 3676 id
1188 3622 1355 3676 fuisse
1383 3622 1526 3692 quod
1577 3623 1843 3694 contigit,
1893 3633 1952 3678 ut

373 3711 595 3780 assequi
628 3725 786 3766 mens
829 3711 1068 3766 humana
1113 3711 1406 3782 cegitando
1447 3726 1555 3767 non
1605 3715 1796 3782 possit.
1852 3712 1954 3769 So-

374 3804 655 3859 llmmodo
725 3803 1055 3873 principium
1117 3815 1170 3858 et
1237 3813 1493 3873 aspectus
1555 3814 1950 3860 tormentorum

373 3897 574 3965 aliquid
639 3895 854 3950 timoris
912 3895 1239 3960 incutiunt;
1310 3910 1601 3966 progressu
1657 3910 1785 3950 vero
1843 3906 1950 3952 tam

377 3989 534 4043 uberi
569 3991 740 4057 gratia
777 3989 872 4043 Dei
900 3989 1249 4053 roborantur,
1286 3997 1347 4042 ul.
1379 3989 1513 4043 nihil
1547 3988 1768 4044 omnino
1797 3989 1955 4046 dolo-

374 4097 495 4135 rum
535 4082 985 4149 perseutiscatur.

441 4170 574 4226 25⁵1.
605 4173 785 4239 Atque
815 4170 930 4225 haec
979 4170 1054 4224 ita
1082 4211 1098 4236 ,
1146 4171 1221 4225 mi
1255 4169 1526 4239 Epiphani
1550 4209 1566 4234 ,
1623 4169 1704 4224 uti
1736 4178 1952 4237 peracta

2051 518 2348 587 ὑπόμεινον
2375 519 2474 589 τὴν
2502 519 2730 589 πικρίαν
2767 518 2970 586 ταύτην
2992 533 3007 547 ο
3037 517 3118 570 δτι
3145 515 3276 570 ἄνευ
3305 513 3418 584 (ιτ)
3452 513 3623 582 αὐτῆς

2048 611 2109 663 τὸ
2134 609 2354 665 αἰώνιον
2383 611 2495 683 πῦρ
2551 611 2736 683 μέλλει
2762 627 2822 664 σε
2855 609 3204 664 καταλαϐεῖν.
3246 607 3334 671 Ὦς
3363 605 3421 660 δὲ
3449 604 3621 660 ταῦτα

2049 700 2257 770 ἔλεγον.
2301 701 2490 772 θεωρῶ
2523 703 2621 756 καὶ
2660 703 2768 756 ἰδοὺ
2814 702 3082 771 τέσσαρες
3125 697 3370 768 εὐνοῦχοι
3406 696 3619 768 ὡραῖοι,

2049 791 2118 845 τὰ
2153 792 2410 863 πρόσωτα
2461 792 2673 863 ἔχοντες
2699 793 2776 856 ὡς
2812 793 2984 864 ῥόδον,
3007 793 3100 844 καὶ
3127 791 3184 843 ai.
3228 788 3414 844 στολαὶ
3442 787 3621 842 αὐτῶν

2049 881 2242 936 λευκαὶ
2267 883 2344 945 ὡς
2371 882 2527 954 χιών.
2568 885 2677 938 Καὶ
2708 886 2737 937 ὁ
2765 884 2863 952 μέν
2907 880 2986 946 εἷς
3021 881 3245 949 ἐκράτει
3279 879 3353 943 ὡς
3387 877 3621 949 λεκάνης

2051 969 2212 1040 εἶδος,
2264 976 2386 1044 ἥτις
2437 971 2506 1046 ἦν
2567 975 2736 1045 λευκὴ
2782 974 2877 1029 καὶ
2921 972 3278 1043 λαμπροτάτη
3312 974 3405 1025 καὶ
3459 986 3628 1024 κατα-

2051 1065 2361 1135 πλήττουσα
2386 1069 2451 1137 τῇ
2478 1066 2681 1137 θεωρίᾳ
2705 1065 2827 1135 ὄψιν
2880 1063 3194 1132 ἀνθρώπω,
3217 1062 3309 1115 καὶ
3332 1063 3412 1125 εἰς
3434 1060 3629 1114 ἐκστοι-

2053 1172 2138 1208 σιν
2163 1157 2426 1225 φέρουσα.
2468 1156 2530 1208 Ὀ
2558 1155 2614 1209 δέ
2638 1156 2824 1224 ἐτερος
2852 1154 3075 1223 ἐκράτει
3129 1151 3376 1222 βησίριον
3404 1150 3628 1218 διάχρυ-

2053 1264 2146 1300 σον
2173 1248 2309 1318 (49),
2341 1247 2517 1317 μύρου
2557 1245 2737 1300 Θεῖκοῦ
2769 1245 3190 1316 μεμεστωμένον
3235 1242 3312 1300 ὡς
3342 1241 3625 1313 ροδοστάγ-

2055 1354 2247 1406 ματος.
2288 1341 2349 1391 Οἱ
2395 1338 2452 1390 δὲ
2499 1336 2648 1390 ἄλλοι
2702 1336 2799 1390 δύο
2853 1335 3049 1400 ὀθόνας
3101 1333 3302 1396 λευκὰς
3345 1331 3420 1394 ὡς
3471 1331 3626 1401 χιιῖυν,

2049 1428 2453 1493 δεδιπλωμὲνας
2483 1429 2561 1492 εἰς
2586 1428 2853 1498 τέσσαρα,
2886 1427 3151 1498 ἐκράτουν
3183 1425 3240 1479 ἐν
3253 1423 3375 1486 ταῖς
3407 1423 3627 1485 ὐπτίαις

2053 1519 2243 1590 χερσὶν
2273 1520 2453 1573 αὐτῶν

2127 1705 2266 1770 σλςῖ
2313 1705 2400 1768 Ὠς
2439 1705 2495 1757 δέ
2519 1704 2607 1757 ἐπ’
2638 1703 2794 1774 ὅψεσί
2831 1722 2932 1774 μου
2963 1703 3230 1772 ἐγένοντο,
3256 1701 3404 1771 λέγει
3438 1696 3520 1765 εἷς
3547 1701 3627 1771 τῷ

2053 1797 2152 1870 τὴν
2186 1798 2420 1868 φαιδρὰν
2479 1798 2698 1865 ἐκείνην
2745 1797 2984 1865 λεκάνην
3013 1795 3322 1864 κατέχοντι,
3355 1795 3494 1862 Φέρε
3539 1795 3627 1847 ἐν·

2053 1889 2229 1943 ταῦθα
2255 1903 2270 1918 °
2305 1889 2400 1940 ml
2419 1887 2495 1952 ὼς
2529 1890 2752 1959 ἧνεγκε,
2784 1887 3030 1956 λέγειτῷ
3065 1889 3351 1955 κατέχοντι
3383 1885 3443 1938 τδ
3472 1877 3626 1954 βησί·

2057 1999 2171 2052 ριον
2218 1981 2276 2033 τὸ
2313 1981 2625 2051 διάχρυσον,
2681 1980 2822 2032 Βάλε
2855 1979 3109 2032 ἐνταῦθα.
3147 1978 3236 2040 Ὠς
3264 1973 3358 2030 οὖν
3413 1975 3630 2038 ἔϐαλεν.

2056 2071 2314 2141 ἐξήρχετο
2343 2071 2402 2123 τὸ
2434 2070 2606 2140 μύρον
2637 2072 2840 2134 ἐκεῖνο,
2871 2069 2946 2134 ὼς
2989 2065 3128 2132 εἶδος
3160 2069 3445 2139 ἀστραπῆς
3477 2067 3629 2136 ἐρχό-

2060 2176 2219 2229 μενον
2251 2163 2330 2223 είς
2351 2163 2473 2223 τοὺς
2495 2160 2811 2231 ὀφθαλμούς
2845 2177 2969 2230 μου,
2997 2162 3090 2214 καὶ
3112 2160 3197 2213 διὰ
3215 2160 3320 2213 τῶν
3345 2160 3629 2212 ἐνδοσθίων

2059 2269 2159 2322 μου
2199 2255 2278 2315 εἰς
2307 2254 2483 2305 πάντα
2523 2269 2624 2322 μου
2660 2253 2727 2306 τὰ
2765 2253 2901 2322 μέλη
2929 2253 3380 2322 σκορπιζόμενον,
3423 2250 3565 2304 ὥστε
3593 2253 3628 2320 ἡ

2053 2339 2252 2392 εὐωδία
2282 2341 2377 2394 τοῦ
2419 2339 2595 2411 μύρου
2647 2342 2858 2395 ἐκείνου
2911 2343 3086 2406 ἐνίκα,
3136 2341 3230 2394 καὶ
3282 2341 3632 2412 περιεγένετο

2053 2435 2161 2489 τῶν
2190 2436 2438 2506 φοεερῶν
2468 2435 2695 2490 ἐκείνων
2733 2437 2911 2491 πόνων
2943 2437 3055 2489 τῶν
3087 2440 3149 2490 ἐκ
3193 2436 3303 2489 τῶν
3358 2436 3632 2504 αἰκισμῶν

2054 2531 2485 2597 προσαγομένων
2521 2545 2633 2599 μοι.
2669 2523 2764 2593 Εἷς
2796 2524 2890 2582 οὖν
2921 2530 2980 2583 τὺ
3003 2529 3193 2582 πανίον
3224 2529 3420 2590 ἐκεῖνο,
3448 2527 3476 2580 ὅ
3502 2543 3632 2581 κατ-

2055 2621 2190 2688 εῖχε,
2252 2618 2464 2688 βρέχων
2497 2621 2555 2671 ἐν
2585 2623 2649 2691 τῇ
2701 2619 2925 2690 λεκάνῃ,
2961 2620 3204 2672 ἐπετίθει
3249 2622 3316 2689 τῇ
3349 2619 3470 2688 ὄψει
3507 2636 3631 2688 μου,

2055 2711 2149 2763 καὶ
2179 2711 2402 2781 ἐκράτει
2449 2712 2541 2763 ἐπὶ
2579 2711 2775 2782 πολλὴν
2817 2711 2989 2781 ὥραν,
3017 2711 3156 2765 ὥστε
3188 2713 3256 2764 ἐκ
3293 2713 3392 2780 τῆς
3449 2711 3630 2779 ἡδονῆς

2055 2803 2271 2874 ἐκείνης
2299 2804 2397 2872 τῆς
2426 2805 2719 2874 ἡδυτάτης.
2747 2805 2928 2868 καθὼς
2952 2807 3234 2875 προεῖπον,
3266 2803 3583 2858 ἐπιλανθάνε
3601 2831 3626 2843 ο

2058 2895 2180 2947 σθαι
2202 2895 2310 2947 τῶν
2343 2895 2520 2947 πόνων
2555 2896 2884 2964 namnam
2929 2895 3023 2949 οὖν
3067 2895 3260 2948 τούτου
3296 2897 3542 2964 αἴροντος
3566 2892 3627 2947 τὸ

2059 2982 2252 3036 πανίον
2303 2982 2480 3036 ἐκεῖνο
2509 2985 2574 3036 ἐκ
2619 2985 2717 3050 τῆς
2775 2984 2952 3054 ὄψεώς
3014 3003 3116 3053 μου
3167 2985 3324 3048 ἄλλος
3390 2986 3633 3054 εἱστήκει

2056 3070 2273 3141 ἕτοιμος
2301 3071 2396 3124 τοῦ
2430 3073 2702 3126 ἐπιθεῖναι
2725 3089 2741 3105 ο
2769 3075 2865 3128 καὶ
2909 3073 3053 3128 οὕτω
3078 3074 3385 3144 -διήρκεσαν
3412 3073 3632 3127 ποιοῦν-

2055 3181 2166 3228 τες,
2203 3166 2397 3235 μέχρις
2427 3158 2486 3219 οὗ
2540 3168 2589 3219 οἱ
2632 3167 2927 3231 τύπτοντες
2960 3185 3028 3237 με
3060 3169 3385 3232 ἐπαύσαντο,
3411 3165 3506 3221 καὶ
3526 3167 3634 3220 ἀπὸ

2053 3255 2149 3307 τοῦ
2188 3255 2343 3321 ξύλου
2374 3261 2708 3327 κατήγαγον.
2743 3260 2856 3312 Kal
2889 3260 3087 3320 εὐθέως
3107 3260 3184 3322 ὡς
3210 3259 3365 3312 τοῦτο
3393 3258 3630 3327 ἐγένετο,

2055 3348 2372 3419 ἀπέστησαν
2419 3353 2469 3402 οἱ
2514 3350 2736 3418 ἄγγελοι
2771 3352 2866 3404 ἀπ’
2896 3350 3053 3420 ἐμοῦ,
3081 3352 3180 3404 καὶ
3215 3350 3496 3422 στερηθεὶς
3525 3350 3634 3405 ἀπὸ

2053 3439 2155 3508 τῆς
2187 3440 2380 3510 ἡδονῆς
2414 3441 2628 3510 ἐκείνης
2680 3442 2778 3511 τῆς
2813 3442 3080 3511 ἡδυτάτης
3126 3443 3266 3496 πάνυ
3316 3441 3591 3511 ἐλυπήθην
3616 3457 3631 3477 ν

2055 3531 2246 3608 ήθελον
2275 3532 2382 3604 γὰρ
2414 3531 2492 3585 ἔτι
2538 3531 2950 3601 βασανίζεσθαγ
2985 3533 3328 3605 πληροφορεί
3353 3534 3462 3604 γὰρ
3490 3536 3634 3605 ἡμᾶς

2055 3625 2084 3676 ό
2104 3623 2255 3689 Θεὸς,
2272 3625 2354 3676 ὅτι
2371 3623 2612 3679 τοιοῦτόν
2635 3627 2751 3678 ἐστι
2773 3627 2832 3678 τὸ
2858 3627 3112 3696 πρᾶγμα,
3141 3621 3254 3680 οἷον
3283 3626 3404 3690 νοῦς
3426 3625 3636 3695 ἀνθρώ-

2057 3733 2160 3770 που
2217 3719 2518 3773 ἀπεικάσαι
2570 3718 2632 3772 οὐ
2686 3718 2930 3772 δύναται.
2987 3719 3163 3772 Μόνον
3211 3719 3244 3789 ἠ
3291 3717 3435 3790 ἀρχὴ
3483 3719 3636 3787 καὶὴ

2058 3810 2155 3863 θέα
2182 3809 2294 3879 (50)
2330 3807 2463 3881 [τῶν
2517 3809 2769 3880 βασάνων
2797 3811 2912 3879 ἔχει
2947 3809 3039 3862 τὸν
3071 3809 3235 3878 φόϐον
3320 3812 3352 3878 ἡ
3383 3810 3439 3862 δὲ
3463 3823 3635 3880 προσ-

2058 3899 2211 3970 ϐολὴ,
2241 3899 2625 3970 δυναμουμένη
2656 3902 2720 3970 τῇ
2750 3900 2932 3968 χάριτι
2966 3897 3058 3950 τοῦ
3098 3896 3254 3963 Θεοῦ,
3281 3897 3393 3950 τῶν
3426 3912 3635 3967 προσαο

2057 3993 2308 4062 γομένων
2343 3977 2656 4059 ἀλγηδόνων
2677 3993 2776 4044 οὐκ
2808 3990 3148 4044 αἰσθάνεται.

2132 4173 2262 4239 σλξ.
2297 4175 2504 4241 Ταῦτα,
2551 4174 2833 4244 Ἐπιφάνιέ
2866 4193 2992 4245 μου,
3028 4173 3202 4238 οὔτως
3229 4173 3591 4244 ἐτελέσθησαν
3616 4189 3630 4205 ·

377 4270 529 4326 sunt,
590 4276 818 4316 narrare
870 4263 964 4316 tihi
1017 4262 1201 4328 volui,
1261 4270 1320 4316 ut
1368 4262 1638 4330 intelligas
1677 4261 1951 4331 quomodo

2055 4267 2406 4338 διηγησάμην
2450 4283 2532 4320 σοι
2566 4267 2623 4322 δὲ
2653 4267 2850 4333 ταῦτα,
2898 4267 2986 4322 ἵνα
3033 4266 3175 4338 γνῷς
3221 4267 3338 4330 πῶς
3367 4266 3672 4337 θυμιῶσιν“

377 4352 552 4408 sancti
603 4351 782 4421 angeli
824 4366 920 4420 pro
962 4350 1183 4406 Christo
1219 4349 1556 4406 certantibus
1603 4365 1727 4405 cum
1772 4350 1951 4405 sutlitu

2057 4359 2184 4420 τοὺς
2211 4359 2646 4428 ἀγωνιζομένους
2669 4362 2756 4414 διὰ
2784 4359 2988 4429 Κύριον
3013 4361 3156 4428 ἆγιοι
3187 4359 3431 4428 ἄγγελοι.
3463 4358 3634 4412 Τοῦτο

379 4445 663 4515 gratisque
684 4443 948 4499 odoribus
976 4452 1174 4510 praesto
1206 4443 1335 4500 sint.
1359 4442 1634 4500 lnsolitam
1664 4443 1800 4499 adeo
1828 4459 1951 4498 nar-

2056 4449 2118 4503 τὸ
2152 4449 2457 4520 παράδοξον
2489 4453 2730 4516 ἀκούσας
2765 4454 2991 4518 ἐκεῖνος,
3035 4452 3254 4523 ἔφριττε
3297 4451 3481 4514 πάλιν,
3511 4450 3633 4503 καθ’

377 4535 646 4588 ratioiiem
682 4543 739 4586 ut
768 4533 940 4587 audiit
971 4531 1336 4602 Epiphanius,
1371 4548 1526 4589 sacro
1553 4533 1788 4601 quodam
1823 4535 1951 4588 hor-

2059 4541 2088 4595 ὃ
2134 4541 2372 4606 ἄϐυσσος
2423 4542 2681 4605 ἄϐυσσον,
2714 4544 2809 4596 καὶ
2851 4546 2984 4612 χάος
3012 4545 3161 4614 χάος,
3194 4543 3288 4596 καὶ
3335 4545 3589 4596 ἐπέκεινα
3614 4559 3628 4574 ο

378 4639 502 4680 rore
528 4625 720 4678 iterum
749 4625 1034 4693 perculsus
1060 4637 1162 4690 est,
1183 4627 1481 4681 secundum
1530 4624 1951 4696 istud,Ahyssus

2061 4632 2324 4693 πολλάκις
2357 4631 2467 4701 γὰρ
2498 4631 2766 4702 κατῆλθεν
2793 4633 2848 4684 ἐν
2875 4631 3074 4702 ἐαυτῷ,
3107 4629 3200 4684 καὶ
3237 4633 3293 4683 ἐν
3335 4633 3401 4701 τῇ
3439 4629 3634 4699 καρδίᾳ

379 4718 660 4787 abyssum,
701 4725 755 4771 et
785 4717 954 4772 chaos
998 4719 1166 4772 chaos
1191 4716 1340 4788 (5i),
1373 4726 1426 4772 et
1456 4733 1578 4786 quae
1626 4729 1951 4787 sequuntur.

380 4810 534 4880 Saepe
554 4811 700 4866 enim
729 4813 794 4865 ad
818 4813 1064 4865 animum
1095 4825 1257 4866 suum
1289 4809 1646 4881 cogitationes
1669 4825 1952 4876 revocans,

456 4993 572 5064 (ΓΙ)
600 4996 772 5064 ξ’Ᾱνευ
811 4993 1062 5062 reposui,
1092 5006 1193 5062 pro
1226 4993 1410 5059 μέσον.

453 5061 565 5133 (⁷48)
597 5063 845 5117 Praedicti
876 5061 1130 5117 auctores
1160 5065 1336 5115 solum
1371 5063 1531 5115 unius
1564 5061 1950 5124 meminerunt,

381 5136 475 5205 qui
526 5135 782 5205 sudorem
842 5136 1230 5205 abstergeret,_
1260 5140 1320 5205 et
1371 5134 1658 5198 animum,
1711 5133 1954 5200 qttandiu

384 5200 764 5272 torquebatur,
799 5200 1116 5272 confortans
1146 5201 1498 5272 exhilararet.

349 5330 356 5345 ς
454 5267 566 5345 (i9)
591 5270 669 5326 Ita
709 5267 912 5333 Vatia,
935 5280 1013 5345 _at
1044 5269 1241 5324 Mazar.
1266 5271 1469 5345 ﬁtxlov‘
1491 5287 1519 5345 _:
1571 5279 1823 5345 neutrum
1858 5283 1956 5345 a‘n-

347 5339 356 5380 ί
382 5339 518 5414 tiqui
546 5339 687 5414 usus
717 5342 1040 5414 vocabulum
1067 5353 1173 5404 est,
1204 5339 1291 5394 uti,
1313 5356 1410 5414 nec
1437 5339 1613 5414 Δβήσα,
1642 5356 1743 5414 nec
1771 5341 1957 5414 βησίον

383 5410 570 5482 (unde
603 5410 915 5482 βαστίριον)
953 5411 1094 5482 idem
1143 5411 1537 5482 recentioribus
1574 5410 1956 5482 significantia.

381 5479 819 5553 'Antiqttioribus,
846 5479 1226 5553 Xenophonti,
1257 5480 1539 5544 Athenaeo,
1573 5494 1626 5534 et
1655 5483 1778 5535 aliis
1808 5479 1958 5548 βίκος

385 5549 562 5621 (unde
611 5549 814 5620 βικίον)
847 5559 932 5606 est
984 5566 1078 5604 vas
1119 5549 1201 5604 vel
1236 5565 1371 5604 urna
1417 5563 1610 5605 ansata
1661 5565 1758 5606 seu
1791 5553 1957 5604 etiam

384 5625 640 5677 doliolutn
651 5659 666 5674 .

454 5692 590 5763 (ξξθ).
608 5690 714 5763 ιιι,
736 5687 1030 5763 ναιὶοητὸ
1045 5762 1052 5763 7
1067 5689 1289 5763 δόκιμον
1323 5689 1523 5763 ἔχει-,τὸ
1537 5692 1814 5763 πρᾶγμα.

456 5757 569 5828 (51)
619 5757 842 5821 Videtur
892 5761 1057 5815 alludi
1109 5757 1202 5816 ad'
1237 5757 1382 5815 illud
1427 5757 1628 5817 Psalm.
1685 5757 1815 5828 iu,
1877 5760 1950 5817 8:

2062 4720 2230 4773 αὐτοῦ
2289 4719 2759 4789 διαλογιζόμενος,
2811 4723 2942 4790 περὶ
2989 4721 3082 4774 τοῦ
3141 4722 3366 4774 Δικαίου
3411 4720 3628 4788 ἔλεγεν⁸

2070 4812 2176 4865 Ἴδε
2208 4813 2430 4881 ῥήματα
2472 4812 2589 4864 θεῖα
2621 4811 2908 4881 ἀνθρώπου
2937 4811 3294 4882 νομιζομένου
3327 4811 3514 4875 σαλοῦ,
3541 4811 3636 4864 καὶ

2067 5011 2085 5044 ι
2139 4992 2384 5061 Abyssus
2417 4992 2674 5061 abyssum
2730 4991 2967 5053 invocat,
3007 5009 3026 5041 ι
3079 5001 3209 5053 etc.,
3251 4989 3398 5060 quod
3452 5001 3635 5059 posset

2060 5063 2321 5130 explicari
2374 5080 2388 5115 :
2436 5065 2682 5130 Ahyssus
2741 5062 2990 5115 humana:
3046 5061 3364 5130 ignorantia.
3419 5061 3635 5116 invocat

2059 5128 2314 5201 abyssum
2372 5128 2568 5186 divinis
2617 5131 2886 5195 scientize;
2943 5129 3044 5184 nisi
3073 5128 3142 5184 'id
3195 5132 3352 5185 malis
3391 5132 3454 5182 ad
3512 5133 3633 5198 Epi-

2059 5202 2248 5271 phauii
2300 5203 2772 5270 compunctionem
2814 5215 3087 5264 revocare,
3139 5209 3198 5256 ut
3245 5202 3477 5270 abyssus
3506 5215 3632 5267 pec-

2057 5272 2164 5324 cati
2186 5272 2399 5325 dicatur
2433 5275 2686 5325 invocare
2712 5272 2964 5341 abyssum
2995 5271 3416 5329 misericmdiw;
3443 5279 3634 5338 estque

2059 5341 2173 5396 hac
2206 5356 2311 5394 una
2343 5357 2408 5395 ex
2452 5354 2575 5395 octo
2619 5342 3113 5410 explicationibus,
3163 5356 3301 5410 quas
3342 5341 3474 5410 huic
3516 5342 3636 5394 loco

2059 5421 2208 5477 aptat
2241 5422 2422 5466 noster
2465 5408 2707 5465 Thomas
2740 5413 2787 5465 le
2830 5411 2996 5464 Blanc
3037 5413 3089 5464 in
3129 5409 3351 5478 Aualysi
3396 5408 3636 5462 Psalmo-

2059 5497 2197 5534 rum.
2253 5482 2406 5546 Aliae,
2465 5484 2635 5548 magis
2673 5479 2924 5536 fortassis
2984 5481 3266 5542 litterales,
3320 5480 3497 5532 minus
3532 5482 3635 5534 huc

2059 5548 2286 5605 faciunt.
2325 5551 2380 5605 In
2429 5568 2532 5606 ms.
2565 5551 2766 5604 Mazar.
2801 5552 2965 5605 verba
2991 5553 3141 5612 haec,
3185 5560 3239 5602 ut
3271 5549 3629 5611 obscuriora,

2059 5624 2392 5678 omittuntur
2417 5639 2432 5676 :
2474 5634 2617 5675 certe
2651 5621 2834 5676 sensui
2862 5619 3068 5675 servire
3097 5619 3303 5680 volens,
3331 5633 3428 5688 pro
3459 5620 3629 5684 κάτω,

2058 5693 2245 5746 subtus
2270 5735 2284 5759 ,
2318 5690 2464 5762 quod
2497 5700 2614 5746 erat
2648 5690 2703 5746 in
2736 5705 2840 5746 ml.
2866 5688 2988 5744 καθ’
3020 5690 3048 5741 ὅ
3078 5691 3391 5760 ponendum
3427 5689 3629 5759 putavi.
