4076 6446
415 394 569 475 sst‘

1576 427 1757 489 VITA
1800 428 1860 490 S.
1902 431 2238 495 ANDREIE
2280 435 2473 498 SALI.

3567 442 3673 506 882

414 524 584 621 oiln‘
612 527 876 601 ἀληθείας
909 534 1088 601 σαλοῖ,
1120 539 1169 591 οί
1220 538 1555 609 θεωροῦντες
1589 542 1776 610 αὐτὸν,
1805 546 1993 616 ὥσπερ

2122 558 2172 604 ta
2204 565 2391 607 secum
2425 553 2493 608 de
2528 552 2646 609 viro
2692 564 2886 611 sancto
2938 556 3241 613 disserebat
3271 575 3285 613 :
3323 557 3462 613 Ecce
3513 558 3674 612 verba

418 616 887 717 κύναῄσεσηπότα
914 626 1429 687 ἀποϐδελύσσονται.
1484 632 1695 689 Βαϐαίί
1752 636 1910 703 ἀλλος
1937 640 1998 693 ὲν

2121 641 2285 696 livina
2319 644 2558 701 hominis
2584 688 2600 712 ,
2642 649 2735 715 qui
2765 649 2967 717 passim
3003 664 3033 703 e
3082 649 3402 703 stolidorum
3453 664 3678 703 numero

418 711 481 779 τῇ
518 707 674 809 πόλει
701 712 877 809 ταύτῃ
916 716 1156 809 τοιοῦτος
1184 719 1449 791 φρόνιμος
1496 722 1594 793 οὐχ
1639 724 1996 797 εὑρεθήσεται

2121 734 2333 788 labetur
2360 750 2502 791 unus
2542 754 2557 791 :
2604 707 2779 792 at'illi-
2816 753 2940 793 vere
2969 739 3187 802 stolidi,
3220 741 3310 809 qui
3350 740 3565 808 quoties
3595 740 3679 805 ip—

417 800 668 872 ιρωστήρ,
732 802 765 873 ἢ
794 805 1111 874 τηλικοῦτος
1146 810 1327 877 ἀγιος.

2103 839 2222 878 sum
2256 826 2471 893 vident,
2500 844 2609 884 non
2641 829 2822 885 minus
2858 845 3019 899 quam
3059 831 3265 884 olidum
3299 844 3486 885 canem
3520 842 3681 882 exse-

420 905 663 950 crantur.
693 892 948 955 Profecto
990 899 1132 957 alius
1183 901 1241 957 in
1278 903 1498 963 civitate
1532 907 1633 964 hac
1663 917 1828 966 tantae
1854 912 2367 982 prudentiatanta:
2427 921 2632 992 gloriae,
2698 892 2889 978 tantan
2933 922 3314 979 sanctimoniae
3376 922 3683 993 reperietur

420 996 600 1041 nemo.

1823 1124 2052 1183 CAPUT
2094 1124 2327 1184 XXVlll.

495 1245 805 1306 Extmnum
837 1254 1058 1313 Andrei:
1106 1274 1226 1314 cunt
1265 1256 1563 1332 Epiphanio
1598 1273 1646 1317 et
1677 1272 1894 1317 auctore
1923 1265 2270 1389 'czlfoquium
2295 1284 2314 1320 :
2360 1265 2643 1332 discessus,
2684 1269 2878 1333 obitus,
2910 1272 3172 1326 sanctitas
3207 1270 3405 1325 coalein
3451 1271 3612 1325 odore

1916 1352 1971 1389 in
2015 1345 2181 1389 icata.

1916 1345 2181 1392 indicata.

495 1460 630 1533 σλη’.
667 1462 855 1520 Ταῦτα
886 1470 981 1522 τοῦ
1034 1469 1350 1540 Ἐπιφανίου
1384 1471 1847 1544 διαλογιζομένου,
1872 1473 1998 1543 svi-

425 1569 547 1608 νετο
575 1556 892 1625 συμφθάσαι
937 1559 1030 1613 τὸν
1076 1563 1271 1633 καιρὸν
1297 1564 1396 1632 τῆς
1440 1566 1592 1629 θείας
1629 1566 1995 1638 λειτουργίας.

424 1642 520 1697 καὶ
551 1644 814 1711 ἀναστὰς,
871 1650 1145 1722 ἐπορεύθη
1192 1654 1252 1707 ὲν
1290 1657 1356 1725 τῇ
1403 1656 1671 1727 ἐκκλησίᾳ
1695 1674 1708 1687 ·
1742 1658 1864 1720 ἔθος
1890 1656 2001 1727 γὰρ

422 1730 492 1805 ἦν
524 1735 674 1806 αὐτῷ
702 1739 935 1794 πάντοτε
962 1744 1022 1796 ὲν
1051 1745 1451 1811 ταῖςησυνάξεσι
1474 1748 1573 1818 τῆς
1609 1750 1771 1817 ἁγίας
1801 1750 2005 1820 ἐκκλη-

2176 1477 2301 1533 258.
2337 1478 2484 1535 Talia
2530 1494 2714 1535 secum
2756 1479 3005 1534 volvente
3034 1479 3365 1549 Epiphanio,
3409 1455 3586 1532 sacrae
3619 1477 3685 1530 li-

2107 1570 2299 1637 turgia
2329 1578 2545 1640 tempus
2575 1572 2763 1635 adest,
2815 1586 2987 1641 quare
3033 1586 3262 1640 surgens
3309 1570 3362 1624 in
3394 1567 3683 1624 ecclesiam

2111 1661 2266 1716 abiit.
2313 1662 2667 1718 Consuetudo
2717 1679 2952 1733 namque
2991 1663 3092 1734 ipsi
3133 1663 3245 1732 jam
3299 1662 3503 1732 pridem
3536 1662 3689 1716 inva-

2113 1751 2329 1820 loerat,
2383 1764 2442 1808 ut
2487 1755 2664 1811 sacris
2710 1754 2765 1809 in
2812 1755 3015 1825 templo
3064 1756 3305 1810 οωιὶιιυε
3333 1767 3528 1823 magno
3562 1768 3687 1807 cum

428 1825 551 1889 σίας
585 1827 737 1898 πόθῳ
782 1830 964 1902 πολλῷ
1022 1832 1323 1902 σχολάζειν,
1373 1838 1469 1892 καὶ
1525 1841 2006 1910 μεταχειρίζεσθαι

2121 1838 2330 1899 Pervore
2382 1859 2599 1914 semper
2635 1846 2957 1910 interesset,
3014 1860 3313 1915 sacrosque
3372 1845 3440 1899 ad
3494 1844 3692 1898 anima:

427 1918 524 1980 τὰς
551 1918 705 1990 ίεράς
738 1921 957 1991 βίϐλους
998 1926 1137 1995 πρὸς
1173 1926 1446 1996 ὠφέλειαν
1475 1929 1577 1999 τῆς
1602 1931 1785 2003 ψυχῆς
1815 1934 2004 1989 αὑτοῦ.

2121 1951 2223 1991 suae
2280 1936 2709 1990 emolumentum
2772 1937 2940 1992 libros
3003 1937 3253 1991 manibus
3309 1944 3529 1990 tereret.
3584 1932 3690 1988 Ubi

429 2009 563 2064 Ὅτε
595 2010 689 2066 οὖν
730 2015 1094 2088 ὑπέστρεψεν,
1140 2019 1394 2090 τεθείσης
1422 2022 1519 2091 τῆς
1567 2024 1866 2095 τραπέζης,
1900 2026 2011 2082 τῶν

428 2101 650 2171 δωρεῶν
701 2103 909 2176 Κυρίου
968 2109 1296 2177 ἀπήλαυσαν
1356 2111 1684 2182 ἀμφότεροι·
1747 2114 2014 2183 παρήμην

428 2192 539 2264 γὰρ
578 2194 736 2262 κάγὼ
775 2198 805 2249 ό
833 2198 1000 2262 τάλας
1051 2200 1257 2268 ἐκεῖσε,
1297 2200 1462 2271 μέσον
1510 2202 1689 2271 ἁγίων
1731 2203 2011 2275 Ὑψίστου,

429 2284 504 2350 ὡς
530 2286 679 2340 κύων
707 2289 1128 2361 ἀσχολούμενος,
1159 2294 1255 2348 καὶ
1283 2294 1392 2348 τῶν
1417 2298 1809 2367 πνευματικῶν
1834 2298 2013 2353 αὐτῶν

429 2379 661 2449 ὁμιλιῶν
714 2382 1027 2438 ἀπολαύων.
1061 2387 1172 2440 Καὶ
1218 2386 1328 2459 γὰρ
1374 2388 1439 2441 ἐκ
1484 2390 1805 2460 Πνεύματος
1858 2392 2016 2460 ἁγίου

433 2471 686 2540 γλώσσας
716 2473 1020 2543 ἀλλογενῶν
1043 2478 1355 2549 ἡρμήνευεν
1384 2481 1505 2535 οἵαν
1531 2499 1617 2546 τις
1640 2483 1854 2553 ἤθελεν,
1887 2484 2014 2540 οὔτε

432 2563 542 2617 τῶν
574 2567 904 2637 ἀπορρήτων
945 2570 1043 2639 τῆς
1070 2570 1296 2642 Γραφῆς
1344 2589 1399 2626 τι
1441 2572 1768 2629 ἐλάνθανενο
1813 2571 1883 2649 ἦν
1907 2576 2017 2649 γὰρ

437 2657 607 2727 αὐτὴν
646 2657 833 2727 ἄκρως
877 2661 1334 2730 πεπαιδευμένος.
1355 2657 1466 2716 Ἦν
1495 2663 1553 2717 δὲ
1590 2665 1686 2718 καὶ
1711 2666 1895 2734 ἁγνὸς,
1924 2669 2020 2721 καὶ

438 2746 741 2815 εὔγλωττος
769 2749 1014 2823 γλώσσῃ,
1048 2750 1141 2805 καὶ
1174 2751 1381 2819 γνῶσιν
1420 2753 1561 2823 ἔχων
1606 2756 2017 2822 ἀσυνείκαστον,

440 2837 585 2893 ὥστε
637 2840 707 2894 τά
744 2840 917 2895 είκοσι
950 2842 1191 2914 τέσσαρα
1226 2846 1464 2916 στοιχεῖα
1502 2846 1612 2899 τῶν
1649 2848 2016 2918 γραμμάτων,

438 2927 615 2994 οὕτως
638 2930 708 2984 τὰ
733 2933 894 3003 νοερά
912 2948 971 2985 τε
996 2935 1088 2986 καὶ
1114 2935 1368 3007 αίσθητά,
1393 2937 1501 2989 ἀπὸ
1527 2936 1763 3009 φοϐερᾶς
1786 2939 2020 3011 θεωρίας

441 3021 758 3091 Πνεύματος
782 3025 942 3092 ἁγίου
972 3025 1294 3094 ἐγίνωσκεν.
1339 3027 1481 3081 Ἀλλ’
1506 3028 1589 3082 ὅτι
1623 3029 1770 3101 μόνῳ
1812 3031 1935 3098 ἐμοί
1960 3048 2021 3084 τε

439 3115 535 3170 καὶ
575 3115 877 3187 Ἐπιφανίῳ
898 3117 1115 3186 ὡμίλει,
1140 3119 1302 3189 ἡνίκα
1330 3122 1466 3191 πρός
1497 3137 1563 3188 με
1597 3123 1834 3189 ἐγένετο,
1861 3123 1893 3195 ἢ
1923 3125 2023 3178 πά-

440 3206 531 3260 λαι
564 3208 701 3276 πρὸς
747 3208 937 3262 τοῦτον
983 3210 1334 3280 ἐπεδήμησεν
1360 3227 1375 3244 ·
1408 3211 1582 3283 ἑτέρῳ
1627 3212 1685 3266 δέ
1734 3230 1839 3267 τινι
1896 3214 2022 3273 οὔτε

442 3299 548 3354 κᾶν
574 3297 732 3368 ψιλὸν
763 3300 922 3367 λόγον
956 3302 1086 3370 περὶ
1114 3301 1357 3372 Γραφῆς.

2114 2039 2301 2098 postea
2335 2029 2559 2083 revertit
2593 2044 2623 2084 e
2658 2030 2881 2099 templo,
2916 2030 3167 2098 apposita
3198 2043 3385 2083 mensa
3421 2034 3521 2091 est,
3554 2024 3695 2080 divi-

2118 2120 2311 2190 nisque
2350 2136 2453 2175 una
2488 2136 2611 2176 cum
2640 2122 2859 2175 Andrea
2894 2121 3054 2175 donis
3083 2136 3204 2176 sese
3236 2119 3526 2174 recreavit.
3583 2116 3697 2169 Ad-

2115 2226 2264 2265 eram
2286 2220 2339 2265 et
2365 2226 2461 2281 ego
2492 2225 2710 2281 quoque
2739 2211 2874 2280 ipse,
2898 2210 3239 2266 miserrimus
3263 2208 3529 2268 omnium,
3556 2207 3696 2260 inter

2117 2311 2338 2358 sanctos
2380 2301 2472 2357 Dei
2504 2301 2743 2357 famulos
2776 2302 2854 2355 uti
2885 2304 3039 2357 canis
3075 2316 3337 2365 versans,
3389 2298 3697 2366 divinisque

2117 2409 2307 2449 eorum
2340 2395 2630 2464 colloquiis
2671 2409 2754 2448 me
2788 2409 3061 2449 recreans.
3096 2391 3305 2445 Etenim
3341 2392 3699 2461 qualemcun—

2118 2503 2226 2559 que
2253 2488 2631 2558 explicandam
2672 2487 2870 2558 aliquis
2899 2488 3187 2542 obtulisset
3226 2484 3564 2554 peregrinam
3599 2480 3700 2533 lin-

2120 2582 2319 2651 guam’,
2362 2581 2535 2635 sancti
2577 2578 2813 2649 Spiritus
2859 2579 3121 2634 instinctu
3154 2576 3402 2646 expedite
3430 2573 3699 2640 interpre-

2122 2671 2362 2735 tabatur,
2399 2686 2500 2725 nec
2542 2668 2727 2725 minus
2754 2678 2873 2724 erat
2906 2678 3149 2723 versatus
3193 2667 3246 2720 in
3288 2660 3698 2720 obscurissimis

2120 2760 2430 2831 quibusque
2502 2761 2640 2816 locis
2713 2775 2886 2815 sacrae
2954 2759 3251 2827 Scriptura:
3324 2749 3695 2824 exponendis,

2121 2862 2306 2923 utpote
2336 2851 2796 2922 perfectissimam
2839 2852 2986 2907 illius
3031 2846 3445 2918 intelligentiam
3483 2850 3701 2897 nactus.

2124 2945 2254 3000 Erat
2283 2953 2543 3016 praeterea
2583 2945 2816 3015 insignis
2866 2941 3227 3006 castimonia,
3278 2947 3398 2994 erat
3440 2934 3704 2991 facundus

2124 3038 2308 3106 lingua
2334 3077 2351 3103 ,
2403 3046 2522 3091 erat
2570 3035 2832 3107 praeditus
2881 3033 3109 3088 scientia
3144 3040 3253 3084 tam
3303 3026 3611 3096 singulari,
3650 3032 3707 3077 ut

2122 3127 2314 3197 viginti
2348 3135 2585 3197 quatuor
2615 3127 2919 3181 litterarum
2951 3123 3217 3179 elementa
3245 3161 3259 3187 ,
3312 3130 3422 3175 tam
3453 3132 3576 3187 quae
3606 3114 3709 3169 sub

2129 3219 2490 3284 intellectum,
2517 3232 2682 3288 quam
2715 3232 2833 3286 qua:
2853 3215 2958 3272 sub
2979 3229 3198 3270 sensum
3230 3211 3453 3274 cadunt,
3475 3205 3710 3262 mirabili

2045 3293 2090 3357 ε
2126 3308 2362 3379 Spiritus
2391 3311 2563 3365 sancti
2591 3309 2950 3365 illustratione
2974 3309 3193 3379 penitus
3238 3302 3575 3375 pervaderet.
3608 3297 3712 3352 νε·-

445 3402 749 3447 rumtamen
774 3393 1057 3448 scientiam
1092 3394 1239 3448 illam
1257 3408 1470 3450 mecum
1500 3396 1846 3453 solummodo
1875 3407 2074 3456 etcum
2103 3403 2427 3474 Epiphanio,
2449 3404 2669 3475 quando
2711 3404 3034 3460 alterutrum
3068 3400 3433 3458 convenisset.
3465 3409 3713 3452 commu-

443 3488 629 3540 nicare
659 3484 866 3540 solebat
896 3502 913 3545 :
938 3486 1080 3555 apud
1109 3488 1277 3542 alium
1309 3504 1437 3545 vero
1464 3491 1762 3560 quemlibet
1799 3492 1868 3547 de
1910 3509 2063 3550 sacra
2096 3497 2377 3567 Scriptura
2410 3514 2477 3555 ne
2514 3499 2738 3554 verbum
2770 3498 3013 3569 quidem.

517 3576 651 3632 σλθ’.
682 3575 815 3631 Εἶτα
843 3578 1229 3649 καθεζομένων
1255 3582 1414 3651 ἡμῶν
1455 3584 1550 3637 καὶ
1581 3584 1890 3649 ἐσθιόντων,
1920 3587 2026 3657 ἔφη

459 3670 773 3739 Ἐπιφάνιος
804 3669 911 3745 ,τῷ
968 3671 1175 3740 Ὀσίῳ·
1219 3673 1401 3739 Πάτερ
1453 3691 1578 3744 μου,
1630 3677 1682 3728 τί
1732 3678 2031 3747 έρμηνεύει

448 3763 654 3832 ἀρτοςς
700 3762 759 3817 ὐ
807 3763 1027 3826 Δίκαιος
1071 3763 1213 3834 ἔφη’
1242 3766 1317 3817 Τὸ
1353 3766 1580 3820 δέκατον
1610 3768 1704 3821 καὶ
1752 3770 1812 3822 τὸ
1847 3770 2033 3824 διακο-

450 3856 663 3909 σιοστὸν
692 3858 721 3909 ὁ
763 3856 925 3923 σοφὸς
959 3856 1291 3925 ὑποκλέψας,
1341 3856 1544 3928 ὤφειλε
1598 3860 1821 3913 καλέσαι
1870 3862 2032 3916 αὑτὸν

450 3946 693 4017 ἄριστον,
727 3948 821 4001 καὶ
852 3947 1113 4001 ἐκάλεσεν
1142 3948 1327 4018 ἀρτον.
1364 3948 1426 4003 '0
1464 3951 1520 4005 δὲ
1559 3951 1880 4020 Ἐπιφάνιος
1914 3970 2032 4023 μει-

450 4039 645 4101 διάσας
673 4040 764 4091 ἐπὶ
792 4036 989 4110 τούτῳ,
1012 4038 1176 4093 πάλιν
1204 4042 1335 4111 περὶ
1360 4043 1750 4113 ἁκαταλήπτου
1778 4044 2033 4115 θεότητος

453 4131 606 4202 φόϐῳ
631 4129 811 4201 πολλῷ
860 4130 1103 4200 ὡμίλουν
1136 4130 1509 4203 διαλεγόμενοι
1561 4135 1860 4205 ἀμφότεροι
1885 4153 1900 4169 ο
1950 4138 2034 4189 ὃτι

459 4222 678 4293 πνεῦμά
699 4222 902 4293 ἐστινὴ
931 4221 1143 4294 θεότης,
1172 4224 1313 4295 ὑπὲρ
1340 4226 1519 4279 πάντα
1541 4226 1707 4279 αύτοῦ
1734 4227 1805 4280 τὰ
1836 4229 2038 4298 ποιητά

457 4314 748 4384 πνεύματα
800 4315 1252 4385 ἀποκρυφότερόν
1298 4332 1359 4370 τε
1415 4318 1510 4370 καὶ
1564 4317 1886 4389 ἀδηλότερον
1942 4322 2038 4374 καὶ

457 4405 709 4470 ἀθέατον,
757 4403 932 4474 γλυκὺ
987 4406 1193 4476 σφόδρα
1245 4410 1339 4460 καὶ
1370 4407 1664 4478 ἀκόρεστον
1718 4414 1784 4479 τῇ
1838 4410 2037 4483 ἡδονῇ,

2204 3592 2330 3647 259.
2378 3590 3086 3660 Postea,accumbentibus
3139 3587 3296 3642 nobis
3343 3584 3717 3640 vescentibusv

2134 3699 2264 3753 quc,
2291 3684 2636 3753 interrogans
2685 3682 2957 3735 Andream
2990 3678 3373 3748 Epiphanius:
3420 3674 3491 3728 Mi
3530 3673 3713 3739 Pater,

2138 3776 2359 3844 inquit,
2434 3772 2710 3843 quomodo
2766 3773 3214 3839 interpretandus
3267 3775 3353 3822 est
3400 3766 3565 3834 ἄρτος
3618 3778 3717 3820 seu

2134 3867 2330 3934 panis?
2363 3865 2462 3917 Cui
2497 3863 2747 3916 Andreas
2786 3879 2799 3915 :
2834 3860 3163 3922 Subtractis,
3199 3870 3251 3912 et
3277 3872 3399 3927 quae
3436 3858 3622 3910 decem
3665 3865 3719 3907 et

2136 3971 2258 4026 quae
2304 3956 2542 4009 ducenta
2576 3954 2757 4006 valent
2800 3950 3085 4006 elementis
3120 3949 3257 4020 (52),
3305 3946 3595 4017 appellavit
3628 3958 3717 3998 sa-

2138 4049 2295 4119 piens
2325 4046 2490 4116 ἀρτον
2518 4061 2613 4101 seu
2645 4060 2836 4115 panem
2856 4085 2871 4111 ,
2901 4044 3046 4113 quod
3080 4042 3303 4113 ἄριστον
3331 4054 3426 4094 seu
3462 4040 3720 4103 optimum

2139 4141 2415 4210 appellare
2448 4140 2733 4195 debuerat.
2764 4137 2995 4206 Excepit
3023 4148 3344 4205 responsum
3384 4128 3722 4202 Epiphanius

2138 4235 2295 4287 suavi
2338 4247 2462 4287 cum
2517 4233 2633 4285 risu
2670 4251 2683 4285 :
2733 4238 2847 4285 tum
2890 4231 2955 4283 ad
2992 4228 3369 4283 sublimiorem
3409 4224 3475 4278 de
3518 4223 3725 4277 incom-

2146 4323 2497 4396 preltensibili
2557 4321 2669 4376 Deo
2717 4334 3027 4377 sermonem
3054 4360 3070 4385 ,
3122 4331 3282 4374 sacro
3316 4315 3553 4386 quodam
3597 4326 3722 4367 cum

2148 4418 2407 4483 horrore,
2461 4429 2521 4471 se
2574 4421 2966 4469 converterunt
3014 4411 3198 4476 ambo,
3262 4409 3509 4471 aientes,
3556 4405 3725 4459 Deum

458 4496 810 4562 λεπτότατον,
858 4498 1232 4568 ὑπεράπειρον
1274 4500 1370 4552 καὶ
1422 4500 1673 4570 φρικτὸν,
1726 4503 1898 4556 πολλά
1939 4505 2020 4572 μὲτ

2149 4524 2273 4564 esse
2318 4507 2595 4578 spiritum,
2631 4507 2888 4561 omnibus
2926 4518 3063 4573 quas
3090 4502 3335 4557 condidit
3366 4500 3532 4554 rebus
3561 4496 3729 4566 spiri-

460 4588 771 4660 νοούμενον,
807 4590 934 4643 ἐπεὶ
974 4593 1008 4657 ἠ
1051 4590 1208 4644 οὐσία
1236 4591 1401 4644 αὐτοῦ
1449 4592 1883 4662 ἀπερίγραπτος,
1918 4595 2020 4648 ὅσοε

2121 4601 2393 4676 ‘tualibus
2443 4600 2602 4668 longe
2646 4597 3089 4652 exeelleutiorem
3115 4633 3132 4659 ,
3176 4596 3331 4663 longe
3372 4591 3543 4659 magis
3574 4604 3730 4645 arca-

460 4686 609 4738 ὲστὶν
651 4686 750 4739 καὶ
802 4684 1027 4756 θεωρεῖν
1052 4686 1113 4737 ού
1144 4684 1390 4752 δύναται,
1433 4687 1523 4740 διὰ
1568 4686 1631 4739 τὸ
1659 4688 1751 4741 τὸν
1795 4688 1918 4741 νοῦν
1963 4689 2020 4759 μί

2146 4706 2278 4747 num
2307 4731 2321 4754 ,
2386 4691 2547 4758 longe
2592 4703 2621 4742 a
2673 4688 2988 4757 cognitione
3016 4695 3069 4739 et
3101 4685 3276 4739 oculis
3309 4684 3517 4737 nostris
3546 4696 3731 4736 remo-

460 4779 659 4846 χωρεῖν
685 4776 781 4829 τὸν
809 4777 1173 4847 ἀνθρώπινον.
1211 4778 1381 4831 Ὅταν
1410 4778 1503 4832 οὖν
1532 4779 1719 4851 ἀνοίξῃ
1744 4782 1835 4833 καὶ
1869 4781 2020 4851 ὀφθή-

2145 4786 2382 4849 tiorem;
2434 4796 2557 4836 esse
2597 4779 2853 4849 spiritum
2907 4777 3151 4846 apprime
3194 4790 3415 4829 suavem
3441 4814 3458 4841 ,
3519 4772 3732 4828 infinite

464 4887 635 4933 σεται,
668 4863 714 4937 ᾧ
750 4870 1021 4941 βούλεται,
1055 4872 1239 4942 χέεται
1266 4872 1327 4923 τὸ
1359 4872 1481 4941 μέλι
1525 4872 1623 4939 τῆς
1665 4872 1955 4941 ἀστραπῆς
1981 4874 2020 4925 ἐπ

2142 4874 2483 4944 jucundum,
2522 4869 3023 4939 simplicissimum,
3075 4866 3243 4920 nullis
3277 4863 3729 4932 comprehensum

463 4964 662 5036 καρδία
689 4965 1048 5037 γλυκύτερον,
1087 4968 1182 5019 καὶ
1232 4965 1469 5036 ἁρπάζει
1513 4965 1766 5035 φοϐερὸς,
1808 4967 1902 5019 καὶ
1940 4966 2020 5035 οὐ]

2150 4966 2438 5030 terminis,
2476 4963 2761 5032 majestate
2793 4960 3122 5024 verendum;
3160 4972 3281 5013 esse
3330 4957 3620 5025 spiritum,
3664 4957 3732 5009 de

465 5056 723 5110 ἵσταταιο
756 5057 902 5128 μάλα
948 5059 1006 5112 δὲ
1058 5060 1292 5128 γαληνόν
1325 5060 1439 5111 ἐστι
1495 5057 1591 5111 καὶ
1646 5057 1895 5125 εὐμενὲς,
1950 5072 2020 5111 κα

2150 5073 2261 5127 quo
2319 5056 2490 5110 multa
2534 5054 2750 5122 quidem
2791 5060 2973 5106 mente
3006 5049 3387 5118 concipimus,
3431 5048 3559 5118 quia
3603 5060 3731 5099 vero

465 5149 798 5221 ἀπόρρητον,
829 5151 937 5204 τινὶ
972 5152 1045 5221 μὴ
1074 5148 1542 5221 παρεικαζόμενον
1573 5149 1634 5202 τὸ
1666 5147 1909 5203 σύνολον.

2155 5145 2394 5201 essentia
2444 5145 2565 5212 ejus
2616 5142 2866 5197 terminis
2925 5138 3303 5194 circumscribi
3346 5134 3454 5192 non
3508 5142 3728 5204 potest,

473 5254 708 5311 quantus
747 5243 839 5307 sit,
913 5242 1222 5312 intelligere
1289 5243 1607 5310 nequimus,
1652 5242 1890 5293 humana
1922 5247 2107 5292 mente
2148 5238 2216 5291 ad
2284 5246 2392 5289 tam
2452 5237 2705 5289 abstrusa
2763 5234 3029 5304 capienda
3084 5248 3143 5287 se
3207 5247 3316 5287 non
3375 5230 3727 5285 extendente.

477 5331 701 5399 Quando
749 5341 934 5387 autem
986 5348 1046 5388 se
1078 5333 1195 5401 ipse
1243 5334 1330 5387 cui
1360 5330 1478 5386 vult
1506 5332 1817 5387 exhibuerit
1849 5328 2170 5394 videndum,
2200 5328 2431 5383 effundit
2495 5327 2549 5380 in
2582 5342 2676 5380 cor
2705 5327 2824 5395 ejus
2886 5326 3139 5380 melleam
3198 5325 3490 5393 quamdam
3544 5320 3730 5387 splen-

480 5424 627 5483 doris
652 5431 735 5482 sui
769 5427 1137 5493 dulcedinem,
1168 5437 1222 5481 et
1255 5426 1395 5495 rapit
1421 5442 1544 5480 eum
1574 5431 1639 5479 ad
1674 5440 1732 5479 se
1793 5422 2190 5488 vehementius,
2252 5436 2420 5474 mora:
2483 5419 2795 5489 impatiens.
2828 5416 2963 5474 Esse
3021 5417 3258 5486 denique
3295 5414 3548 5485 spiritum
3579 5410 3734 5466 valde

482 5519 831 5591 tranquillum
863 5556 878 5580 ,
929 5518 1288 5583 benevolum,
1330 5516 1515 5572 verbis
1568 5513 2003 5586 inexplicabilem
2027 5551 2043 5576 ,
2084 5514 2290 5584 quique
2316 5513 2463 5567 nulla
2496 5512 2721 5565 omnino
2745 5526 2870 5565 eum
2899 5526 2957 5565 re
2986 5507 3292 5578 comparari
3323 5512 3523 5574 potest.

546 5620 656 5685 σμ’.
686 5613 873 5676 Οὖτως
900 5611 992 5665 οὖν
1026 5609 1087 5663 τὸ
1112 5610 1297 5664 ἐπάνω
1317 5609 1413 5663 τοῦ
1447 5607 1824 5678 στερεώματος
1847 5605 1941 5659 τοῦ
1964 5607 2020 5660 ού

2233 5608 2361 5661 9.40.
2395 5606 2472 5661 Ita
2507 5606 2620 5660 fere
2657 5604 2802 5676 quod
2832 5618 2995 5673 supra
3032 5602 3434 5656 ﬁrmamentum
3469 5597 3595 5653 celi
3626 5606 3729 5665 est,

551 5797 663 5865 (5‘2)
696 5797 1025 5919 Grmcoruu;
1065 5794 1376 5849 numeralrs
1444 5792 1637 5846 litterae
1707 5789 1785 5845 sic
1847 5784 2147 5857 procedunt
2208 5798 2268 5846 ut
2316 5794 2343 5843 ι’
2396 5789 2482 5854 l0,
2538 5788 2579 5842 σ¹
2609 5787 2721 5843 200
2769 5786 3019 5853 valeant;
3071 5783 3269 5857 quibus
3320 5779 3612 5841 subtractis
3659 5790 3729 5835 ex

555 5884 726 5919 ιστος.
764 5875 947 5919 manet
1033 5880 1176 5919 στος.

478 5883 726 5935 αριστος,
764 5875 947 5922 tnanet
992 5875 1176 5933 αρτθςο
