4076 6394
397 367 521 433 ’885

1588 371 1763 432 νΙΤΑ
1806 371 1862 431 S.
1909 369 2244 432 ANDREIE
2286 369 2481 431 ΒΑΗ.

3544 357 3548 360 ’
3573 374 3680 438 ess

409 476 573 538 αὐτὸν
613 476 674 529 ιν
699 475 796 546 ὅλῃ
821 473 1044 547 ’καρδίᾳ
1078 481 1198 544 σου,
1232 491 1325 531 και
1370 477 1680 548 προσεύχου
1725 478 1997 549 αύτῷ-συ-

2104 478 2283 534 fessor
2310 478 2448 548 (55),
2482 487 2536 534 et
2565 494 2688 537 sors
2725 487 2814 535 tua
2848 493 2972 535 cum
3004 482 3208 539 sanctis
3238 484 3419 540 futura
3448 495 3554 542 est.
3590 485 3673 542 Tu

405 569 552 643 χνῶς
581 568 719 639 μετὰ
748 566 956 622 πολλῶν
975 569 1226 640 δακρύων
1246 585 1262 600 ·
1293 571 1541 641 μέμνησο
1558 570 1614 624 δέ
1637 588 1737 641 μου
1766 571 1994 625 πάντοτε

408 665 468 715 ὲν
499 661 616 724 ταῖς
651 659 822 728 ίεραίς
855 675 950 712 σου
999 660 1322 733 ἀναφοραῖς,
1354 661 1515 731 ἡνίκα
1550 661 1880 732 λειτουργῶν
1917 664 1995 732 τῷ

416 750 608 822 Κυρίῳ
660 750 998 822 παρίστασαι
1043 752 1208 824 πολλῇ
1241 755 1309 823 τῇ
1346 755 1486 806 αίδοί
1531 755 1624 808 καὶ
1664 756 1996 807 καταστάσει

413 843 512 913 τῆς
543 845 1049 915 ταπεινοφροσύνης
1073 860 1088 876 °
1126 847 1220 898 xci.
1252 846 1360 899 ἰδοὺ
1389 847 1590 917 Κύριος
1621 849 1648 901 ό
1671 847 1802 909 Θεὸς
1828 848 1999 918 ὑπερ-

412 937 526 990 άνω
574 937 940 1007 ὑπερασπίσει
991 955 1125 1003 σου,
1160 939 1326 1010 ,ὑπὲρ
1381 940 1562 1010 πάσης
1611 940 1996 1005 καταστάσεως

412 1027 882 1098 προμηθούμενος.
941 1029 1141 1100 Ἰδοὺὴ
1194 1030 1680 1103 ὑπερευλογημένη
1726 1033 1820 1084 καὶ
1849 1032 1996 1085 δεδο-

413 1119 657 1188 ξασμένη
704 1118 1154 1190 Θεογεννὴτειρα,
1185 1118 1325 1190 αὓτη
1371 1121 1697 1192 κυϐέρνησις
1724 1122 1822 1176 καὶ⁸
1848 1122 1996 1176 ἀντί-

411 1209 572 1280 ληψις
604 1227 685 1263 σοι
707 1211 1020 1282 γενήσεται.
1056 1211 1228 1283 Δεῦρο
1259 1209 1376 1278 οὖν,
1423 1214 1636 1280 τέκνον,
1672 1217 1764 1269 καὶ
1800 1215 1995 1269 κλίνω-

415 1317 515 1370 μιν
552 1301 679 1368 γόνυ
708 1301 760 1354 oi
809 1303 1110 1374 ἀμφότεροι
1158 1304 1351 1375 Κυρίῳ
1381 1306 1459 1374 τῷ
1505 1306 1643 1377 Θεῷ,
1681 1307 1774 1361 καὶ
1817 1307 1878 1360 te
1903 1323 1996 1359 τε·

412 1393 656 1447 λευταίον
685 1392 1136 1465 προσευξώμεθα.
1166 1396 1594 1456 Καὶκλινάντων
1620 1398 1770 1466 γόνυ,
1789 1397 1993 1468 igitur)

415 1484 812 1556 προσεύχεσθαι
839 1487 869 1540 ὁ
904 1485 1092 1550 "(latos
1123 1486 1299 1550 οὕτως
1319 1504 1344 1528 ἠ

495 1773 633 1843 σμβ’.
678 1771 740 1829 ’0
771 1773 984 1846 Πατὴρ,
1019 1774 1048 1828 ὁ
1094 1773 1243 1839 Υἱὸς,
1297 1774 1390 1829 καὶ
1421 1773 1480 1828 τὸ
1531 1775 1698 1844 ἅγιον
1743 1775 1988 1846 Πνεῦμα,

414 1866 586 1936 τριὰς
619 1867 654 1936 ἡ
698 1864 959 1929 ζωοποιδς
987 1867 1082 1919 καὶ
1124 1866 1407 1936 ὁμοούσιος
1447 1868 1542 1921 καὶ
1582 1867 1871 1939 σύνθρονος
1901 1870 1994 1922 καὶ
2025 1846 2080 1904 B-

414 1959 730 2028 ἀμέριστος,
775 1958 1201 2028 παρακαλοῦμεν
1235 1976 1294 2011 σε
1329 1960 1376 2013 oi
1406 1961 1659 2030 πένητες,
1693 1962 1789 2014 καὶ
1832 1960 1990 2026 ξένοι,

416 2053 511 2106 καὶ
533 2053 764 2121 πτωχοὶ,
791 2053 886 2105 καὶ
907 2054 1127 2121 γυμνοὶ,
1155 2055 1248 2105 καὶ
1277 2054 1353 2126 μὴ
1380 2053 1596 2124 ἔχοντες
1623 2056 1724 2124 τὴν
1751 2055 1996 2126 κεφαλὴν

419 2143 522 2214 ποῦ
581 2143 794 2196 κλίναι·
835 2143 1023 2197 ἕνεκεν
1075 2143 1169 2197 τοῦ
1204 2145 1466 2214 ὀνόματός
1499 2162 1594 2198 σου
1641 2145 1896 2214 κλίνομεν
1935 2147 1996 2200 τὸ

415 2235 545 2304 γόνυ
571 2239 673 2306 τῆς
701 2235 877 2306 ψυχῆς
913 2240 1008 2289 καὶ
1039 2236 1134 2290 τοῦ
1179 2234 1452 2306 σώματος,
1489 2237 1584 2290 καὶ·
1625 2238 1724 2307 τῆς
1769 2239 1995 2309 καρδίας

415 2328 508 2380 καὶ
533 2325 628 2380 τοῦ
675 2327 1005 2398 πνεύματος,
1039 2328 1134 2381 καὶ
1179 2326 1414 2397 δεόμεθά
1467 2343 1560 2380 σου
1599 2327 1695 2381 καὶ
1745 2345 1999 2397 παρακα-

413 2419 634 2488 λοῦμεν,
668 2419 766 2473 καὶ
796 2419 1110 2490 ἱκετεύομεν
1142 2435 1225 2483 σε,
1255 2419 1284 2470 ὁ
1331 2419 1486 2481 Θεὸς,
1521 2422 1549 2473 ό
1579 2419 1712 2483 Θεὸς
1743 2420 1804 2473 τὸ
1834 2421 1994 2489 φοϐε-

379 2519 382 2522 ’
417 2513 510 2583 ρον
552 2511 723 2583 ὄνομα
767 2511 1015 2578 Σαϐαὼθ,
1051 2513 1222 2581 ἀγαθὲ
1261 2512 1356 2564 καὶ
1397 2511 1520 2579 ἅγιε
1551 2514 1819 2578 Δέσποτα,
1861 2513 1997 2566 πλα-

417 2604 645 2674 στουργὲ
673 2604 876 2674 ποιητὰ
901 2605 1322 2675 παντοκράτωρ,
1346 2604 1524 2658 κλῖνον
1547 2606 1607 2658 τὸ
1632 2600 1726 2668 οὖς
1753 2623 1872 2666 σου,
1900 2606 1996 2659 καὶ

415 2696 659 2766 εὐμενῶς
693 2694 986 2767 πρόσδεξαι
1015 2695 1114 2766 τὴν
1146 2696 1430 2766 ἱκετηρίαν
1472 2695 1627 2766 ἡμῶν
1665 2697 1774 2749 τῶν
1805 2714 1995 2751 ταπει-

413 2791 521 2842 νῶν
547 2787 787 2853 ἔντευξιν
811 2789 902 2842 καὶ
925 2787 1132 2857 δέησιν,
1168 2789 1264 2840 καὶ
1297 2787 1635 2852 καταξιωσον
1660 2789 1806 2858 ἡμᾶς
1839 2790 1993 2856 ἁγια-

418 2881 610 2950 σθῆναι
656 2882 715 2933 ἐν
759 2882 826 2950 τῇ
862 2879 1090 2947 δυνάμει
1123 2895 1216 2932 σου
1247 2881 1343 2934 καὶ
1395 2881 1452 2933 ὲν
1491 2881 1569 2949 τῷ
1620 2881 1845 2951 ὀνόματί
1878 2898 1992 2943 σου,

417 2973 718 3043 οἰκτίρμων
774 2973 870 3024 καὶ
923 2971 1194 3043 ἐλεήμων,
1246 2973 1564 3043 μακρόθυμε
1596 2976 1690 3026 καὶ
1741 2973 1992 3026 πολυέλεε

420 3063 612 3132 Κύριε.
664 3059 1058 3134 Ἑλθὲ,1]ατὴρ,
1092 3065 1216 3126 Υἱὸς
1255 3065 1348 3118 καὶ⁴
1380 3065 1442 3118 τὺ
1469 3066 1690 3136 Πνεῦμα
1717 3067 1776 3119 τὸ
1798 3067 1952 3134 ἇγιον
1977 3084 1990 3098 ·

417 3155 561 3222 ἐλθὲ,
593 3156 626 3226 ἡ
655 3155 862 3226 φοϐερὰ
887 3158 1142 3228 ἀστραπὴ
1173 3160 1268 3229 τῆς
1297 3157 1548 3228 θεότητος
1567 3176 1582 3191 ο
1617 3159 1757 3226 ἐλθὲ,
1779 3161 1840 3213 τὸ
1862 3162 1996 3231 κρα-

414 3265 504 3312 τος
540 3248 602 3301 τὸ
623 3249 882 3321 φοϐερόν·
916 3250 1058 3314 ἐλθὲ,
1089 3250 1150 3302 τὸ
1183 3251 1354 3321 ὄνομα
1389 3251 1482 3304 τοῦ
1511 3253 1748 3319 Πατρὺς,
1781 3254 1991 3307 καὶτοῦ

417 3341 571 3405 Υίοῦ,
602 3342 695 3394 καὶ
734 3341 828 3394 τοῦ
863 3342 1020 3410 ἁγίου
1055 3344 1392 3413 Πνεύματος,
1445 3346 1748 3414 συμπαθῶν
1786 3346 1855 3399 τὰ
1886 3365 1991 3398 πα..

417 3431 761 3500 ραπτὼματα
788 3432 969 3502 ἡμῶν,
995 3432 1141 3503 ἅπερ
1161 3436 1484 3504 ἡμάρτομεν
1509 3437 1567 3488 ἐν
1594 3437 1738 3507 λόγῳ
1767 3438 1799 3510 ἢ
1824 3439 1992 3512 ἔργῳ,

417 3523 536 3595 ἡοέν
566 3522 885 3594 ἐνθυμήσει,
910 3524 941 3595 ἢ
969 3526 1025 3576 ὲν
1054 3522 1288 3595 διανοίας
1313 3527 1576 3596 Δεόμεθα,
1603 3529 1816 3599 πάριδε,
1845 3533 1992 3596 ἄνες,

413 3613 571 3683 ἄφες,
599 3614 792 3684 ἀγαθὲ,
835 3615 1197 3686 εὔσπλαγχνε,
1248 3617 1503 3686 ὲλεῆμον,
1560 3620 1854 3673 πολυέλεεο
1899 3623 1995 3674 καὶ

420 3709 495 3777 μὴ
554 3707 924 3780 καταισχύνῃς
979 3709 1150 3778 ἡμᾶς,
1203 3708 1338 3777 μηδὲ
1386 3710 1698 3784 ἀπορρίψῃς
1743 3713 1852 3767 ἀπὸ
1899 3713 1994 3766 τοῦ

415 3797 710 3869 προσώπου
737 3815 852 3862 σου,
886 3800 918 3850 ὁ
943 3799 1101 3868 ἡδονῇ
1129 3801 1222 3858 καὶ
1252 3799 1463 3868 φίλτρῳ
1492 3799 1692 3870 ἔρωτος
1722 3800 1995 3868 γλυκυτά-

414 3908 506 3943 του
532 3890 921 3960 καμπτόμενος
982 3891 1074 3942 ἐπὶ
1119 3893 1239 3953 ταῖς
1281 3891 1558 3957 ἐντεύξεσι
1590 3892 1697 3946 τῶν
1739 3894 1995 3962 ἀγαπών-

414 3999 520 4036 των
543 3998 624 4035 σε.
656 3981 964 4051 Παρακαλῶ
1001 3998 1082 4044 σε,
1113 3982 1376 4044 Δέσποτα,
1408 3984 1470 4039 τὸ
1485 3984 1676 4038 τέκνον
1704 4003 1808 4049 μου
1839 3986 1996 4038 τοῦτο

413 4073 473 4126 τὸ
513 4072 740 4126 ὄπισθεν
761 4073 859 4143 τῆς
901 4074 1042 4142 ἐμῆς
1074 4074 1459 4139 ἁνικανότητος
1493 4074 1554 4128 τὸ
1605 4077 1733 4144 γόνυ
1784 4076 1994 4143 κλίναν,

415 4164 649 4232 φώτισον
685 4163 850 4216 αὑτοῦ
879 4165 946 4217 τὰ
978 4165 1203 4234 ὄμματα
1237 4168 1300 4236 τῇ
1332 4167 1588 4238 ἀστραπῇ
1617 4168 1716 4237 τῆς
1745 4169 1843 4238 σῆς
1873 4169 1994 4222 θεό-

413 4271 572 4321 τητος
595 4271 610 4287 °
639 4256 866 4322 ἁγίασον
893 4255 1068 4321 αὑτοῦ¹
1101 4257 1170 4309 τὰ
1195 4258 1357 4326 νοερὰ
1393 4259 1723 4328 αἰσθητήρια
1753 4259 1830 4330 τῷ
1855 4261 1996 4330 ἁγίῳ

417 4360 509 4397 σου
544 4345 824 4413 Πνεύματι
845 4362 858 4378 ·
889 4341 1181 4420 φαίδρυνον
1210 4348 1374 4402 αὑτοῦ
1401 4350 1527 4411 τοὺς
1554 4351 1652 4420 τῆς
1675 4352 1853 4422 ψυχῆς
1882 4353 1997 4407 δια-

414 4435 704 4506 λογισμοὺς
730 4439 798 4508 τῇ
837 4438 1031 4508 ἀφάτῳ
1070 4441 1271 4512 εὐωδίᾳ
1297 4440 1396 4511 τῆς
1427 4441 1657 4506 ἀειζώου
1705 4461 1800 4498 σου
1834 4447 1995 4516 χάρι-

414 4545 532 4593 τος·
559 4530 866 4598 ἐμπνευσον
892 4531 1041 4603 αύτῷ
1068 4533 1283 4604 πνεῦμα
1311 4535 1521 4604 σοφίας,
1541 4537 1758 4608 πνεῦμα
1791 4542 1994 4612 ἰσχύος,

419 4622 632 4694 πνεῦμα
692 4624 981 4691 συνέσεως,
1044 4624 1266 4696 πνεῦμα
1319 4627 1542 4698 ἀγάπης
1603 4631 1697 4683 καὶ
1750 4633 1994 4703 εἰρήνης,

415 4713 628 4782 πνεῦμα
672 4715 1002 4784 πραότητος,
1053 4732 1267 4786 πνευμα
1304 4717 1558 4789 δακρύων
1601 4721 1873 4791 ροητικὸν,
1911 4725 2000 4782 ἵνα

412 4802 763 4872 εὐοδούμενος
813 4807 908 4858 καὶ
962 4806 1378 4876 κυϐερνώμενος
1430 4813 1581 4882 παρὰ
1625 4813 1725 4881 τῆς
1757 4815 1997 4887 ἀρρήτου

415 4908 508 4944 σου
560 4893 762 4961 δεξιᾶς,
815 4897 1020 4969 ποιήσῃ
1064 4897 1243 4952 πάντα
1276 4901 1346 4952 τὰ
1383 4900 1654 4969 εύάρεστά
1709 4920 1801 4956 σου
1850 4908 1908 4959 ὲν
1933 4911 1996 4978 τῇ

413 4983 641 5054 δυνάμει
673 5004 764 5040 σου
801 4988 1130 5064 σωζόμενος.

488 5263 636 5326 σμγ’.
693 5257 874 5311 Ταῦτα
924 5261 1221 5331 εὐξάμενος
1272 5265 1539 5331 ου”Οσιος,
1593 5270 1855 5334 ἀναστὰς,
1905 5271 1997 5326 καὶ

416 5352 912 5420 κατασπασάμενος
954 5355 1122 5408 αὐτοῦ
1152 5358 1222 5408 τὰ
1259 5358 1507 5427 ὄμματα,
1548 5364 1639 5415 καὶ
1674 5363 1735 5415 τὸ
1775 5365 2028 5433 πρόσω-.

420 5458 540 5506 πον,
582 5445 678 5496 καὶ
731 5444 792 5496 τὸ
831 5445 1048 5516 στῆθος,
1107 5449 1200 5500 καὶ
1242 5450 1341 5511 τὰς
1397 5453 1606 5520 χεῖρας,
1652 5454 1747 5505 καὶ
1775 5455 1998 5524 εἰρήνην

415 5536 568 5601 ἄγειν
601 5535 763 5588 αὑτὸν
803 5539 1181 5605 ἐντειλάμενος
1219 5542 1364 5594 ἔνδον
1396 5542 1489 5595 τοῦ
1520 5543 1775 5608 κοιτῶνος
1807 5547 1994 5612 αὐτοῦ,

416 5707 520 5759 que
572 5693 793 5746 minime
846 5693 934 5748 hic
993 5694 1223 5749 idoneus
1279 5695 1491 5752 nobis:
1534 5697 1774 5752 diximus
1813 5707 1994 5754 autem

416 5763 587 5837 videri
636 5765 1211 5837 a‘ssutnpsisse,»cum
1256 5770 1558 5823 monachus
1596 5771 1785 5835 fleret,
1834 5779 2028 5837 atque.

421 5831 472 5885 in
534 5831 1310 5914 patriarchaturetinuisse,
1369 5854 1566 5894 nomen
1627 5831 1845 5895 Antonii
1909 5831 1991 5896 vel

2104 588 2253 637 vero,
2296 571 2394 639 liii,
2428 572 2653 640 videsis,
2685 583 2739 627 ιιι
2773 589 3049 646 nunquam
3086 577 3270 631 animo
3303 589 3396 634 tuo
3428 581 3680 636 elabatur

2102 664 2270 718 timor
2314 663 2572 730 Domini;
2622 681 2685 719 ex
2716 673 2829 719 toto
2862 666 3028 721 corde
3069 677 3162 722 tuo
3205 668 3367 739 dilige
3402 669 3591 732 illum,
3628 680 3677 721 et

2101 753 2296 809 crebro
2325 755 2511 810 multis
2539 770 2663 809 cum
2703 755 2960 827 lacrymis
3001 771 3248 826 precare.
3315 755 3674 823 QuOtiescnn-

2103 861 2206 915 que
2252 848 2660 902 sacrificaturus
2707 847 2917 902 astabis
2963 862 3148 901 coram
3197 846 3447 910 Domino,
3508 849 3676 900 multa

2101 952 2224 991 cum
2252 937 2552 992 reverentia
2581 948 2635 991 et
2669 937 2998 1000 humilitate,
3033 948 3306 992 memento
3333 953 3548 1006 semper
3579 937 3682 990 mei

2100 1029 2156 1084 in
2209 1029 2411 1084 sanctis
2459 1028 2829 1084 oblationibus
2887 1030 3024 1095 tuis;
3077 1041 3131 1083 et
3182 1028 3450 1083 Dominus
3509 1027 3677 1088 Deus.

2100 1137 2428 1191 quocunque
2476 1121 2532 1176 in
2570 1129 2712 1176 statu
2761 1121 2933 1175 fueris
2957 1161 2973 1186 ,
3010 1131 3062 1176 te
3102 1121 3488 1192 propugnabit.
3519 1120 3680 1183 Ecce,

2099 1232 2223 1286 quae
2269 1231 2435 1285 supra
2486 1215 2709 1270 modum
2757 1213 3041 1268 benedicta
3101 1223 3157 1268 et
3215 1213 3518 1285 glorificata
3570 1225 3680 1279 est.

2100 1317 2290 1363 sancta
2337 1305 2436 1360 Dei
2487 1306 2728 1361 Genitrix
2776 1315 2836 1360 ιθ-
2868 1314 3068 1374 tuaque
3108 1304 3435 1376 gubernabit
3483 1307 3680 1359 ret-tis-

2099 1401 2239 1456 sime
2282 1413 2346 1454 ac
2378 1397 2650 1454 defendet.
2696 1397 2810 1453 lluc
2847 1398 2998 1464 ad'es,
3036 1397 3147 1463 lili;
3195 1397 3480 1452 ﬂectamus
3512 1398 3676 1453 simul

2100 1504 2273 1559 genua
2307 1495 2494 1542 nostra
2549 1485 2787 1541 Domino
2835 1487 2967 1552 Deo,
3024 1501 3337 1556 supremam
3369 1489 3676 1542 orationem

2099 1585 2260 1637 simul
2301 1582 2513 1650 fusuri;
2550 1581 2768 1652 illisque
2813 1581 2987 1647 flexis,
3022 1580 3103 1638 ita.
3131 1589 3346 1636 oratum
3379 1590 3461 1636 est
3493 1596 3522 1635 a
3557 1581 3678 1635 viro

2099 1688 2290 1733 sant-to
2314 1695 2330 1733 :

2168 1770 2294 1824 242.
2344 1771 2528 1834 Pater,
2573 1769 2698 1836 Fili,
2753 1779 2808 1824 et
2862 1768 3100 1839 Spiritus
3159 1781 3381 1830 sancte.
3438 1768 3678 1823 Trinitas

2097 1863 2307 1918 vivilica
2327 1902 2344 1928 ,
2373 1863 2427 1918 in
2459 1864 2764 1918 substantia
2791 1863 3008 1923 eadem.
3041 1863 3092 1916 in
3119 1864 3291 1933 gloria
3313 1862 3539 1932 aequalis
3563 1903 3578 1928 ,
3616 1863 3670 1916 in

2097 1956 2344 2025 partibus
2380 1956 2696 2021 individua;
2742 1969 2841 2010 nos
2874 1970 3159 2023 pauperes,
3193 1954 3486 2025 peregrini,
3524 1944 3673 2007 mei‘i-

2099 2047 2204 2100 dici
2250 2062 2316 2100 ac
2345 2047 2513 2110 nudi,
2553 2046 2646 2116 qui
2681 2047 2771 2100 ubi
2802 2055 2966 2113 caput
3009 2059 3340 2114 reponamus
3369 2060 3478 2098 non
3508 2044 3680 2099 habe-

2099 2153 2244 2201 mus,
2285 2137 2645 2206 imploramus
2683 2151 2840 2206 opem
2873 2144 3046 2200 tuam,
3084 2135 3416 2190 inclinantes
3457 2145 3677 2204 propter

2098 2245 2296 2285 nomen
2332 2239 2484 2283 tuum
2513 2240 2620 2284 tam
2651 2230 2854 2283 animm
2871 2244 3041 2298 quam
3068 2229 3337 2296 corporis,
3363 2235 3468 2281 tam
3493 2227 3675 2282 cordis

2101 2337 2264 2390 quam
2291 2321 2516 2390 spiritus
2547 2323 2721 2376 nostri
2751 2334 2952 2389 genua,
2985 2334 3037 2376 et
3065 2336 3290 2375 oramus
3316 2328 3480 2389 atque
3514 2320 3679 2375 obse-

2097 2428 2313 2467 cramus
2344 2428 2445 2467 nec
2469 2430 2574 2468 neu
2605 2421 2658 2468 et
2683 2415 3056 2482 supplicamus
3085 2414 3204 2479 tibi,
3239 2428 3272 2467 ο
3305 2413 3470 2476 Deus,
3509 2413 3675 2475 Deus.

2098 2506 2256 2577 cujus
2319 2507 2559 2560 terribile
2606 2521 2803 2560 nomen
2892 2507 3170 2569 Sabaoth,
3208 2507 3410 2576 Optime
3443 2515 3498 2561 et
3545 2522 3676 2564 sana-

2099 2598 2343 2652 ctissime
2383 2599 2614 2651 Domine
2637 2637 2652 2660 ,
2691 2597 2918 2652 eﬂ‘ectur
2948 2607 3010 2652 et-
3047 2609 3262 2653 creator
3301 2598 3673 2668 omnipotens,

2099 2701 2155 2745 ut
2193 2705 2379 2744 aur-em
2421 2699 2566 2744 tuam
2599 2691 2759 2745 nobis
2807 2691 3100 2753 inclinans,
3153 2691 3385 2760 benigne
3407 2693 3676 2759 suscipias

2101 2785 2388 2838 humilium
2444 2783 2776 2838 famulorum
2832 2795 3049 2838 tuorum
3105 2784 3406 2854 supplicem
3464 2787 3674 2838 oratio-

2099 2889 2246 2938 nem,
2291 2883 2458 2944 utque
2499 2874 2552 2927 in
2586 2875 2785 2929 virtute
2830 2889 2893 2930 ac
2933 2875 3154 2929 nomine
3191 2885 3286 2929 tuo
3320 2890 3420 2930 nos
3454 2885 3681 2931 sanctos

2097 2965 2308 3021 eiiicere
2352 2967 2592 3036 digneris
2620 3008 2634 3032 ,
2681 2967 3006 3023 misericors
3027 2978 3080 3023 et
3120 2970 3411 3023 miseratur
3437 3010 3452 3034 ,
3490 2969 3654 3038 longa

2099 3060 2265 3114 nimis
2310 3069 2364 3114 et
2413 3061 2619 3115 multae’
2654 3061 3024 3116 miserationis
3083 3061 3248 3117 Deus.
3305 3063 3467 3118 Adsis
3518 3064 3675 3118 nobis

2098 3150 2292 3212 Pater,
2329 3149 2430 3204 Fili
2458 3191 2472 3214 ,
2509 3162 2563 3206 et
2597 3150 2833 3220 Spiritus
2865 3161 3086 3216 sancte,
3117 3155 3267 3207 adsis
3299 3153 3556 3223 splendor
3588 3154 3675 3207 itt-

2021 3215 2064 3272 c
2102 3241 2266 3295 finita;
2306 3242 2574 3298 claritatis
2603 3215 2770 3304 Deus.
2808 3245 2952 3298 adsit
2986 3246 3226 3312 potentia
3263 3215 3353 3300 tua
3388 3245 3675 3307 mirabilis.

2095 3340 2257 3400 atque
2290 3332 2344 3385 in
2387 3333 2608 3387 nomine
2648 3333 2829 3388 Patris
2864 3343 2918 3388 ct
2957 3333 3078 3388 Filii
3124 3345 3177 3389 et
3226 3333 3464 3404 Spiritus
3503 3336 3678 3390 sancti

2095 3438 2436 3492 quaecunque
2471 3425 2555 3478 vel
2590 3440 2772 3494 opere.
2838 3427 2919 3480 vel
2948 3427 3134 3486 verbo.
3169 3427 3255 3480 vel
3283 3427 3679 3497 concupiscen-

2097 3515 2196 3579 tia,
2251 3515 2332 3567 νει
2368 3515 2700 3586 cogitatione
2747 3517 3070 3570 admisimus
3116 3516 3334 3580 delicta,
3368 3517 3678 3572 misericor-

2097 3604 2242 3658 diter
2277 3607 2436 3659 nobis
2467 3605 2723 3672 dimitte;
2756 3607 2991 3672 dimitte,
3024 3607 3280 3676 inquam,
3316 3609 3588 3674 condona,
3623 3621 3677 3664 et

2096 3696 2374 3760 oblittera,
2431 3698 2678 3766 piissime
2711 3697 2964 3762 Domine,
3010 3699 3167 3767 cujus
3197 3699 3583 3753 misericordia:
3623 3711 3679 3755 et

2097 3788 2477 3843 miserationes
2518 3789 2701 3843 multa:
2744 3801 2908 3856 sunt;
2958 3806 3024 3844 ne
3057 3789 3360 3844 confundas
3389 3805 3512 3854 nos,
3545 3807 3679 3846 neve

2095 3880 2356 3948 projicias
2384 3896 2414 3934 a
2447 3880 2586 3934 facie
2616 3889 2706 3934 tua
2734 3920 2750 3945 ,
2798 3883 2889 3950 qui
2940 3882 3217 3951 voluptate
3261 3889 3316 3936 et
3347 3882 3514 3936 illicio
3540 3899 3678 3953 quo—

2095 3967 2456 4028 dam'amoris
2502 3974 2850 4038 suavissimi,
2901 3974 3240 4030 converteris
3267 3975 3335 4030 ad
3370 3976 3678 4030 orationem

2093 4064 2435 4133 diligentium
2495 4074 2567 4118 te.
2625 4065 2867 4121 Obsecro
2921 4077 3006 4132 te,
3067 4067 3317 4132 Domine,
3372 4078 3432 4123 ut
3489 4068 3678 4124 oculos

2098 4155 2280 4226 hujus,
2315 4171 2454 4226 pone
2500 4173 2584 4212 me
2629 4159 2899 4213 flectentis
2923 4175 3095 4229 genua
3121 4200 3136 4224 ,
3173 4159 3266 4216 lilii
3300 4163 3442 4229 mei,
3479 4162 3679 4218 divina:

2096 4249 2361 4302 claritatis
2386 4260 2492 4303 tute
2513 4249 2801 4319 splendore
2831 4248 3140 4319 illumines;
3171 4264 3231 4306 ut
3258 4269 3450 4310 omnes
3481 4256 3679 4310 anima:

2097 4336 2382 4392 facultates
2408 4337 2616 4408 Spiritu
2658 4348 2752 4395 tuo
2786 4339 3133 4407 sanctiﬁces;
3194 4352 3254 4396 ut
3297 4345 3496 4399 mentis
3529 4345 3680 4414 cogi-

2095 4431 2332 4486 tationes
2388 4432 2746 4486 inenarrabili
2795 4448 3012 4502 semper
3065 4433 3300 4504 vigentis
3341 4437 3528 4506 gratia:
3574 4447 3680 4491 tua:

2100 4520 2400 4592 fragrantia
2427 4523 2647 4576 condita
2679 4523 2996 4590 exhilares;
3032 4532 3091 4577 ut
3121 4523 3356 4594 inspires
3399 4527 3475 4581 illi
3513 4527 3672 4596 spiri-

2103 4625 2215 4668 tum
2263 4613 2581 4684 sapientite,
2631 4613 2883 4682 spiritum
2915 4615 3272 4681 fortitudinis,
3307 4619 3560 4687 spiritum
3593 4622 3679 4676 in-

2101 4707 2412 4778 telligentia:
2434 4745 2451 4768 .
2482 4706 2735 4776 spiritum
2770 4707 3078 4763 dilectionis
3110 4721 3165 4764 et
3193 4713 3380 4779 pacis,
3419 4711 3674 4782 spiritum

2103 4797 2546 4854 mansuetudinis
2569 4836 2586 4861 ,
2642 4797 2892 4866 spiritum
2924 4797 3162 4868 denique
3196 4801 3468 4856 salutares
3495 4800 3678 4874 lacry-

2102 4905 2222 4944 mas
2251 4889 2559 4943 elicientem
2599 4906 2612 4943 :
2646 4904 2760 4958 quo
2791 4898 2940 4945 recta
2985 4890 3246 4946 incedens
3273 4892 3382 4958 via,
3411 4893 3679 4963 dirigente

2101 4981 2372 5035 inlallihili
2419 4981 2774 5036 dextera‘tua
2826 4985 3187 5051 gubernetur;
3239 4993 3294 5037 et
3328 4983 3582 5054 quaelibet
3609 4999 3676 5041 ex

2102 5074 2524 5130 voluntatetua
2558 5075 2868 5146 placitoque
2916 5090 3172 5146 operans,
3230 5077 3283 5131 in
3331 5079 3532 5134 virtute
3583 5089 3675 5134 tua

2101 5167 2268 5218 vitam
2305 5175 2672 5233 consequatur
2703 5177 2987 5220 aeternam.

2169 5261 2295 5316 245.
2342 5261 2418 5316 Ita
2455 5272 2708 5332 precatus
2747 5264 2992 5317 Andreas
3016 5303 3032 5328 ,
3060 5267 3334 5334 surrexit;
3370 5277 3482 5321 tum
3517 5282 3676 5323 oscuo

2103 5356 2242 5412 latus
2275 5355 2563 5426 Epiplianii
2607 5359 2819 5418 oculos.
2865 5358 3096 5424 vultum,
3142 5369 3332 5430 pectus
3370 5367 3424 5414 et
3457 5375 3674 5430 manus,

2101 5451 2459 5520 hortatusque
2481 5491 2497 5516 ,
2537 5459 2596 5505 ut
2641 5451 2694 5504 in
2728 5467 2828 5505 suo
2860 5467 2918 5506 se
2945 5452 3188 5508 conclavi
3239 5453 3464 5523 pacifice
3503 5456 3678 5509 conti-

2101 5553 2283 5610 neret,
2317 5544 2515 5600 acerbe
2540 5542 2814 5598 dolentem
2845 5557 2910 5599 ac
2940 5544 3327 5600 lamentantem
3362 5545 3676 5615 relinquens

2099 5701 2494 5899 :ggiwltiagis
2530 5772 2631 5830 hoc
2673 5771 2966 5843 Polyeucto
2998 5773 3289 5832 convenire
3319 5771 3480 5828 etiam
3517 5771 3674 5829 initio

2139 5859 2362 5899 mmus.

2139 5859 2362 5900 mutus.
