4076 6390
407 339 508 410 Εδτ

1179 338 1604 402 NICEPHORI
1643 339 1907 411 PRESB.
1953 344 2061 406 CP.
2101 344 2279 406 VITA
2318 346 2380 405 S.
2422 342 2752 403 ΑΝΒΒΕίΕ
2788 343 2982 404 SALI.

3570 335 3677 422 res

405 451 681 528 discessit.
715 452 1050 510 Perveniens
1088 452 1214 508 hinc
1258 455 1345 525 ad.
1374 454 1818 520 ambulationes,
1873 470 1994 524 quin

2105 453 2238 512 οὕτω
2263 459 2478 537 πικρῶς
2506 456 2813 528 θρηνοῦντα
2837 457 3022 525 ἀφεὶς,
3054 445 3392 526 ἀνεχώρησε.
3424 440 3680 505 καταλαδ

409 551 513 607 sub
539 547 838 620 porticibus
886 552 1050 608 sunt,
1086 552 1255 600 totam
1288 555 1502 600 noctem
1542 561 1640 616 pro
1679 547 1989 617 periclitan-

407 644 574 708 tibus,
621 655 722 710 pro
760 637 993 702 afﬂictis,
1037 653 1136 708 pro
1187 639 1514 693 necessitate
1547 637 1729 708 aliqua
1760 639 1986 708 pressis,

408 750 508 804 pro
539 747 762 788 carcere
801 731 1033 787 detentis
1060 763 1076 796 ,
1111 745 1208 799 pro
1235 731 1493 786 omnibus
1521 729 1759 801 denique
1798 732 1989 786 mundi

407 826 605 882 incolis
674 823 883 881 orando
943 824 1227 893 transegit.
1279 823 1458 890 Atque
1523 823 1596 878 ita
1652 834 1912 879 evocatus
1959 839 1991 880 e

413 919 596 980 terris,
637 918 828 972 videns
869 917 1185 970 universum
1220 925 1539 970 sanctorum
1574 930 1790 986 agmen,
1820 916 1990 970 veluti

407 1007 732 1066 familiarem
793 1025 952 1064 suum
1003 1007 1401 1074 invisentium,
1468 1008 1628 1064 hilari
1684 1008 1991 1080 ridentique

406 1102 562 1156 vultu
594 1102 844 1172 spiritum
875 1101 1079 1158 emisit.

482 1193 609 1248 244.
660 1191 865 1247 Interea
912 1195 1242 1264 paupercula
1285 1194 1534 1266 quaedam
1593 1194 1815 1254 mulier.
1869 1209 1991 1266 quae

409 1282 609 1338 ibidem
653 1283 707 1338 in
740 1285 1016 1355 tuguriolo
1043 1289 1301 1357 quopiam
1331 1287 1674 1348 morabatur,
1708 1287 1988 1357 copiosam

406 1377 669 1445 unguenti
698 1377 1052 1446 fragrantiam
1079 1394 1143 1435 ac
1169 1379 1547 1451 thymiamatis
1571 1379 1813 1435 suaviter
1834 1379 1990 1435 olen-

409 1470 500 1532 tis,
546 1485 670 1524 cum
706 1470 857 1524 nullo
887 1471 1060 1525 altero
1089 1471 1442 1542 comparandi
1474 1511 1489 1534 ,
1523 1481 1578 1526 et
1619 1481 1834 1541 captum
1867 1487 1990 1526 om-

404 1576 528 1618 nem
561 1563 843 1616 hominum
878 1564 1367 1631 supergredientis,
1399 1562 1624 1618 odorem
1656 1562 1988 1633 percipiens,

402 1655 639 1731 prosiliit
666 1655 890 1720 subito;
941 1657 1222 1726 petituque
1251 1655 1479 1719 lumine,
1523 1666 1710 1710 secuta
1738 1655 1988 1719 odorem,

403 1746 474 1801 ad
525 1747 705 1800 locum
773 1752 914 1802 unde
961 1748 1324 1816 promanabat
1368 1748 1624 1813 devenit;
1683 1748 1992 1816 reperitque

404 1837 533 1892 istic
563 1838 786 1892 beatum
813 1839 1087 1894 Andream
1113 1839 1222 1893 vita
1251 1837 1525 1904 functum,
1556 1847 1608 1892 et
1634 1838 1994 1908 deprehendit

406 1928 651 1983 divinum
690 1931 850 1984 islum
885 1930 1112 1984 odorem
1145 1931 1320 2001 magis
1345 1931 1628 2000 magisque
1657 1928 1992 1998 fragrantem

409 2020 676 2089 aspirare,
721 2029 775 2074 et
806 2031 1208 2091 unguentorum
1250 2021 1644 2092 scaturiginem
1678 2021 1857 2074 instar
1889 2017 1995 2072 ﬂu-

405 2112 572 2166 n.inis
604 2113 925 2168 mirabiliter
955 2128 986 2168 e
1025 2113 1274 2184 reliquiis
1324 2114 1535 2184 egredi.
1566 2112 1785 2178 Qua‘de
1831 2126 1996 2166 causa

408 2201 476 2256 ad
508 2205 641 2258 alios
673 2205 940 2274 quosdam
976 2204 1172 2261 festine
1201 2220 1519 2269 accurrens,
1545 2205 1691 2274 quod
1723 2203 2001 2258 acciderat

410 2297 764 2362 miraculum,
800 2295 910 2350 Deo
947 2296 1068 2366 ipso
1103 2297 1156 2350 in
1190 2306 1379 2351 testem
1407 2305 1624 2360 vocato,
1655 2293 1840 2364 jurata
1872 2307 1999 2348 nar-

409 2387 571 2440 ravit.
618 2385 756 2440 lliuc
785 2386 1010 2441 excitati
1054 2387 1274 2456 plures,
1319 2387 1386 2442 ad
1435 2387 1618 2442 locum
1650 2385 1995 2454 designatum

409 2488 810 2534 '.0llClll‘l‘Cl'Ulll
845 2497 859 2534 :
896 2495 1006 2551 quo
1054 2481 1584 2551 appropinquantes,
1625 2478 1838 2533 nullum
1874 2493 1997 2532 om-

411 2558 542 2626 nino
572 2569 826 2626 viderunt
876 2572 1152 2627 hominem
1182 2611 1198 2638 ,
1241 2574 1336 2626 sed
1393 2571 1568 2627 solam
1631 2569 1896 2641 unguenti
1943 2578 2000 2624 et

411 2663 618 2717 incensi
672 2660 1029 2731 fragrantiam
1084 2673 1481 2733 perceperunt,
1533 2661 1794 2716 mirantes
1837 2661 2000 2716 vehe-

411 2740 665 2820 inenter,
718 2755 901 2810 nullas
966 2754 1179 2825 uspiam
1235 2754 1339 2808 viri
1375 2753 1552 2810 sancti
1608 2753 1872 2822 reliquias
1903 2751 1998 2806 den

411 2847 674 2916 prehendi
710 2863 725 2900 :
771 2848 1132 2902 transtulerat
1172 2847 1319 2902 enim
1358 2847 1479 2902 illas
1501 2847 1767 2902 Dominus
1798 2845 1905 2900 alio
1931 2855 1997 2900 ex

414 2939 622 3009 iudicio
663 2954 766 2994 suo
806 2939 994 2994 divino
1022 2979 1036 3006 ,
1078 2940 1224 3008 quod
1267 2939 1418 2994 illum
1456 2954 1564 2996 non
1599 2939 1751 3006 latet,
1787 2939 1879 3008 qui
1913 2953 2000 2991 ar-

413 3047 549 3086 cana
583 3031 840 3103 qualibet
878 3031 1024 3086 illius
1056 3030 1299 3086 facinora
1341 3031 1506 3086 habet
1541 3042 1847 3103 perspecta.

2092 555 2204 606 6ὼν
2231 552 2288 606 δὲ
2311 553 2370 606 ιν
2395 552 2506 614 τοῖς
2533 549 2856 622 περιπάτοις
2885 549 3071 612 τόποις
3097 550 3211 611 τοῖς
3239 545 3498 600 ὑποκάτω
3525 538 3678 598 οὖσιν

2091 644 2362 714 ἐμϐόλοις,
2391 645 2486 697 καὶ
2515 643 2603 696 διὰ
2631 641 2814 710 πάσης
2835 639 3030 705 νυκτὸς
3062 637 3501 710 προσευχόμενος
3533 636 3714 712 ὑπὲρ(

2090 735 2202 788 τῶν
2235 737 2294 788 ὲν
2339 733 2603 797 κινδύνοις
2633 735 2727 788 καὶ
2771 731 3006 802 θλίψεσι,
3048 733 3142 784 καὶ
3171 731 3460 798 ἀνάγκαις,
3491 731 3584 782 καὶ
3619 716 3706 782 tv:

2091 827 2516 898 αἰχμαλωσίαις,
2555 828 2650 882 καὶ
2677 825 2816 896 ὑπὲρ
2863 824 3067 887 παντὸς
3106 824 3200 876 τοῦ
3231 822 3461 892 κόσμου,
3501 818 3679 883 οὕτως

2093 921 2188 974 ἐπὶ
2217 921 2316 992 γῆς
2350 918 2700 990 ἀνακληθεὶς,
2733 918 2828 970 καὶ
2853 917 2997 987 δρῶν
3021 915 3269 978 ἅπαντας
3319 915 3446 977 τοὺς
3482 911 3677 980 ἁγίους

2093 1009 2282 1080 ὥσπερ
2315 1011 2504 1080 φίλους
2540 1011 2676 1078 πρὸς
2711 1009 2875 1062 αὐτὸν
2911 1005 3418 1078 παραγενομένους,
3456 1001 3681 1073 μειδιῶν

2091 1107 2168 1176 τῷ
2203 1105 2503 1176 προσώπῳ,
2535 1106 2716 1174 ἀφῆκε
2746 1105 2809 1158 τὸ
2841 1102 3078 1172 πνεῦμα.

2167 1200 2305 1270 σμδν.
2350 1200 2439 1252 Ἐν
2473 1193 2554 1261 οἷς
2600 1197 2823 1264 γύναιον
2873 1193 3132 1266 πενιχρὸν
3179 1190 3288 1246 τῶν
3333 1193 3535 1252 lnios,
3582 1189 3680 1242 ἐπὶ

2091 1293 2336 1362 καλύϐης
2388 1293 2485 1360 τὴν
2544 1291 2865 1359 κατοίκησιν
2919 1289 3062 1358 ἔχον,
3112 1286 3216 1356 τὴν
3263 1283 3531 1353 πολυτελῆ
3581 1280 3680 1335 τοῦ

2096 1385 2271 1456 μύρου
2308 1385 2535 1438 εὐωδίαν
2571 1385 2665 1436 καὶ
2709 1381 3076 1452 θυμιαμάτων
3111 1380 3356 1443 ἐκείνων,
3408 1376 3516 1430 τῶν
3543 1376 3684 1446 ἡδυ-

2095 1479 2274 1532 πνόων
2299 1477 2391 1532 καὶ
2420 1478 2790 1546 ἀσυγκρίτων,
2825 1476 2921 1528 καὶ
2951 1475 3133 1528 ’πάντα
3163 1471 3288 1526 νοῦν
3319 1467 3682 1540 ὑπερϐαινόν-

2095 1588 2203 1625 των
2256 1568 2748 1639 κατοσφρανθεῖσα,
2782 1566 2987 1636 σπουδῇ
3035 1564 3338 1624 ἀναστᾶσα,
3393 1559 3489 1614 καὶ
3525 1558 3684 1626 φῶτα

2095 1663 2462 1733 αἰτησαμένη,
2506 1662 2601 1715 καὶ
2655 1657 3135 1728 ὲξακολουθήσασα
3185 1658 3287 1723 τὴν
3339 1653 3571 1707 εὐωδίαν
3603 1649 3683 1720 τῷ

2098 1755 2247 1823 τόπῳ
2280 1754 2485 1824 ἐπέστη
2507 1767 2521 1781 ’
2551 1745 2680 1822 εὗρε
2717 1751 2775 1804 δὲ
2809 1751 2900 1804 τὸν
2929 1750 3217 1817 Μακάριον
3248 1746 3391 1800 τέλει
3436 1743 3530 1798 τοῦ
3565 1743 3682 1813 βίου

2099 1845 2464 1918 χρησάμενον,
2506 1844 2600 1897 καὶ
2627 1843 2726 1913 τὴν
2755 1841 2945 1912 θείκὴν
2983 1843 3202 1910 εκείνην
3245 1838 3476 1893 εὐωδίαν
3505 1835 3684 1904 πολλῷ

2103 1938 2286 2009 μεῖξον
2316 1938 2728 2007 ἀναδιδομένην,
2762 1938 2856 1990 καὶ
2904 1937 3094 2005 μύρων
3142 1931 3403 1988 έκὸλυσιν
3442 1929 3684 1998 παραδό-

2101 2029 2206 2095 ξως
2235 2031 2300 2083 ἐκ
2319 2028 2414 2082 τοῦ
2435 2028 2690 2098 λειψάνου
2723 2027 3086 2098 ὲξερχομένην
3119 2024 3451 2094 ποταμηδόν.
3484 2023 3685 2092 Ἐδρα·

2103 2137 2202 2194 μεν
2240 2119 2334 2176 οὖν
2371 2122 2465 2176 καί
2510 2135 2619 2174 τισι
2663 2120 2726 2173 τδ
2777 2119 2962 2189 θαῦμα
3012 2116 3315 2188 ἀπήγγειλε
3353 2115 3452 2168 σὺν
3511 2115 3682 2182 ὅρκῳ,

2103 2217 2357 2286 μάρτυρα
2399 2215 2488 2268 τὸν
2522 2213 2656 2266 Θεὸν
2705 2211 3182 2282 προσκαλουμένη.
3225 2208 3337 2262 Καὶ
3368 2207 3433 2278 δὴ
3474 2206 3687 2260 πολλῶν

2101 2307 2646 2378 συνδεδραμηκότων,
2691 2304 2768 2368 ώς
2805 2303 2863 2357 δὲ
2899 2303 3129 2373 πλησίον
3179 2300 3450 2366 ἐγένοντο,
3500 2299 3689 2352 οὐκέτι

2099 2402 2220 2456 τινὰ
2252 2401 2585 2471 ἑωράκασιν,
2617 2399 2667 2452 εί
2703 2398 2779 2468 μὴ
2812 2396 2918 2449 ὑπὸ
2943 2396 3045 2466 τῆς
3086 2394 3347 2465 εὐοσμίας
3376 2394 3472 2446 τοῦ
3507 2391 3684 2465 μύρου

2101 2497 2196 2548 καὶ
2237 2493 2347 2547 τῶν
2381 2492 2749 2561 θυμιαμάτων
2794 2489 3230 2558 κατεπλήττοντο
3263 2486 3407 2554 λίαν,
3436 2487 3690 2556 οὐδαμῶς

2100 2591 2282 2659 εὑρεῖν
2305 2587 2629 2656 δυνηθέντες
2656 2583 2752 2637 τοῦ
2795 2583 2977 2651 ’Δγίου
3007 2581 3070 2636 το
3097 2581 3372 2651 λείψανον.
3405 2582 3689 2652 Μετέθηκε

2103 2682 2213 2753 γὰρ
2243 2679 2375 2734 αὐτὸ
2403 2681 2433 2733 ὁ
2464 2678 2689 2750 Κύριος,
2727 2676 2993 2747 κρίμασιν
3028 2675 3180 2735 ἰδίοις
3211 2668 3292 2738 οἷς
3333 2677 3542 2738 ἐκεῖνος
3569 2677 3687 2728 irri-

2102 2790 2318 2839 σταται,
2372 2774 2401 2826 ὁ
2447 2771 2544 2826 καὶ
2594 2771 2665 2824 τὰ
2718 2770 3014 2841 ἀπόκρυφα
3070 2767 3235 2823 αὐτοῦ
3287 2765 3686 2837 κατορθώματα

2103 2864 2488 2936 ἐπιστάμενος.

484 3123 612 3178 245.
643 3102 840 3177 Beatus
871 3126 1054 3192 itaque
1087 3123 1358 3188 Andreas,
1385 3123 1466 3178 sol
1495 3125 1595 3179 iste
1617 3123 1995 3188 absconditus,

2179 3141 2323 3205 σμε⁹.
2365 3131 2685 3204 Ἐτελειώθη
2719 3130 2777 3185 δὲ
2824 3133 2852 3185 ὁ
2889 3130 3131 3202 κρυπτὸς
3155 3129 3305 3199 ἥλιος
3342 3131 3436 3192 καὶ
3465 3128 3695 3199 οὐρανοο

415 3226 465 3268 et
497 3215 749 3268 columna
799 3213 867 3268 ad
915 3216 1117 3269 caelum
1167 3230 1343 3284 usque
1393 3215 1751 3286 pertingens,
1803 3215 1900 3285 qui
1948 3225 2002 3270 et

415 3321 622 3375 pauper
667 3315 721 3359 et
765 3308 1088 3375 peregrinus
1133 3315 1187 3362 et
1222 3308 1424 3362 stultus
1464 3317 1520 3361 et
1561 3307 1804 3360 omnium
1854 3306 2007 3376 peri-

418 3413 606 3468 psema
681 3396 864 3452 factus
944 3398 1122 3453 fuerat
1182 3407 1407 3468 propter
1469 3389 1798 3462 Dominum,
1845 3401 2006 3452 vitam

417 3491 563 3545 banc
591 3490 1054 3559 duodetrigesima
1090 3490 1178 3544 die
1224 3489 1349 3544 Maii
1401 3489 1710 3556 conclusit,
1764 3503 1917 3545 sexto
1957 3501 2010 3545 et

420 3581 768 3651 sexagesimo
797 3583 972 3638 aetatis
1005 3597 1119 3638 suae
1145 3598 1315 3647 anno;
1348 3583 1564 3639 occulte
1588 3599 1748 3638 suum
1781 3598 2007 3654 agonem

420 3688 819 3732 consummans
877 3685 932 3729 et
987 3675 1096 3729 Deo
1159 3676 1261 3732 soli
1316 3677 1592 3746 cognitus.
1655 3674 1769 3745 Ego
1829 3687 2008 3730 autem

422 3769 790 3838 Nicephorus,
838 3783 934 3838 per
966 3767 1401 3824 misericordiam
1448 3770 1841 3837 omnipotentis
1890 3767 2009 3833 Dei,

422 3863 480 3916 in
511 3875 802 3916 numerum
843 3860 1293 3932 presbyterorum
1341 3858 1549 3929 Magnae
1591 3859 1859 3923 ecclesias,
1890 3876 2012 3929 qua:

425 3953 482 4008 in
519 3952 622 4007 hac
666 3951 883 4007 urbium
930 3952 1118 4022 regina
1162 3950 1257 4006 Dei
1309 3953 1511 4020 Suphia
1563 3953 2011 4021 cognominatur,

424 4046 670 4110 ascitus,
716 4044 1024 4098 mirabilem
1069 4045 1276 4100 hancce
1315 4042 1652 4101 et'celebris
1697 4044 1855 4100 famae
1922 4043 2014 4098 fu-

424 4153 604 4193 turam
652 4138 1052 4208 religiosissimi
1095 4137 1546 4208 sanctissimique
1577 4137 1756 4193 Patris
1783 4137 2016 4193 Andreae

433 4229 608 4284 Vitam
637 4228 984 4298 conscripsi,
1020 4244 1082 4283 ea
1120 4231 1174 4284 in
1203 4233 1660 4284 commentarium
1691 4237 2012 4300 prmsentem

430 4323 698 4386 referens,
733 4337 854 4392 quae
884 4323 1079 4392 partim
1109 4324 1286 4380 oculis
1311 4324 1448 4378 meis
1488 4325 1606 4393 ipse
1652 4323 1786 4389 vidi,
1817 4323 2015 4394 partim

431 4415 599 4470 didici
628 4431 692 4470 ex
728 4414 1034 4485 Epiphanio
1063 4453 1078 4480 ,
1131 4414 1274 4470 facto
1305 4416 1394 4470 hic
1438 4416 1636 4471 deinde
1672 4415 2019 4471 reverendis-

2113 3228 2296 3302 μήκης
2331 3224 2523 3288 στῦλος
2576 3225 2769 3295 πυρὸς,
2807 3224 2837 3276 ὁ
2886 3223 3158 3294 μακάριος
3218 3221 3496 3290 Ἀνδρέας.
3545 3222 3574 3274 ὁ
3607 3221 3699 3274 διὰ

2111 3313 2315 3384 Κύριον
2348 3313 2518 3383 πένης
2547 3313 2640 3366 καὶ
2672 3313 2819 3378 ξένος
2845 3314 2941 3366 καὶ
2990 3311 3569 3382 καταπεφρονημένος,
3600 3313 3699 3364 καὶ

2112 3406 2218 3459 ὐπό
2248 3404 2464 3459 πάντων
2489 3404 2747 3474 ὲξουθενη
2757 3403 2937 3474 μένος,
2965 3405 3098 3474 μηνὶ
3126 3405 3289 3474 Μαΐῳ
3315 3404 3487 3457 είκάδι
3512 3404 3696 3474 ὀγδόῃ,

2110 3498 2391 3569 ἑξηκοστῷ
2437 3497 2585 3568 ἕκτῳ
2631 3497 2741 3551 ἔτει
2790 3498 2882 3550 τὸν
2913 3497 3100 3564 ἀγῶνα
3143 3495 3392 3568 κρυπτὸς
3441 3495 3700 3565 διηγωνι-

2115 3591 2336 3658 σμένος,
2377 3587 2497 3657 Θεῷ
2528 3587 2586 3642 δὲ
2623 3587 3044 3656 διεγνωσμένος,
3079 3587 3156 3649 ὡς
3201 3586 3383 3647 καλῶς
3423 3587 3696 3654 ἀγωνισσὶο

2116 3699 2300 3751 μενος.
2347 3679 2488 3748 Ἐγὼ
2510 3680 2567 3734 δὲ
2595 3679 2644 3732 Ν
2652 3680 2936 3749 ικηφόρος,
2967 3679 3108 3732 ἐλέει
3138 3679 3234 3733 τοῦ
3260 3679 3701 3749 παντοκράτορος

2114 3771 2252 3825 Θεοῦ
2293 3771 2560 3842 ὑπάρχων
2595 3770 3080 3842 κατηριθμημένος
3113 3771 3171 3822 ὲν
3199 3773 3309 3831 τοῖς
3337 3769 3542 3840 ίερεῦσι
3568 3767 3704 3822 ταύ-

2114 3882 2214 3934 της
2243 3867 2342 3934 τῆς
2379 3863 2624 3934 μεγάλης
2685 3862 2980 3931 ἐκκλησίας
3017 3861 3116 3926 τῆς
3150 3860 3418 3930 βασιλίδος
3461 3860 3572 3913 τῶν
3605 3861 3704 3914 πό-

2115 3954 2255 4006 λεων
2302 3953 2402 4023 τῆς
2439 3952 2729 4021 ἐπωνύμου
2783 3952 2920 4005 Θεοῦ
2972 3951 3209 4020 Σοφίας,
3268 3949 3704 4022 συνεγραψάμην

2117 4046 2208 4100 τὸν
2240 4045 2557 4114 θαυμαστὸν
2597 4063 2785 4099 τουτον
2836 4046 2950 4115 βίον
2982 4045 3078 4098 καὶ
3124 4045 3563 4116 πολυθρύλλητον
3605 4045 3701 4098 τοῦ

2119 4136 2421 4204 σεϐασμίου
2472 4138 2682 4208 Πατρδς
2730 4137 2823 4190 τοῦ
2875 4141 2934 4191 ἐν
2999 4137 3178 4205 ἁγίοις
3221 4139 3496 4208 Ἀνδρέου,
3536 4137 3573 4192 ἃ
3609 4139 3705 4190 καὶ

2117 4231 2338 4292 οἰκείοις
2381 4229 2679 4299 ὀφθαλμοῖς
2713 4230 2956 4298 ἑώρακα,
2989 4232 3083 4282 καὶ
3135 4232 3288 4300 παρά
3335 4230 3429 4285 τοῦ
3471 4230 3705 4298 Ἐπιφα-

2120 4323 2235 4377 νίου
2275 4321 2369 4376 τοῦ
2420 4321 2693 4392 ἀοιδίμου,
2725 4321 2820 4375 τοῦ
2852 4321 3134 4390 γεγονότος
3161 4321 3352 4376 ἐνθάδε
3399 4323 3705 4393 ἀρχιερέως

2123 4411 2448 4482 μεμάθηκα,
2502 4413 2600 4464 καὶ
2642 4410 2781 4481 τῷδε
2835 4410 2914 4481 τῷ
2969 4411 3362 4481 συγγράμματι
3417 4413 3706 4480 συνέταξα,

432 4511 574 4562 εἱιιιο
604 4507 1016 4579 archiepiscopo
1044 4509 1347 4564 secundum
1396 4510 1802 4580 praedictionem
1843 4507 2000 4578 ipsius

2123 4505 2308 4574 χάριτι
2357 4505 2450 4557 καὶ
2484 4501 2864 4573 φιλανθρωπίᾳ.
2915 4501 3010 4556 τοῦ
3061 4504 3268 4572 Κυρίου
3325 4503 3484 4574 ἡμῶν
3527 4507 3708 4574 Ἰησοῦ

433 4600 607 4654 sancti
656 4615 672 4654 :
713 4600 873 4670 cujus
910 4603 1162 4670 precibus
1203 4616 1515 4656 mereamur
1543 4601 1806 4671 consequi
1848 4601 2016 4654 mise-

434 4691 733 4746 ricordiam
766 4693 820 4745 in
864 4692 954 4747 die
997 4693 1226 4760 iudicii,
1277 4708 1372 4762 per
1401 4693 1632 4762 gratiam
1673 4701 1729 4746 et
1767 4691 2013 4762 benigni--

435 4793 602 4838 tatem
640 4782 854 4839 Domini
887 4785 1059 4842 nostri
1105 4781 1234 4840 «Iesu
1277 4785 1521 4850 Christi,
1561 4785 1649 4840 cui
1695 4798 1821 4838 cum
1851 4783 2012 4836 Patre

438 4885 740 4946 sanctoque
788 4877 997 4948 Spiritu
1048 4878 1253 4946 gloria,
1299 4893 1445 4933 nunc
1487 4885 1541 4930 et
1593 4892 1805 4945 semper
1856 4886 1909 4930 et
1958 4877 2009 4928 in

438 4969 638 5024 saecula
685 4971 1034 5025 seculorum.
1079 4971 1273 5025 Amen.

2121 4591 2382 4664 Χριστοῦ,
2417 4587 2461 4661 ᾧ
2491 4595 2630 4661 μετὰ
2655 4593 2734 4664 τῷ
2766 4591 2942 4661 Ilath
2965 4591 3092 4656 δόξα
3124 4594 3241 4661 ἅμα
3262 4594 3341 4665 τῷ
3371 4595 3511 4665 ἁγίῳ
3541 4595 3707 4647 Ilvati-

2124 4702 2256 4756 ματι
2313 4684 2410 4736 νῦν
2447 4685 2540 4738 καὶ
2564 4684 2649 4738 ἀεὶ
2681 4683 2773 4736 καὶ
2815 4683 2895 4746 είς
2928 4685 3054 4748 τοὺς
3103 4684 3307 4749 αίῶνας
3331 4685 3438 4740 τῶν
3467 4685 3707 4740 αἰώνων.

2133 4777 2327 4846 Ἀμήν.
