4076 6460
439 448 3643 500 Mm

1552 650 1738 700 CIRCA
1789 655 2040 699 MEDIUM
2091 652 2394 700 ελερυιωι
2456 654 2524 699 Χ.

1123 849 2020 966 CONTEXTIO
2097 850 2914 966 GEMMARUM

1940 1086 2110 1172 "sm:

417 1345 1215 1582 llll’l‘lCllll
1310 1348 2448 1582 annnam
2527 1353 3670 1585 lhlllNlllilN-l

861 1845 866 1850 “
1457 1765 2455 1946 ANNALE

1993 1769 2617 1949 ALE-S
2748 1920 2751 1923 .
3601 1753 3603 1756 ⁴

599 2091 918 2155 lllustriss.
978 2094 1223 2156 Joanne
1273 2094 1547 2158 Seldeno
1583 2097 1898 2176 chorago;
1956 2100 2301 2178 interprete
2354 2100 2659 2162 Edwardo
2718 2100 3058 2175 Pocockio,
3107 2101 3467 2188 linguarum

885 2220 1210 2288 Hebraicaa
1243 2233 1304 2288 et
1338 2229 1617 2292 Arabicae
1646 2231 1709 2292 in
1740 2227 2080 2290 Academia
2109 2227 2452 2290 Oxoniensi
2497 2227 2859 2307 professore
2905 2227 3188 2308 publico.

523 2393 785 2458 (Omnia:
811 2394 1054 2461 Impensis
1074 2397 1382 2462 Humphredi
1412 2397 1672 2455 Robinson.
1705 2402 1753 2449 ln
1773 2398 2072 2450 Coemeterio
2104 2400 2216 2452 Divi
2251 2401 2417 2463 Pauli,
2454 2403 2512 2452 ad
2554 2403 2748 2466 insigne
2782 2405 2927 2454 trium
2970 2404 3333 2465 Columbarum,
3375 2402 3540 2466 1658)

2013 2575 2082 2590 —

1691 2705 1798 2771 EX
1861 2707 2369 2774 PBIEFATIONE

1383 2901 1983 3016 JOANNIS
2068 2899 2668 3016 SELDENI

2001 3143 2071 3184 AD

1042 3285 1415 3352 EUTYCHII
1456 3289 1832 3353 ORIGINES
1919 3291 2306 3354 ECCLESL‘E
2384 3287 2991 3362 ALEXANDRIN/E.

462 3445 529 3508 In
573 3463 676 3523 qua
703 3452 765 3506 de
793 3449 1021 3506 auctoris
1046 3452 1270 3518 nomine,
1298 3454 1492 3517 patria,
1524 3449 1808 3510 natalibus.
1835 3462 1964 3511 aevo,
1997 3450 2224 3519 scriptis,
2260 3451 2490 3521 adeoque
2518 3454 2592 3507 eis
2623 3452 2757 3505 unde
2781 3451 3026 3522 Origines
3061 3454 3180 3507 ista:
3211 3460 3454 3522 sumpta.

456 3557 788 3620 Patriarchae
817 3557 944 3613 huic
967 3573 998 3613 a
1026 3543 1298 3614 natalibus
1346 3572 1545 3612 nomen
1581 3569 1698 3612 erat
1746 3557 1874 3612 Said
1926 3574 2048 3614 cum
2101 3559 2408 3627 adiectione
2453 3561 2826 3630 patronymica
2857 3559 2956 3615 lbn
2997 3560 3197 3625 Batrik,
3237 3563 3287 3615 id
3323 3571 3426 3628 est,
3459 3561 3653 3620 Scidit:

392 3643 566 3700 Filius
626 3644 832 3699 Batrici
884 3661 980 3702 seu
1032 3644 1280 3710 Patricii,
1331 3657 1427 3700 aut
1481 3645 1804 3700 Batricides.
1868 3645 2005 3701 Cum
2055 3656 2234 3701 autem
2287 3647 2595 3716 patriarcha
2646 3647 2824 3702 factus
2897 3657 3002 3711 est.
3053 3649 3244 3704 maluit
3295 3649 3398 3703 sibi
3450 3665 3650 3706 nomen

386 3744 700 3816 Fmtivmnst,
749 3751 894 3820 quod
935 3759 988 3806 et
1028 3759 1285 3808 exaratur
1314 3751 1549 3807 subinde
1585 3745 1868 3813 inanimis:
1905 3762 1960 3806 et
1995 3745 2272 3811 imth
2330 3767 2426 3822 pro
2489 3751 2735 3821 eo-quod
2789 3767 2820 3806 e
2877 3752 3066 3808 Graeco
3118 3761 3203 3809 est
3266 3753 3528 3824 Eutyche:
3558 3769 3653 3813 aut

391 3837 706 3909 Eutycltiur.
779 3838 1110 3894 Vocabulum
1168 3839 1299 3894 iilud
1353 3855 1384 3894 e
1448 3841 1637 3896 Graeco
1682 3843 1763 3895 sic
1821 3842 1874 3893 in
1911 3839 2144 3894 Arabica
2209 3839 2475 3893 elementa
2534 3837 2896 3892 deformatum
2940 3840 3041 3909 legi
3079 3839 3294 3911 quidem
3345 3841 3498 3906 olim,
3555 3844 3652 3900 sed

386 3941 494 3980 non
551 3929 668 3981 sine
723 3942 948 3993 errore,
1019 3928 1394 3997 Aphthysius;
1455 3927 1534 3982 uti
1591 3938 1662 3987 et.
1717 3926 1876 3998 juxta
1930 3939 2162 3989 mecum,
2231 3925 2316 3978 vir
2356 3939 2604 3980 summus
2662 3922 2900 3980 Thomas
2950 3925 3223 3995 Erpenius
3291 3927 3647 3984 Orientalium

388 4013 719 4085 linguarum,
753 4017 990 4070 maxime
1018 4017 1284 4081 Arabicae,
1318 4016 1372 4070 in
1399 4015 1694 4070 Occidente
1751 4029 1970 4084 parens,
2001 4011 2128 4066 dum
2158 4012 2312 4075 vixit,
2341 4012 2787 4067 colendissimus.
2824 4013 2880 4068 ιιι
2914 4014 3058 4083 quod
3097 4032 3159 4070 ex
3195 4015 3437 4084 ejusdem
3470 4032 3646 4072 anno:-

390 4105 682 4159 tatiuneula
715 4104 782 4160 de
815 4113 1039 4160 auctore
1095 4106 1219 4168 hoc,
1256 4103 1505 4158 codicum
1553 4105 1752 4172 quibus
1795 4109 1922 4156 utor
1974 4099 2154 4164 alteri,
2186 4115 2283 4160 sua
2335 4113 2521 4165 manu,
2569 4101 2698 4156 dum
2732 4103 3051 4172 aliquandiu
3107 4105 3502 4161 consuetudine
3527 4109 3646 4177 ejus

388 4188 615 4244 Londini
648 4192 808 4246 annis
838 4192 1038 4246 abhinc
1067 4191 1302 4261 amplius
1326 4191 1513 4259 viginti
1545 4190 1784 4253 fruebar,
1806 4187 2016 4258 adjecta
2042 4187 2232 4257 liquet.
2261 4187 2325 4242 Et
2346 4190 2642 4244 lectionum
2677 4190 2946 4258 ejusmodi
2966 4192 3102 4249 satis
3132 4192 3314 4248 ferunt
3336 4195 3454 4264 ipsa
3484 4210 3645 4250 voca-

389 4276 499 4331 buli
537 4279 826 4335 elementa.
868 4279 975 4334 Sed
1007 4280 1226 4334 tandem
1255 4279 1360 4332 vidi
1384 4278 1634 4347 Eutychis
1667 4285 1722 4331 et
1752 4273 2000 4345 Eutychii
2023 4275 2242 4329 nomina
2268 4277 2335 4330 ab
2363 4277 2480 4345 ipso
2506 4277 2673 4332 Saido
2700 4277 2904 4333 eisdem
2938 4279 3135 4335 litteris
3167 4279 3466 4352 designari,
3497 4283 3642 4339 unde

386 4375 439 4419 et
471 4366 721 4421 eumdem
749 4367 1066 4436 Eutychium
1097 4376 1190 4420 aut
1223 4365 1494 4433 Eutychen
1519 4363 1811 4418 dicendum
1845 4363 2071 4419 minime
2097 4364 2362 4422 dubitavi.
2404 4363 2515 4419 Nec
2545 4377 2653 4420 tam
2695 4379 2896 4419 novum
2927 4367 2999 4422 ita
3031 4369 3264 4436 sumpsit
3296 4384 3493 4425 nomen
3519 4371 3641 4426 Sai-

385 4455 511 4520 tlus.
552 4471 713 4527 quam
761 4457 976 4525 pristini
1008 4457 1533 4526 interpretationem,
1574 4461 1667 4506 aut
1716 4451 1822 4504 alia
1851 4466 1916 4504 ex
1950 4451 2130 4520 lingua
2165 4463 2556 4520 synonymum.
2598 4449 2736 4506 Nam
2777 4450 2912 4506 Said
2942 4453 3082 4509 idem
3112 4453 3348 4510 Arabice
3373 4457 3646 4528 signiﬁcat

385 4544 527 4610 quod
561 4544 748 4598 Graece
771 4544 1063 4614 Eutycltius
1091 4551 1184 4597 aut
1207 4540 1487 4612 Eutych“,
1518 4549 1604 4594 aut
1630 4531 1826 4594 Latine
1857 4529 2212 4596 Fortunatus.

455 4658 634 4713 Patria
667 4664 783 4712 erat
823 4652 1409 4728 :Egyptus.Natalium
1459 4653 1613 4708 locus
1657 4651 1749 4720 (ut
1773 4657 2006 4706 testatur
2050 4648 2166 4716 ipse
2204 4649 2254 4701 in
2296 4649 2569 4704 Chalil'atu
2611 4649 2803 4703 Kaltiri
2834 4650 3022 4720 Bitia)
3071 4651 3377 4718 Fnstatum,
3414 4655 3489 4711 de
3526 4674 3636 4727 quo

385 4745 504 4800 vide
524 4785 538 4808 ,
571 4744 615 4800 si
647 4745 846 4814 placet,
874 4743 1258 4816 geographiam
1292 4741 1625 4796 Nubiensem
1653 4740 1707 4795 in
1745 4746 1900 4810 parte
1929 4751 1990 4791 ut
2017 4740 2255 4795 climatis
2281 4740 2315 4794 5
2347 4751 2542 4811 praeter
2567 4740 2961 4796 Leimelavium
2993 4743 3046 4795 in
3075 4742 3362 4800 Pandectis
3396 4747 3633 4802 Turcicis

384 4849 506 4902 cap.
539 4833 602 4888 6-1
638 4842 692 4887 et
713 4832 840 4888 212.
870 4833 1112 4903 Tempus
1145 4834 1411 4888 natalium
1463 4832 1583 4902 ejus
1617 4831 1721 4885 fuit
1754 4844 1933 4885 annus
1959 4841 2184 4886 octavus
2225 4829 2549 4886 Mutemadis
2594 4831 2727 4886 Billa
2777 4832 2870 4888 lbn
2921 4832 3237 4888 Metwachal
3265 4836 3544 4906 Chaliphaa
3577 4839 3631 4891 in

384 4921 558 4992 Syria,
590 4921 865 4976 Achmede
892 4921 984 4974 Ibn
1020 4919 1190 4975 Tolon
1225 4921 1606 4991 Chaliphatum
1633 4919 1916 4972 obtinente
1945 4915 2187 4990 Egypti;
2221 4920 2335 4975 dies
2362 4933 2488 4974 vero
2519 4920 2834 4975 Dominicus
2863 4930 2918 4976 et
2962 4921 3030 4974 27
3063 4923 3266 4976 mensis
3316 4923 3636 4994 Dilbuggiaz.

385 5009 509 5062 anni
538 5008 737 5079 hegira:
763 5007 894 5075 265,
933 5019 987 5062 ut
1018 5008 1320 5076 expressim
1353 5007 1406 5061 in
1439 5007 1689 5061 codicum
1721 5006 1920 5075 quibus
1947 5016 2096 5059 ‘utor
2116 5006 2358 5074 ejusdem
2387 5007 2581 5072 altero,
2608 5009 2721 5062 sive
2767 5008 2836 5063 ab
2860 5011 2978 5078 ipso
3011 5008 3294 5080 Eutychio.
3327 5011 3443 5066 sive
3464 5026 3493 5064 a
3542 5027 3638 5067 ne~

385 5097 500 5149 scio
534 5111 644 5165 quo
675 5095 782 5148 alio
813 5093 1070 5150 traditur.
1095 5093 1170 5148 De
1187 5109 1337 5148 anno
1365 5093 1528 5147 verba
1560 5100 1710 5147 sunt:
1738 5093 1902 5160 Atque
1931 5091 2032 5145 hoc
2057 5093 2224 5146 evenit
2257 5109 2395 5146 anno
2421 5093 2530 5147 265
2557 5095 2756 5147 lunari.
2788 5094 2858 5147 Et
2894 5095 2959 5146 ab
2988 5095 3167 5164 liegira
3193 5095 3261 5148 ad
3284 5097 3484 5152 natales
3523 5099 3636 5166 ejus

384 5189 508 5240 anni
562 5197 684 5242 sunt
736 5187 935 5243 solare:
973 5187 1097 5241 25$.
1127 5188 1259 5242 Dum
1315 5201 1446 5242 vero
1498 5193 1817 5240 numeratur
1850 5182 1924 5246 ibi
1959 5195 2190 5236 annusa
2218 5179 2423 5237 Christi
2490 5183 2886 5249 incarnatione,
2931 5185 2989 5236 llt
3021 5183 3108 5238 ille
3161 5185 3266 5240 868
3294 5187 3428 5256 ;qui
3476 5187 3637 5256 plane

383 5275 520 5330 idem
591 5286 676 5332 est
749 5276 840 5348 qui
904 5276 1064 5332 nobis
1121 5276 1175 5329 in
1246 5272 1598 5344 chronologia
1665 5271 2040 5341 receptissima
2120 5271 2353 5324 habetur
2417 5268 2544 5325 876.
2595 5270 2864 5325 Nimirum
2948 5273 3252 5341 Eutychius
3319 5276 3523 5345 passim
3581 5279 3634 5330 in

381 5366 728 5438 chronologia
784 5379 881 5420 sua
943 5363 1152 5420 Christi
1212 5363 1422 5419 natales
1489 5363 1740 5418 octeunio
1796 5359 1926 5413 facit
1985 5358 2322 5413 recentiores
2377 5373 2538 5426 quam
2595 5359 2648 5412 in
2707 5375 2815 5414 aera
2865 5363 3100 5432 vulgari.
3150 5364 3407 5433 Adeoque
3457 5379 3521 5417 ex
3572 5381 3636 5420 ea

382 5454 591 5509 ratione
637 5453 877 5523 hegiram
928 5453 998 5507 ab
1057 5467 1202 5506 anno
1243 5449 1444 5505 Clu-isti
1513 5449 1617 5503 6M
1680 5449 2016 5517 auspicatur,
2045 5461 2205 5514 quam
2263 5448 2548 5502 unanimes
2598 5447 2849 5503 tribuunt
2907 5451 3227 5520 chronologi
3282 5450 3454 5505 nostri
3484 5467 3631 5507 anno

380 5541 583 5613 vulgari
642 5541 847 5597 Christi
905 5541 1028 5598 622.
1076 5537 1253 5609 Atque
1307 5553 1372 5592 ex
1434 5537 1539 5592 622
1591 5547 1644 5592 et
1687 5534 1792 5590 254
1841 5533 1999 5589 annis
2046 5532 2314 5588 solaribus
2367 5534 2660 5588 conﬁcitur
2698 5549 2880 5591 annus
2906 5537 2992 5592 ille
3025 5537 3148 5592 876.
3181 5537 3307 5593 Dies
3341 5547 3524 5593 autem
3563 5539 3635 5592 27

380 5629 676 5701 [tilliuggiaa
723 5631 777 5685 in
826 5645 972 5684 anno
1025 5628 1234 5699 Hegiraa
1286 5625 1414 5691 265,
1460 5624 1752 5693 respondet
1788 5623 1896 5677 diei
1930 5624 1963 5678 8
2027 5621 2368 5692 Septembris
2421 5624 2476 5677 in
2531 5639 2675 5679 anno
2729 5625 2836 5679 876
2893 5625 3130 5682 Juliano.
3171 5627 3362 5698 Accepi
3408 5643 3555 5691 vero,
3581 5639 3634 5684 et

375 5718 693 5776 beneﬁcium
739 5717 1099 5775 libentissime
1140 5727 1417 5786 agnosco,
1449 5714 1516 5769 ab
1575 5712 1693 5767 viro
1742 5711 1934 5766 litteris
1974 5714 2193 5784 optimis
2235 5729 2299 5768 ac
2356 5715 2556 5771 virtute
2609 5717 2962 5772 ornatissimo
3009 5716 3276 5772 Edwardo
3322 5717 3620 5781 Pocockio.
