4076 6464
449 350 551 415 891
1892 346 2059 407 ANN.

2095 344 2268 406 .LES.
3592 335 3705 403 892

439 464 637 521 Osnnii
668 464 866 532 linguae
893 462 1142 517 Arabica).
1170 461 1485 533 professore
1519 462 1868 534 dignissimo,
1896 461 2063 514 vitam
2105 473 2211 513 ms.
2250 455 2502 528 Eutychii
2533 456 2706 510 nostri
2738 453 2809 509 ob
2838 453 2931 509 lbn
2958 438 3059 508 Abi
3089 451 3322 509 Osaibea
3352 448 3708 509 Mabumeda-

440 572 536 618 no,
565 556 707 608 inter
742 551 891 608 Vitas
921 552 1164 608 Arabum
1197 553 1289 621 qui
1316 552 1585 607 medicina
1618 554 1776 617 (nam
1818 559 1872 605 et
1930 548 2179 605 medicus
2217 554 2335 600 erat
2371 545 2602 613 insignis
2632 544 2968 614 Eutychius)
3012 542 3261 597 clarncre
3319 541 3605 609 scriptam.
3645 547 3706 594 tn

440 658 502 696 ea
534 643 676 696 idem
708 640 849 705 dies,
884 641 1113 702 mensis,
1144 655 1208 694 ac
1240 639 1373 694 feria
1404 640 1616 704 eadem,
1650 639 1927 695 natalibus
1957 637 2078 708 ejus
2127 638 2412 703 tribuitur.
2445 637 2639 692 Annus
2675 652 2804 690 vero
2837 637 3056 690 interim
3100 634 3174 688 ibi
3203 640 3287 688 est
3320 632 3426 687 225
3471 630 3706 703 Hegirte.

441 745 546 802 Sed
601 735 808 800 librarii
858 760 1013 800 error
1067 755 1152 800 est
1220 744 1570 798 manifestus.
1627 742 1694 796 Et
1760 759 1860 812 pro
1923 746 2099 832 ram
2156 747 2472 806 vicesimus,
2532 745 2690 814 plane
2764 733 2906 831 prii:
2971 744 3328 813 sexagesimus
3395 739 3708 806 legendum.

441 833 649 887 Auctor
680 832 767 886 ille
817 832 953 887 alias
1010 830 1211 886 dicitur
1265 832 1385 885 Abu
1440 829 1730 900 Elaighbas
1784 826 2023 887 Achmed
2048 832 2158 887 Ben
2187 833 2402 895 Casem,
2425 847 2585 902 quem
2614 826 2864 887 eumdem
2884 830 3138 886 existimo
3159 844 3285 884 esse
3308 844 3433 885 cum
3458 828 3567 882 Ben
3597 826 3710 881 Ca-

442 935 559 976 setn
599 921 841 975 virorum
878 915 1443 973 illustrium’Vitarnm
1478 929 1705 973 auctore
1738 919 2032 988 aliquoties
2057 920 2224 974 citato
2273 934 2301 971 a
2360 918 2610 973 Gabriele
2669 928 2723 973 et
2749 916 2960 973 Joanne
2989 917 3276 972 Maronitis
3301 917 3356 969 in
3382 925 3617 971 tractatu
3641 915 3712 971 de

442 1014 606 1070 rebus
638 1012 1005 1067 Orientalibus
1023 1011 1379 1083 Geograpbia:
1407 1011 1671 1085 Nubiensi
1704 1012 1972 1066 subnexo.
2018 1010 2231 1068 Floruit
2266 1011 2355 1067 hic
2395 1012 2498 1066 sub
2532 1026 2735 1066 annum
2757 1012 2957 1080 hegiraa
2980 1011 3106 1077 6l0,
3142 1025 3238 1066 seu
3265 1025 3468 1065 annum
3503 1010 3711 1064 Christi

445 1103 603 1158 1212.
639 1102 799 1155 Anno
833 1116 1027 1171 nempe
1091 1101 1269 1155 :etatis
1305 1101 1533 1154 suas‘37
1583 1107 1835 1155 mortuus
1870 1115 1978 1167 est,
2024 1117 2170 1157 anno
2194 1102 2393 1169 hegirai
2427 1099 2554 1166 6l6,
2616 1101 2711 1173 qui
2751 1100 2955 1155 Christi
3003 1108 3090 1156 est
3129 1099 3288 1154 1220.
3344 1097 3515 1168 Igitur
3545 1107 3711 1153 natus

440 1202 525 1248 est
545 1190 846 1263 Eutychius
885 1188 1082 1244 Carolo
1108 1189 1278 1246 Calvo
1304 1188 1644 1252 Occidentis,
1676 1188 2155 1244 Basilio’Orientis
2185 1188 2631 1255 imperatoribus,
2660 1195 2714 1243 et
2737 1187 2963 1242 Alfredo
2985 1198 3117 1257 rege“
3143 1188 3370 1257 Angliae,
3397 1186 3708 1257 patriarcha

441 1278 812 1334 Alexandrino
841 1285 971 1332 tunc
998 1276 1281 1332 Ilichaele.
1320 1276 1458 1337 Dum
1492 1287 1675 1333 autem
1710 1277 1974 1346 temporis
2011 1275 2158 1331 hunc
2203 1277 2641 1345 qualemcunque
2670 1274 2941 1330 calculum
2967 1289 3031 1330 ex
3062 1274 3354 1340 Arahismo
3393 1272 3707 1341 afferimus,

440 1366 587 1441 subit
623 1366 677 1421 in
712 1374 951 1419 mentem
988 1365 1121 1419 illud
1151 1364 1454 1432 Landulphi
1479 1363 1702 1432 Sagacis
1731 1363 1799 1417 de
1840 1379 2054 1419 summa
2091 1374 2257 1431 atque
2292 1362 2539 1416 inaudita
2575 1362 2903 1417 nutrierandi
2940 1361 3182 1426 inscitia,
3212 1374 3375 1432 quam
3413 1360 3708 1425 Arabibus,

438 1465 662 1509 suctorc
686 1453 938 1508 Grzeculo
963 1450 1171 1521 aliquo,
1211 1451 1462 1521 imputat.
1492 1452 1583 1506 Ait
1613 1466 1830 1521 nempe,
1867 1452 2010 1507 libro
2038 1451 2111 1507 20
2157 1450 2300 1515 Ulid,
2331 1465 2428 1505 seu
2468 1448 2654 1509 Walid
2685 1448 2955 1518 Chalifam
2985 1448 3158 1520 Syria!
3196 1450 3530 1519 prohibuisse
3548 1448 3711 1502 scribi

440 1543 621 1600 (Ira'ce
647 1543 880 1611 publicos
910 1541 1185 1612 logothesii
1221 1541 1444 1607 codices,
1494 1542 1587 1596 sed
1619 1543 1673 1597 in
1706 1524 1947 1598 Arabicis
1977 1539 2228 1596 annotari
2269 1538 2379 1591 sine
2407 1532 2680 1605 computo:
2722 1540 2994 1607 quoniam,
3044 1539 3129 1617 sic
3157 1537 3267 1604 ille,
3301 1535 3629 1606 impossibile
3652 1552 3711 1591 es

438 1634 655 1687 il'orum
687 1631 868 1701 lingua
899 1632 1198 1695 monadem,
1231 1631 1309 1684 vel
1332 1630 1667 1694 dualitatem,
1692 1640 1785 1684 aut
1815 1631 2127 1695 trinitatem,
2158 1635 2248 1681 aut
2276 1636 2393 1682 octo
2414 1635 2464 1680 et
2502 1625 2806 1690 dimidium,
2864 1635 2959 1680 aut
2981 1627 3085 1681 tria
3116 1625 3300 1691 scribi,
3331 1636 3543 1695 propter
3567 1618 3712 1695 quod

437 1733 486 1776 et
509 1736 675 1789 usque
722 1721 879 1773 hodie
925 1729 1046 1773 sunt
1085 1719 1282 1772 notarii
1308 1717 1617 1774 Christiani.
1659 1716 1815 1772 ltain
1858 1720 2025 1773 rebus
2068 1717 2363 1773 Iustiniani
2397 1714 2736 1771 Rhinutmeti
2796 1729 2892 1771 seu
2940 1715 3046 1772 sub
3078 1731 3284 1771 annum
3349 1715 3553 1771 Christi
3604 1714 3713 1769 700

437 1805 818 1877 Landulphns.
854 1805 959 1861 Sed
996 1806 1186 1860 mirari
1229 1806 1365 1862 satis
1399 1820 1635 1875 nequeo,
1682 1806 1958 1860 nndenam
2005 1804 2110 1861 hoc
2156 1815 2533 1866 commentum
2564 1805 2745 1875 primo
2789 1814 3003 1860 natum.
3054 1804 3401 1861 Manifestius
3457 1806 3593 1860 nihil
3625 1815 3709 1860 est

438 1913 603 1965 quam
638 1911 745 1950 non
770 1896 946 1951 solum
980 1896 1035 1951 in
1065 1894 1303 1950 Arabum
1336 1894 1517 1965 lingua
1540 1893 1756 1949 Walide
1819 1895 1922 1949 hoc
1981 1896 2302 1960 vetustiore,
2335 1902 2499 1964 upote
2528 1896 2694 1949 etiam
2733 1893 3163 1954 inAlcoranica.
3191 1893 3517 1950 numerandi
3545 1892 3713 1948 ratio-

439 2001 562 2039 nem
596 1984 824 2054 pariter,
847 1993 907 2039 ut
932 1983 1135 2052 linguis
1159 1984 1212 2037 in
1247 1983 1389 2044 aliis.
1422 1984 1676 2052 exprimi.
1705 1998 1894 2038 verum
1928 1984 2091 2038 etiam
2148 1983 2313 2050 ipsas,
2347 1981 2550 2051 quibus
2594 1982 2804 2035 utimur
2843 1982 3116 2050 Europaei,
3153 1980 3355 2050 ﬁguras
3399 1981 3713 2037 numerales

440 2072 849 2142 operationibus
870 2071 1226 2126 arithmeticis
1257 2070 1394 2125 adeo
1418 2070 1825 2133 accommodas,
1863 2085 2003 2140 quas
2033 2071 2347 2126 barbaricas
2378 2069 2784 2139 appellitamus,
2821 2069 2892 2125 ab
2910 2071 3155 2125 eis'olitn
3194 2078 3382 2125 mutuo
3411 2069 3709 2139 Europaeos

439 2163 742 2231 accepisse,
767 2176 869 2216 nec
893 2161 966 2216 ita
996 2161 1162 2216 multo
1189 2160 1346 2215 aliter
1375 2175 1404 2214 a
1438 2160 1598 2216 nobis
1623 2160 1921 2214 etiamnum
1950 2176 2112 2230 quam
2145 2160 2213 2214 ab
2257 2158 2367 2213 illis
2397 2158 2680 2213 formatas.
2711 2152 2775 2212 Et
2820 2157 3148 2214 Guilielmus
3211 2158 3719 2215 Iialmesburieusis

440 2250 591 2309 lib."
627 2255 701 2310 De
723 2254 893 2309 Gestis
916 2270 1093 2324 regunt
1118 2254 1343 2326 Anglia,
1368 2270 1489 2324 cap.
1523 2252 1612 2318 ’lO,
1652 2254 1739 2308 ubi
1771 2253 2041 2316 Gerberti,
2077 2263 2261 2323 postea
2310 2253 2559 2309 Silvestri
2589 2270 2739 2323 papze
2768 2252 2791 2323 (
2803 2269 2962 2323 quem
2992 2264 3170 2309 tamen
3203 2253 3294 2308 ille
3318 2253 3583 2309 Joannem
3614 2250 3711 2306 XV

441 2358 723 2411 perperam
773 2342 940 2411 facit)
973 2343 1251 2395 historiam
1292 2341 1603 2414 ‘intcrtexit,
1633 2357 1757 2396 eum
1809 2343 1884 2396 ait
1916 2343 2146 2411 primunt
2181 2359 2214 2396 a
2249 2340 2530 2397 Saracenis
2582 2341 2820 2396 Abacunt
2879 2343 3196 2413 rapientem,
3240 2343 3450 2414 regulas
3503 2340 3710 2401 dedisse

439 2446 558 2499 qua:
594 2446 625 2484 α
658 2428 974 2484 sudantibus
1010 2428 1258 2483 abaristis
1295 2430 1381 2483 vix
1422 2429 1803 2499 intelligantur.
1858 2427 1962 2484 Sed
1996 2430 2110 2487 ba'c
2138 2431 2335 2487 obiter.

513 2576 762 2646 Dignitas
788 2573 1042 2645 Eutychii
1076 2572 1249 2628 nostri
1283 2575 1533 2627 cernitur
1560 2580 1675 2625 tum
1726 2574 1778 2627 in
1830 2577 1967 2629 artis
2002 2575 2291 2631 medicina:
2322 2576 2588 2647 singulari
2608 2591 2728 2648 qua
2762 2577 2967 2632 claruit
3000 2576 3166 2643 fama,
3210 2583 3327 2631 tum
3362 2577 3416 2630 in
3462 2576 3626 2631 rebus
3652 2583 3709 2631 et

440 2664 723 2722 historicis
757 2672 811 2718 et
840 2662 1168 2731 theologicis
1201 2661 1406 2732 quibus
1440 2662 1738 2717 admodum
1766 2664 1978 2733 polluit,
2017 2663 2267 2733 adeoque
2298 2664 2352 2717 in
2390 2663 2613 2733 fastigio
2654 2663 2722 2719 ad
2758 2665 2907 2734 quod
2936 2673 3168 2721 evectus
3207 2673 3291 2720 est
3324 2664 3705 2733 patriarchali.

443 2754 714 2809 Medicum
750 2751 972 2821 quidem
1006 2750 1126 2819 ipse
1158 2765 1217 2804 se
1250 2749 1304 2802 in
1349 2748 1576 2817 scriptis
1607 2749 1723 2804 suis
1750 2764 1857 2802 non
1894 2749 1966 2802 ita
1993 2763 2121 2803 raro
2153 2751 2414 2819 appellat,
2448 2750 2670 2821 adjecto
2705 2752 2915 2807 nomini
2950 2767 3075 2818 suo,
3111 2752 3282 2823 quod.
3319 2751 3471 2817 iuxta
3503 2751 3695 2807 Orien-

443 2841 633 2894 talium
669 2852 898 2902 morem,
930 2836 1165 2893 subinde
1192 2835 1714 2900 inserit,'.vocabulo
1744 2835 2000 2890 medicus.
2033 2837 2101 2891 Et
2133 2837 2376 2894 Acluned
2402 2839 2512 2895 Ben
2541 2842 2734 2896 Casem
2777 2840 2831 2895 in
2862 2839 2983 2894 Vita
3015 2840 3138 2908 ejus
3174 2858 3189 2896 :
3231 2839 3299 2893 Et
3343 2840 3571 2894 medicus
3603 2839 3704 2908 fuit

440 2928 666 2998 insignis
688 2967 703 2990 ,
741 2935 851 2979 tum
884 2925 1130 2979 theoricre
1173 2933 1286 2977 tum
1328 2926 1573 2994 practicaz
1608 2916 2045 2993 ejusdempart‘is
2080 2941 2305 2997 gnarus,
2341 2944 2404 2982 ac
2450 2938 2684 2997 tempore
2726 2945 2822 2983 suo
2853 2928 3207 2997 prwcellens;
3243 2926 3706 2998 quemadmodum

448 3016 577 3070 item
608 3022 730 3070 erat
779 3014 952 3068 frater
975 3012 1095 3077 eius
1140 3011 1332 3067 lsilbn
1368 3010 1556 3066 Batrik
1602 3013 1809 3067 dictus.
1870 3012 2168 3067 Scientiam
2205 3007 2669 3085 ejushismricam
2711 3017 2920 3073 scimus
2967 3035 3033 3072 ex
3093 3018 3406 3074 Annalibus
3447 3017 3592 3086 ejus,
3638 3017 3709 3072 de

442 3108 644 3176 quibus
686 3121 833 3160 mox.
877 3102 1213 3172 Theologum
1246 3112 1428 3158 autem
1465 3103 1702 3158 subinde
1741 3104 1794 3156 in
1829 3104 2134 3160 Annalibus
2168 3104 2276 3158 illi-.5
2311 3107 2422 3176 agit
2455 3114 2701 3170 acutum,
2735 3106 2865 3160 dum
2919 3105 2974 3160 in
3008 3107 3268 3170 Arianos,
3318 3105 3705 3169 Nestorianos,

445 3196 500 3250 id
534 3210 706 3263 genus
740 3192 896 3254 alios,
927 3202 1035 3245 tam
1065 3191 1262 3253 obiter,
1293 3192 1385 3246 sed
1424 3191 1795 3256 hrevinscule,
1828 3192 2106 3260 disputare
2146 3192 2262 3245 vult
2297 3208 2460 3263 quam
2493 3210 2581 3249 res
2606 3209 2797 3247 eorum
2843 3208 3091 3249 narrare.
3149 3194 3207 3248 In
3254 3194 3574 3265 dignitatem
3611 3207 3707 3265 pa-
3779 3211 3795 3226 -

446 3283 797 3338 triarchalem
830 3292 1052 3336 evectus
1084 3289 1195 3344 est,
1220 3287 1346 3349 post
1392 3280 1607 3333 obitum
1659 3278 2002 3333 Christoduli
2028 3312 2031 3317 -
2061 3284 2391 3349 patriarchae
2429 3281 2812 3347 Alexandrini,
2849 3296 3030 3336 annos
3082 3290 3242 3338 na‘tus
3293 3283 3503 3337 solarcs
3557 3283 3703 3337 circa

443 3371 844 3440 quinquaginta
880 3380 1025 3422 octo.
1055 3365 1319 3429 Nimirum
1351 3381 1498 3420 anno
1547 3366 1750 3434 hcgirze
1779 3366 1904 3430 521,
1939 3382 2032 3421 seu
2059 3363 2576 3439 pritno'Chalit'atus
2612 3370 2804 3425 Kahiri
2852 3370 3011 3435 Billa,
3046 3373 3223 3426 factus
3252 3382 3336 3425 est
3366 3370 3703 3439 patriarcha,

445 3459 537 3511 die
582 3455 860 3511 8'utensis
899 3453 1191 3524 Tzephari,
1236 3463 1295 3508 ut
1345 3455 1650 3524 expressim
1705 3462 1819 3508 tum
1869 3455 1979 3509 Ben
2008 3456 2226 3523 Casem,
2263 3468 2377 3511 tum
2424 3443 2729 3529 Eutychius
2774 3458 2919 3529 ipse.
2968 3457 3076 3513 Sed
3110 3459 3285 3513 altero
3317 3458 3372 3512 in
3400 3458 3703 3527 exemplari

449 3543 697 3613 Eutychii
728 3544 876 3611 (nam
908 3541 1051 3595 binis
1085 3543 1167 3596 usi
1199 3556 1414 3606 smnus,
1454 3548 1514 3595 ut
1546 3541 1726 3595 statim
1758 3541 2028 3612 dicemus)
2067 3547 2357 3601 manifesta
2402 3554 2485 3601 est
2528 3547 2580 3600 in
2628 3550 2877 3602 numeris
2910 3549 3011 3601 hac
3059 3547 3128 3601 de
3163 3562 3222 3603 re
3269 3546 3613 3616 depravatio.
3646 3544 3702 3600 ln

446 3635 657 3691 calculo
689 3632 910 3688 Juliano
945 3633 1243 3701 respondet
1276 3647 1453 3686 annus
1494 3630 1695 3686 Christi
1723 3631 1829 3687 95⁸5
1858 3649 1923 3686 ac
1956 3634 2076 3694 dies
2103 3620 2392 3688 Februarii
2428 3642 2683 3689 octavus.
2718 3633 2871 3689 Sedit
2912 3636 3073 3690 annis
3121 3634 3413 3689 lunaribus
3441 3634 3472 3686 7
3504 3643 3707 3705 praeter

446 3725 481 3779 6
512 3737 747 3788 menses,
782 3721 941 3792 quod
965 3728 1200 3775 testatur
1232 3730 1341 3774 tam
1374 3718 1642 3789 Georgius
1669 3719 2010 3787 Eltnacinus,
2050 3730 2145 3774 aut
2171 3722 2455 3776 adnotatio
2488 3722 2537 3776 ci
2573 3721 2788 3790 adjecta
2823 3723 2860 3776 Ι.
2902 3737 2986 3788 ιιι,
3019 3737 3069 3777 c.
3100 3723 3167 3785 'i,
3198 3736 3363 3789 quam
3414 3720 3554 3775 Vita:
3583 3721 3708 3790 ejus

433 3816 639 3866 ‘au‘cto’r
664 3811 928 3880 jam‘a'nte
954 3810 1163 3865 dictus.
1190 3808 1459 3865 Macarius
1498 3818 1773 3864 erattunc
1805 3810 2074 3880 temporis
2103 3808 2479 3864 Jacobitarum
2516 3823 2613 3863 seu
2650 3808 3124 3881 Eutychianorunt
3153 3810 3227 3864 ibi
3259 3809 3595 3879 patriarcha,
3624 3808 3706 3864 uti

450 3899 541 3955 hic
571 3898 1019 3955 Ortltodoxorum.
1057 3899 1149 3952 Sic
1175 3898 1321 3953 enim
1368 3892 1421 3952 in
1470 3898 1606 3952 urbe
1642 3895 1767 3960 illa,
1794 3897 2163 3953 seditionibus
2194 3897 2565 3962 detlitissima,
2610 3898 2706 3952 diu
2737 3901 2902 3953 etiam
2937 3911 3095 3953 antea
3125 3898 3467 3963 obtinuerat,
3501 3906 3561 3952 ut
3592 3905 3704 3952 tam

452 3988 724 4043 haireticis
777 4000 943 4056 quam
996 3986 1316 4042 orthodoxis
1374 4001 1512 4041 suus
1561 3997 1706 4044 esset
1740 3990 1814 4044 ibi
1876 3986 2202 4057 episcopus.
2238 3982 2374 4039 Vide
2435 3982 2809 4055 Nicephorum
2838 3985 2987 4041 Hist.
3025 4002 3115 4048 xv,
3149 4000 3199 4040 c.
3232 3985 3322 4040 16.
3359 3984 3424 4040 Et
3449 3984 3711 4042 Brevicu-

448 4078 557 4131 lum
599 4074 846 4131 historiae
897 4074 1458 4144 Entychianistarum.
1507 4091 1604 4131 seu
1650 4075 1809 4131 Gesta
1853 4075 1915 4130 de
1966 4074 2178 4128 nomine
2229 4073 2433 4137 Acacii,
2480 4088 2604 4129 cum
2658 4075 2985 4144 pontiﬁcum
3028 4074 3407 4128 Romanorum
3452 4073 3708 4142 epistolis

436 4165 658 4233 aliquot
689 4165 756 4217 ab
783 4156 993 4218 Jaco'ho
1027 4162 1323 4216 Sirmondo
1357 4163 1563 4223 dudum
1609 4164 1778 4227 edita,
1809 4179 1934 4232 pag.
1973 4161 2037 4217 16
2067 4179 2080 4216 :
2123 4160 2337 4215 Mortuo
2384 4161 2620 4230 print-ipe
2657 4161 2965 4225 Marciano,
3011 4161 3245 4235 collegtis
3281 4160 3451 4215 turbis
3481 4162 3704 4216 hareti-

438 4266 653 4317 ‘corum,
691 4251 995 4305 Timotheus
1041 4259 1091 4304 et
1143 4250 1327 4305 Petrus
1360 4246 1569 4306 veniunt
1600 4252 2023 4315 Alexandriam,
2075 4259 2126 4304 et
2152 4250 2439 4304 ordinatur
2496 4250 2562 4305 ab
2609 4252 2870 4305 hteretieis
2920 4248 3226 4305 Timotheus
3262 4251 3561 4321 episcopus.
3601 4249 3709 4305 duo

450 4342 615 4409 igitur
644 4340 785 4409 apud
818 4338 1201 4393 Alexandriam
1231 4341 1456 4409 episcopi
1489 4356 1601 4395 esse
1631 4349 1920 4410 coeperunt.
1968 4339 2419 4394 Orthodoxorum
2449 4348 2581 4394 tunc
2605 4349 2723 4393 erat
2753 4339 3057 4395 Proterius.
3092 4338 3228 4393 Tant
3263 4354 3395 4395 vero
3441 4338 3709 4409 Georgius

453 4429 769 4503 Elmaciuus
802 4441 963 4497 quam
1001 4424 1109 4479 Ben
1134 4425 1329 4481 Casent
1363 4428 1438 4479 ait
1473 4426 1706 4482 dissidia
1738 4427 1981 4495 viguisse
2006 4443 2118 4481 non
2154 4428 2292 4483 levia
2326 4431 2466 4483 inter
2502 4428 2823 4499 Eutychium
2854 4440 2909 4483 et
2936 4431 3148 4498 plebem
3198 4444 3383 4484 suam.
3427 4429 3707 4484 Diarrhtea

454 4515 671 4571 tandem
709 4514 1044 4569 laborantem
1074 4514 1419 4568 Alexandriae
1445 4531 1568 4569 cum
1605 4514 1811 4570 obiisse
1844 4528 1990 4567 anno
2025 4514 2228 4584 hegira:
2255 4517 2384 4581 528,
2418 4516 2507 4572 die
2552 4516 2698 4571 luna:
2732 4516 2827 4587 qui
2868 4525 3185 4586 postremus
3211 4527 3332 4573 erat
3361 4519 3569 4575 mensis
3598 4517 3709 4572 Ra-

437 4604 594 4676 .gebi.
623 4603 845 4659 Initium
878 4603 1007 4656 anni
1044 4602 1187 4656 illius
1218 4610 1336 4656 erat
1370 4603 1433 4657 l8
1463 4601 1715 4658 Octobris
1759 4603 1889 4655 anni
1922 4602 2124 4657 Christi
2157 4605 2284 4668 939,
2327 4603 2464 4658 l‘eria
2515 4612 2673 4659 sexta
2707 4618 2804 4677 seu
2863 4606 2954 4660 die
2998 4603 3252 4661 Veneris.
3296 4605 3375 4660 lta
3416 4606 3468 4661 in
3494 4607 3709 4662 calculo

449 4693 667 4747 .lnliano
695 4700 948 4746 mortuus
979 4699 1064 4745 est
1096 4691 1183 4745 die
1238 4689 1360 4744 Maii
1402 4690 1756 4756 duodecimo,
1789 4691 1918 4744 anni
1959 4690 2165 4746 Christi
2208 4690 2338 4757 940,
2385 4697 2677 4760 postquam
2714 4706 2892 4746 annos
2940 4690 3009 4746 65
3052 4699 3146 4746 aut
3186 4692 3412 4748 circiter
3452 4694 3707 4751 vixisset.

452 4781 800 4851 Caliphatnm
838 4780 1019 4851 Syriae
1066 4787 1290 4833 tenente
1335 4777 1512 4831 Arado
1554 4776 2011 4847 Billa:_Romano
2057 4777 2337 4840 Orientis.
2393 4779 2594 4833 Ottone
2635 4778 2833 4849 Magno
2886 4782 3200 4839 Occidentis
3255 4783 3707 4854 imperatoribus.

453 4878 618 4939 atque
636 4858 967 4924 Athelstano
1003 4883 1130 4937 rege
1170 4868 1399 4938 Angliam
1432 4857 1654 4921 Coaevos
1682 4866 1755 4919 ita
1792 4866 1984 4921 habuit
2012 4867 2114 4919 Abi
2160 4864 2277 4919 llali
2324 4866 2434 4921 Ben
2486 4865 2687 4931 Mucia,
2739 4867 2833 4936 qui
2886 4869 3103 4945 primus
3149 4856 3508 4941 elegantioris
3559 4871 3707 4941 apud

452 4959 667 5012 Arabas
690 4957 964 5012 scribendi
995 4957 1211 5025 generis
1240 4968 1431 5009 auctor
1478 4954 1710 5016 exstitit.
1753 4963 1919 5021 atque
1968 4955 2318 5009 Alhatenium
2350 4971 2451 5011 seu
2501 4957 2908 5028 Albategnium,
2942 4958 2993 5012 id
3030 4969 3114 5014 est
3144 4959 3528 5016 Mahutnedem
3568 4963 3708 5016 Ara-

452 5056 720 5106 ctensem,
745 5045 1061 5098 Aratensem
1091 5042 1397 5112 Copernico
1427 5041 1663 5110 aliisque
1694 5043 1897 5097 dictum
1946 5051 2001 5097 et
2034 5042 2269 5098 subinde
2289 5030 2645 5111 Ar‘acensctn.
2672 5029 3091 5102 celeberrimum
3120 5048 3271 5102 illum
3296 5060 3702 5116 astronontum'

452 5133 520 5187 de
547 5132 877 5211 quolegitur
909 5133 962 5185 in
984 5130 1253 5185 Tzemach
1286 5129 1452 5184 David
1489 5146 1503 5183 :
1530 5127 1589 5183 Is
1619 5130 1812 5183 invenit
1842 5128 2003 5183 simul
2033 5138 2083 5183 et
2109 5131 2428 5185 instauravit
2459 5131 3000 5211 calculunteagactum
3020 5145 3071 5189 et
3107 5136 3319 5191 tabulas
3350 5135 3699 5205 astronomis,

448 5221 989 5291 quibusutunturiosi
1011 5235 1173 5290 usque
1214 5219 1271 5287 in
1297 5218 1435 5274 Itum
1465 5219 1602 5272 diem
1628 5220 1681 5272 in
1717 5228 1862 5272 motu
1912 5235 2029 5273 vero
2072 5218 2427 5288 supputando.
2481 5220 2573 5275 Sic
2618 5220 2787 5276 David
2838 5222 2929 5277 ille
2978 5231 3122 5293 part.
3173 5240 3231 5278 tt.
3266 5238 3413 5279 anno
3453 5222 3709 5280 chiliadis

450 5311 656 5379 quintae
704 5308 827 5370 635,
876 5324 974 5365 seu
1025 5307 1230 5362 Christi
1265 5307 1389 5363 875.
1421 5307 1821 5377 Alphonsinas,
1856 5315 1915 5362 ut
1949 5307 2186 5371 videtur,
2225 5306 2339 5359 vult
2395 5321 2461 5361 ex
2502 5297 2781 5381 Alliatenii
2815 5309 2958 5364 libro
2993 5312 3059 5364 de
3121 5309 3383 5365 Scientiis
3416 5311 3706 5364 stellarum

412 5400 641 5469 o(quem
676 5414 741 5454 ex
779 5396 1020 5452 Arabico
1065 5395 1229 5451 vertit
1282 5397 1413 5451 olim
1475 5396 1631 5451 Plato
1677 5395 2025 5465 Tiburtinus)
2057 5403 2426 5450 conswuctas.
2462 5392 2785 5451 Coaetaneus
2836 5396 2965 5450 item
3014 5395 3282 5466 Entychio
3308 5407 3429 5453 erat
3475 5397 3708 5454 Photius

454 5487 907 5556 archiepiscopus
947 5485 1629 5555 Constantinopolitanus,
1677 5494 1872 5554 atque,
1919 5484 1996 5538 uti
2040 5485 2231 5539 volunt
2288 5483 2482 5553 aliqui,
2533 5483 2987 5555 Theotthylactus
3030 5486 3325 5557 Bulgaria,
3375 5497 3433 5541 et
3489 5483 3707 5541 Vitellio

450 5574 700 5645 Opticus.
759 5574 906 5629 Libri
942 5574 1035 5629 ab
1087 5571 1354 5643 Eutychio
1415 5573 1605 5642 scripti
1674 5581 1807 5628 sunt
1876 5584 2116 5642 quatuor
2167 5588 2181 5623 :
2231 5569 2387 5624 Liber
2445 5572 2509 5625 de
2553 5573 2867 5638 medicina;
2911 5572 3067 5649 Liber
3100 5562 3517 5649 :ltisputatioitis
3568 5573 3708 5626 inter

452 5644 755 5729 («creticum
784 5671 835 5715 et
867 5661 1252 5726 Christianum,
1286 5661 1572 5715 Ordinatio
1601 5667 1696 5715 aut
1722 5659 1986 5717 Ordinata
2009 5657 2290 5727 dispositio
2319 5656 2574 5723 Gemmas,
2620 5675 2717 5735 seu
2769 5644 3056 5716 Ordinatio
3089 5644 3185 5714 aut
3231 5660 3498 5716 Ordinata
3523 5660 3706 5728 dispa-

452 5745 573 5797 sitio
601 5758 693 5800 aut
721 5746 1014 5818 Synlagma
1049 5747 1366 5804 substantia:
1399 5750 1484 5821 (ut
1511 5747 1717 5818 pariter
1752 5746 1855 5803 l'ert
1887 5763 1991 5803 vox
2029 5747 2285 5817 Arabica)
2314 5762 2409 5804 seu
2452 5736 2749 5817 Syntagtna
2788 5749 3257 5819 contpendiosum;
3295 5754 3451 5821 quasi
3496 5747 3709 5802 Medulo
