4076 6422
355 361 464 428 893
711 433 716 436 _
1770 368 2143 429 ANNALES.
3452 420 3458 426 .
3514 345 3618 429 894

362 477 470 530 Iam
524 473 841 530 historicum
881 487 1280 548 nuncupasset.
1320 477 1511 548 Neque
1534 480 1680 534 enim
1718 467 1914 534 eodem
1947 480 2216 535 vocabulo
2243 494 2353 550 pro
2384 495 2598 550 gemma
2648 496 2712 536 ac
2739 480 3054 538 substantia
3081 481 3318 548 (scilicet
3345 477 3612 547 Gianltar)

357 562 534 618 solum
567 573 799 618 utuntur
831 565 1071 632 Arabes;
1106 567 1466 622 verumetiam
1513 567 1640 623 ideo
1666 577 1923 630 utuntur,
1949 568 2080 638 quia
2113 578 2171 623 itt
2221 585 2454 638 gemmae
2506 568 2652 624 inter
2698 570 2915 639 reliqua
2961 569 3128 631 bona,
3176 570 3249 621 ita
3294 564 3619 620 substantive

359 657 503 712 inter
537 663 734 710 cietera
759 653 1183 721 praedicamenta
1214 655 1457 724 dignitas
1480 665 1568 710 est
1603 655 2068 711 eminentissima.
2109 655 2247 710 Nam
2275 658 2404 712 inde
2435 658 2680 712 nominis
2711 657 2828 712 haec
2855 656 3192 718 communio,
3219 661 3280 707 ut
3305 653 3614 722 expressitn

357 742 632 799 Averroes
663 741 719 796 in
751 741 1000 810 Epitome
1029 741 1083 794 in
1123 742 1293 796 libros
1328 741 1749 812 Metapliysices,
1798 752 2032 798 tractatu
2083 744 2280 814 primo.
2330 744 2570 810 Quartus
2643 747 2783 802 liber
2837 744 3111 815 Eutycliio
3147 743 3410 803 tributus,
3442 748 3525 794 est
3557 739 3622 792 de

355 834 510 888 rebus
535 828 734 885 Siciliae
767 840 1045 900 postquam
1072 846 1105 883 a
1137 826 1418 884 Saracenis
1469 842 1624 898 capta
1649 842 1747 894 est,
1781 835 1873 901 qui
1902 833 1954 886 in
1984 831 2247 901 Catalogo
2283 832 2638 887 Biblimliecae
2677 831 2977 887 Orientalis
3034 831 3135 885 viri
3171 825 3619 900 praestantissimi

354 917 586 976 Thomas
614 917 857 988 Erpenii,
893 932 1144 971 annexus
1171 932 1294 972 esse
1323 917 1528 972 dicitur
1558 918 1810 974 Historiae
1833 922 1956 988 eius
1981 919 2392 978 ecclesiasticae.
2431 921 2482 973 id
2513 931 2633 984 est,
2658 919 2906 974 Medulla:
2955 935 3120 986 quam
3173 918 3416 972 diximus
3451 916 3624 968 Iu'sto.

357 1009 505 1063 ricae.
538 1004 827 1068 Librorum
867 1019 1009 1073 quos
1061 1006 1492 1062 memoravimus
1528 1012 1642 1060 tres
1675 1008 1890 1076 priores
1943 1007 2194 1060 meminit
2225 1006 2470 1062 Aclimed
2524 1006 2634 1062 Ben
2669 1007 2873 1080 .(iasetn
2937 1008 3048 1061 ille.
3087 1006 3262 1059 Etiam
3310 1006 3364 1059 itt
3394 1003 3614 1057 illorum

358 1095 546 1156 tertio,
583 1108 681 1158 seu
712 1091 946 1146 Medulla
979 1091 1261 1159 historica,
1292 1091 1597 1152 secundum
1632 1100 1904 1149 memorat
1948 1095 2063 1164 ipse
2100 1092 2429 1164 Eutycliius.
2472 1095 2697 1150 Tertius
2726 1105 2910 1149 autem
2944 1093 3200 1148 Annales
3231 1091 3620 1162 complectitur

358 1194 389 1238 a
421 1196 604 1236 rerutn
636 1181 862 1247 conditu
897 1195 1071 1250 usque
1101 1181 1153 1234 in
1193 1197 1292 1237 sua
1324 1189 1570 1251 tempora
1610 1181 1913 1243 deductos;
1953 1182 2008 1236 in
2043 1182 2244 1252 quibus
2281 1182 2689 1252 quamplurima
2743 1181 2811 1236 ad
2865 1182 3155 1236 historiam
3217 1191 3335 1233 tum
3399 1193 3618 1234 sacram

360 1277 476 1336 tum
510 1267 796 1336 profanam
829 1267 1118 1321 attinentia
1149 1278 1450 1324 occurrunt
1477 1276 1667 1323 notatu
1697 1267 2044 1336 dignissima,
2075 1283 2196 1338 quae
2222 1269 2414 1324 nullibi
2449 1270 2676 1324 omnino
2705 1269 2846 1339 apud
2889 1268 3188 1337 scriptores
3221 1265 3314 1337 qui
3347 1273 3625 1334 prostant,

364 1357 596 1419 aliosve,
632 1369 772 1424 quos
810 1355 942 1408 milii
979 1354 1167 1409 videre
1200 1356 1451 1426 contigit,
1484 1356 1600 1409 sive
1631 1353 1876 1419 Gnaeos,
1911 1357 2029 1411 sive
2059 1354 2308 1421 Latinos,
2339 1359 2456 1412 sive
2487 1356 2810 1422 Hebraicos,
2840 1358 2956 1412 sive
2983 1356 3248 1410 Arabicos
3281 1355 3440 1409 lecta.
3473 1352 3622 1406 Con-

361 1445 553 1515 st-ripti
589 1454 720 1499 sunt
773 1445 848 1498 illi
881 1445 946 1498 ad
981 1441 1052 1497 lsi
1088 1443 1181 1499 lbn
1228 1442 1416 1496 Batrtk
1459 1442 1684 1498 fratrem
1735 1459 1919 1498 suum.
1977 1442 2237 1504 Citantur
2279 1446 2558 1502 multoties
2600 1459 2628 1498 a
2665 1443 2906 1514 Georgio
2959 1443 3241 1497 Elmacino
3273 1443 3329 1496 in
3380 1439 3622 1494 Historia

364 1531 717 1589 Saracenica.
777 1529 842 1584 Et
885 1542 1241 1586 recensentur
1268 1529 1634 1600 proculdubio
1674 1529 1818 1586 inter
1859 1529 2080 1589 codices
2127 1533 2396 1608 Arabicos
2445 1533 2683 1589 Orientis
2733 1549 2822 1589 res
2870 1532 3215 1602 complexos,
3249 1529 3454 1600 quibus
3495 1528 3626 1582 olim

363 1617 717 1684 Guilielmum
751 1617 1228 1688 archiepiscopum
1267 1617 1490 1688 Tyrium
1525 1617 1792 1672 instruxit
1823 1619 2142 1677 Almaricus
2176 1637 2272 1676 rex
2297 1620 2854 1692 Hierosolymitanus.
2897 1621 3111 1675 utiude
3139 1635 3280 1690 opus
3309 1618 3377 1673 de
3416 1617 3626 1688 princi-

366 1708 531 1780 pibus
559 1705 931 1763 Orientalibus
963 1706 1292 1772 conﬁceret;
1329 1721 1427 1762 nec
1461 1713 1523 1760 ut
1552 1707 1826 1776 vulgares,
1857 1707 1952 1763 sed
1984 1709 2256 1779 primarii.
2292 1709 2437 1765 Seitli
2488 1709 2636 1778 ﬁlius
2673 1708 2896 1763 Patricii
2927 1717 2982 1763 et
3010 1709 3091 1762 oir
3115 1705 3428 1761 uenerabilis
3457 1719 3624 1759 voca-

365 1806 460 1855 tur
491 1795 616 1850 huic
650 1793 846 1865 'l'yrio;
884 1808 984 1849 nec
1011 1793 1142 1848 alibi
1179 1793 1320 1864 apud
1354 1793 1658 1862 scriptores
1704 1793 1938 1862 Eurome
1969 1804 2206 1861 veteres,
2255 1804 2524 1866 quantum
2578 1797 2892 1860 observavi,
2949 1803 3313 1850 memoratur.
3347 1791 3632 1847 Almarico

365 1899 517 1955 rege,
554 1884 733 1954 inquit
761 1883 986 1955 Tyrius,
1020 1884 1075 1938 in
1108 1885 1332 1954 prologo
1356 1885 1423 1938 ad
1458 1884 1755 1940 Historiam
1783 1924 1798 1948 ,
1830 1885 2060 1940 Arabica
2104 1885 2431 1952 exemplaria
2485 1886 2828 1939 ministrante
2873 1883 3044 1939 aliam
3075 1884 3382 1948 historiam,
3420 1899 3451 1934 a
3499 1892 3633 1934 tem-

362 1990 488 2043 pore
513 1973 802 2028 seductoris
839 1973 1144 2027 Malmmeth
1176 1988 1342 2042 usque
1388 1972 1448 2025 in
1483 1972 1622 2026 hunc
1653 1989 1875 2039 annum,
1920 1975 2013 2042 qui
2057 1983 2136 2028 est
2168 1975 2324 2028 nobis
2373 1973 2437 2027 ab
2473 1975 2846 2029 incarnatione
2877 1973 3092 2028 Domini
3123 1973 3289 2037 H85,
3323 1987 3419 2040 per
3463 1987 3632 2024 annos

361 2063 672 2132 quingentos
698 2062 1031 2130 septuaginta
1054 2060 1826 2133 currentemconscripsimus:
1855 2070 2124 2122 auctorem
2148 2063 2378 2116 maxime
2399 2063 2566 2120 secuti
2594 2063 2762 2116 virum
2786 2062 3126 2130 venerabilem
3151 2059 3296 2115 Seith
3316 2059 3396 2128 ﬁl.
3433 2057 3637 2112 Patrici

364 2147 786 2204 Alexandrinum
815 2149 1200 2220 patriarcliam.
1228 2147 1386 2215 Quod
1417 2163 1547 2203 vero
1575 2149 1652 2203 ait
1675 2165 1734 2204 se
1759 2151 1996 2204 maxime
2032 2151 2175 2205 hunc
2207 2160 2458 2206 secutum
2519 2153 2682 2221 plane
2711 2151 3126 2220 intelligendum
3167 2161 3253 2204 est
3285 2148 3352 2203 de
3389 2156 3635 2214 tempore

363 2239 630 2304 duntaxat
659 2253 865 2292 annum
892 2237 1100 2293 Christi
1129 2237 1234 2304 9'57
1267 2252 1363 2292 seu
1401 2237 1603 2309 uegit-oe
1635 2237 1742 2294 526
1799 2247 2198 2296 antevertente.
2230 2237 2385 2296 Tunc
2415 2240 2559 2294 enim
2605 2253 2738 2296 suos
2776 2237 2984 2294 claudit
3033 2237 3278 2292 Annales
3328 2234 3636 2306 Eutycltius

363 2329 512 2383 Circa
544 2326 822 2403 biennium
861 2335 981 2396 post
1005 2335 1279 2380 mortuus.

372 2518 3614 2550 WWWWW

1367 2689 1716 2754 LECTORI
1752 2691 2301 2754 PATROLOGUE
2339 2695 2662 2755 EDITOR.

446 3021 746 3115 Eutychji
782 3025 1410 3115 nostri‘periocham
1452 3047 1530 3090 ex
1569 3031 1707 3107 ejus
1777 3033 2144 3093 Annalibus
2177 3033 2272 3115 (p.
2308 3030 2464 3108 3'28)
2529 3039 2891 3106 excerptam
2943 3031 3214 3115 sect-sim
3263 3023 3646 3115 anno-16's?

367 3100 662 3192 ediderat
687 3103 968 3192 Joannes
998 3100 1312 3192 Seldenus
1339 3151 1356 3181 ,
1387 3125 1532 3192 eum
1567 3100 2821 3192 inagnocomrgentariorum;apparatu,
2869 3109 3217 3192 subntitnlo
3263 3132 3278 3168 :
3339 3104 3642 3192 Elutychii

367 3179 700 3272 zEgyptii,_
743 3186 1139 3272 patriarchte
1183 3179 1703 3272 ortliodoxorum'
1734 3187 2351 3272 A_lcxandrini.......
2390 3179 2717 3272 ΔΕςριὲεὶιε
2761 3179 2926 3272 suae
2973 3187 3318 3272 0rig_in_es._
3377 3179 3641 3272 Sel'deni

366 3260 601 3352 placita
665 3263 1392 3352 (le‘ordinejieralicp
1452 3267 1837 3328 conl‘utanda
1899 3268 1976 3352 in
2029 3287 2098 3329 se
2147 3268 2433 3352 suscepit
2509 3271 2687 3330 Pater
2742 3267 3058 3352 Abraham
3091 3260 3640 3352 'Ecliellensismin

367 3338 857 3425 ξιιοηΕμτῃσΙιίο
912 3342 1552 3425 oin_dicato,_ltomco
1621 3363 1790 3407 anno
1837 3348 1981 3408 1661
2053 3347 2220 3424 typis
2269 3338 2690 3425 Sftiongreg.
2723 3348 2799 3407 de
2835 3346 3245 3425 propaganda
3293 3345 3412 3425 fide
3447 3341 3646 3402 edito.

370 3417 814 3504 Praafatiotiem
846 3423 1075 3504 operis
1097 3422 1468 3504 recedimus
1506 3425 1568 3483 in
1607 3441 1727 3500 qua
1767 3429 1948 3486 Pater
1983 3417 2300 3486 Abraham
2358 3417 2726 3504 periochain
2782 3417 3074 3486 eatnd’etn
3126 3439 3290 3485 nova
3323 3423 3646 3504 interpre-

373 3495 613 3584 tatione
645 3495 942 3584 donatam
978 3500 1266 3584 exhibet.
1306 3512 1371 3561 ut
1411 3495 1763 3584 tutiuslrct,
1802 3505 2188 3584 Eutychium
2226 3495 2751 3577 non'lubentem,
2779 3503 2888 3565 sed
2927 3504 3198 3565 invitum
3232 3520 3302 3565 ac
3335 3502 3652 3563 reluctan-

375 3580 495 3642 tem
532 3593 650 3654 per
680 3592 752 3638 os
791 3577 1046 3640 Seldeni
1086 3581 1368 3641 locutum
1403 3579 1630 3642 fuisse.

1167 3957 1652 4028 .ABRAHAMI
1706 3958 2306 4022 ECHELLENSIS
2364 3960 2845 4023 PRxEFATIO.

446 4127 717 4183 Docuerat
749 4129 878 4200 olim
909 4130 1130 4204 Acrius,
1171 4131 1250 4186 uti
1293 4131 1461 4187 refert
1492 4131 1553 4187 D.
1587 4133 1948 4204 Augustinus,
1997 4137 2362 4207 Epiphanius,
2417 4139 2609 4194 Patres
2655 4140 2772 4204 alii,
2818 4148 2873 4194 et
2920 4139 3276 4196 ecclesiastici
3315 4141 3640 4212 scriptores,

376 4219 754 4291 presbyterum
796 4229 848 4274 et
883 4223 1201 4292 episcopum
1241 4226 1390 4292 paris
1421 4239 1544 4278 esse
1591 4224 1825 4289 ordinis,
1874 4225 2162 4293 dignitatis
2199 4236 2363 4297 atque
2413 4229 2726 4294 potestatis.
2780 4226 3116 4283 Sententiam
3166 4228 3309 4284 hanc
3355 4244 3641 4286 sacrorum

376 4307 733 4360 conciliorum
767 4309 1080 4361 damnatam
1114 4301 1384 4372 decretis,
1419 4321 1735 4364 sanctorum
1778 4311 2000 4367 Patrum
2031 4315 2086 4368 in
2121 4324 2327 4369 tartara
2379 4315 2662 4371 detrusam
2695 4316 3048 4381 auctoritate,
3098 4331 3162 4372 ac
3191 4319 3393 4388 merita
3425 4319 3644 4376 demum

379 4394 656 4448 oblivione
688 4397 988 4464 sepultam,
1023 4397 1287 4463 infausto,
1325 4399 1511 4453 nescio
1545 4414 1655 4468 quo
1683 4403 1952 4467 carmine,
1981 4417 2208 4458 avorum
2245 4414 2566 4459 nostrorum
2604 4407 2869 4460 memoria
2895 4407 2947 4460 in
2983 4407 3299 4461 mortalium
3331 4407 3458 4463 inde
3490 4424 3648 4464 revoc

378 4492 574 4535 earunt
615 4483 788 4537 lucem
824 4482 1100 4540 Lullierus
1133 4495 1186 4538 et
1225 4486 1504 4552 Calvinus;
1542 4503 1777 4557 eamque
1810 4490 2074 4561 deinceps
2104 4498 2195 4546 aut
2228 4508 2330 4549 suo
2369 4492 2624 4548 foverunt
2680 4494 2806 4548 sinu
2833 4535 2848 4558 ,
2887 4504 2981 4548 aut
3013 4496 3131 4551 suis
3165 4495 3457 4566 perodiose
3491 4499 3650 4553 refri-

378 4582 616 4624 ruerunt
646 4571 869 4641 scriptis
902 4572 978 4626 illi
1013 4575 1107 4642 qui
1160 4574 1213 4645 in
1247 4575 1496 4644 ipsorum
1526 4576 1784 4644 jurarunt
1823 4579 2009 4632 verba.
2047 4582 2245 4636 Acrius
2303 4591 2486 4635 tamen
2532 4597 2596 4634 ac
2640 4581 2984 4638 virulentiori
3027 4583 3243 4637 calamo
3288 4585 3644 4652 quaestionem

375 4648 671 4732 exagitavit
703 4665 843 4718 hanc
875 4681 1050 4735 nuper
1083 4667 1342 4721 Claudius
1376 4669 1704 4733 Salinasius,
1760 4671 2108 4740 pra-cipitata:
2142 4669 2489 4724 eruditionis
2519 4668 2681 4723 homo
2712 4669 3013 4723 Calvinista
3043 4709 3059 4732 ,
3103 4671 3157 4723 in
3188 4648 3354 4740 opere
3388 4671 3535 4740 quod
3568 4671 3647 4725 De

379 4755 558 4818 [enare
586 4755 897 4820 trapezitico
948 4755 1328 4824 inscripserat.
1367 4756 1786 4827 Quamprimum
1838 4767 1946 4811 tam
1984 4757 2289 4813 detestabili
2347 4771 2411 4810 ac
2464 4757 2788 4825 perniciosa:
2823 4758 2962 4826 pesti
3015 4774 3079 4812 ex
3121 4759 3355 4813 adverso
3402 4761 3649 4814 occurrit

379 4839 739 4895 doctissimus
772 4839 1070 4912 Dionysius
1105 4841 1384 4910 Petavius,
1417 4861 1484 4899 ex
1511 4861 1670 4900 sacra
1706 4845 2000 4901 Societatis
2035 4843 2164 4900 Jesu
2201 4845 2665 4915 religione,opere
2699 4845 2962 4914 inscripto
2991 4863 3004 4899 :
3039 4843 3448 4899 Dissertatioan
3477 4849 3644 4900 eccle-

379 4927 612 4983 siastica:
645 4929 708 4983 de
737 4931 1105 5000 episcoporum
1145 4933 1400 5002 dignitate
1436 4943 1483 4986 et
1515 4933 1933 5003 iurisdictione;
1959 4950 2024 4988 ac
2059 4934 2255 4988 [Italam
2295 4933 2524 4988 bestiam
2559 4947 2646 4998 eo,
2686 4933 2829 4988 unde
2861 4931 3184 5002 prodierat,
3218 4936 3504 4988 retrudere
3540 4938 3644 4989 ob-

383 5018 532 5073 nisus
566 5029 650 5076 est
683 5030 973 5077 veteranus
1012 5037 1074 5076 ac
1103 5023 1410 5078 acerrimus
1443 5024 1567 5078 fidei
1616 5024 1905 5078 catholica:
1939 5030 2334 5093 propugnator.

452 5132 532 5188 Ad
573 5143 784 5189 tantum
821 5151 1096 5190 rumorem
1151 5151 1216 5192 ac
1255 5138 1578 5208 quaestionis
1617 5137 2054 5208 recrudescentis
2083 5136 2284 5190 famam
2319 5150 2382 5188 ex
2416 5134 2603 5188 ultima
2628 5133 2853 5192 excitus
2880 5131 3163 5187 Britannia
3190 5130 3431 5187 Joannes
3454 5132 3644 5188 Selde-

388 5237 489 5276 nus
520 5237 588 5276 eo
620 5222 861 5278 accurrit
891 5239 1050 5293 Opem
1086 5223 1269 5280 ferens
1300 5238 1618 5296 symmystae
1648 5240 1712 5278 ac
1747 5225 2045 5294 suppetias.
2082 5224 2537 5278 Anitnatlverteus
2567 5237 2696 5276 vero
2732 5237 2863 5278 suas
2896 5221 3214 5290 sodalisque
3266 5222 3454 5292 copias
3485 5219 3646 5275 Occi-

387 5311 630 5368 dentales
655 5312 816 5383 longe
849 5321 902 5367 et
934 5328 1166 5368 numero
1196 5322 1252 5368 et
1283 5315 1493 5368 viribus
1525 5313 1762 5382 impares
1798 5329 1942 5378 esse,
1974 5311 2304 5383 Eutychiqu
2339 5310 2708 5380 pa‘triarcltam
2762 5309 3192 5364 Alexandrinum
3215 5349 3232 5373 ,
3267 5325 3363 5365 ceu
3416 5308 3640 5362 militem

387 5400 744 5464 auxiliarem,
776 5407 831 5454 et
868 5401 1119 5457 Arabicis
1154 5403 1483 5457 instructum
1520 5402 1686 5455 armis
1719 5402 1784 5454 ad
1824 5403 1964 5456 hanc
1999 5413 2234 5469 pugnam
2273 5397 2339 5450 ah
2380 5399 2498 5466 ipso
2533 5395 2757 5451 Oriente
2812 5413 2916 5452 suo
2943 5397 3212 5452 conduxit
3254 5411 3382 5450 aere.
3441 5392 3641 5463 Operis

390 5489 641 5542 vexillum
680 5488 783 5542 hoc
809 5491 1066 5557 specioso
1090 5490 1379 5544 exornavit
1408 5491 1568 5561 titulo
1597 5489 1878 5559 :Eutyc/iii
1901 5487 2146 5557 zEgyptit'
2167 5487 2491 5555 patriarchae
2519 5485 2938 5540 ortliodoxorum
2964 5483 3342 5545 Alexandrini,
3363 5483 3641 5550 scriptoris

391 5585 445 5628 ut
477 5577 528 5630 in
565 5575 783 5631 Oriente
813 5578 1099 5631 admodum
1139 5579 1326 5632 vetusti
1359 5595 1421 5630 ac
1452 5578 1699 5638 illustris.
1728 5579 1805 5630 ita
1837 5577 1888 5629 in
1922 5575 2197 5629 Occidente
2230 5585 2338 5626 tum
2369 5573 2709 5644 paucissimis
2739 5575 2833 5626 visi
2856 5612 2871 5638 ,
2905 5583 3014 5626 tum
3045 5586 3264 5640 perraro
3294 5571 3490 5634 auditi,
3537 5569 3645 5624 Ec.

400 5666 577 5719 clesia:
607 5655 718 5719 sua:
752 5664 1018 5738 Origines.
1051 5669 1345 5720 Auctorem
1381 5681 1548 5736 porro
1574 5682 1636 5720 ex
1665 5666 1926 5734 dignitate
1951 5703 1966 5728 ,
1995 5666 2340 5736 antiquitate,
2371 5666 2566 5735 patria,
2615 5666 2842 5721 raritate
2875 5663 3080 5734 operis,
3115 5671 3168 5716 et
3201 5663 3598 5731 exemplarium
3625 5701 3642 5725 ,

393 5753 652 5818 materiae,
687 5767 796 5823 qua
834 5756 902 5810 de
933 5755 1135 5824 agitur,
1167 5755 1439 5820 claritate,
1476 5754 1708 5822 aliisque
1740 5753 2084 5806 ornamentis
2113 5755 2194 5808 sic
2219 5755 2361 5823 apud
2397 5770 2526 5809 suos
2568 5753 2797 5808 lectores
2834 5754 2887 5804 in
2922 5769 3016 5806 sua
3055 5752 3403 5806 commendat
3440 5751 3640 5819 praefaa

395 5843 539 5898 tione
572 5859 585 5896 :
627 5841 753 5896 lam
786 5859 922 5911 vero,
960 5843 1154 5914 inquit,
1190 5861 1306 5898 cum
1341 5839 1403 5899 dc
1439 5845 1639 5898 ordinis
1668 5843 1980 5897 liicrarchici
2015 5842 2063 5894 in
2096 5840 2331 5895 Ecclesia
2369 5841 2758 5902 .llcxandrina,
2793 5841 2845 5893 id
2890 5850 2963 5894 est
2999 5839 3059 5894 dc
3093 5839 3542 5900 presbulerorum.
3595 5847 3643 5892 et
