4076 6396
306 294 401 355 S97
1730 293 1829 353 AN
1837 294 1886 355 N
1891 295 2102 365 ALES.
3434 298 3540 361 898

317 391 607 458 Ecclesium
630 418 787 471 super
822 404 1056 474 reliquas
1089 404 1375 459 Ecclesias.
1406 402 1646 460 Jacobus
1678 404 1732 458 in
1764 405 2076 461 rationibus
2101 406 2406 477 desumptis
2442 422 2507 463 ex
2559 394 2737 463 V‘erbo
2788 408 2904 474 Dei,
2956 422 3082 477 pag.
3134 408 3223 473 24,
3270 409 3473 463 relatus
3509 425 3539 462 a

315 488 382 544 [ἰ.
415 488 479 545 Ρ.
516 488 754 546 Henrico
802 489 919 544 Fitz
955 488 1142 546 Simon
1185 492 1243 546 in
1276 491 1754 545 Britannomachia
1786 493 2161 547 ministrorum
2195 492 2289 548 lib.
2322 510 2360 560 I,
2385 509 2506 564 cap.
2546 496 2635 559 10,
2667 512 2787 567 pag.
2829 496 2863 550 5
2890 513 2904 550 :
2938 494 3159 548 Nullum
3179 512 3310 559 esse,
3341 498 3538 566 inquit,

315 578 367 629 in
397 585 507 631 toto
548 578 744 630 mundo
777 578 949 630 locum
979 587 1083 630 tam
1105 577 1469 647 probabiliter,
1504 568 1572 631 ac
1601 577 1820 632 Romam
1851 581 2011 633 totius
2049 581 2316 650 regiminis
2376 584 2651 639 catholica:
2707 584 2960 638 Ecclesia:
3008 584 3205 653 fontem
3267 602 3329 637 ac
3379 586 3543 653 origi-

313 678 448 717 nem.
483 661 721 718 Jacobus
752 678 844 717 rex
890 654 1183 718 Britanniae
1231 665 1285 719 in
1347 663 1509 718 domo
1571 664 1997 735 parlamentaria
2057 669 2284 736 praecise
2339 672 2393 723 in
2452 672 2628 725 medio
2678 673 2872 726 litterae
2928 671 2989 725 D.
3032 670 3197 740 :Ego
3247 670 3541 725 Romanam

316 747 610 803 Ecclesium
641 749 894 817 proﬁteor
914 766 1025 803 esse
1059 761 1295 804 nostram
1334 752 1609 832 matricem
1648 753 1966 807 Ecclesium.
2025 754 2089 808 Et
2122 757 2174 810 in
2216 758 2508 826 colloquiis
2545 759 2767 831 llampt.
2809 760 2937 814 litec
2974 777 3091 814 mea
3146 768 3226 815 est
3289 771 3535 813 constans

314 852 376 890 ac
403 836 513 896 lixa
541 838 837 904 persuasio,
864 837 1066 890 nullam
1096 837 1279 890 debere
1313 837 1611 894 Ecclesiam
1644 843 1898 896 remotius
1929 859 1962 897 a
1993 842 2238 900 Romana
2269 847 2511 902 Ecclesia
2534 850 2795 917 secedere,
2827 865 2985 919 quam
3013 852 3129 917 ipsa
3159 866 3190 901 a
3223 865 3277 902 se
3299 849 3414 918 ipsa
3445 848 3546 915 flo-

314 934 458 977 rente
494 923 735 992 digressa
759 924 853 979 sit.
3056 926 3061 931 ’

384 1010 440 1064 Si
472 1011 657 1079 itaque
690 1009 935 1068 Ecclesia
969 1011 1222 1067 Romana
1255 1012 1361 1067 fuit
1400 1014 1697 1083 aliquando
1728 1031 1825 1085 per
1873 1016 2221 1074 adversarios
2283 1022 2482 1074 matrix
2528 1020 2773 1074 omnium
2846 1018 3239 1083 Ecclesiarum,
3297 1022 3420 1077 fons
3491 1031 3545 1075 et

309 1096 463 1167 origo
484 1098 652 1151 totius
683 1098 970 1167 regiminis
992 1098 1274 1152 catholica:
1306 1097 1590 1163 Ecclesiae,
1622 1099 1768 1155 unde
1795 1116 1957 1157 omne
1987 1106 2189 1161 bonum
2214 1107 2588 1162 Christianum
2614 1109 2667 1162 in
2685 1110 2822 1163 alias
2848 1110 3190 1179 promanavit
3225 1108 3499 1164 Ecclesias
3526 1125 3540 1168 :

311 1186 366 1238 in
399 1198 573 1252 eaque
597 1183 699 1238 fuit
734 1200 863 1237 vera
894 1186 1306 1251 Christianitas,
1340 1188 1452 1241 imo
1481 1202 1642 1243 verus
1698 1190 1930 1244 nucleus
1977 1192 2432 1258 Christianitatis,
2496 1195 2588 1250 Dei
2646 1194 2909 1261 Verbum,
2956 1197 3320 1263 apostolatus,
3387 1212 3544 1251 sacra

315 1269 617 1339 Scriptura,
651 1271 979 1339 baptismus,
1008 1285 1377 1335 sacramenta,
1409 1282 1463 1328 et
1493 1274 1830 1343 praedicandi
1864 1276 2133 1346 oliicium,
2166 1282 2240 1335 ita
2279 1291 2337 1335 ut
2370 1297 2476 1335 non
2512 1283 2733 1336 licuerit
2771 1284 2841 1336 ab
2860 1297 2922 1335 ea
2957 1289 3218 1338 remotius
3264 1284 3543 1346 secedere,

314 1374 476 1428 quam
504 1360 621 1428 ipsa
653 1374 682 1413 a
709 1373 769 1414 se
804 1360 919 1428 ipsa
952 1358 1181 1415 ﬂorente
1209 1360 1453 1430 digressa
1484 1363 1553 1415 sit
1604 1378 1617 1414 :
1656 1363 1702 1416 si
1740 1378 1840 1416 nec
1896 1363 2081 1428 debet,
2136 1382 2237 1420 nec
2295 1375 2473 1433 potest
2529 1368 2795 1436 ejusmodi
2849 1365 3092 1422 Ecclesia
3149 1370 3389 1429 mentiri,
3446 1382 3547 1422 nec

318 1444 515 1500 falsum
547 1452 767 1512 docere,
809 1462 909 1500 nec
940 1447 995 1499 in
1026 1448 1192 1501 unico
1223 1448 1441 1515 quidem
1466 1448 1664 1516 capite,
1699 1464 1822 1501 cum
1857 1448 1949 1502 Dei
1990 1465 2052 1503 os
2085 1451 2243 1506 sitos
2277 1453 2438 1519 hujus
2469 1451 2747 1519 Ecclesiae,
2779 1454 2873 1522 qui
2922 1454 3139 1508 mentiri
3174 1470 3280 1509 non
3316 1465 3536 1525 potest;

316 1535 442 1602 quis
473 1544 580 1587 tam
608 1532 916 1587 manifesta:
944 1533 1319 1601 impudentia),
1355 1542 1409 1588 et
1442 1534 1768 1588 exsecrandi
1824 1537 2069 1606 stuporis
2100 1540 2226 1601 erit,
2260 1539 2363 1593 cui
2385 1538 2657 1593 alIirmare
2718 1540 2961 1605 audebit,
3021 1538 3324 1595 Romanam
3380 1542 3542 1597 fidem

316 1621 559 1690 Apostoli
592 1622 856 1675 munitam
886 1621 1213 1675 auctoritate
1241 1627 1504 1673 mutatam
1541 1618 1751 1674 fuisse?

389 1708 457 1760 At
485 1707 707 1775 objiciet
739 1708 826 1762 hic
874 1706 1015 1762 forte
1047 1708 1490 1761 adversariorum
1520 1722 1793 1761 nonnemo
1827 1724 1842 1771 ;
1880 1707 2008 1761 Haec
2053 1706 2416 1764 lnfallibilitas
2449 1708 2739 1764 tribuenda
2785 1716 2871 1763 est
2908 1708 3169 1765 Ecclesia:
3225 1711 3544 1776 universali,

317 1795 404 1859 cui
436 1795 487 1847 id
517 1796 848 1862 promissum
884 1806 987 1860 est,
1026 1811 1134 1849 non
1166 1806 1345 1849 autem
1376 1796 1537 1850 alicui
1573 1795 1860 1864 singulari.

384 1881 466 1935 Ad
485 1883 625 1934 hanc
647 1882 1009 1950 objectionem
1034 1881 1361 1951 respondeat
1382 1881 1713 1935 adversariis
1740 1894 1878 1933 unus
1900 1893 1964 1933 ex
1990 1880 2428 1933 adversariorum
2451 1895 2614 1951 grege
2652 1881 2987 1946 Witakerus,
3013 1890 3190 1937 contr.
3213 1883 3268 1949 2,
3294 1895 3491 1954 quaest.
3512 1887 3546 1941 4

319 1984 438 2039 cap.
473 1971 530 2035 5,
574 1984 697 2039 pag.
735 1969 863 2034 489,
899 1973 989 2024 ubi
1024 1968 1216 2023 :Nilzil
1253 1978 1351 2034 est,
1391 1970 1586 2038 inquit,
1618 1967 1902 2020 universali
1936 1966 2188 2021 Ecclesia:
2218 1968 2560 2035 promissum,
2591 1969 2731 2038 quod
2764 1986 2868 2023 non
2910 1971 3158 2025 similiter
3185 1972 3550 2041 singularibus

320 2057 574 2112 Ecclesiis
606 2059 955 2126 promittitur.
1194 2107 1204 2115 .

386 2142 495 2197 Fac
530 2145 603 2196 ita
636 2146 728 2203 sit,
758 2145 952 2199 demus
982 2143 1145 2197 modo
1187 2143 1292 2197 hoc
1322 2142 1601 2203 Witakcro
1629 2151 1682 2195 et
1713 2139 2027 2212 symmystis
2079 2136 2363 2206 (quamvis
2390 2138 2738 2208 erroneum),
2810 2141 2956 2210 quod
3007 2140 3215 2195 scilicet
3254 2140 3390 2195 nihil
3453 2141 3556 2196 fuit

321 2231 655 2302 promissum
686 2229 947 2284 Ecclesia}
982 2231 1299 2291 universali,
1332 2229 1477 2297 quod
1513 2228 1888 2297 singularibus
1929 2226 2197 2281 Ecclesiis
2232 2243 2341 2281 non
2376 2226 2540 2281 fuerit
2567 2231 2922 2295 promissum.
2980 2229 3113 2284 lure
3142 2232 3292 2299 κειἮο
3339 2247 3405 2285 ex
3444 2232 3548 2285 hac

322 2318 570 2372 doctrina
602 2317 807 2372 inferre
835 2317 963 2371 licet
1002 2320 1069 2369 ad
1098 2317 1403 2379 hominem,
1432 2314 1730 2369 Ecclesiam
1762 2314 2069 2368 Romanam
2104 2329 2383 2383 nunquam
2409 2316 2792 2378 succubuisse,
2825 2330 3004 2385 neque
3043 2318 3406 2373 succumbere
3456 2335 3554 2389 po-

324 2408 513 2470 tuisse,
547 2404 675 2473 quia
709 2403 1005 2473 aliquando
1040 2404 1139 2456 fuit
1172 2418 1297 2457 vera
1329 2400 1580 2456 Ecclesia
1610 2417 1707 2470 per
1745 2403 1894 2470 ipsos
1923 2402 2294 2466 adversarios,
2330 2411 2384 2456 et
2420 2417 2483 2457 os
2521 2403 2639 2466 Dei,
2679 2405 2764 2458 vel
2806 2418 2912 2473 qua
2949 2404 3301 2469 universalis,
3335 2408 3417 2460 vel
3446 2424 3554 2477 qua

323 2493 636 2563 singularis,
666 2507 788 2545 cum
820 2492 958 2546 nihil
989 2507 1084 2561 per
1115 2492 1263 2559 ipsos
1293 2491 1366 2545 sit
1406 2492 1745 2560 promissum
1779 2489 2038 2545 Ecclesiae
2080 2492 2404 2555 universali,
2438 2491 2585 2560 quod
2612 2492 2989 2560 singularibus
3037 2507 3145 2546 non
3198 2491 3363 2547 fuerit
3425 2511 3553 2563 pro-

325 2582 574 2635 missum.
602 2579 718 2645 Qua
759 2580 927 2649 igitur
952 2578 1131 2632 fronte
1169 2593 1288 2632 eam
1317 2578 1639 2633 insimulare
1667 2577 1869 2631 audent
1898 2581 2103 2633 erroris
2151 2586 2205 2633 et
2257 2579 2485 2648 lapsus?
2521 2578 2648 2634 Suis
2682 2595 2742 2634 se
2791 2579 3124 2633 confodiunt
3179 2582 3370 2644 armis,
3426 2581 3555 2636 dum

325 2668 615 2722 incurrunt
651 2682 799 2721 cazco
832 2666 1039 2735 impetu
1076 2665 1128 2719 in
1163 2663 1466 2720 Romanam
1501 2665 1825 2725 Ecclesiam,
1857 2661 2086 2732 ejusque
2113 2676 2336 2715 causam
2386 2662 2442 2714 in
2490 2661 2667 2715 lucem
2723 2663 2972 2716 veritatis
3033 2662 3189 2716 inviti
3246 2662 3554 2730 proferunt,

325 2770 391 2809 ac
425 2755 542 2809 suis
576 2768 636 2807 se
665 2753 950 2822 implicant
984 2752 1385 2820 paraIOgismis.
1411 2752 1585 2805 Nemo
1619 2753 1766 2805 enim
1794 2765 1942 2805 sana:
1966 2750 2160 2803 mentis
2191 2748 2349 2802 facile
2384 2748 2661 2811 concedit,
2710 2752 2855 2817 quod
2907 2749 3049 2817 ipsi,
3109 2749 3367 2802 nimirum
3420 2749 3557 2803 nihil

328 2842 585 2898 Ecclesia:
618 2840 911 2895 universali
951 2839 1284 2908 promissum
1319 2838 1511 2903 fuisse,
1546 2839 1688 2909 quod
1720 2837 2095 2907 singularibus
2124 2836 2381 2890 Ecclesiis
2428 2850 2534 2889 non
2568 2835 2736 2888 fuerit
2783 2836 3116 2905 promissum
3146 2853 3162 2901 ;
3204 2851 3327 2890 cum
3361 2837 3559 2890 certis-

327 2931 525 2987 simum
558 2928 649 2993 sit,
682 2927 939 2981 Ecclesia:
971 2926 1269 2981 universali
1301 2925 1629 2996 promissam
1656 2926 1828 2980 fuisse
1879 2924 2341 2986 infallibilitatem,
2378 2922 2745 2991 singularibus
2800 2937 2929 2976 vero
2964 2937 3067 2975 non
3105 2924 3260 2977 item.
3299 2922 3372 2977 De
3401 2922 3562 2976 infal-

328 3019 575 3074 libilitate
609 3016 935 3071 universalis
961 3016 1223 3071 Ecclesiae
1251 3015 1461 3070 dictum
1496 3028 1583 3071 est
1615 3034 1629 3069 :
1668 3015 1747 3069 Tu
1774 3033 1827 3070 es
1865 3013 2078 3074 Petrus,
2137 3022 2185 3065 et
2230 3027 2385 3078 super
2442 3010 2578 3064 hanc
2655 3022 2858 3077 petram
2920 3011 3193 3080 cediﬁcabo
3266 3009 3563 3067 Ecclesium

327 3124 523 3173 meam,
548 3116 596 3160 et
624 3114 793 3174 porto:
814 3103 976 3171 inferi
1016 3121 1119 3158 non
1146 3105 1505 3173 prrevalebunt
1596 3106 1845 3159 adversus
1872 3119 1985 3156 eant
2018 3100 2237 3165 (Matth.
2270 3115 2383 3165 xvr,
2418 3097 2527 3168 18).
2556 3095 2668 3153 Nec
2702 3114 2808 3153 non
2848 3116 2861 3152 :
2896 3100 3026 3165 Qute
3071 3108 3149 3154 est
3189 3098 3426 3153 Ecclesia
3462 3100 3561 3154 Dei

327 3196 445 3261 viai,
469 3175 715 3248 columna
741 3202 791 3247 et
824 3194 1221 3262 firmamentum
1246 3193 1510 3247 veritatis.
1536 3189 1589 3261 (Ι
1627 3190 1769 3246 Tim.
1796 3206 1879 3254 ιιι,
1912 3189 2023 3259 iii).
2056 3188 2212 3242 Unde
2244 3187 2504 3257 praeclare
2532 3186 2906 3255 Stapletonus,
2932 3198 3181 3242 controv.
3204 3189 3257 3249 4,
3277 3197 3470 3256 quaest.
3502 3188 3560 3252 2,

328 3282 563 3335 articulo
590 3281 754 3334 unico
793 3298 806 3333 :
844 3278 1113 3343 Ecclesia,
1142 3279 1335 3347 inquit,
1368 3280 1423 3332 in
1453 3279 1792 3333 conclusione
1826 3276 1951 3347 ﬁdei
2010 3290 2213 3338 semper
2269 3288 2341 3328 est
2393 3275 2693 3327 certissima
2756 3285 2805 3328 et
2866 3275 3187 3344 infallibilis.
3244 3275 3564 3343 Singulares

332 3368 610 3423 Ecclesiae
643 3370 711 3423 de
744 3367 893 3422 facto
924 3366 1217 3427 defecisse.
1248 3377 1413 3437 atque
1445 3368 1811 3422 succubuisse
1843 3363 2256 3419 evidentissima
2288 3371 2525 3415 constat.
2580 3360 2718 3415 Nam
2752 3364 2876 3431 quis
2912 3363 3108 3427 nescit,
3171 3358 3566 3417 Constantino-
3588 3438 3607 3445 ν

333 3456 627 3524 politanam
657 3455 1018 3510 succubuisse
1057 3455 1352 3523 aliquando
1392 3454 1447 3507 in
1479 3454 1818 3518 Macedonio,
1849 3462 1904 3505 et
1936 3449 2226 3513 Nestorio;
2254 3449 2674 3503 Alexandrinam
2703 3450 2755 3502 in
2786 3449 3086 3517 Dioscoro;
3117 3450 3172 3504 in
3204 3450 3568 3507 lllacarioAn-

333 3543 664 3606 tiochenam,
697 3550 751 3595 et
790 3543 871 3597 sic
909 3542 976 3596 de
1006 3542 1173 3596 aliis?
1205 3543 1392 3597 Restat
1425 3558 1580 3612 ergo,
1612 3554 1671 3595 ut
1716 3542 1987 3603 dicamus,
2026 3535 2470 3590 infallibilitatem
2524 3537 2837 3589 necessario
2887 3538 3127 3591 residere
3180 3553 3349 3607 penes
3380 3539 3571 3594 Eccle-

334 3633 473 3686 siam
511 3629 900 3695 universalem,
933 3629 1095 3697 cujus
1124 3641 1289 3698 caput
1317 3639 1402 3685 est
1437 3629 1717 3683 Romanus
1748 3628 2010 3698 pontifex,
2041 3627 2126 3678 cui
2149 3624 2201 3676 in
2228 3624 2411 3685 Petro,
2444 3623 2600 3690 cujus
2634 3632 2721 3675 est
2751 3638 3061 3688 successor,
3089 3627 3158 3679 ab
3186 3640 3283 3679 ore
3311 3624 3569 3681 Veritatis

336 3718 538 3772 dictum
568 3716 671 3770 fuit
714 3733 729 3769 :
772 3714 885 3786 Ego
913 3725 1089 3770 autem
1116 3718 1299 3785 rogavi
1326 3734 1421 3786 pro
1459 3727 1526 3780 te,
1553 3726 1610 3769 ut
1637 3732 1739 3768 non
1766 3715 1979 3780 deﬁciat
2005 3712 2138 3779 fides
2166 3721 2259 3762 tua
2286 3707 2441 3776 (an.
2472 3724 2605 3769 χχιι,
2643 3708 2756 3776 52).
2816 3708 2970 3773 Quod
3028 3724 3159 3763 vero
3208 3712 3391 3764 statim
3434 3713 3569 3767 sub-

330 3804 576 3875 iungitur
605 3819 620 3856 :
658 3800 724 3855 Et
751 3813 808 3855 tu
840 3802 1126 3872 aliquando
1158 3820 1437 3857 conversus
1467 3806 1724 3870 conﬁrma
1751 3801 1947 3870 fratres
1984 3808 2099 3849 tuos
2153 3794 2346 3863 (ibid.),
2372 3794 2440 3846 de
2469 3793 2841 3861 singularibus
2869 3792 3130 3848 Ecclesiis
3155 3796 3567 3864 intelligendum

335 3902 439 3956 est,
469 3906 592 3961 quae
632 3891 688 3943 in
730 3889 835 3943 ﬁde
870 3889 1190 3959 dirigendae,
1222 3902 1277 3946 et
1304 3891 1695 3946 confirmanda:
1721 3900 1905 3943 sunta
1934 3885 2081 3939 Petri
2114 3894 2458 3941 successore,
2506 3879 2560 3932 in
2598 3894 2760 3947 quem
2812 3880 3172 3934 confirmandi
3224 3882 3424 3938 fratres
3471 3900 3570 3939 au-

338 3982 562 4033 ctoritas
586 3979 831 4031 derivata
864 3985 969 4031 est.
998 3979 1155 4047 Apud
1184 3978 1487 4032 Bouianam
1523 3979 1686 4046 igitur
1717 3975 2021 4029 Ecclesiam
2048 3969 2247 4025 residet
2293 3968 2405 4019 haec
2454 3965 2843 4023 infaltibilitas.
2915 3968 3245 4038 Quanquam
3293 3971 3437 4025 haud
3482 3986 3570 4029 me

336 4067 486 4131 latet,
517 4066 881 4137 Witakerum,
920 4083 1071 4123 more
1096 4068 1347 4119 omnium
1380 4066 1761 4119 haereticorum
1792 4077 1821 4115 a
1863 4078 1922 4116 se
1949 4062 2067 4129 ipso
2101 4056 2435 4114 desciscere,
2472 4066 2638 4123 atque
2664 4054 2795 4108 alibi
2828 4070 3099 4119 asserere,
3133 4068 3241 4110 tam
3263 4058 3565 4114 Ecclesiam

338 4154 730 4222 universalem,
759 4173 922 4226 quam
946 4155 1257 4224 singulares
1296 4153 1575 4207 Ecclesias
1602 4165 1793 4205 errare
1829 4162 2014 4219 posse.
2038 4145 2114 4198 Ex
2147 4156 2256 4213 quo
2289 4143 2450 4212 plane
2483 4149 2632 4210 patel-
2676 4142 2777 4196 hos
2808 4142 2863 4196 in
2893 4144 3059 4195 Deum
3087 4142 3269 4212 ipsum
3311 4144 3571 4215 blasphe-

338 4255 459 4295 mos
492 4256 638 4304 esse.
678 4243 808 4312 quia
833 4242 878 4296 si
908 4257 970 4297 os
997 4241 1279 4304 Ecclesiae,
1310 4242 1456 4309 quod
1493 4254 1590 4308 per
1619 4239 1769 4307 ipsos
1798 4244 1884 4291 est
1914 4233 2008 4287 Dei
2044 4247 2131 4294 os,
2176 4228 2424 4292 mentiri,
2464 4238 2519 4283 et
2557 4243 2744 4283 errare
2776 4239 2982 4299 potest,
3030 4233 3279 4300 sequitur
3318 4232 3447 4287 inde
3475 4247 3574 4287 ner-

339 4332 602 4395 cessario,
641 4329 812 4384 Deum
840 4338 897 4383 et
929 4328 1168 4393 mentiri,
1201 4340 1254 4382 et
1289 4341 1472 4381 errare
1502 4340 1684 4395 posse,
1713 4323 1864 4395 quod
1899 4324 1982 4378 vel
2028 4320 2212 4376 verbis
2245 4318 2511 4389 proferre,
2550 4327 2647 4372 aut
2676 4329 2859 4374 mente
2904 4321 3197 4389 concipere
3247 4320 3317 4375 ad
3366 4320 3567 4378 borum

339 4416 766 4471 convincendum
796 4416 1261 4485 pervicacitatem,
1292 4416 1511 4468 animus
1540 4416 1724 4467 horret
1764 4413 2031 4480 luctuque
2061 4411 2288 4478 refugit.

412 4500 490 4554 Tu
556 4513 774 4567 autem,
845 4499 1114 4567 Seldene,
1187 4503 1321 4579 haec,
1362 4502 1569 4557 interea
1647 4500 1845 4570 reliqui
1916 4514 2112 4555 versus
2181 4497 2235 4550 in
2313 4494 2595 4552 Romanos
2659 4496 2908 4567 usurpati
2974 4505 3188 4553 attento
3253 4499 3576 4570 perpendito

343 4604 548 4646 animo.

732 4706 845 4763 Nec
880 4717 927 4762 te
959 4706 1264 4778 quasiveris
1301 4718 1474 4762 extra.

339 4825 546 4880 Tecum
581 4824 788 4887 habita,
819 4832 872 4878 te
903 4837 1095 4888 nosce,
1120 4836 1223 4877 nec
1248 4821 1317 4877 de
1346 4820 1591 4876 Romana
1622 4820 1885 4891 religione
1907 4819 1983 4873 ita
2005 4828 2211 4873 temere
2241 4811 2590 4885 pronunties,
2614 4825 2740 4865 cum
2774 4823 3006 4878 prorsus
3032 4808 3152 4876 ipse
3180 4807 3421 4872 nescias,
3450 4822 3572 4877 quae

340 4916 418 4972 sit
459 4913 622 4969 hodie
653 4913 708 4968 in
743 4921 835 4967 tua
866 4928 990 4967 vere
1023 4912 1313 4982 plusquam
1341 4910 1713 4966 turbidissima
1742 4910 1938 4981 Anglia
1963 4905 2173 4975 religio,
2207 4918 2309 4956 nec
2338 4916 2459 4970 qua:
2492 4899 2566 4953 sit
2596 4913 2719 4953 cras
2752 4896 2958 4962 futura,
3006 4912 3115 4950 non
3166 4896 3439 4962 omnium,
3489 4898 3577 4952 in-

344 5015 533 5071 quam,
567 5000 661 5054 sed
696 4999 1078 5068 singulorum;
1118 5008 1197 5053 tot
1231 4998 1376 5053 enim
1402 4998 1543 5067 apud
1575 4994 1672 5052 vas
1707 5006 1837 5049 sunt
1862 4994 2173 5064 religiones,
2203 4996 2339 5061 quot
2394 4989 2596 5058 capita.
2653 4985 2765 5039 Res
2815 4985 2932 5054 ipsa
2979 4983 3064 5071 in_
3094 4982 3229 5037 foris
3293 4992 3348 5037 et
3376 4984 3577 5053 plateis

344 5069 667 5158 proclamat.
697 5086 924 5140 Decreta
956 5086 1125 5140 vestri
1158 5094 1408 5149 senatus,
1445 5099 1542 5139 seu
1574 5082 1901 5151 parlamenti
1938 5091 2063 5136 ante
2088 5088 2327 5148 quatuor
2371 5074 2543 5129 ferme
2598 5087 2774 5127 annos
2834 5072 2980 5127 edita
3036 5069 3104 5126 tle
3142 5071 3408 5143 religione
3466 5079 3581 5127 sta.

349 5173 547 5228 tuenda
575 5188 605 5225 a
633 5173 830 5226 vestris
863 5172 1130 5241 theologis
1159 5180 1215 5224 et
1247 5170 1511 5225 ministris
1542 5169 1646 5224 hoc
1701 5170 1835 5224 satis
1881 5183 2159 5238 superque
2201 5173 2494 5220 testantur.
2541 5159 2871 5215 Iamdudum
2935 5159 3037 5214 hac
3087 5160 3157 5213 de
3210 5174 3271 5214 re
3319 5159 3579 5229 gravibus

346 5270 687 5330 conquestus
718 5267 801 5314 est
827 5258 1013 5314 verbis
1037 5258 1362 5312 Theodorus
1396 5257 1533 5313 Bcza
1571 5258 1624 5311 in
1654 5257 1830 5327 Epist.
1854 5255 2120 5328 Theolog.
2152 5255 2314 5325 epist.
2347 5269 2386 5319 ι,
2414 5251 2480 5306 ad
2518 5250 2795 5304 Andream
2820 5248 3101 5303 Duditium
3150 5264 3164 5302 :
3206 5247 3579 5302 Exercuerunt

348 5372 429 5409 me
459 5356 574 5415 diu.
611 5366 662 5409 et
702 5355 927 5408 multum
950 5354 1057 5407 illce
1090 5354 1239 5421 ὅρκιε,
1265 5369 1399 5422 quas
1435 5350 1693 5406 describis
1723 5351 2091 5422 cogitationes,
2124 5348 2324 5403 scilicet
2363 5354 2573 5400 nostros
2606 5343 2851 5413 palantes
2898 5341 3040 5396 omni
3093 5340 3352 5395 doctrina
3401 5346 3579 5402 vento,

349 5453 399 5498 et
432 5446 487 5497 in
522 5444 692 5496 altum
730 5442 990 5508 sublatos,
1023 5442 1176 5496 modo
1200 5447 1266 5496 ad
1291 5426 1450 5503 hanc,
1480 5441 1633 5494 modo
1661 5442 1731 5494 ad
1760 5440 1910 5494 illam
1942 5448 2146 5508 partem
2174 5435 2393 5503 deferri.
2426 5432 2627 5487 Horum
2648 5447 2766 5501 qua:
2792 5432 2861 5484 sit
2890 5430 3047 5484 hodie
3083 5430 3146 5482 de
3178 5428 3426 5497 religione
3454 5442 3585 5480 sen-

354 5533 538 5594 tentia,
578 5531 714 5584 scire
742 5528 971 5599 fortasse
997 5531 1189 5597 possis,
1216 5529 1307 5584 sed
1328 5543 1446 5599 quae
1478 5545 1603 5582 cras
1640 5528 1703 5582 de
1732 5529 1917 5581 eadem
1953 5531 2139 5596 futura
2168 5526 2238 5580 sit
2269 5525 2470 5595 opinio,
2520 5538 2681 5589 neque
2709 5530 2854 5573 certo
2886 5520 3149 5589 affirmare
3172 5532 3359 5587 queas.
3390 5514 3457 5568 In
3484 5528 3588 5567 auo

355 5621 571 5675 tandem
594 5618 867 5690 religionis
891 5620 1065 5688 capite
1103 5628 1400 5689 congruunt
1425 5619 1567 5672 inter
1588 5633 1644 5672 se
1681 5614 1956 5682 Ecclesiae,
1984 5630 2105 5686 qum
2137 5613 2376 5668 liontano
2418 5609 2671 5699 Pontiﬁci
2714 5608 2915 5699 bellum
2955 5606 3299 5699 indixerunt?
3412 5601 3586 5699 capite

355 5711 426 5763 ad
460 5709 661 5764 calcem
682 5708 729 5763 si
751 5725 1029 5778 percurras
1063 5710 1264 5775 omnia,
1304 5707 1438 5762 nihil
1468 5705 1848 5773 propemodum
1877 5704 2107 5770 reperias
2133 5700 2197 5758 ab
2230 5716 2335 5757 uno
2390 5696 2665 5767 infirmari,
2690 5695 2830 5764 quod
2859 5695 2997 5750 alter
3024 5693 3205 5748 statim
3234 5706 3338 5746 non
3367 5691 3589 5754 impium
