4076 6402
502 301 608 364 9ὓ3
1544 299 1907 359 EUTYCHII
1944 296 2450 356 ALEXANDRIN
2463 297 2485 355 Ι
2527 299 2725 357 PATR
3640 298 3745 362 904

573 414 639 461 At
668 408 857 462 isthac
892 408 1244 463 meditantem
1280 406 1648 477 interpellavit
1678 421 1953 461 nonnemo
1984 407 2174 460 dicens
2204 423 2218 460 :
2257 404 2430 472 Heus,
2472 406 2786 462 Abraham!
2820 408 2885 461 ad
2924 409 3055 477 quid
3088 424 3257 465 vanos
3290 409 3563 479 impendis
3591 410 3748 465 labo-

501 496 629 549 res?
665 496 711 549 si
746 496 976 566 Moysen
1019 505 1073 549 et
1112 498 1428 564 prophetas,
1462 510 1601 564 quos
1639 495 1861 557 habent,
1902 509 2006 546 non
2063 494 2317 556 audiunt,
2353 504 2606 561 putasne,
2659 496 2791 550 illos
2839 496 3147 557 audituros,
3179 507 3271 551 aut
3320 498 3648 561 credituros,
3699 498 3746 551 si

499 592 650 635 tuum
686 582 903 636 miseris
942 583 1007 635 ad
1037 598 1131 635 eos
1166 582 1495 637 Orientalem
1528 581 1821 644 Lazarum,
1857 588 1951 632 aut
1984 596 2051 637 ex
2096 581 2205 635 tuis
2238 583 2470 637 mortuis
2501 584 2814 653 quempiam
2858 585 3073 643 alium?
3114 582 3255 639 Huic
3284 599 3421 654 ego:
3459 582 3598 649 Quid
3632 585 3746 639 sint

501 670 721 731 facturi,
757 670 957 733 amice,
1020 685 1244 739 prorsus
1274 670 1504 737 ignoro;
1554 678 1609 722 at
1639 667 1770 736 quid
1800 682 1932 721 mea
1964 667 2241 734 postulant
2275 680 2481 736 partes,
2513 671 2686 726 habeo
2718 687 2784 725 ex
2816 670 2880 723 Ι).
2913 670 3117 725 Jacobo
3147 673 3285 742 Syro
3315 676 3367 725 in
3402 674 3644 726 carmine
3681 671 3751 726 de

502 772 693 809 amore
725 764 778 810 et
815 756 999 809 studio
1035 757 1277 809 veritatis
1314 757 1386 809 ita
1428 756 1747 810 scribente:
1780 752 2035 821 Loquere,
2065 754 2276 824 loquere
2309 767 2387 823 tu,
2428 757 2512 809 cui
2546 758 2861 830 loquendum
2898 767 2996 823 est,
3022 760 3247 812 audiant
3277 772 3347 822 te,
3383 759 3463 815 vel
3504 775 3607 813 non
3645 776 3749 812 au-

499 844 672 905 diunt,
717 859 781 895 ne
813 859 979 896 (esses
1017 842 1181 911 loqui.
1213 842 1452 909 Aiqunm
1513 850 1717 903 tamen,
1754 856 1817 894 ac
1849 856 1947 910 par
1975 848 2058 894 est
2090 844 2334 908 credere,
2384 860 2478 899 eos
2507 845 2817 909 audituros,
2863 861 3228 917 cessurosque
3257 845 3474 903 illorum
3505 846 3751 905 auctori-

501 932 615 994 tuli,
649 931 712 983 ad
747 947 884 1000 quos
917 939 1312 999 provocarunt.
1352 929 1720 995 Quamobrem
1756 937 1942 981 votum
1976 934 2243 988 secundet
2272 934 2364 1002 qui
2400 945 2581 1005 potest
2613 944 2898 1003 nostrum,
2936 936 3102 997 Deus.

1388 1180 1809 1251 EUTYCHII
1844 1180 2429 1255 l’ATRIARCH/E,
2456 1182 2889 1250 PERIOCHA
2950 1132 2953 1135 γ

944 1390 1078 1447 Cum
1112 1391 1348 1446 versione
1380 1390 1615 1447 Seldeni.
2099 1398 2143 1453 Δ
2484 1392 2618 1449 Cum
2655 1398 2893 1452 versione
2922 1414 3057 1453 nova
3087 1401 3157 1452 ad
3186 1401 3416 1460 verbum.

563 1508 759 1563 Annus
819 1506 1082 1577 agebatur
1127 1505 1345 1561 Claudii
1395 1504 1634 1561 Casaris
1686 1521 1887 1570 nonus,
1944 1520 2067 1558 cum

493 1598 711 1654 Marcus
742 1598 1078 1667 evangelista
1132 1599 1188 1651 in
1232 1596 1371 1651 urbe
1409 1604 1660 1650 versatus
1702 1606 1785 1649 est
1830 1597 2069 1649 Alexan-

490 1694 644 1757 dria,
676 1702 733 1747 ut
764 1693 891 1747 inde
930 1700 1330 1762 propagaretur
1360 1694 1501 1762 apud
1544 1691 1797 1745 homines
1825 1690 1960 1744 ﬁdes
2015 1692 2069 1745 in

491 1784 714 1840 Christo
769 1784 1002 1838 Domino
1038 1792 1253 1838 nostro.
1312 1783 1445 1835 Dum
1501 1793 1681 1835 autem
1736 1796 1832 1851 per
1880 1782 2069 1835 urbem

495 1878 728 1941 incedit,
763 1876 1102 1946 diil‘ringitnr
1133 1875 1302 1930 calcei
1330 1875 1450 1944 ejus
1480 1874 1723 1942 corrigia
1755 1891 1768 1928 :
1805 1889 1969 1943 quem
2012 1883 2072 1928 ut

495 1969 769 2032 reticeret,
817 1969 883 2021 ad
936 1979 1181 2022 sutorem
1237 1980 1296 2020 se
1346 1966 1581 2019 contulit
1627 1967 1851 2020 nomine
1892 1965 2074 2020 llana-

492 2060 662 2123 niam,
700 2060 794 2127 qui
829 2058 1027 2113 subula
1058 2059 1122 2111 ad
1156 2055 1543 2125 perforandum
1564 2057 1807 2110 calceum
1833 2066 2069 2125 sumptu,

492 2150 725 2218 digitum
765 2164 924 2203 suum
974 2147 1299 2217 perforavit,
1343 2149 1480 2199 adeo
1522 2155 1579 2199 ut
1618 2148 1847 2200 multum
1887 2148 2073 2205 elllue-
2112 2160 2121 2171 ·

493 2250 574 2293 ret
616 2242 922 2309 sanguinis,
974 2254 1075 2293 nec
1115 2239 1235 2294 sine
1296 2238 1484 2291 dolore
1534 2237 1762 2305 ingenti.
1806 2238 2070 2293 Submur-

494 2332 733 2385 muranti
768 2332 936 2399 igitur
985 2331 1038 2383 in
1077 2328 1319 2382 Marcum
1343 2368 1357 2389 ,
1392 2327 1532 2381 dixit
1567 2328 1613 2380 ei
1647 2329 1757 2391 ille,
1798 2328 1854 2381 Si
1891 2330 2073 2382 credi-

489 2422 636 2476 deris
659 2424 712 2475 iu
747 2422 934 2476 Jesum
972 2420 1253 2474 Christum
1294 2418 1490 2473 Filium
1540 2417 1632 2472 Dei
1663 2459 1677 2484 ,
1713 2420 1915 2490 digitus
1946 2431 2070 2476 tuus

491 2514 801 2566 sanabitur.
851 2511 1131 2567 Prehenso
1176 2510 1346 2578 igitur
1376 2509 1553 2577 digito
1618 2511 1738 2577 ejus
1785 2512 1969 2565 dixit:
2012 2515 2069 2566 In

494 2605 713 2656 nomine
738 2602 868 2657 Jesu
892 2600 1098 2656 Christi
1125 2615 1292 2655 sanus
1320 2602 1392 2655 sit
1423 2601 1625 2669 digitus
1654 2610 1816 2663 tuus;
1850 2603 1941 2669 qui
1971 2615 2069 2655 co-

492 2694 613 2747 dem
668 2701 945 2747 momento
988 2693 1043 2745 in
1104 2692 1403 2745 sanitatem
1447 2692 1745 2746 resritutus
1790 2701 1899 2755 est,
1946 2708 2070 2747 san-

492 2785 654 2851 guine
710 2775 947 2852 amplius
997 2798 1106 2837 non
1154 2782 1431 2837 ellluente.
1481 2783 1549 2837 Et
1607 2784 1841 2838 credidit
1892 2787 1961 2839 ab
2005 2801 2070 2840 eo

490 2885 740 2947 tempore
780 2875 1066 2930 Ilananias
1125 2877 1180 2929 in
1226 2874 1527 2938 Christum,
1571 2876 1718 2930 unde
1770 2876 2071 2946 baptizavit

489 2986 615 3023 eum
653 2966 869 3023 Marcus
892 2975 946 3022 et
964 2966 1249 3021 constituit
1300 2980 1425 3021 eum
1452 2965 1815 3035 patriarcham
1840 2968 2071 3020 Alexan-

489 3060 639 3113 dria.
666 3060 890 3113 Scilicet
920 3058 966 3112 is
996 3059 1204 3128 primus
1281 3066 1400 3111 erat
1445 3056 1787 3111 Alexandria:
1833 3060 2068 3127 patriar-

497 3154 599 3206 cha
641 3153 1003 3208 constitutus.
1047 3148 1351 3203 Constituit
1404 3147 1531 3201 item
1574 3147 1790 3200 Marcus
1836 3161 2070 3215 evange-

490 3242 619 3297 lista
666 3241 956 3296 duodecim
1005 3241 1356 3310 presbyteros
1434 3253 1560 3291 cum
1629 3236 1911 3305 llanania;
1973 3240 2067 3308 qui

488 3346 684 3402 nempe
702 3338 984 3385 manerent
1008 3346 1131 3385 cum
1157 3330 1493 3400 patriarcha,
1514 3328 1646 3382 adeo
1670 3340 1729 3383 ut
1756 3344 1878 3381 cum
1915 3345 2071 3384 vara-

492 3431 581 3476 ret
648 3423 1078 3490 patriarchatus,
1146 3422 1412 3491 eligerent
1465 3418 1632 3474 unum
1688 3435 1717 3474 e
1777 3420 2067 3474 duodecim

488 3514 822 3585 presbyteris
868 3514 1025 3580 cujus
1074 3513 1243 3581 capiti
1307 3512 1504 3580 reliqui
1556 3511 1812 3565 undecim
1870 3526 2068 3567 manus

490 3605 839 3673 imponerent
870 3618 1108 3671 cumque
1144 3598 1537 3656 benedicereut
1590 3610 1645 3654 et
1694 3601 2066 3671 patriarcham

486 3710 613 3750 eum
671 3706 946 3758 crearent,
997 3703 1051 3747 et
1093 3692 1219 3747 dein
1268 3693 1448 3745 virum
1494 3692 1731 3762 aliquem
1794 3691 2067 3760 insignem

464 3787 754 3858 eligerent
799 3800 1037 3857 eumque
1091 3783 1474 3855 presbyterum
1525 3792 1713 3838 secum
1763 3783 2068 3837 constitue-

486 3888 609 3935 rent
652 3884 771 3933 loco
815 3878 936 3947 ejus
976 3877 1071 3945 qui
1122 3876 1202 3929 sic
1248 3875 1428 3927 lactus
1477 3882 1561 3928 est
1626 3873 1964 3943 patriarcha,
2008 3882 2068 3927 ut

489 3972 567 4025 ita
624 3985 838 4038 semper
916 3976 1199 4023 exstarent
1259 3965 1573 4019 duodecim.
1640 3962 1827 4033 Neque
1902 3965 2065 4019 desiit

2241 1508 2401 1562 Anno
2424 1525 2571 1566 nono
2604 1511 2820 1581 imperii
2851 1514 3069 1570 Claudii
3098 1515 3331 1574 Casaris
3381 1529 3500 1575 erat
3527 1519 3745 1577 Marcus

2170 1601 2503 1671 evangelista
2556 1604 2609 1658 in
2646 1605 2780 1659 urbe
2828 1605 3175 1663 Alexandria
3213 1626 3528 1669 convocans
3564 1616 3747 1669 homi-

2172 1704 2269 1744 nes
2296 1691 2363 1745 ad
2398 1692 2557 1747 ﬁdem
2594 1694 2647 1747 in
2677 1694 2956 1751 Christum
2986 1698 3272 1755 Dominum
3304 1716 3575 1759 nostrum.
3604 1706 3740 1761 Dum

2152 1791 2354 1863 autem
2394 1799 2489 1853 per
2516 1787 2706 1840 urbem
2762 1787 3049 1843 incedebat
3110 1789 3348 1861 Marcus,
3390 1795 3605 1867 dirupta
3656 1807 3745 1855 est

2172 1874 2409 1944 corrigia
2441 1878 2803 1932 calceameuti
2844 1879 2964 1948 ejus
2996 1896 3011 1932 :
3054 1881 3181 1937 hinc
3220 1885 3360 1939 sedit
3398 1887 3537 1956 apud
3566 1889 3748 1942 homl-

2175 1980 2297 2018 nem
2338 1975 2579 2021 sutorem
2642 1968 2849 2023 dictum
2900 1971 3225 2041 llananiam,
3258 1984 3316 2029 ut
3353 1977 3598 2033 reticeret
3634 1981 3747 2035 cal»

2173 2068 2329 2107 ccum
2360 2071 2538 2110 suum.
2573 2057 2824 2127 Cumque
2857 2063 3154 2130 accepisset
3178 2062 3458 2120 Hananias
3484 2070 3737 2122 subulam

2172 2144 2238 2197 ad
2277 2146 2663 2214 perforandum
2701 2150 2965 2215 calceum,
3018 2166 3083 2207 ea
3122 2152 3350 2223 digitum
3406 2171 3566 2210 suum
3618 2173 3745 2228 per-

2174 2236 2391 2301 foravit,
2424 2236 2741 2308 ellluxitque
2788 2256 2855 2296 ex
2899 2241 2990 2297 illo
3038 2245 3273 2300 multum
3308 2250 3633 2318 sanguinis,
3687 2260 3745 2305 et

2173 2329 2411 2382 maximo
2440 2328 2620 2383 aﬂecit
2646 2332 2796 2385 illum
2825 2332 3034 2400 dolore,
3056 2339 3413 2405 quamobrem
3447 2341 3739 2409 plurimum

2172 2419 2238 2472 de
2268 2421 2453 2475 Marco
2481 2433 2819 2492 conquestus
2854 2434 2957 2482 est.
2990 2427 3057 2482 Et
3094 2428 3236 2482 dixit
3268 2431 3317 2483 ei
3366 2430 3583 2489 Marcus
3612 2451 3628 2489 :
3680 2432 3744 2492 Si

2170 2511 2362 2564 credas
2403 2512 2455 2565 in
2502 2512 2685 2568 Jesum
2712 2514 2990 2572 Christum
3045 2517 3241 2574 Fifium
3293 2520 3413 2586 Dei,
3457 2524 3742 2578 sanabitur

2172 2598 2375 2667 digitus
2422 2610 2566 2655 tuus.
2618 2604 2793 2673 Atque
2842 2607 3190 2674 apprehenso
3249 2609 3422 2679 digito
3476 2610 3739 2667 lianania

2172 2691 2304 2745 dixit
2343 2691 2559 2750 Marcus
2587 2710 2601 2747 :
2646 2696 2704 2748 ln
2736 2698 2957 2751 nomine
2990 2696 3121 2753 Jesu
3152 2698 3357 2755 Christi
3395 2712 3619 2757 sanetur
3648 2705 3738 2758 di-

2172 2783 2316 2851 gitus
2351 2792 2478 2839 tuus
2503 2800 2517 2849 ;
2546 2795 2598 2839 et
2621 2787 2804 2840 statim
2869 2798 3097 2845 sanatus
3138 2800 3220 2845 est
3252 2791 3455 2863 digitus
3495 2793 3647 2865 ejus,
3683 2808 3743 2851 et

2169 2876 2414 2929 constitit
2462 2876 2710 2945 sanguis.
2742 2879 3022 2933 Hananias
3058 2888 3240 2934 autem
3279 2882 3400 2937 sine
3430 2884 3537 2937 ulla
3583 2900 3742 2942 mora

2170 2966 2404 3020 credidit
2432 2966 2486 3019 in
2510 2965 2813 3033 Christum,
2854 2970 3264 3041 baptizavitque
3309 2973 3461 3027 illum
3494 2973 3735 3043 Marcus,

2169 3063 2221 3109 et
2247 3058 2533 3110 constituit
2569 3072 2693 3111 eum
2738 3059 3109 3127 patriarcham
3158 3061 3528 3130 Alexandria,
3575 3073 3741 3120 etest

2168 3146 2380 3216 primus
2418 3148 2733 3217 patriarcha
2780 3149 3124 3206 Alexandria
3199 3155 3551 3210 constitutus.
3594 3155 3740 3211 Con-

2170 3235 2347 3290 stituit
2413 3236 2579 3290 etiam
2641 3234 2857 3293 Marcus
2918 3241 3259 3308 evangelista
3303 3257 3429 3298 cum
3488 3243 3741 3311 Hanauia

2169 3326 2479 3395 patriarcha
2504 3327 2797 3382 duodecim
2827 3330 3202 3401 presbyteros,
3232 3334 3327 3401 qui
3351 3334 3610 3391 adessent
3642 3352 3741 3406 pa-

2167 3418 2443 3480 triarcha,
2472 3429 2531 3473 ut
2552 3421 2845 3475 decedente
2874 3422 3206 3490 patriarcha,
3238 3424 3504 3495 eligerent
3563 3445 3734 3485 unum

2167 3524 2234 3579 ex
2285 3508 2573 3564 duodecim
2630 3510 2988 3581 presbyteris,
3048 3521 3102 3568 et
3159 3514 3508 3582 imponerent
3534 3520 3733 3589 reliqui

2168 3597 2420 3651 undecim
2469 3599 2779 3669 presbyteri
2817 3615 3013 3655 manus
3055 3616 3186 3657 suas
3234 3605 3398 3673 capiti
3454 3607 3573 3674 ejus
3602 3646 3618 3666 .
3681 3618 3740 3662 et

2166 3689 2556 3746 benedicerent
2594 3706 2741 3756 eum,
2789 3700 2843 3746 et
2886 3695 3290 3750 constituerent
3334 3710 3462 3752 eum
3503 3700 3739 3767 patriar-

2168 3780 2351 3834 cham.
2383 3781 2518 3837 Dein
2574 3781 2837 3852 eligerent
2890 3784 3070 3838 virum
3126 3784 3362 3855 aliquem
3438 3790 3739 3847 virtutibus

2165 3882 2539 3942 prastantem,
2580 3876 2846 3947 illumque
2879 3876 3193 3932 suﬂicerent
3228 3880 3612 3951 presbyterum
3646 3899 3739 3939 se-

2166 3976 2291 4017 cum
2324 3963 2446 4018 loco
2478 3964 2621 4033 ejus,
2648 3967 2739 4037 qui
2780 3967 3097 4035 patriarcha
3126 3968 3392 4025 suﬂ‘ectus
3424 3981 3529 4039 est,
3560 3984 3619 4028 ut
3648 3976 3739 4030 es-

486 4061 837 4115 Alexandria
875 4059 1187 4112 institutum
1222 4058 1324 4111 hoc
1348 4056 1415 4110 de
1443 4055 1792 4125 presbyteris,
1840 4066 1897 4109 ut
1952 4056 2132 4135 sci-C
2166 4064 2292 4109 seut
2337 4065 2602 4126 perpetuo
2661 4057 2976 4116 duodecim.
3031 4058 3222 4128 Neque
3258 4061 3423 4115 desiit
3474 4078 3593 4119 mos
3642 4065 3736 4120 ille

490 4153 620 4206 licet
668 4150 1017 4221 patriarchas
1050 4156 1302 4204 crearent
1355 4164 1421 4201 ex
1484 4148 1821 4217 presbyteris
1856 4146 2063 4203 duode-

488 4244 617 4306 cim,
675 4257 852 4309 usque
913 4240 980 4294 ad
1054 4248 1298 4306 tempora
1368 4238 1664 4292 Alexandri
1728 4238 2062 4308 patriarcha

488 4333 847 4391 Alexandrini
878 4332 969 4400 qui
1010 4330 1113 4385 fuit
1143 4346 1211 4383 ex
1243 4343 1475 4384 numero
1498 4328 1591 4382 illo
1626 4329 1751 4383 518.
1789 4328 1841 4384 ls
1878 4336 2061 4385 autem

489 4428 662 4482 vetuit
720 4438 789 4478 ue
840 4422 1102 4490 deinceps
1150 4421 1518 4491 patriarcham
1556 4421 1859 4489 presbyteri
1900 4435 2060 4476 crea-

488 4526 632 4575 rent.
690 4515 756 4569 Et
796 4514 1040 4568 decrevit
1078 4522 1137 4565 ut
1187 4521 1405 4565 mortuo
1450 4511 1764 4580 patriarcha
1802 4511 2063 4566 conveni-

488 4618 612 4665 rent
636 4606 880 4678 episcopi
926 4604 1019 4674 qui
1073 4603 1447 4674 patriarcham
1481 4603 1824 4657 ordinarent.
1858 4603 2061 4657 Decre-

485 4704 567 4757 vit
598 4705 724 4755 item
758 4710 817 4752 ut
837 4704 1065 4751 vacante
1104 4695 1500 4765 patriarchatu,
1545 4692 1815 4762 eligerent
1843 4693 1960 4748 sive
1995 4709 2063 4749 ex

488 4806 818 4863 quacunque
848 4791 1071 4859 regione
1110 4787 1223 4841 sive
1262 4800 1329 4840 ex
1363 4783 1660 4839 duodecim
1703 4784 1809 4839 illis
1838 4784 2065 4854 presby—

466 4886 629 4939 teris
659 4884 775 4938 sive
801 4882 951 4945 aliis,
978 4889 1038 4934 ut
1079 4894 1169 4934 res
1200 4878 1434 4941 ferebat,
1455 4879 1633 4931 virum
1676 4877 1914 4945 aliquem
1942 4878 2063 4932 exi-

489 4980 676 5039 mium,
709 4989 945 5043 eumque
964 4971 1329 5042 patriarcham
1356 4978 1626 5024 crearent.
1648 4970 1823 5037 Atque
1848 4970 1919 5022 ita
1936 4984 2064 5023 eva-

489 5069 608 5123 nuit
632 5069 947 5121 institutum
980 5063 1114 5116 illud
1151 5062 1460 5131 antiquius,
1503 5076 1613 5129 quu
1646 5060 1825 5113 creari
1855 5060 2057 5116 solitus

489 5155 877 5227 apresbyteris
925 5153 1276 5223 patriarcha;
1354 5158 1409 5204 et
1451 5150 1722 5205 successit
1770 5151 1826 5204 in
1883 5153 2060 5205 locum

489 5250 611 5320 ejus
640 5249 925 5303 decretum
957 5246 1025 5300 de
1062 5243 1371 5313 patriarcha
1406 5242 1474 5295 ab
1500 5240 1773 5310 episc0pis
1800 5240 2061 5295 creando.

489 5343 542 5399 Is
567 5341 730 5395 etiam
765 5339 921 5406 petiit
953 5335 1023 5389 ab
1054 5335 1135 5390 eis
1174 5349 1243 5388 ne
1290 5333 1601 5402 patriarcha
1652 5331 2061 5388 Alexandrinus

488 5446 629 5502 papa
659 5430 1019 5491 vocitaretur,
1066 5423 1214 5494 quod
1255 5423 1530 5491 signiﬁcat
1576 5438 1763 5478 avum.
1795 5423 1902 5477 Sed
1932 5438 2061 5479 vero

488 5528 559 5580 ab
584 5523 827 5578 Hanania
855 5535 1018 5591 quem
1042 5517 1327 5573 constituit
1350 5516 1565 5571 Marcus
1589 5514 1926 5584 evangelista
1962 5532 2059 5585 pa-

488 5611 782 5667 triarcham
802 5605 1162 5670 Alexandria,
1197 5618 1369 5674 usque
1399 5604 1452 5658 in
1489 5612 1734 5673 tempora
1801 5602 2057 5659 Demetrii

494 5700 818 5768 patriarcha
868 5697 1070 5751 ibidem
1112 5696 1186 5765 (is
1230 5696 1543 5766 patriarcha
1586 5694 1689 5751 fuit
1726 5693 2059 5752 Alexandri-

2164 4148 2611 4217 presbyterorum
2665 4150 3013 4204 Alexandria
3070 4152 3447 4208 constituendi
3494 4156 3736 4224 patriar-

2164 4241 2322 4291 cham
2344 4253 2407 4292 ex
2434 4237 2501 4292 iis
2526 4236 2815 4293 duodecim
2852 4239 3191 4310 presbyteris
3217 4256 3391 4311 usque
3413 4243 3480 4297 ad
3514 4254 3737 4316 tempus

2162 4327 2455 4381 Alexandri
2482 4328 2811 4398 patriarcha
2848 4330 3218 4396 Alexandria,
3251 4333 3346 4402 qui
3369 4342 3489 4388 erat
3518 4350 3582 4389 ex
3624 4352 3735 4392 nu-

2164 4432 2315 4472 mero
2345 4426 2712 4473 trecentorum
2744 4421 3046 4476 octodecim
3079 4422 3332 4492 (Patrum
3378 4422 3581 4481 Nicaeae
3605 4444 3735 4481 con-

2162 4520 2499 4581 gregatarum
2522 4509 2541 4580 )
2565 4526 2585 4577 ;
2630 4511 2677 4565 is
2706 4513 2850 4565 enim
2873 4514 3062 4577 vetuit,
3095 4528 3163 4568 ne
3192 4515 3497 4584 presbyteri
3526 4517 3737 4572 consti-

2166 4601 2790 4670 tuerentpatriarcham.
2821 4601 3090 4673 Pracepit
3126 4619 3365 4674 quoque,
3411 4616 3471 4661 ut
3515 4616 3735 4663 mortuo

2164 4692 2499 4761 patriarcha,
2547 4692 2907 4747 convenirent
2943 4694 3185 4763 episcopi
3243 4706 3295 4751 et
3346 4698 3724 4765 patriarcham

2165 4782 2589 4836 constituerent.
2638 4776 2906 4851 Praeepit
2955 4785 3146 4850 etiam,
3196 4792 3257 4839 ut
3314 4786 3577 4842 defuncto
3638 4803 3737 4858 pa-

2164 4873 2426 4939 triarcha,
2475 4874 2738 4944 eligerent
2792 4889 2861 4929 ex
2910 4887 3241 4946 quacunque
3281 4877 3506 4947 regione
3551 4878 3732 4932 virum

2167 4965 2400 5036 aliquem
2431 4966 2723 5023 virtutibus
2752 4967 3151 5036 pracellentem
3174 5005 3191 5033 ,
3247 4969 3363 5024 sive
3392 4968 3623 5038 aliquem
3665 4984 3737 5025 ex

2168 5055 2273 5109 illis
2310 5056 2599 5111 duodecim
2640 5058 3009 5125 presbyteris,
3060 5059 3177 5113 sive
3214 5059 3372 5124 aliis,
3422 5061 3583 5127 cujus
3611 5058 3735 5129 pia-

2167 5155 2290 5202 ceat
2331 5148 2598 5213 conditio,
2625 5159 2682 5201 et
2707 5149 2861 5203 illum
2894 5150 3299 5207 constituerent
3338 5152 3734 5220 patriarcham,

2165 5239 2511 5307 cessavitque
2543 5240 2802 5308 antiquus
2822 5255 2941 5295 mos
2965 5239 3335 5295 constituendi
3366 5242 3735 5310 patriarcham

2166 5345 2198 5383 ι
2230 5327 2589 5399 presbyteris,
2630 5329 2881 5399 factaque
2906 5339 2990 5385 est
3034 5338 3279 5399 potestas
3308 5345 3477 5399 penes
3519 5332 3740 5401 episco-

2092 5404 2266 5491 Dpos
2314 5419 2681 5474 constituendi
2736 5421 3129 5491 patriarcham.
3183 5420 3240 5474 Si
3284 5421 3379 5490 qui
3432 5437 3565 5476 vero
3610 5438 3742 5492 per-

2166 5514 2408 5569 cuuctati
2451 5511 2675 5579 fuerint,
2703 5510 2815 5567 Cur
2840 5512 3149 5582 patriarcha
3198 5510 3600 5570 Alexandrinus
3635 5528 3739 5569 vo-

2165 5614 2324 5661 catur
2347 5617 2483 5674 papa
2508 5602 2532 5657 ?
2557 5602 2704 5673 Papa
2735 5615 2916 5659 autem
2953 5618 3114 5660 avum
3158 5603 3456 5674 signiﬁcat,
3479 5604 3584 5661 hoc
3612 5607 3738 5673 qui-

2168 5699 2291 5755 dem
2317 5696 2461 5765 ideo,
2507 5696 2635 5768 quia
2682 5711 2714 5751 a
2769 5706 3010 5766 tempore
3054 5695 3337 5767 Hanauia,
3380 5710 3539 5767 quem
3588 5694 3737 5757 Mar-
