4076 6418
338 352 448 418 905

1799 342 1949 401 ANK
1962 352 2001 399 A
2014 342 2169 403 LES.

3524 334 3628 398 966

343 476 447 516 nus
471 456 814 530 undecimus)
838 456 1023 514 nullus
1047 457 1238 514 eratin
1255 454 1549 526 provinciis
1562 450 1786 523 Aﬁgypti
1804 451 1925 520 epi-
1966 460 1998 508 Α
2030 463 2131 504 cus
2155 451 2490 520 evangelista
2519 449 2886 520 patriarcham
2930 451 3217 505 constituit
3245 452 3613 518 Alexandriae,

342 568 579 623 scapus;
616 566 715 608 nec
751 551 1082 623 patriarcha:
1104 556 1233 605 ante
1257 564 1383 605 eum
1418 556 1679 603 crearunt
1712 546 1923 615 cpisco-

343 661 460 717 pos.
506 643 601 698 lllc
648 652 831 697 autem
880 641 1061 697 factus
1101 641 1419 712 patriarcha
1460 650 1586 694 tres
1636 635 1924 693 constituit

342 737 652 807 episcopos.
690 735 755 788 Et
792 736 1010 804 primus
1056 732 1165 787 fuit
1204 733 1295 787 hic
1337 730 1659 802 patriarcha
1694 729 1923 783 Alexan-

343 828 560 891 drinus,
603 827 698 897 qui
730 810 1022 897 episcopos
1066 825 1219 881 fecit.
1257 824 1470 879 Mortuo
1506 822 1787 877 Demetrio
1812 822 1925 877 suf-

343 919 520 975 fectus
614 928 703 973 est
770 916 1032 973 Heraclas
1091 918 1407 988 patriarcha
1481 914 1924 977 Alexandrinus,

342 1011 434 1082 qui
475 1008 766 1080 cpiscOpos
796 1009 1092 1063 constituit
1132 1008 1351 1078 viginti.
1376 1006 1456 1062 Ex
1491 1007 1577 1061 his
1600 1022 1745 1062 unus
1784 1015 1921 1070 erat,

344 1102 676 1158 Ammonius
699 1099 905 1165 dictus,
945 1101 1231 1171 religionis
1273 1100 1545 1155 desertor.
1590 1100 1666 1154 De
1710 1114 1819 1168 quo
1846 1099 1925 1152 si-

342 1196 456 1250 mul
474 1192 623 1249 acad
647 1192 930 1247 lleraclam
955 1192 1132 1247 delata
1159 1202 1247 1247 est
1287 1192 1458 1259 l‘atna,
1499 1195 1851 1264 congregavit
1881 1194 1926 1246 is

344 1286 616 1359 synodum
646 1286 1061 1357 episcoporum,
1090 1294 1144 1341 et
1174 1286 1226 1339 in
1261 1287 1451 1341 urbem
1482 1285 1760 1338 Ammonii
1805 1299 1928 1351 pcr-

344 1383 508 1446 rcxit,
545 1380 638 1435 ubi
691 1395 747 1434 re
783 1380 922 1434 satis
967 1379 1191 1449 cognita
1240 1387 1293 1433 et
1333 1386 1645 1449 perspecta,
1683 1392 1806 1432 eum
1858 1376 1926 1429 ad

344 1473 634 1527 veritatem
686 1469 924 1525 reduxit.
967 1470 1107 1525 Cum
1151 1484 1280 1525 vero
1328 1468 1586 1524 homines
1639 1466 1929 1522 audierant

344 1566 632 1635 episcopos
669 1564 911 1618 vocitare
940 1563 1307 1632 patriarcham
1350 1563 1491 1617 abba
1525 1578 1619 1616 seu
1672 1569 1882 1631 patrem
1906 1599 1919 1623 ,

348 1661 490 1723 inter
531 1675 589 1714 se
610 1660 796 1714 dixere
838 1674 851 1710 :
891 1654 1004 1711 Nos
1048 1656 1363 1728 episcopum
1405 1654 1722 1725 quemlibet.
1756 1652 1926 1717 ;Abba

347 1768 443 1808 seu
493 1759 703 1822 patrem
738 1749 1117 1819 appellamus;
1146 1756 1200 1802 et
1236 1746 1517 1817 appellant
1550 1744 1795 1816 episcopi
1835 1757 1929 1813 pa-

348 1845 648 1897 triarcham
715 1842 877 1897 abba.
934 1839 1089 1896 Unde
1134 1854 1267 1895 sane
1309 1849 1525 1910 oportet
1569 1846 1628 1892 ut
1670 1852 1930 1893 vocemus

346 1918 448 1991 nos
490 1935 857 2005 patriarcham
880 1948 1096 2004 papam,
1131 1932 1185 1986 id
1216 1939 1300 1986 est
1336 1945 1493 1984 avum
1519 1970 1535 1995 ,
1568 1943 1697 1983 cum
1729 1929 1802 1982 sit
1825 1926 1929 1981 Pa-

343 2038 426 2083 ter
468 2030 718 2083 Patrum.
776 2027 855 2082 Ita
900 2042 931 2081 a
984 2035 1233 2095 tempore
1276 2022 1520 2079 Heraclio
1552 2063 1568 2089 ,
1616 2022 1929 2094 patriarcha

343 2121 751 2177 Alexandrinus
797 2117 979 2175 dictus
1020 2126 1107 2173 est
1146 2132 1308 2189 papa,
1353 2117 1407 2172 id
1434 2126 1519 2174 est
1564 2130 1725 2171 avus.
1773 2112 1934 2169 Post-

342 2229 509 2285 quam
570 2221 753 2267 autem
800 2208 1086 2266 Hananias
1134 2210 1454 2279 patriarcha
1525 2206 1932 2263 Alexandrinus

344 2322 505 2375 quem
550 2304 771 2359 MarCus
813 2301 1154 2373 evangelista
1214 2302 1265 2356 in
1316 2299 1444 2355 sede
1482 2315 1581 2355 sua
1622 2298 1929 2361 constituit,

333 2412 520 2452 annos
562 2394 907 2461 sedisset22,
947 2405 1199 2449 mortuus
1239 2401 1345 2448 est.
1397 2391 1462 2445 Et
1508 2390 1789 2461 profectus
1846 2397 1933 2443 est

348 2491 561 2547 Marcus
602 2489 938 2559 evangelista
987 2488 1041 2541 in
1101 2487 1355 2553 Baream,
1416 2495 1478 2539 ut
1532 2492 1933 2555 propagaretur

345 2584 486 2655 apud
534 2583 787 2639 homines
817 2582 949 2637 lides
990 2582 1048 2635 in
1090 2578 1370 2635 Christum
1399 2578 1601 2634 Filium
1634 2578 1752 2633 Dei.
1779 2575 1933 2631 Obiit

344 2678 475 2731 dein
527 2673 795 2729 Claudius
877 2670 1066 2728 Caesar
1147 2670 1481 2741 imperator,
1541 2676 1597 2723 et
1645 2668 1934 2737 imperavit

343 2767 532 2824 Roma}
558 2774 681 2836 post
714 2779 841 2822 eum
875 2763 1018 2820 (ilius
1036 2764 1158 2833 ejus
1194 2761 1339 2818 Nero
1372 2762 1560 2818 Caesar
1600 2760 1763 2816 annis
1816 2766 1933 2815 tre-

342 2860 542 2925 decim,
592 2858 686 2930 qui
716 2857 930 2927 primus
982 2855 1086 2910 fuit
1108 2854 1565 2926 gravissimorum
1590 2850 1934 2908 inChristia-

344 2968 447 3008 nos
484 2953 753 3007 malorum
796 2961 1015 3015 auctor,
1096 2949 1262 3003 homo
1301 2955 1492 3017 utpote
1552 2947 1607 3001 in
1640 2943 1852 3001 consilii
1879 2950 1936 2999 et

342 3046 471 3101 vita:
510 3041 863 3099 instituenda:
902 3043 1122 3097 ratione
1172 3039 1645 3110 improbissimus.
1694 3036 1763 3093 Et
1793 3045 1934 3094 tem-

344 3153 478 3209 pore
521 3131 761 3191 Neronis
828 3135 1062 3191 Caesaris
1126 3133 1353 3204 scripsit
1384 3131 1607 3200 Petrus,
1654 3131 1936 3203 apostolo-

2029 549 2205 604 usque
2223 535 2294 592 ad
2319 545 2565 606 tempora
2593 538 2850 592 Demetrii
2880 539 3207 603 patriarcha:
3226 541 3606 604 Alexandrini,
3700 580 3707 583 μ

2024 639 2198 686 etest
2230 629 2555 685 undecimus
2604 631 2917 699 patriarcha
2956 631 3386 700 Alexandrinus,
3427 634 3612 691 nullus

2029 731 2147 775 erat
2168 724 2220 775 in
2248 721 2529 777 territorio
2549 720 2770 793 ngypti
2799 725 3092 794 episcopus
3111 741 3125 790 ;
3146 739 3245 779 nec
3264 727 3611 795 patriarchae.

2031 817 2125 883 qni
2159 824 2287 869 ante
2317 830 2442 870 eum
2479 827 2660 880 erant,
2696 817 3103 878 constituerant
3126 818 3247 890 (ibi)
3272 819 3613 892 episcopum.

2029 909 2168 963 Cum
2207 910 2391 980 itaque
2422 908 2600 965 factus
2632 919 2714 964 est
2755 909 3064 966 Demetrius
3115 913 3453 982 patriarcha,
3502 926 3617 974 tres

2031 1002 2323 1061 constituit
2353 1002 2662 1072 episcopos,
2692 1010 2746 1057 et
2777 1011 2863 1059 est
2896 1003 3105 1073 primus
3148 1006 3486 1074 patriarcha,
3522 1010 3615 1079 qui

2028 1097 2085 1150 in
2116 1096 2450 1151 Alexandria
2481 1095 2616 1150 fecit
2656 1096 2968 1167 episcOpos.
2997 1097 3075 1152 Eo
3106 1109 3290 1155 autem
3327 1100 3614 1168 defuncto,

2033 1190 2298 1245 suffectus
2322 1200 2406 1245 est
2436 1199 2561 1260 post
2587 1190 2737 1245 illum
2770 1189 3026 1246 Heraclas
3047 1193 3357 1261 patriarcha
3378 1195 3618 1249 Alexan-

2038 1284 2185 1347 driae,
2220 1284 2312 1353 qui
2349 1284 2540 1354 viginti
2572 1284 2863 1339 constituit
2889 1285 3201 1355 episcopos.
3234 1285 3383 1341 Unus
3428 1300 3614 1345 autem

2036 1395 2097 1433 ex
2146 1378 2231 1431 his
2263 1376 2538 1447 episcopis
2568 1377 2790 1433 nomine
2816 1375 3141 1443 Eumenius,
3180 1380 3233 1434 in
3266 1381 3438 1451 legem
3472 1399 3617 1451 pra:-

2039 1471 2310 1524 varicatus
2341 1479 2445 1525 cst.
2477 1466 2615 1524 Cum
2669 1483 2850 1526 autem
2880 1471 3003 1540 ejus
3047 1472 3189 1526 fama
3224 1474 3289 1528 ad
3326 1473 3614 1529 lleraclam

2036 1564 2403 1628 patriarcham
2476 1564 2654 1619 delata
2716 1572 2883 1630 esset,
2941 1567 3298 1635 congregavit
3358 1566 3617 1623 lleraclas

2037 1658 2346 1726 patriarcha
2389 1657 2654 1728 synodum
2691 1659 3097 1729 episcoporum,
3150 1661 3495 1730 perrexitqne
3548 1666 3616 1716 ad

2037 1752 2227 1806 urbem
2259 1751 2535 1812 Eumeuii,
2567 1761 2621 1804 et
2668 1751 2786 1821 ejus
2825 1760 2970 1806 Statu
3003 1752 3140 1807 satis
3171 1755 3412 1821 cognito,
3454 1765 3620 1821 atque

2037 1854 2325 1916 perspecto
2351 1845 2575 1913 negotio
2602 1844 2771 1907 illius,
2805 1861 2931 1899 eum
2964 1846 3029 1899 ad
3064 1847 3345 1901 veritatem
3378 1849 3615 1901 reduxit.

2038 1939 2195 1993 Plebs
2208 1952 2339 1992 vero
2353 1938 2586 1991 audiens
2599 1938 2885 2005 episcopos
2898 1936 3264 2008 patriarcham
3283 1939 3619 2007 appellantes

2039 2043 2270 2102 patrem,
2292 2031 2428 2086 dixit
2451 2036 2593 2100 apud
2614 2045 2670 2086 se
2693 2048 2705 2084 :
2731 2031 2787 2086 Si
2812 2047 2909 2086 nos
2933 2032 3252 2101 episcopum
3281 2032 3620 2102 appellamus

2039 2136 2273 2197 patrem,
2302 2136 2357 2181 ct
2393 2127 2688 2197 episcopus
2719 2128 3089 2196 patriarcham
3125 2137 3332 2199 patrem
3362 2129 3620 2197 appellat.

2038 2231 2277 2290 oportet,
2315 2230 2372 2275 ut
2406 2236 2505 2275 nos
2538 2220 2912 2289 patriarcham
2946 2221 3286 2291 appellemus
3319 2236 3535 2289 papam,
3566 2221 3620 2274 ill

2039 2329 2456 2381 est-avum,cum
2478 2315 2569 2369 ille
2586 2316 2655 2369 sit
2677 2324 2834 2384 pater
2853 2324 3088 2383 patrum.
3104 2313 3417 2383 Appellatus
3436 2314 3623 2383 itaque

2039 2422 2125 2469 est
2148 2425 2178 2464 a
2206 2408 2400 2465 diebus
2425 2406 2667 2463 lieraclaa
2688 2408 3002 2477 patriarcha
3030 2406 3435 2463 Alexandrinus
3458 2425 3619 2476 papa,

2041 2504 2097 2561 id
2124 2513 2385 2559 estavus.
2412 2500 2585 2557 Porro
2611 2500 2890 2557 llananias
2913 2500 3227 2571 patriarcha
3251 2500 3619 2566 Alexandriae,

2034 2597 2200 2653 quem
2246 2584 2613 2641 c0ttstitucrat
2645 2583 2867 2638 Marcus
2909 2582 3244 2654 evangelista
3294 2588 3346 2637 in
3395 2598 3458 2636 ea
3496 2583 3626 2636 sede

2036 2674 2431 2743 patriarcham,
2469 2676 2810 2733 seditannos
2841 2676 3035 2747 viginti
3077 2678 3241 2743 duos,
3273 2687 3322 2730 et
3369 2687 3626 2729 mortuus

2036 2774 2142 2823 est.
2186 2766 2404 2825 Marcus
2434 2783 2568 2825 vero
2596 2769 2938 2840 evangelista
2973 2783 3233 2840 egressus
3266 2777 3350 2821 est
3392 2766 3458 2819 ad
3496 2766 3628 2820 Bar-

2040 2874 2163 2917 cam
2192 2860 2446 2918 homines
2468 2876 2787 2918 convocans
2826 2863 2897 2918 ad
2930 2861 3091 2917 tidem
3130 2862 3185 2917 in
3224 2860 3502 2916 Christum
3539 2858 3628 2913 Fi-

2044 2953 2183 3009 lium
2213 2952 2333 3009 Dei.
2367 2954 2435 3008 Et
2468 2963 2723 3012 mortuus
2752 2964 2837 3012 est
2869 2954 3133 3011 Claudius
3162 2956 3351 3009 Caesar
3394 2955 3630 3021 impera-

2045 3056 2163 3127 tor,‘
2215 3049 2625 3121 imperavitque
2672 3058 2799 3121 post
2849 3050 3002 3106 illum
3075 3050 3221 3105 illius
3271 3049 3394 3118 cjtts
3443 3046 3625 3103 Neron

2041 3141 2227 3198 Ctesar
2268 3140 2460 3199 Romae
2511 3144 2772 3200 tredecim
2804 3146 2986 3208 annis,
3037 3157 3094 3199 et
3140 3152 3227 3199 est
3263 3143 3499 3214 primus,
3532 3143 3630 3212 qui

340 3244 466 3285 τυιη
502 3228 780 3299 Princeps:
811 3226 1164 3298 Ενειηεειίυηι
1191 3224 1398 3292 Martii:
1425 3240 1548 3281 Cum
1579 3221 1783 3288 Marco,
1820 3222 1927 3277 “n-
1958 3239 2005 3303 c
2040 3236 2340 3292 concitavit
2390 3238 2447 3293 in
2487 3236 2842 3293 Christianos
2892 3237 3094 3292 malum
3117 3279 3134 3303 ,
3185 3244 3241 3291 ct
3289 3236 3633 3307 persecutio-

342 3336 447 3392 gna
490 3319 761 3386 Romana,
813 3319 869 3375 in
918 3320 1054 3375 urbe
1099 3317 1312 3384 Romae,
1371 3319 1468 3374 sed
1500 3315 1754 3372 attribuit
1797 3310 1931 3370 illud

347 3418 552 3471 Marco.
594 3415 772 3470 Etiam
814 3424 1060 3486 tempore
1106 3414 1272 3485 hujus
1312 3411 1662 3483 imperatoris
1706 3408 1933 3480 scripsit

344 3506 523 3562 Lucas
557 3506 917 3577 Evangelium
950 3521 1111 3561 suum
1136 3519 1314 3579 graace
1365 3503 1433 3559 ad
1480 3503 1659 3558 virum
1688 3500 1929 3557 nobilem

342 3616 409 3657 ex
450 3598 800 3671 sapientibus
855 3596 1145 3662 Romanis,
1190 3597 1279 3652 cui
1328 3611 1534 3652 nomen
1570 3592 1930 3665 Theophilus,

342 3693 412 3748 ad
457 3709 620 3763 quem
668 3692 798 3747 item
828 3690 1055 3762 scripsit
1094 3689 1232 3745 Acta
1264 3704 1362 3745 seu
1389 3688 1817 3759 discipulorum,
1848 3685 1934 3741 hi-

344 3786 597 3843 storiam.
629 3782 758 3837 Erat
787 3794 968 3838 autem
994 3782 1170 3837 Lucas
1204 3780 1544 3851 evangelista
1565 3794 1751 3847 comes
1779 3776 1931 3831 Pauli

344 3880 601 3953 apostoli,
629 3895 864 3951 quocum
908 3893 1007 3949 per
1038 3889 1251 3947 tempus
1286 3876 1506 3948 aliquod
1535 3874 1757 3930 mansit.
1781 3872 1935 3929 Unde

346 3974 594 4044 estquod
622 3970 825 4025 Paulus
872 3969 1156 4039 apostolus
1200 3969 1255 4022 in
1291 3968 1528 4038 quadam
1560 3964 1801 4036 Epistula
1834 3978 1931 4018 sna

345 4067 482 4121 dicit
510 4084 523 4120 :
551 4062 721 4117 Lucas
746 4061 978 4117 medicus
1024 4077 1112 4115 vos
1143 4059 1386 4118 salutat.
1440 4056 1784 4128 (Coloss.,tv,
1820 4055 1933 4125 Η.)

347 4158 689 4213 Prcbensum
732 4170 864 4211 vero
899 4155 1123 4211 Petrttm
1150 4151 1297 4209 Nero
1326 4152 1512 4213 Caesar
1550 4151 1703 4206 cruci
1738 4149 1930 4219 aﬂigit,

344 4261 579 4318 corpore
624 4247 839 4302 scilicet
879 4246 1122 4313 inverso,
1153 4253 1321 4315 atque
1356 4243 1431 4297 ita
1464 4250 1643 4296 morte
1690 4256 1815 4296 eum
1844 4238 1930 4293 af-

348 4338 502 4394 fecit.
536 4338 675 4393 Nam
712 4347 768 4393 et
807 4337 1024 4394 dixerat
1069 4338 1119 4393 ei
1181 4338 1426 4394 Petrus:
1476 4333 1535 4389 Si
1588 4334 1674 4389 vis
1726 4344 1785 4388 ut
1832 4346 1933 4403 ego

344 4433 498 4488 cruci
547 4432 757 4502 alligar,
801 4445 1032 4501 corpore
1064 4446 1152 4485 me
1197 4429 1418 4484 inverso
1464 4427 1621 4497 aﬂige
1652 4425 1831 4493 cruci,
1865 4442 1933 4482 ne

346 4541 502 4581 mors
553 4526 689 4580 mihi
731 4523 939 4579 inﬂicta
990 4523 1194 4578 similis
1229 4523 1301 4577 sit
1344 4522 1394 4577 ei
1425 4536 1547 4591 quae
1582 4518 1935 4590 iuliigebatur

2044 3343 2191 3384 nem.
2229 3330 2361 3385 Erat
2390 3330 2594 3402 quippe
2624 3331 2790 3385 homo
2826 3331 3102 3401 pessimus
3164 3344 3229 3383 ac
3275 3329 3629 3399 improbissi-

2043 3422 2150 3478 mis
2209 3425 2481 3479 moribus.
2532 3422 2801 3494 Tempore
2853 3435 3036 3478 autem
3098 3421 3337 3479 Neronis
3391 3419 3630 3477 Caesaris

2044 3515 2270 3585 scripsit
2304 3514 2501 3572 Petrus
2535 3516 2915 3586 apostolorum
2950 3516 3209 3587 princeps
3266 3515 3622 3586 Evangelium

2044 3609 2237 3677 Marci,
2293 3608 2481 3666 Marco
2504 3610 2832 3679 excipiente,
2864 3609 3051 3680 lingua
3095 3608 3343 3662 Romana
3396 3607 3451 3662 in
3493 3607 3630 3662 urbe

2044 3701 2258 3768 Rerum,
2287 3709 2344 3757 et
2375 3701 2627 3756 attribuit
2656 3700 2786 3755 illud
2817 3699 3022 3755 Marco.
3055 3698 3234 3769 Hujus
3260 3713 3484 3768 quoque
3524 3698 3629 3751 im-

2041 3793 2312 3863 peratoris
2337 3800 2586 3861 tempore
2613 3791 2841 3861 scripsit
2876 3791 3230 3863 Evangelium
3257 3805 3420 3846 suum
3448 3787 3630 3845 Lucas

2042 3883 2231 3940 Grteca
2275 3884 2460 3954 lingua
2493 3883 2559 3937 ad
2589 3884 2767 3938 virum
2807 3869 3098 3954 quemdam
3135 3881 3378 3938 nobilem
3428 3882 3498 3937 de
3539 3894 3635 3935 sa-

2045 3975 2326 4047 pientibus
2388 3975 2788 4040 Romanorum,
2847 3974 2936 4032 cui
3005 3990 3205 4031 nomen
3263 3972 3630 4044 Theophilus.

2042 4069 2326 4140 Inseripsit
2372 4068 2550 4123 eidem
2584 4078 2846 4140 pra-terea
2907 4070 3063 4137 Acta,
3118 4083 3242 4137 qua:
3292 4076 3423 4124 sunt
3461 4068 3632 4123 histo-

2044 4162 2139 4217 riae
2186 4162 2613 4232 discipulorum.
2662 4160 2843 4216 Lucas
2881 4161 3084 4231 quippe
3131 4160 3359 4215 Paulum
3417 4170 3635 4231 aposto-

2044 4253 2156 4307 lum
2185 4254 2483 4308 comitatns
2523 4261 2661 4318 erat,
2687 4268 2751 4306 ac
2788 4268 2882 4321 per
2911 4252 3129 4322 aliquod
3156 4260 3375 4321 tempus
3416 4267 3635 4307 manse-

2044 4353 2129 4397 rat
2166 4358 2291 4397 cum
2344 4343 2475 4409 illo;
2529 4359 2656 4398 nam
2710 4342 2915 4397 Paulus
2971 4341 3254 4412 apostolus
3297 4341 3349 4396 in
3391 4340 3629 4410 quadam

2047 4450 2147 4490 sua
2197 4434 2430 4505 epistola
2483 4433 2669 4491 dicit:
2733 4432 2905 4487 Lucas
2968 4434 3203 4487 medicus
3254 4448 3344 4486 vos
3405 4434 3633 4486 salutat.

2044 4526 2192 4583 Nero
2215 4536 2399 4583 autem
2438 4527 2626 4583 Caesar
2655 4536 2875 4596 captum
2908 4525 3133 4580 Petrum
3163 4525 3315 4580 cruci
3352 4523 3523 4577 aiiixit
3548 4524 3634 4577 in-

346 4618 584 4673 Dnmino
614 4634 737 4674 meo
765 4616 1011 4683 Christo,
1036 4616 1129 4685 qui
1157 4614 1309 4668 cruci
1337 4610 1533 4666 aliixus
1561 4621 1670 4676 est,
1700 4624 1930 4679 corpore

2044 4638 2292 4687 versum,
2319 4632 2482 4690 atque
2504 4620 2658 4674 illum
2678 4618 2881 4674 occidit
2905 4618 3077 4687 ,fquia
3096 4617 3306 4671 dixerat
3328 4616 3376 4671 ei
3400 4616 3629 4671 Petrus:

341 4720 554 4766 erecto.
609 4709 714 4767 Sed
781 4710 960 4780 gladio
1026 4706 1331 4761 trucidavit
1391 4704 1644 4759 Paulum.
1697 4701 1936 4758 Occisus

340 4812 531 4859 autent
573 4813 659 4859 est
713 4802 911 4859 Petrus
958 4801 1064 4857 sub
1113 4815 1320 4855 annum
1359 4799 1430 4852 ‘22
1477 4809 1599 4868 post
1637 4798 1928 4852 Dominum

338 4908 595 4950 nostrum
630 4895 936 4950 Christum.
970 4895 1103 4950 Erat
1138 4908 1268 4948 vero
1300 4902 1423 4963 post
1450 4891 1673 4947 Petrum
1700 4929 1716 4956 ,
1763 4888 1933 4943 Linus

338 4989 664 5058 patriarcha
695 4986 907 5051 Romae,
943 5002 1055 5057 qua
1085 4986 1308 5041 functus
1344 4985 1613 5056 dignitate
1643 4983 1713 5037 l2
1754 4994 1935 5036 annos

334 5083 501 5137 obiit.
542 5080 608 5135 Et
642 5082 730 5136 hic
754 5081 965 5151 primus
996 5087 1115 5134 erat
1142 5078 1462 5149 patriarcha
1495 5079 1801 5133 Romanus.
1833 5073 1932 5128 At-

242 5210 259 5215 -
336 5191 453 5245 que
503 5183 625 5231 erat
659 5173 878 5229 Marcus
911 5170 1193 5243 Evangelii
1230 5182 1449 5236 auctor,
1500 5171 1557 5226 in
1599 5166 1933 5225 Alexandria

335 5280 398 5324 ct
443 5267 613 5322 Barca
650 5268 735 5338 (ut
775 5266 993 5322 scilicet
1025 5271 1431 5336 prepagaretur
1486 5262 1631 5333 apud
1675 5261 1932 5316 homines

334 5361 479 5417 ﬁdes
499 5364 553 5416 in
576 5361 861 5417 Christum
884 5358 1084 5414 Filium
1113 5357 1233 5427 Dei)
1255 5357 1420 5412 annis
1439 5364 1677 5426 septem.
1700 5353 1769 5407 Et
1786 5367 1933 5407 anno

334 5454 559 5524 imperii
607 5454 843 5509 Neronis
876 5451 1112 5509 Caesaris
1147 5452 1262 5521 jam
1314 5449 1447 5506 dicti
1487 5452 1666 5518 primo
1705 5448 1930 5503 occisus

328 5554 427 5598 cst
477 5544 697 5600 Marcus
747 5544 1116 5609 Alexandria,
1173 5554 1229 5601 et
1277 5558 1481 5617 corpus
1519 5542 1638 5611 ejus
1685 5542 1809 5611 igne
1844 5547 1930 5594 est

329 5644 675 5691 crematum.

673 5940 945 6003 Parnoc.
986 5940 1103 6001 Gn.
1134 5940 1279 6005 CXI.

2046 4715 2102 4771 Si
2136 4716 2221 4770 vis
2250 4730 2335 4769 me
2357 4712 2511 4767 cruci
2554 4711 2798 4781 adigere,
2834 4723 3047 4780 quaeso,
3090 4709 3293 4779 aﬂigito
3320 4722 3407 4761 me
3451 4708 3634 4761 iuver.

2046 4824 2191 4870 sttm,
2247 4823 2317 4861 ne
2362 4805 2567 4862 similis
2613 4803 2739 4859 liam
2791 4802 3029 4857 Domino
3070 4818 3192 4855 meo
3223 4800 3483 4862 Christo,
3537 4800 3633 4869 qui

2046 4908 2231 4955 rectus
2275 4900 2424 4954 cruci
2472 4896 2668 4951 allixus
2704 4905 2805 4950 est.
2845 4895 2999 4950 Pauli
3050 4911 3179 4949 vero
3217 4893 3420 4948 collum
3450 4893 3634 4964 gladio

2043 4994 2365 5049 trucidavit.
2397 4992 2629 5048 Occisus
2662 4999 2846 5045 autem
2894 4999 2980 5047 est
3031 4988 3229 5044 Petrus
3265 4988 3453 5058 viginti
3498 4987 3636 5041 duo-

2043 5086 2147 5141 bus
2194 5085 2398 5155 elapsis
2462 5095 2588 5154 post
2639 5083 2924 5138 Christum
2969 5080 3258 5135 Dominum
3320 5064 3526 5146 annis;
3583 5088 3637 5132 et

2044 5178 2314 5234 sull'ectus
2371 5187 2455 5233 est
2504 5176 2666 5233 Petro
2727 5174 2899 5231 Linus
2945 5173 3259 5246 patriarcha
3308 5170 3517 5240 Romre,
3550 5186 3637 5227 δας

2043 5272 2236 5341 ditque
2292 5272 2454 5324 annis
2515 5269 2825 5334 duodecim,
2868 5279 2924 5324 et
2963 5277 3219 5323 mortuus
3267 5275 3375 5331 est,
3426 5272 3482 5320 et
3537 5264 3638 5317 fuit

2047 5364 2279 5431 primus,
2314 5362 2409 5433 qui
2440 5361 2628 5417 Romae
2657 5361 2972 5432 patriarcha
3001 5345 3395 5416 sull‘ectus'est.
3418 5356 3637 5411 Marcus

2045 5465 2228 5510 autem
2293 5462 2493 5510 auctor
2544 5453 2827 5526 Evangelii
2892 5461 3017 5508 erat
3070 5452 3123 5506 in
3183 5448 3511 5505 Alexandria
3583 5457 3639 5502 et

2043 5549 2244 5614 Barca,
2274 5563 2587 5605 convocans
2642 5547 2893 5602 homines
2941 5545 3008 5600 ad
3057 5543 3219 5600 Iidem
3263 5543 3318 5597 in
3352 5540 3635 5597 Christum

2046 5640 2244 5694 Filium
2298 5638 2393 5694 Dei
2451 5654 2547 5709 per
2576 5639 2817 5708 spatium
2874 5651 3142 5692 aunorutn
3186 5642 3420 5704 septem.
3478 5630 3639 5686 Anno

2034 5744 2219 5791 autem
2246 5733 2424 5803 primo
2447 5732 2612 5804 hujus
2630 5731 2864 5789 Neronis
2880 5731 3117 5788 Caesaris
3146 5728 3364 5784 occisus
3389 5733 3471 5780 cst
3496 5722 3631 5778 Mar-

1956 5862 1959 5865 ‹
2034 5842 2135 5886 cus
2159 5826 2523 5894 Alexandriae,
2554 5837 2609 5881 et
2642 5840 2842 5901 corpus
2872 5827 2991 5899 ejus
3022 5826 3143 5896 igne
3163 5828 3465 5879 crematum
3500 5826 3605 5873 est.

3228 5935 3304 5995 29
