4076 6412
504 307 608 371 907

1530 308 1907 371 EUTYCHII
1940 308 2478 373 ALEXANDRINI
2514 309 2732 369 PATR.

3654 308 3759 372 993

776 606 881 671 ΙΝ
906 605 1255 669 ΝΟΜΙΝΕ
1299 607 1469 680 DEI,
1513 607 1789 678 UNIUS,
1834 606 2215 679 zETERNI,
2255 608 2858 682 IMMU-TAIHLIS,
2923 609 3483 684 IMMORTALIS,

1353 731 1403 791 Α
1504 730 1675 813 QUO
1771 732 1888 792 ET
1977 733 2425 797 AUXILIUM
2502 735 2917 799 PETIMUS.

1510 998 1924 1173 LIBER
2007 1002 2751 1117 HISTORIA".

1126 1298 1380 1362 JUXTA
1437 1297 1900 1393 ACCURATAM
1962 1290 2151 1361 VERI
2204 1300 2610 1363 RATIONEM
2671 1299 3127 1399 .COLLECTUS

597 1417 849 1485 OPERA
918 1416 1432 1482 PATRIARCH/E
1473 1422 1866 1493 EUTYCHII,
1914 1421 2054 1497 QUI
2092 1423 2696 1489 COGNOMINATUS
2720 1429 2862 1490 EST
2903 1431 3087 1490 SAID
3126 1430 3278 1492 EBN
3321 1431 3637 1492 BATRIK.
3716 1442 3725 1449 '

951 1538 1167 1610 QUEM
1204 1538 1555 1602 SCRIPSIT
1590 1540 1694 1600 AD
1729 1540 2098 1600 FRATREM
2124 1540 2344 1601 SUUM
2384 1541 2590 1616 ISAM,
2651 1543 2750 1604 DE
2829 1543 3297 1606 COGNITIONE

774 1652 1325 1719 HISTORIARUM
1361 1654 1958 1720 UNIVERSALIUM
1986 1655 2037 1715 A
2068 1654 2432 1751 TEMPDRE
2471 1656 2720 1718 ADAMI
2752 1657 3017 1735 USQUE
3076 1661 3181 1725 AD
3227 1661 3478 1727 ANNUS

1713 1775 1983 1841 ΗΕΙΒιΕ
2038 1776 2533 1843 ISLAMITICIE.

787 2104 1415 2274 EUTYCHII
1540 1945 2457 2299 PATlllAliilll/E
2563 2104 3463 2278 ALEXANDRINI

1638 2404 2579 2597 ANNALES.

558 2840 790 2913 lnspirct
818 2836 918 2895 tibi
952 2835 1118 2904 Deus,
1147 2836 1222 2892 mi
1251 2836 1446 2901 frater,
1481 2850 1665 2893 rerum
1713 2836 2066 2908 pulchrarum
2095 2842 2141 2901 Λ
2240 2836 2375 2911 5-7
2409 2839 2524 2907 Sic,
2555 2842 2630 2897 ait
2657 2841 2785 2897 Said
2815 2841 2931 2932 ιςιιη
2963 2842 3153 2904 Batrik
3198 2846 3466 2927 medicus,
3528 2851 3751 2908 initium

465 2936 725 3007 optimas
749 2940 803 2988 et
830 2930 1330 2995 commodissimos,
1364 2937 1422 2985 et
1452 2937 1718 2986 avertata
1753 2938 1841 2999 te,
1868 2945 2061 2986 earum
2160 2936 2449 3004 capiemus
2484 2950 2512 2990 a
2547 2938 2707 2994 laude
2746 2930 2961 2994 Domini
2989 2940 3162 2995 nostri
3213 2950 3268 2997 et
3322 2942 3602 2999 Creatoris
3649 2947 3763 3015 qui‘

469 3041 609 3098 qua:
636 3023 917 3080 tristitiam
946 3019 1202 3087 alierum,
1248 3021 1516 3076 stratarum
1567 3021 1837 3076 maximas
1876 3030 1932 3078 et
1970 3036 2067 3075 no-

466 3116 838 3193 -eentissimas
883 3130 901 3170 :
941 3115 1155 3183 aperiat
1213 3123 1264 3167 te
1315 3112 1676 3183 protectionia
1731 3113 1851 3169 velo
1896 3126 2062 3183 quam

464 3210 758 3271 .latissime
784 3221 1049 3278 expanso,
1084 3212 1140 3259 et
1169 3205 1454 3259 continuet
1488 3205 1582 3259 tibi
1622 3205 1920 3275 potentiam
1946 3219 2064 3259 ιω·-
2092 3262 2098 3269 ,

472 3304 789 3374 .plisslmam
826 3316 842 3359 :
876 3299 1142 3369 largiatur
1175 3297 1271 3351 tibi
1305 3298 1359 3351 in
1402 3305 1633 3367 utroque
1687 3297 1887 3352 saeculo
1934 3311 2067 3368 pora

485 3394 713 3456 tionem,
741 3399 796 3446 et
827 3391 882 3445 in
914 3398 1146 3459 utroque
1170 3395 1316 3443 statu
1341 3398 1581 3443 sortem:
1603 3386 1902 3459 intelligere
1932 3386 2069 3461 ιαι

483 3493 538 3539 te
571 3482 739 3537 faciat
769 3480 975 3542 omnia,
1014 3494 1134 3547 quae
1185 3477 1290 3548 ipsi
1322 3478 1573 3548 placent;
1625 3491 1801 3547 neque
1847 3489 2063 3547 separet

484 3584 539 3631 te
565 3590 595 3629 a
622 3573 829 3629 vicinio
849 3586 948 3626 suo
976 3586 1099 3623 cum
1133 3569 1245 3625 illis
1279 3584 1401 3640 quae
1434 3568 1594 3638 longe
1622 3576 1857 3624 amovet.
1892 3568 2059 3625 intel-

482 3665 587 3723 lexi
624 3663 756 3737 quid
790 3660 1031 3719 describi
1064 3660 1158 3715 tibi
1189 3659 1423 3730 jusseris
1450 3657 1665 3729 (beette
1694 3657 1837 3713 Deus
1857 3659 2058 3715 amictu

481 3762 844 3827 virtutum,ct
874 3753 1139 3810 mundum
1196 3763 1250 3809 te
1305 3761 1613 3814 conservet,
1683 3769 1757 3808 ne
1804 3753 2060 3809 sordidas

480 3830 741 3910 uitiorum
806 3857 985 3906 vestes
1044 3848 1286 3917 induas)
1338 3847 1392 3902 in
1449 3844 1761 3915 cognitione
1807 3842 2061 3903 Historiae

480 3937 852 3999 universalisa
888 3947 1132 4009 tempore
1154 3935 1344 3992 Adami
1367 3935 1620 4011 usquead
1646 3951 1822 3992 annuos
1848 3936 2060 4007 [legium

478 4036 826 4099 lslamiticae;
864 4039 1027 4101 atque
1070 4028 1200 4083 illud
1250 4028 1620 4087 demonstravi
1660 4029 1814 4098 juxta
1861 4028 2057 4085 seriem

479 4130 773 4191 mensium,
812 4125 1164 4186 surculorum,
1205 4132 1259 4177 et
1286 4136 1581 4185 annorum,
1614 4131 1673 4175 ut
1702 4123 1756 4176 in
1800 4119 1918 4189 ejus
1962 4134 2060 4175 co-

2164 3040 2270 3082 nos
2302 3027 2570 3096 condidit,
2595 3039 2650 3085 et
2679 3031 2734 3084 in
2767 3030 2934 3086 vitam
2970 3030 3247 3101 perduxit,
3274 3034 3436 3102 cujus
3460 3034 3601 3091 fama
3628 3037 3744 3108 glo-

2160 3119 2313 3175 n'osa
2341 3129 2447 3185 est,
2482 3137 2607 3178 cum
2632 3123 2803 3194 ipsius
2825 3124 3362 3194 laus(sanclillcetur
3379 3128 3500 3197 ejus
3523 3131 3748 3199 nomen)

2165 3211 2337 3268 clavis
2365 3213 2439 3269 sit
2468 3213 2715 3271 omnium
2744 3215 3011 3272 librorum
3060 3227 3112 3273 ct
3167 3226 3522 3276 tractatuum.
3561 3221 3746 3293 Ipsum

2165 3304 2642 3374 (potentissimum
2676 3313 2730 3362 et
2763 3307 3260 3381 gloriosissimum)
3322 3321 3581 3379 rogantes
3602 3353 3616 3375 ,
3684 3323 3745 3367 ut

2164 3411 2322 3467 opem
2375 3397 2533 3454 nobis
2577 3399 2828 3455 conferat
2882 3400 2949 3455 ad
3006 3400 3139 3456 illud
3199 3404 3601 3472 praestandum,
3645 3421 3750 3473 pro

2167 3488 2420 3545 bonitate
2450 3503 2548 3545 sua
2584 3501 2870 3547 consueta.
2904 3490 3087 3547 Gloria
3118 3508 3251 3565 ergo
3283 3494 3415 3559 Deo,
3447 3495 3538 3566 qui
3566 3498 3754 3567 gloria”

2164 3583 2370 3653 dignus
2401 3592 2483 3638 est
2506 3584 2737 3654 ejusque
2769 3583 3068 3650 Dominus,
3106 3594 3159 3641 et
3199 3586 3269 3640 ob
3318 3602 3480 3656 quam
3530 3588 3742 3659 gratias

2163 3683 2448 3743 exspectat
2479 3690 2508 3728 a
2550 3677 2724 3731 servis
2765 3662 3033 3744 suisfqui
3068 3692 3156 3731 res
3179 3675 3741 3747 decrevitantequam

2161 3778 2369 3829 essent.
2398 3782 2602 3838 easque
2634 3768 2903 3837 gubernat
2935 3776 3221 3838 postquam
3253 3769 3533 3838 productae
3563 3781 3692 3825 sunt
3721 3790 3738 3838 ;

2161 3862 2251 3930 qui
2286 3860 2719 3915 misericordiam
2744 3870 2797 3914 et
2824 3861 3094 3928 justitiam
3128 3873 3159 3913 e
3202 3860 3307 3915 viis
3336 3862 3580 3915 veritatis
3604 3876 3746 3916 con-

2162 3951 2383 4004 stitutas
2412 3950 2702 4020 prerupit;
2745 3949 3044 4019 nequitiam
3076 3958 3262 4003 autem
3315 3960 3369 4003 et
3414 3952 3738 4021 injustitiam

2162 4053 2193 4095 e
2218 4041 2321 4099 viis
2350 4039 2479 4093 falsi
2505 4042 2677 4094 vetuit
2714 4057 2728 4094 :
2762 4041 2853 4109 qui
2887 4056 3001 4095 non
3033 4042 3181 4108 cogit
3223 4056 3411 4097 servos
3437 4043 3502 4096 ad
3531 4043 3742 4098 facien-

2161 4130 2291 4185 dum
2324 4131 2623 4201 quidquam
2652 4132 2799 4202 quod
2834 4135 2977 4187 vires
3010 4133 3255 4203 ipsorum
3282 4135 3532 4200 excedit;
3560 4151 3742 4205 neque

480 4221 727 4291 gnitione
760 4216 831 4271 sil
869 4213 1015 4284 quod
1059 4212 1275 4268 abunde
1320 4212 1418 4266 libi
1463 4210 1695 4266 ειιῙῙὶείιιι
1720 4251 1735 4276 ν
1790 4226 1859 4266 ηε
1911 4227 2051 4279 Onus
2083 4217 2129 4277 Β
2162 4222 2458 4291 praestituit
2490 4223 2761 4280 creaturis
2791 4225 2907 4278 suis
2934 4238 3099 4293 opera
3127 4223 3325 4291 quibus
3356 4225 3591 4294 impares
3608 4235 3741 4280 sunt

478 4314 685 4369 trabeas
717 4310 1023 4380 quemlibet
1050 4323 1082 4361 e
1113 4306 1420 4376 potioribus
1472 4314 1568 4360 aut
1606 4306 1765 4375 vulgo
1816 4306 2059 4361 interro-

475 4419 653 4476 gare;
681 4400 1056 4470 descripsique
1088 4398 1181 4453 tibi
1221 4396 1464 4468 (indicet
1500 4396 1600 4452 tibi
1630 4395 1772 4452 Deus
1820 4398 1958 4452 viam
1985 4397 2061 4455 ad

479 4497 789 4552 felicitates:
823 4494 1063 4548 maxime
1087 4489 1423 4561 expeditam,
1453 4497 1508 4544 et
1549 4500 1732 4543 notam
1787 4490 1883 4545 tibi
1925 4506 2052 4560 per-

477 4598 642 4660 petuo
677 4586 842 4641 faciat
869 4584 1160 4639 scientiam
1188 4623 1204 4649 ,
1232 4591 1290 4637 et
1323 4582 1616 4637 utilitatem
1677 4582 2050 4653 praecipuam)

475 4693 686 4754 typum,
715 4677 1014 4746 exemplar,
1041 4684 1096 4729 et
1126 4688 1371 4730 normam
1395 4690 1412 4741 ;
1445 4688 1568 4744 qua:
1594 4674 1857 4728 constitui
1901 4688 2068 4728 com.“

475 4774 739 4845 pendiosa
769 4778 824 4826 et
862 4768 1041 4834 utilia,
1069 4775 1234 4836 prout
1257 4765 1500 4837 iudicavi
1537 4774 1847 4835 competere
1879 4766 2048 4819 animi

472 4863 549 4918 tui
581 4856 828 4932 praeclari
862 4855 1200 4921 celsitudini,
1230 4863 1287 4909 et
1315 4853 1599 4910 conforme
1639 4870 1762 4910 esse
1813 4855 2052 4910 acmnini

472 4951 675 5022 ingenii
699 4954 775 5003 tul
802 4945 1112 5017 praestantis
1137 4953 1189 4999 et
1220 4942 1493 5008 sublimis,
1516 4945 1798 5001 succincte
1825 4954 1879 5000 et
1901 4961 2053 5026 sumi

456 5030 661 5094 'rnatim
691 5037 831 5090 tradi
862 5049 924 5090 ea
948 5048 1071 5104 quae
1097 5049 1128 5089 e
1155 5034 1274 5104 lege
1301 5042 1356 5087 et
1395 5032 1707 5106 Evangelio,
1727 5035 2050 5113 ca'terisque

469 5111 627 5200 libris
659 5125 935 5182 veteribus
960 5134 1013 5179 et
1055 5125 1213 5179 novis
1266 5124 1497 5179 collecta
1542 5111 1863 5196 complexus
1924 5141 2046 5182 sum

469 5222 611 5276 libro
642 5220 745 5275 hoc
778 5200 903 5271 meo.
919 5231 1079 5287 quem
1117 5216 1428 5288 composui,
1450 5205 1682 5287 quodad
1703 5218 2043 5284 metbodum,

466 5313 631 5369 rebus
649 5310 1036 5381 invesdgandis
1050 5308 1585 5381 praestantissimum,
1597 5309 1746 5381 quod
1757 5309 1823 5365 ad
1841 5312 2015 5367 docui
2030 5341 2049 5352 -

378 5454 387 5461 κ
469 5420 616 5472 nam,
664 5405 1012 5462 verissimum
1041 5417 1201 5471 ;eum
1224 5402 1279 5456 in
1303 5401 1421 5472 ipso
1446 5410 1732 5459 assecutus
1751 5406 2043 5460 terminum

464 5500 556 5569 qui
577 5496 829 5569 prudenti
849 5505 1035 5566 gratus
1050 5494 1141 5560 sit,
1162 5501 1215 5548 et
1236 5493 1509 5550 intellectu
1533 5495 1765 5562 praedito
1780 5495 2043 5563 sufﬁciat,

463 5605 638 5657 eaque
661 5587 757 5644 tibi
789 5596 844 5643 et
891 5587 1150 5641 lratribus
1173 5585 1283 5642 tuis
1301 5587 1571 5642 evidentia
1591 5586 1725 5659 (res)
1749 5591 2035 5668 explicui,

463 5697 583 5746 quae
612 5676 1000 5750 nobis'tibiqne
1019 5680 1222 5750 praemii
1251 5679 1454 5747 etboni,
1468 5683 1836 5752 consequendi
1871 5698 2038 5741 causa

452 5786 555 5823 εδει.

2157 4318 2302 4371 vires
2329 4317 2594 4386 ipsarum,
2628 4332 2819 4371 verum
2854 4316 3001 4386 ipsas
3034 4319 3315 4371 actionum
3366 4330 3615 4373 suarnm‘
3646 4333 3739 4371 ar-

2155 4406 2348 4468 bitras.
2389 4423 2726 4479 operumque
2766 4424 2990 4464 suorum
3052 4410 3442 4464 moderatrices
3473 4420 3506 4474 ,'
3529 4424 3594 4464 ac
3651 4427 3741 4465 re-

2154 4512 2276 4554 rum
2307 4515 2531 4554 suarum
2570 4500 2927 4556 administras
2963 4501 3293 4566 constituit;
3332 4509 3494 4569 atque
3525 4502 3589 4555 ad
3623 4501 3733 4557 hoc

2154 4592 2278 4646 illas
2320 4591 2582 4646 instruxit
2606 4593 2927 4648 excellentia
2949 4591 3139 4661 judicii
3171 4601 3225 4646 et
3252 4593 3469 4646 consilii
3499 4632 3514 4657 ,
3546 4606 3610 4647 ac
3636 4594 3739 4647 bo-

2152 4682 2331 4737 nitate
2356 4681 2768 4738 deliberationis
2787 4693 2841 4738 el
2880 4686 3148 4749 scientiae,
3176 4699 3279 4755 ope
3300 4684 3423 4754 ejus
3453 4700 3616 4755 quem
3652 4686 3740 4739 in-

2151 4774 2291 4829 didit
2316 4773 2467 4842 ipsis,
2498 4775 2567 4828 de
2596 4786 2789 4830 natura
2817 4777 3169 4845 intellectus;
3206 4792 3369 4847 quem
3424 4778 3553 4836 fecit
3600 4793 3738 4833 cau-

2153 4878 2270 4920 sam
2302 4865 2664 4934 impellentem
2721 4868 2789 4921 ad
2841 4868 3279 4923 conﬁrmandum
3333 4880 3525 4924 contra
3581 4869 3735 4941 ipsos

2151 4967 2560 5024 argumentum,
2591 4967 2644 5012 et
2680 4959 2825 5012 viam
2878 4975 3003 5029 qua:
3051 4962 3201 5031 ipsos
3252 4973 3528 5030 compotes
3582 4963 3735 5016 dire-

2150 5049 2350 5103 ctionis
2379 5049 2607 5115 faceret,
2642 5052 2790 5121 quod
2818 5053 2954 5120 ipsis
2986 5056 3336 5109 commodum
3363 5063 3448 5108 est
3499 5054 3731 5123 eligens,

2149 5149 2206 5196 et
2235 5142 2619 5198 misericordia
2644 5159 2775 5214 erga
2806 5144 2954 5213 ipsos
2986 5146 3354 5223 propendens.
3408 5143 3555 5203 Laus
3595 5159 3731 5213 ergo

2150 5234 2263 5288 Deo
2292 5236 2386 5304 qui
2422 5234 2740 5292 individuus
2772 5244 2859 5291 est
2894 5240 3107 5294 ratione
3139 5238 3367 5292 unitatis
3411 5253 3526 5292 suae
3553 5277 3566 5301 ,
3600 5238 3730 5306 qui-

2148 5339 2256 5394 que
2289 5326 2749 5395 (potentissimus
2772 5329 2832 5398 8
2859 5341 2912 5383 et
2940 5328 3407 5403 gloriosissimus)
3433 5331 3504 5383 ob
3529 5344 3731 5384 essen-

2156 5418 2288 5472 tiam
2319 5434 2496 5481 suam,
2531 5422 2890 5489 sapientiam,
2915 5431 2974 5476 et
2999 5422 3164 5475 vitam
3201 5428 3436 5476 mternas
3462 5460 3477 5485 ,
3523 5422 3731 5490 dignus

2147 5517 2231 5564 est
2258 5508 2417 5577 laude
2445 5520 2502 5566 et
2530 5513 2901 5567 celebratione
2923 5553 2941 5577 ,
2989 5522 3336 5583 mereturque
3364 5515 3616 5583 gloriam
3668 5523 3729 5567 et

2149 5602 2534 5657 exaltationem
2563 5620 2578 5670 ;
2610 5604 2703 5674 qui
2741 5604 2880 5659 nihil
2916 5607 2968 5659 in
3005 5606 3120 5676 lege
3165 5622 3263 5663 sua
3314 5611 3499 5678 posuit
3543 5607 3725 5662 ambi.

2147 5710 2336 5764 gnum,
2371 5696 2519 5766 quod
2544 5695 2831 5751 dubitandi
2865 5712 3055 5752 ansam
3106 5701 3405 5768 praeberet,
3458 5714 3638 5771 neque
3667 5700 3725 5753 in

2146 5790 2432 5858 praeceptis
2461 5789 2577 5844 Suis
2604 5789 2894 5857 incertum,
2932 5791 3079 5861 quod
3106 5792 3508 5852 dissensionem
3553 5809 3717 5863 pares
