4076 6406
355 332 464 391 909

1742 385 1748 391 .
1790 327 2153 389 ANNALES.

3503 318 3611 383 illi)

350 453 439 501 ret
466 458 482 506 ',
516 440 611 525 sed
643 441 757 509 ipSa
794 438 1084 495 constituit
1120 439 1408 511 perspicua
1441 447 1494 493 et
1519 433 1806 493 manifesta
1836 437 2010 505 po-.A
2042 440 2183 494 inter
2207 454 2265 493 sc
2287 438 2604 505 discrepant
2640 436 2889 491 homines
2918 435 2972 490 in
3002 435 3236 489 historia
3265 472 3280 499 ,
3311 434 3458 504 quod
3511 448 3612 484 au-

357 533 532 605 pulis,
559 547 668 588 non
698 531 955 589 nbataute
987 533 1269 588 nationum
1299 539 1354 588 et
1382 530 1666 601 regionum
1718 528 1933 585 discre-

355 629 582 701 pantia,
632 638 688 683 et
733 624 1018 682 scientiam
1067 625 1276 697 claram
1336 622 1592 679 omnibus
1644 622 1931 692 gentibus.

358 717 760 792 quantumlibet
791 732 1045 773 sermone
1071 724 1128 773 et
1158 715 1411 773 dialectis
1457 714 1690 771 invicem
1737 713 1933 773 distiuv

362 813 495 869 etis.
531 825 629 882 per
667 809 1061 865 revelationern
1108 808 1394 879 prophetis
1426 806 1549 865 suis
1582 813 1636 863 et
1675 806 1936 875 apostolis

360 904 602 979 [factam
626 899 648 974 ]
676 909 730 958 et
763 916 886 972 qua!
917 900 1069 955 misit
1099 899 1167 955 ad
1202 899 1351 969 ipsos
1375 898 1639 954 miracula
1668 898 1939 968 signaque

359 994 644 1055 tremenda
685 994 751 1050 ad
783 994 992 1050 cultum
1021 1007 1185 1048 suum
1222 991 1502 1057 invitans;
1540 998 1595 1053 et
1639 990 1934 1059 benignum

332 1097 640 1159 aspectum
664 1087 716 1141 ei
746 1086 841 1160 qui
872 1085 977 1159 ipsi
1013 1084 1666 1154 crediderit-promittens
1684 1126 1702 1151 ,
1729 1082 1935 1143 exitum

359 1195 493 1236 vero
531 1178 832 1248 pessimum
862 1177 942 1241 ei,
974 1177 1069 1244 qui
1103 1177 1172 1232 ab
1198 1177 1317 1245 ipso
1343 1190 1403 1231 se
1435 1177 1695 1232 averterit
1726 1175 1937 1246 ipsum-

359 1284 468 1339 que
519 1266 846 1338 negaverit,
901 1265 1168 1320 minatus.
1203 1260 1606 1337 [Celebretur,
1668 1258 1937 1332 inquam]

360 1357 520 1413 laude
578 1371 701 1429 quae
728 1354 992 1424 majorem
1028 1353 1207 1427 ipsius
1234 1351 1650 1408 beneﬁcentiam
1678 1358 1938 1422 provocet

358 1459 721 1504 ctaccessum
751 1447 819 1503 ad
847 1449 1026 1517 ipsum
1072 1452 1326 1518 praestet.
1372 1443 1560 1516 ipsum
1604 1458 1737 1514 rogo
1765 1486 1779 1510 ,
1833 1443 1936 1514 ipsi

360 1541 656 1611 supplico,
690 1550 759 1596 ut
810 1539 1060 1595 sinceras
1114 1537 1307 1593 reddat
1336 1536 1672 1597 intentiones
1720 1543 1939 1593 nostras

354 1635 426 1691 ad
446 1620 901 1704 amplectendam
937 1632 1082 1704 quod
1118 1632 1219 1702 ipsi
1246 1640 1465 1700 gratum
1492 1630 1587 1697 sit,
1618 1636 1673 1686 et
1711 1643 1940 1685 conver-

361 1736 437 1783 tat
458 1726 677 1781 intimos
701 1723 926 1780 affectus
948 1735 1168 1781 nostros
1183 1720 1250 1777 ad
1283 1720 1419 1778 illud
1441 1720 1587 1794 quod
1608 1720 1935 1790 obsequium

360 1819 462 1890 ipsi
485 1817 856 1888 pnestandum
897 1824 1244 1886 promoveat,
1265 1823 1318 1870 et
1339 1813 1606 1885 consequi
1641 1827 1743 1870 nos
1775 1812 1939 1869 faciat

354 1910 589 1983 gradum
616 1910 722 1966 sibi
754 1908 1149 1982 prepinquum.

432 2000 559 2057 Haec
588 2001 876 2061 hactenus.
901 1986 1228 2071 Quicunque
1257 2013 1369 2056 non
1402 2000 1657 2058 habuerit
1683 2001 1935 2058 notitiam

354 2093 703 2150 fundamenti
739 2091 977 2164 alicujus
1004 2090 1290 2157 scientiae,
1343 2090 1413 2148 de
1459 2105 1568 2163 qua
1629 2106 1937 2150 sermonem

358 2187 651 2255 instituere
684 2185 837 2253 velit,
880 2190 940 2240 ut
970 2182 1098 2241 inde
1131 2183 1369 2239 deducat
1416 2197 1562 2255 quas
1612 2182 1715 2259 ipsi
1759 2183 1937 2239 visum

356 2277 528 2333 fuerit
576 2276 1007 2348 censequentias
1031 2314 1046 2341 ,
1098 2289 1332 2346 quarum
1356 2274 1547 2354 _etiam
1598 2274 1938 2345 cognitioni,

354 2368 553 2443 9-11
609 2381 736 2422 cum
781 2367 857 2424 sit
902 2381 1146 2439 propago
1199 2365 1443 2434 ejusdem
1501 2364 1785 2430 scientiae,
1828 2381 1937 2421 non

362 2460 551 2514 subest
575 2457 723 2513 aliud
749 2457 975 2528 aliquod
1003 2455 1420 2513 fundamentum
1444 2457 1511 2511 ad
1536 2456 1683 2529 quod
1705 2456 1940 2514 subinde

360 2560 700 2619 recurratur,
733 2560 896 2611 erunt
929 2566 1113 2614 sermo
1131 2560 1184 2607 et
1211 2554 1356 2609 ratio
1379 2552 1742 2609 cencludendi
1761 2551 1936 2622 ipsius

359 2660 498 2702 vana
536 2654 591 2702 et
626 2644 826 2713 futilis,
857 2645 1122 2719 laborque
1149 2654 1201 2702 et
1236 2644 1483 2701 studium
1534 2645 1583 2700 ei
1616 2645 1697 2700 rei
1728 2645 1938 2713 impen-

356 2752 481 2794 sum
511 2741 823 2794 frnstranea
851 2746 910 2793 et
934 2737 1191 2795 ridicula.
1221 2736 1492 2797 Parabola
1527 2744 1709 2793 autem
1728 2775 1744 2802 ,
1770 2750 1936 2806 quam

354 2831 531 2889 edidit
557 2830 823 2886 Dominus
845 2837 901 2885 et
927 2828 1188 2886 Servatur
1218 2837 1408 2886 noster
1433 2828 1485 2883 in
1513 2828 1814 2898 Evangelia
1836 2842 1938 2884 suo

356 2932 576 2987 sancto,
608 2920 800 2977 dicens
833 2939 849 2976 :
880 2920 943 2976 Si
965 2921 1081 2992 quis
1111 2921 1327 2977 domum
1358 2936 1510 2976 suam
1538 2936 1697 2991 super
1718 2936 1938 2975 arenam

355 3016 616 3073 struxerit
646 3014 726 3070 t’el
761 3014 1109 3071 tenuissimus
1145 3021 1327 3074 uentus
1375 3014 1732 3083 pertransiens
1765 3012 1937 3082 ipsam

352 3106 594 3175 deﬁciet,
625 3114 674 3159 et
742 3107 995 3161 minimus
1044 3122 1197 3179 aqum
1250 3115 1457 3161 torrens
1518 3106 1690 3173 ipsum
1741 3104 1939 3172 diruet;

374 3196 515 3266 quod
574 3197 622 3253 si
670 3210 788 3250 eam
845 3211 1002 3270 super
1059 3207 1264 3267 petram
1313 3192 1684 3265 adiﬁcaucrit,
1714 3210 1941 3263 nequeo

358 3288 524 3343 ventis
551 3285 734 3360 dejici,
784 3300 950 3359 neque
995 3302 1028 3341 a
1090 3294 1326 3343 torrente
1368 3285 1599 3341 subverti
1642 3286 1835 3354 poterit
1886 3289 1943 3353 ι,

360 3377 549 3449 regula
573 3385 660 3433 est
686 3383 740 3432 et
774 3376 1085 3445 exemplum
1116 3375 1467 3451 in‘telligcnti.
1508 3368 1772 3449 Qitisquis
1791 3375 1941 3433 enim

367 3467 593 3524 locutus
623 3467 793 3523 fuerit
825 3468 892 3523 de
916 3467 1097 3539 aliqua
1127 3467 1358 3525 scientia
1419 3468 1538 3523 sine
1588 3467 1942 3529 fundamento

356 3557 432 3617 ad
459 3559 604 3629 quod
643 3556 903 3630 respiciat
959 3558 1160 3631 cuique
1190 3558 1458 3613 innitatur
1483 3597 1500 3622 ,
1533 3558 1719 3619 subito
1761 3556 1945 3617 ineas.

357 3665 485 3707 sum
520 3650 702 3719 cedet,
731 3659 789 3707 et
809 3665 978 3723 quam
1015 3651 1286 3706 citissime
1306 3648 1544 3718 deficiet,
1570 3652 1741 3709 instar
1767 3649 1941 3711 aedili.

360 3744 545 3799 cautis
571 3747 793 3801 domdm
819 3759 975 3802 suam
1011 3758 1177 3817 super
1196 3730 1442 3799 'arenam
1468 3758 1487 3811 ;
1513 3751 1569 3798 at
1607 3744 1654 3798 si
1701 3743 1826 3813 quis
1873 3741 1943 3799 de

357 3835 593 3893 scientia
628 3836 851 3905 aliqua,
908 3835 1232 3908 percognito
1288 3835 1445 3906 prius
1511 3836 1687 3905 ipsius
1740 3834 1938 3896 funda-

364 3938 573 3994 mento,
606 3929 883 3997 loquatur,
920 3927 1141 3984 futurus
1173 3936 1260 3984 est
1286 3942 1466 4009 sermo
1505 3926 1681 3996 ipsius
1732 3942 1896 3983 verus
1919 3964 1938 3991 ,

363 4018 674 4091 luculentus
699 4056 716 4084 ,
769 4019 1094 4091 perspicuus
1113 4059 1130 4085 ,
1175 4020 1366 4079 lirmus
1389 4057 1406 4083 ,
1429 4018 1696 4089 quoniam
1723 4017 1941 4075 locutus

355 4122 447 4168 est
473 4113 757 4169 substrato
787 4111 1168 4177 fundamento,
1204 4110 1353 4180 quod
1391 4109 1693 4181 respiciat,
1735 4111 1944 4179 cuique

364 4206 657 4273 innitatur,
690 4215 750 4262 ut
785 4216 911 4259 eum
947 4201 1074 4274 quis
1104 4202 1329 4259 domum
1369 4216 1526 4263 suam
1553 4208 1724 4271 petra
1744 4215 1942 4270 super-

359 4297 649 4353 struxerit.
678 4295 849 4353 Porro
905 4295 963 4353 in
1006 4295 1151 4353 hanc
1198 4294 1527 4352 sententiam
1570 4294 1741 4350 multa
1791 4292 1945 4350 dixe:-

358 4397 493 4445 ruut
520 4388 674 4447 Plato
697 4397 754 4444 et
779 4388 1103 4444 Aristoteles
1141 4386 1198 4443 in
1230 4387 1386 4444 libris
1417 4385 1747 4449 dialecticis.
1787 4386 1942 4445 aliis-

2043 541 2151 585 tem
2177 530 2442 585 mibi'bac
2468 531 2527 584 in
2551 544 2612 584 re
2669 536 2793 598 post
2823 526 3263 597 disquisitionem
3307 526 3526 596 longam
3557 536 3613 579 et

2040 624 2287 683 laborem
2317 623 2578 687 multum,
2610 632 2955 692 compertum
2983 626 3110 685 est,
3148 618 3282 673 illud
3330 628 3414 673 est
3448 608 3611 686 ‘quod

2037 729 2103 768 ex
2139 713 2208 769 iis
2255 728 2377 782 quae
2402 713 2456 768 in
2488 713 2606 785 lege
2642 711 2973 782 cmterisque
3001 708 3324 765 indubitatae
3376 709 3497 764 ﬁdei
3548 710 3617 762 li-

2038 805 2156 860 bris
2179 804 2510 870 exbibitum,
2541 804 2909 874 explicatione
2924 804 3076 873 iusta
3101 808 3156 859 et
3180 800 3476 859 sufﬁcienti
3515 815 3618 856 ex-

2041 898 2349 969 plicaturns
2371 913 2516 963 sum,
2552 898 2828 969 adiunctis
2857 899 2907 952 ei
2952 895 3369 950 narrationibus
3396 893 3617 950 succin-

2038 991 2169 1053 ctis,
2205 988 2642 1060 compendiosis,
2673 1003 2787 1060 quo
2815 988 2892 1043 sit
2918 988 3016 1043 tibi
3044 987 3303 1042 libertate
3332 1000 3489 1043 meus
3518 1001 3616 1055 per

2036 1082 2436 1150 sesufiiciens,
2470 1082 2752 1154 faciatque
2807 1098 2877 1138 ne
2929 1096 3072 1151 opus
3124 1081 3200 1137 sit
3248 1083 3317 1136 ad
3367 1083 3620 1153 quemvis

2041 1173 2236 1239 alium,
2273 1174 2351 1227 rei
2384 1171 2623 1243 alicujus
2660 1172 2714 1226 in
2742 1171 2974 1239 historia
2994 1172 3394 1243 cognoscenda:
3421 1173 3619 1242 gratia.

2042 1281 2348 1322 recurrere.
2391 1266 2738 1336 Propositum
2766 1258 2954 1321 autem
3006 1274 3090 1322 est
3118 1266 3289 1321 ordiri
3318 1264 3391 1320 ab
3413 1265 3572 1322 initio
3605 1306 3621 1330 ,

2043 1375 2152 1431 quo
2186 1362 2330 1415 Deus
2360 1360 2629 1414 Adamum
2659 1358 2905 1413 condidit
2932 1372 3111 1425 usque
3140 1357 3209 1415 ad
3266 1366 3481 1425 tempus
3516 1359 3620 1410 hoc

2043 1461 2318 1518 nostrum,
2345 1464 2407 1507 ut
2429 1454 2505 1507 sit
2536 1452 2660 1522 eius
2684 1450 2926 1520 cognitio
2955 1449 3053 1505 tibi
3084 1448 3394 1519 inanifesta.
3416 1449 3474 1502 in
3510 1449 3620 1502 Deo

2043 1532 2227 1600 autem
2254 1552 2341 1600 est
2371 1544 2638 1599 auxilium
2673 1551 2730 1598 et
2762 1542 2911 1599 vires
2932 1549 2988 1596 et
3018 1540 3283 1612 potentia,
3307 1554 3431 1607 quae
3458 1554 3617 1609 opem

2043 1637 2205 1692 nobis
2236 1636 2414 1692 ferant
2447 1636 2512 1691 ad
2545 1634 2729 1693 omnia
2761 1632 3619 1712 qumquuirunturpercipienda.

2038 1738 2103 1784 et
2122 1730 2357 1789 directio
2382 1729 2452 1784 ad
2481 1727 2639 1793 illud,
2671 1742 2789 1797 quo
2820 1733 3222 1798 prosperantur
3266 1741 3353 1781 res
3393 1733 3619 1788 nostrai,

2041 1821 2371 1891 obsequium
2404 1821 2509 1891 ipsi
2535 1820 2907 1891 praestandum
2934 1828 2990 1877 et
3008 1817 3417 1888 beneplaeltum
3446 1815 3620 1883 ip~ius

2038 1912 2476 1983 adimplendum,
2507 1928 2632 1969 cum
2661 1915 2779 1982 ipse
2808 1914 2883 1972 sit
2906 1911 3281 1982 omnipotens.
3312 1910 3458 1965 Laus
3492 1924 3623 1980 ergo

2038 2005 2176 2070 Deo,
2209 2008 2444 2061 Domino
2464 2015 2873 2061 creaturarum.

2114 2098 2358 2180 13.15
2374 2099 2599 2154 Creavit
2636 2098 2808 2165 Deus,
2830 2097 3265 2168 potentissimus,
3285 2093 3626 2165 gloriosissi-

2041 2205 2187 2254 mns,
2217 2190 2480 2246 mundum
2529 2205 2654 2245 cum
2711 2191 2781 2247 iis
2808 2204 2932 2260 qum
2966 2190 3022 2246 in
3071 2205 3139 2246 eo
3181 2196 3331 2255 sunt,
3367 2204 3468 2244 nec
3514 2202 3623 2250 non

2040 2283 2308 2339 Adamum
2340 2293 2392 2337 et
2424 2269 2619 2348 Evam,
2646 2298 2745 2339 sex
2777 2283 2997 2338 diebus.
3036 2281 3273 2337 Crestus
3313 2289 3399 2335 est
3439 2289 3620 2341 autem

2038 2374 2213 2429 Adam
2240 2374 2329 2430 die
2365 2385 2545 2440 sexto,
2593 2375 2985 2444 benedixitqne
3034 2374 3177 2429 Deus
3220 2374 3331 2428 diei
3364 2373 3622 2442 septimo,

2039 2465 2300 2534 quoniam
2357 2467 2411 2519 in
2462 2480 2528 2522 eo
2589 2480 2727 2535 opus
2778 2464 3072 2523 creationis
3102 2464 3355 2519 absolvit.
3414 2462 3623 2516 Adamn

2038 2565 2220 2612 autem
2250 2565 2305 2610 et
2336 2557 2461 2611 lavat
2498 2557 2553 2610 in
2609 2557 2920 2627 paradisum
2965 2555 3301 2610 intromissis
3343 2555 3622 2624 praecepit,

2038 2658 2100 2705 ut
2121 2648 2194 2704 de
2224 2649 2489 2703 omnibus
2520 2649 2827 2705 arboribus
2863 2647 3233 2709 comederunt,
3278 2653 3500 2714 excepta
3531 2661 3625 2698 ar-
3664 2644 3667 2645 ⁷

2039 2740 2177 2794 bore
2203 2739 2469 2805 scientiae,
2512 2739 2581 2794 de
2613 2754 2679 2794 ea
2714 2752 2845 2794 vero
2865 2754 2934 2794 ne
2958 2739 3327 2793 comederunt.
3354 2736 3623 2792 Tentante

2039 2838 2219 2886 autem
2254 2832 2426 2886 Evam
2451 2830 2691 2896 diabolo,
2741 2841 3087 2901 transgressa
3128 2838 3211 2885 est
3260 2822 3351 2882 illa
3392 2828 3622 2882 Inunda-

2039 2932 2157 2978 tnm
2188 2923 2302 2988 Dei.
2325 2935 2379 2979 et
2414 2925 2655 2980 comedit
2687 2924 2754 2978 de
2804 2925 3004 2979 arbore
3066 2924 3192 2990 ista,
3236 2936 3300 2979 ac
3330 2922 3623 2978 comeden-

2040 3012 2174 3069 dum
2205 3014 2273 3070 de
2294 3016 2365 3070 'ea
2388 3016 2621 3086 praebuit
2650 3015 2882 3070 Adamo.
2920 3015 3057 3074 Cum
3088 3029 3218 3086 ergo
3243 3015 3299 3069 in
3329 3013 3620 3068 Dominum

1964 3126 2010 3185 ε
2043 3121 2205 3164 suum
2244 3107 2624 3173 rebellassent,
2659 3108 2869 3179 expulit
2894 3107 3044 3179 ipsos
3066 3122 3101 3164 e
3163 3107 3442 3177 paradiso,
3487 3106 3623 3168 liora

2041 3213 2186 3255 nona
2210 3199 2316 3255 diei
2350 3198 2594 3262 Veneris.
2639 3201 2692 3255 in
2718 3201 3012 3270 quemdam
3039 3216 3069 3256 e
3094 3201 3394 3255 montibus
3434 3198 3622 3267 ludia),

2014 3284 2447 3363 'colkicatosque
2496 3293 2549 3346 in
2590 3303 2733 3346 terra
2786 3293 2955 3362 iussit
3005 3293 3252 3351 sobolem
3306 3308 3621 3363 procreare,

2039 3398 2155 3454 quo
2209 3385 2727 3456 innltiplicarentur,
2764 3396 2817 3440 et
2864 3386 3154 3455 implerent
3198 3393 3426 3439 terram.
3469 3383 3623 3439 Cum

2041 3489 2271 3547 gressus
2299 3491 2433 3547 ergo
2458 3484 2544 3531 est
2592 3475 2771 3531 Adam
2802 3489 2925 3534 cum
2962 3475 3091 3538 Eua,
3124 3490 3265 3544 qua,
3303 3490 3428 3529 cum
3477 3490 3626 3529 con«

2041 3567 2534 3638 cepisset,-peperit
2567 3583 2798 3638 puerum
2823 3575 2879 3623 et
2932 3568 3203 3637 puellam;
3248 3583 3480 3637 puerum
3529 3582 3629 3636 ap-

2042 3657 2263 3727 pellavit
2286 3656 2450 3725 Kain,
2481 3658 2718 3728 puellam
2753 3659 2959 3717 Azrun.
2996 3656 3136 3712 Tum
3195 3671 3390 3712 rursus
3444 3658 3627 3711 conci-

2045 3750 2228 3819 piente
2255 3748 2387 3814 Eva,
2424 3763 2490 3804 ac
2542 3763 2774 3818 puerum
2824 3762 2878 3806 et
2929 3752 3165 3819 puellam
3221 3750 3407 3813 enixa,
3455 3764 3629 3819 puero

2042 3854 2239 3895 nomen
2287 3840 2549 3910 imposuit
2593 3841 2749 3907 Abel,
2779 3842 2977 3911 puellae
3017 3839 3233 3907 Ovain,
3270 3855 3395 3912 quae
3439 3838 3628 3895 Graece

2042 3927 2321 3999 Laphura.
2369 3928 2621 3999 Cumque
2672 3929 2785 3998 jam
2828 3931 3202 4000 provectiores
3257 3916 3395 3985 facti
3439 3937 3627 3988 essent

2043 4021 2222 4089 pueri,
2262 4021 2400 4076 dixit
2428 4021 2603 4078 Adam
2636 4023 2801 4077 Evae:
2842 4020 3015 4077 Ducat
3055 4023 3199 4076 Kain
3248 4019 3458 4087 Owain,
3505 4036 3632 4090 qum

2045 4134 2152 4173 una
2190 4133 2313 4173 cum
2337 4118 2509 4174 Abele
2544 4128 2666 4174 nata
2699 4126 2805 4185 est,
2841 4118 2978 4173 Abel
3025 4127 3210 4173 autem
3247 4119 3456 4185 Azrun,
3505 4133 3629 4188 quae

2043 4226 2170 4265 eum
2217 4210 2393 4273 Kaino
2449 4221 2599 4265 nata.
2649 4210 2790 4266 Dixit
2841 4200 3022 4266 autem
3068 4208 3207 4265 Kain
3254 4210 3415 4265 matri
3446 4225 3609 4266 suae:

2050 4299 2263 4357 Ducam
2294 4317 2397 4373 ego
2415 4316 2662 4358 sororem
2702 4317 2901 4368 meam,
2932 4310 2988 4357 et
3019 4303 3185 4358 ducat
3210 4301 3344 4356 Abel
3380 4315 3629 4356 sororem

2049 4405 2226 4447 suam.
2265 4392 2478 4463 Quippe
2508 4393 2796 4464 pulchrior
2827 4402 2945 4449 erat
2972 4393 3156 4455 Auno
3190 4392 3440 4448 Owaina.
3469 4392 3629 4459 Quod

355 4499 492 4553 que,
523 4484 592 4539 de
624 4481 994 4543 fundamentis
1025 4480 1376 4547 scientiarum
1405 4494 1709 4549 earumque
1748 4480 1943 4542 deﬁni-
1976 4477 2023 4534 ἰ)
2050 4498 2178 4537 cum
2205 4484 2453 4539 audisset
2487 4484 2684 4549 Adam,
2721 4484 2859 4539 male
2884 4484 3181 4539 admodum
3210 4484 3391 4554 ipsum
3417 4483 3630 4569 habuit,

363 4577 629 4638 tionibus,
676 4581 730 4631 et
759 4573 1140 4630 arithmeticos
1206 4572 1584 4629 fundamentis
1633 4588 1699 4628 ac
1732 4572 1941 4629 delini—

354 4668 626 4730 tionibus,
649 4676 704 4722 et
726 4681 892 4737 quam
926 4665 1192 4723 rationem
1217 4674 1405 4726 tenere
1424 4666 1618 4723 debeat
1636 4665 1940 4729 studiosus,

353 4774 488 4815 cum
509 4759 765 4833 peritiam
810 4759 1062 4831 cujusvis
1110 4761 1328 4821 tandem
1377 4760 1618 4816 scientia
1658 4759 1946 4829 acquirere

358 4853 519 4917 velit,
548 4851 673 4910 fuse
700 4867 824 4922 qua:
853 4852 960 4911 huc
994 4860 1249 4922 spectant
1271 4851 1612 4922 explicantes
1643 4853 1745 4929 12
1771 4862 1831 4909 et
1847 4869 1946 4907 ex-

356 4953 650 5015 ponentes,
683 4961 825 5015 qute,
862 4962 972 5003 non
999 4960 1138 5017 opus
1167 4956 1255 5003 est
1276 4946 1441 5002 nobis
1462 4947 1561 5016 (ne
1585 4948 1798 5017 longior
1816 4958 1943 5000 eva-

2053 4575 2161 4646 16
2188 4576 2437 4645 dixitque
2469 4573 2632 4647 "ﬂoe
2665 4585 2747 4630 est
2794 4589 2983 4632 contra
3036 4589 3390 4644 praeceptum,
3433 4588 3494 4631 ut
3540 4592 3632 4638 so-

2050 4662 2235 4721 r‘or'ein
2272 4676 2420 4721 tuam
2445 4667 2737 4744 gemellam
2755 4665 2950 4721 ducas.
2977 4666 3043 4721 Et
3069 4667 3173 4721 fuit
3206 4667 3342 4722 Cain
3366 4668 3628 4739 agricola,

2051 4757 2184 4812 Abel
2223 4768 2409 4828 pastor
2445 4758 2652 4815 ovium.
2693 4758 2948 4826 Dixitque
2977 4757 3090 4813 illis
3139 4757 3311 4812 Adam
3346 4758 3630 4828 :Accipite

2050 4853 2121 4913 de
2151 4852 2421 4908 fructibus
2451 4859 2636 4917 lerrar,
2673 4860 2727 4907 et
2749 4852 2817 4908 de
2844 4852 2955 4907 fetu
2990 4853 3195 4916 ovium,
3234 4861 3287 4908 et
3322 4865 3629 4911 conscenso

2051 4948 2255 5004 montis
2285 4947 2450 5018 hujus
2480 4946 2625 5003 sacri
2660 4945 2883 5018 fastigio
2926 4945 3119 5002 offerte
3168 4962 3392 5002 munera
3423 4958 3625 5013 vestra,

350 5038 452 5089 adat
483 5036 623 5094 liber
656 5035 760 5097 iste
785 5035 1016 5108 noster)
1048 5044 1313 5106 repetere.
1344 5036 1485 5093 Cum
1513 5043 1721 5099 autem.
1759 5036 1845 5090 bis
1880 5035 1935 5091 in
2038 5039 2240 5097 deinde
2280 5054 2479 5094 uxores
2506 5049 2721 5094 vestras
2754 5037 3060 5108 accipietis.
3095 5037 3290 5093 Attulit
3312 5053 3444 5109 ergo
3478 5039 3623 5099 Kain
3644 5041 3661 5056 '

351 5126 683 5197 pi-mfatione
722 5128 851 5191 libri
889 5130 992 5187 mei
1025 5128 1368 5200 prmunissis,
1413 5128 1642 5190 dixerim
1686 5141 1940 5198 oportere
2040 5134 2110 5190 de
2144 5132 2417 5190 fructibus
2464 5143 2621 5188 teme
2678 5132 2733 5186 in
2779 5132 3113 5188 oblationem
3170 5132 3303 5198 Deo,
3359 5133 3627 5203 Optimos,

351 5220 658 5301 quemlibet
703 5221 796 5289 qui
846 5222 999 5291 loqui
1050 5222 1203 5281 velit.
1232 5221 1302 5277 de
1338 5221 1654 5293 cognitione
1700 5221 1936 5293 alicujus
2038 5228 2469 5295 seiﬁtissimos;
2502 5227 2635 5292 Abel
2665 5242 2695 5283 e
2743 5227 3119 5298 primogenitls
3169 5229 3357 5291 ovium,
3400 5242 3625 5283 suarum

352 5313 625 5378 scientiae,
642 5312 886 5382 ejusdem
902 5312 1258 5371 fundamenta
1274 5313 1503 5379 callere;
1522 5328 1645 5369 eum
1659 5313 1935 5385 (inquam)

2045 5320 2283 5389 optimas
2311 5329 2365 5373 et
2402 5318 2813 5375 scientissimus.
2872 5317 3083 5373 Interea
3123 5327 3303 5373 autem
3356 5321 3486 5372 dum
3529 5331 3620 5371 ca-

351 5404 475 5461 haec
503 5404 579 5462 ita
606 5421 668 5462 se
698 5406 958 5472 habeant,
986 5422 1212 5465 necesse
1270 5414 1360 5464 est
1410 5416 1473 5462 ut
1514 5409 1939 5465 substernamus
2048 5427 2244 5467 cunien
2285 5410 2489 5467 tuentis
2553 5410 2934 5475 ascenderunt,
3004 5411 3201 5465 indidit
3261 5409 3495 5464 Satanas
3548 5408 3626 5478 (in

353 5496 407 5550 ei
439 5498 583 5567 (Ιιιοά
614 5501 907 5571 postulasti
937 5499 1353 5560 fundamentum
1413 5500 1483 5556 ad
1513 5501 1658 5572 quod
1692 5515 1944 5556 recurra~
2050 5505 2311 5575 mentem)
2331 5502 2532 5571 Kaino,
2562 5511 2621 5557 ut
2644 5502 2868 5558 fratrem
2892 5519 3053 5558 suum
3082 5502 3303 5558 Abelem
3330 5499 3626 5565 occideret,

351 5597 472 5665 tur;
505 5593 708 5663 cuique
731 5593 1012 5653 innitaris.
1056 5593 1345 5651 Manifesta
1379 5604 1527 5649 certe
1556 5603 1609 5647 et
1642 5592 1937 5662 plurimum
2050 5595 2255 5652 sororis
2279 5612 2391 5652 sua:
2423 5597 2605 5653 Azrnn
2634 5597 2831 5667 gratia.
2859 5595 3102 5667 Cumque
3159 5593 3417 5649 oll‘crrent
3470 5592 3627 5647 obla-

422 5779 445 5817 ³
476 5777 667 5834 Matth.
704 5789 799 5841 vn,
832 5774 1021 5832 Eli-27.
