4076 6422
469 317 567 382 iiii

1502 313 1867 375 EUTYCHII
1913 311 2448 399 ALEXANDBINI
2495 315 2714 376 PATR.

3618 319 3728 379 «te

472 443 646 484 tiones
701 443 847 490 suas,
903 436 1181 497 acceptam
1261 426 1452 480 haluit
1516 426 1654 480 Deus
1716 423 2333 486 oblationemAsaucti
2371 426 2828 490 conscendentes,
2892 427 3049 495 proni
3095 425 3264 481 Deum
3317 427 3641 494 adorabunt,
3677 442 3732 483 1-1

472 519 682 584 Abelis,
709 536 818 574 non
850 529 1028 575 autem
1063 520 1250 572 Kaini.
1282 518 1466 585 Quare
1517 517 1688 586 magis
1720 517 1772 568 iti
1820 515 2043 568 Abcletn

471 613 552 668 ira
577 623 630 668 et
657 621 793 668 aestu
827 619 1142 667 commotus
1174 611 1329 672 Kain,
1353 609 1544 663 invidit
1565 607 1720 662 fratri
1749 621 2045 672 suo,cum-

467 723 577 777 que
602 706 670 761 de
699 714 886 761 monte
911 703 1349 766 descendissent,
1386 702 1438 753 in
1469 701 1649 769 ipsum
1686 699 1930 761 irruens,
1981 711 2046 752 ac

471 795 651 866 lapide
681 804 846 864 caput
872 794 991 861 ejus
1022 792 1246 856 feriens,
1282 790 1459 859 ipsum
1489 786 1788 843 interfecit.
1813 791 2046 842 Summo

469 903 603 958 ergo
635 900 869 941 maerore
907 884 1082 939 affecti
1115 882 1282 936 Adam
1330 893 1385 937 et
1432 881 1542 936 Eva
1589 891 1809 936 centum
1871 895 2046 934 annos

471 982 690 1037 Abclem
719 980 992 1050 lugebant.
1023 978 1300 1033 Maledixit
1353 986 1534 1032 autem
1568 976 1715 1032 Deus
1765 973 1943 1029 Kaino
1992 982 2048 1028 et

472 1075 648 1128 soboli
678 1074 884 1142 ipsius;
932 1070 1147 1140 fuitque
1176 1071 1320 1123 Kain
1383 1069 1636 1138 pavidus,
1684 1066 1931 1134 trepidus
1983 1051 2052 1118 ac.

471 1164 819 1219 errabundus
846 1162 1103 1217 omnibus
1131 1162 1253 1215 vita:
1300 1174 1412 1215 sua:
1441 1160 1664 1214 diebus.
1718 1157 1790 1211 Et
1839 1156 2047 1226 expulit

475 1259 651 1327 ipsum
675 1255 838 1318 Deus,
859 1256 986 1310 dum
1009 1253 1190 1308 adhuc
1211 1251 1407 1308 caelebs
1431 1259 1600 1316 esset,
1627 1251 1679 1304 in
1727 1247 2047 1320 (regionem)

471 1352 612 1406 Nud.
645 1349 798 1419 Cepit
833 1363 963 1418 ergo
989 1347 1126 1401 Kain
1158 1361 1344 1402 secum
1373 1360 1622 1400 sororem
1661 1358 1817 1400 suam
1857 1343 2043 1395 Azrnn

470 1444 652 1512 ibique
683 1441 966 1495 habitavit.
1006 1438 1138 1492 lude
1168 1452 1466 1509 congresso
1497 1436 1711 1490 Adamo
1754 1449 1876 1488 cum
1914 1434 2046 1498 Eva,

470 1533 721 1604 concepit
745 1531 858 1595 illa,
893 1547 1017 1586 cum
1047 1530 1259 1585 Adamo
1297 1531 1426 1583 anni
1466 1537 1650 1583 essent
1681 1525 1904 1580 ducenti
1950 1525 2050 1579 tti-

473 1631 647 1697 ginta,
680 1625 1000 1694 peperitque
1037 1637 1266 1693 puerum
1299 1637 1456 1691 quem
1487 1619 1712 1675 Sethum
1735 1616 2046 1690 appellavit.

467 1718 702 1788 Fuitque
732 1708 864 1772 Seth
894 1716 1120 1786 pulchra
1151 1714 1312 1778 facie,
1351 1713 1530 1779 fortis,
1571 1721 1781 1768 statura
1805 1709 2048 1780 perfecta

467 1813 646 1866 instar
677 1808 852 1880 patris
907 1807 1016 1872 sui,
1057 1807 1282 1877 ipseque
1317 1813 1468 1874 pater
1498 1805 1775 1875 gigantum
1802 1802 1893 1872 qtti
1924 1810 2049 1856 ante

468 1904 727 1958 diluvium
761 1899 1003 1954 fuerunt.
1033 1897 1167 1966 17-
1188 1896 1293 1966 19
1318 1895 1567 1964 Cumque
1596 1892 1769 1949 Setho
1804 1893 2048 1948 dedisset

467 1997 640 2050 Adam
668 1995 722 2047 in
757 2006 986 2047 uxorem
1041 1989 1258 2052 Owain,
1315 1987 1500 2042 Abelis
1559 2001 1830 2049 sororem,
1887 1996 2046 2039 natus

468 2096 552 2142 est
573 2085 674 2156 ipsi
701 2101 764 2139 ex
800 2085 889 2138 illa
921 2082 1136 2148 Enosb;
1171 2088 1436 2150 natuSque
1465 2091 1549 2134 est
1573 2077 2044 2143 Enosho,](ainan,

467 2193 570 2234 nec
599 2192 708 2232 non
746 2177 953 2228 Adamo
993 2172 1336 2242 postmodum
1391 2171 1545 2226 liberi
1602 2170 1936 2239 complures.

540 2267 786 2321 Adamus
806 2274 986 2324 antea,
1014 2258 1623 2333 appropinquantejam
1649 2261 2043 2328 morte'ipsius,

469 2357 792 2416 convocatis
849 2355 966 2412 filio
1015 2370 1119 2410 suo
1175 2353 1387 2419 Setho,
1450 2353 1716 2423 Scthique
1781 2351 2043 2416 Enosho,

469 2451 672 2507 Enoshi
697 2446 975 2511 Kaiuano,
1007 2454 1062 2501 et
1096 2443 1328 2500 Kainani
1368 2444 1700 2508 Mahlaliele,
1769 2444 2042 2513 praecepit,

469 2546 661 2599 dicens
713 2542 892 2612 ipsis:
927 2539 1012 2594 Sit
1065 2541 1175 2600 hoc
1228 2539 1545 2594 mandatum
1595 2538 1856 2592 omnibus
1919 2537 2045 2592 filiis

467 2634 690 2690 vestris.
728 2631 829 2686 Ubi
863 2639 1114 2684 mortuus
1145 2626 1323 2692 fuero,
1357 2640 1562 2696 corpus
1592 2640 1771 2678 meum
1797 2623 2043 2692 myrrha,

472 2729 632 2779 thure
679 2729 735 2779 et
785 2721 963 2778 cassia
1018 2719 1307 2776 conditum
1370 2717 1620 2788 reponite
1671 2716 1728 2770 in
1783 2715 2043 2784 spelunca

467 2816 709 2870 Alcanuz
745 2829 763 2868 :
799 2824 854 2869 et
885 2811 1202 2883 quicunque
1255 2807 1421 2865 fuerit
1471 2822 1502 2864 e
1553 2807 1679 2862 liliis
1723 2806 1923 2860 vestris
1977 2819 2045 2861 eo

472 2917 713 2978 tempore
742 2920 866 2961 cum
895 2919 926 2957 e
964 2901 1220 2959 confiniis
1270 2899 1511 2970 paradisi
1546 2898 1856 2954 abeundum
1889 2897 2043 2951 vobis

469 2999 565 3063 sit,
593 3011 797 3066 corpus
837 3009 1019 3049 meum
1043 3007 1231 3048 secum
1269 2992 1545 3046 sublatum
1578 2999 1746 3060 ponat
1776 2988 1831 3042 111
1858 2985 2044 3062 medio

2149 531 2354 586 corpus
2395 517 2588 569 Adami
2625 519 2896 589 (visendo)
2926 519 3367 573 benedictionem
3410 520 3728 590 captabant.

2147 608 2399 678 Cumque
2455 607 2568 673 jam
2614 611 3077 678 apprOpinquaret
3131 609 3282 663 Sethi
3347 626 3518 675 mors,
3585 615 3730 668 filios

2147 713 2281 768 spes
2317 707 2415 770 per
2448 699 2635 754 Abelis
2665 702 2991 770 sanguinem
3026 701 3322 771 adjuraVit,
3366 703 3638 757 neminem
3664 718 3731 757 ex

2148 793 2283 862 ipsis
2314 792 2382 845 de
2421 801 2606 847 monte
2633 793 2738 848 isto
2782 803 2977 848 sancto
3003 793 3424 856 descensurum,
3476 810 3575 849 nec
3605 811 3734 862 per-

2149 885 2419 941 missuros
2468 899 2528 940 se
2578 893 2636 939 ut
2671 885 2944 956 quispiam
2985 901 3015 940 e
3052 886 3242 947 liberis
3291 887 3404 942 suis
3444 888 3509 940 ad
3557 886 3734 942 Kaino

2147 978 2439 1033 maledicto
2489 989 2790 1050 prognatos
2836 981 3120 1050 migraret.
3167 978 3366 1034 Totum
3401 995 3533 1048 ergo
3581 981 3731 1050 quod

2146 1067 2516 1124 vixit‘Sethus
2551 1078 2673 1124 erat
2725 1085 2998 1124 annorum
3056 1080 3462 1139 nongentarum
3493 1079 3549 1123 et
3591 1071 3735 1124 duo—

2146 1162 2349 1216 decim.
2407 1163 2653 1226 Enosho,
2711 1177 2836 1216 011111
2887 1178 3158 1217 annorum
3211 1171 3358 1219 esset
3405 1174 3625 1217 centum
3676 1172 3735 1216 et

2147 1255 2470 1323 nonaginta,
2505 1263 2666 1310 natus
2691 1264 2777 1309 est
2820 1253 3074 1319 Kainan;
3120 1257 3279 1326 rujos
3319 1267 3565 1325 tempore
3601 1271 3737 1310 con-

2149 1346 2518 1401 fieiebantfilii
2573 1346 2732 1401 Kaini
2787 1348 3070 1402 maledicti
3130 1357 3407 1418 tympana,
3457 1347 3732 1418 cymbala,

2147 1440 2361 1495 barbita
2392 1449 2446 1494 ct
2500 1441 2870 1494 instrumenta
2916 1440 3152 1504 musica,
3208 1440 3482 1509 primique
3523 1439 3729 1493 ferrum

2147 1540 2302 1585 etaes
2326 1531 2712 1595 elaborabant,
2762 1546 2992 1600 quaeque
3042 1547 3106 1585 ex
3162 1531 3296 1600 ipsis
3353 1531 3725 1585 conticiunzur

2148 1624 2330 1678 omnia
2367 1623 2717 1679 tabernacula
2757 1623 3002 1694 21-23
3027 1626 3190 1678 etiam
3234 1626 3473 1678 fixerunt
3506 1625 3557 1676 in
3591 1623 3714 1691 qui-

2152 1717 2255 1772 bus
2285 1717 2563 1786 dcgerent.
2601 1715 2772 1770 Porro
2828 1733 2973 1771 anno
3025 1717 3148 1770 vitre
3202 1714 3411 1770 Enoshi
3462 1723 3733 1767 trecente-

2082 1783 2294 1864 Bsime
2320 1811 2535 1863 occisus
2589 1819 2674 1864 est
2710 1809 2844 1863 Kain
2900 1809 3248 1871 tnaledictus.
3304 1809 3500 1863 Adami
3561 1807 3726 1872 ﬁlius,

2152 1901 2243 1970 qui
2291 1900 2515 1957 fratrem
2568 1918 2729 1956 suum
2789 1902 3012 1956 Abelem
3073 1901 3371 1957 interfecit.
3449 1900 3732 1970 Septimus

2150 1994 2294 2047 enim
2321 2010 2349 2048 e
2384 1995 2622 2063 posteris
2675 1993 2858 2059 Kaini,
2893 1993 3113 2048 nomine
3140 1993 3397 2054 Lameeh,
3427 1997 3518 2061 qui
3544 2002 3733 2061 pastor

2151 2084 2274 2148 fuit,
2316 2087 2537 2155 sagitta,
2593 2102 2754 2156 quam
2816 2088 2962 2140 inter
3012 2086 3312 2140 ludendum
3361 2085 3518 2152 jecit,
3565 2083 3734 2138 corde

2149 2179 2229 2231 avi
2258 2179 2339 2230 sui
2373 2177 2527 2230 Kaini
2562 2179 2846 2242 transfixo,
2879 2180 3052 2246 ipsum
3089 2176 3396 2240 interfecit;
3434 2175 3570 2228 Kain
3617 2175 3732 2227 sci-

2150 2267 2276 2321 licet
2303 2268 2355 2321 in
2388 2282 2612 2321 nemore
2641 2267 3176 2335 circumvagabatur,
3225 2274 3414 2335 utpote
3459 2266 3549 2332 qui
3599 2279 3732 2316 con-

2148 2367 2426 2415 sternatus
2455 2375 2564 2412 uno
2587 2359 2640 2412 111
2677 2359 2796 2414 1000
2829 2374 2934 2412 non
2970 2358 3318 2412 consisteret.
3369 2357 3616 2411 Mortuus
3649 2365 3733 2410 est

2146 2466 2275 2520 ergo
2306 2451 2445 2504 Kain
2480 2451 2809 2506 maledictus
2853 2467 2975 2504 cum
3026 2465 3203 2504 annos
3257 2449 3632 2519 septingentos
3677 2456 3733 2500 et

2149 2544 2368 2614 triginta
2400 2545 2648 2598 vixisset.
2684 2543 2882 2598 Totum
2929 2553 3110 2597 autem
3159 2542 3285 2596 vita:
3338 2541 3545 2594 Enoshi
3597 2553 3731 2608 ερας

2148 2633 2282 2687 tium
2347 2642 2464 2687 erat
2529 2649 2798 2689 annorum
2857 2642 3256 2705 nongentorum
3333 2643 3388 2688 et
3462 2633 3728 2702 quinque.

2145 2725 2395 2780 Kainano
2440 2741 2568 2779 ΗΞΓο
2599 2740 2723 2780 Clllll
2774 2741 3043 2779 annorum
3077 2735 3224 2780 esset
3271 2731 3493 2778 centum
3543 2731 3597 2776 et
3642 2736 3732 2777 SC-

2153 2818 2460 2888 ptuagitzta,
2486 2827 2646 2871 natus
2674 2825 2756 2871 est
2781 2816 3068 2873 Mahlaliel.
3099 2817 3314 2871 Kainan
3347 2831 3501 2886 ergo,
3533 2827 3733 2884 appro-

2145 2915 2447 2982 pinquante
2469 2909 2580 2979 jam
2616 2922 2813 2975 morte,
2840 2911 3169 2965 accersitum
3219 2909 3580 2964 Mahlalielem
3633 2906 3734 2961 ad-

2142 3003 2349 3074 juravit
2383 3017 2479 3073 per
2511 3002 2699 3056 Abelis
2748 3003 3100 3073 sanguinem,
3157 3016 3264 3056 non
3318 3001 3724 3071 permissurum

467 3105 650 3155 ισῖιτπν
676 3089 934 3160 Ciminiam
968 3085 1096 3142 inde
1121 3084 1307 3140 mium
1334 3084 1604 3178 θεῖ-εθιυε
1629 3096 1772 3145 “leas
1806 3087 1860 3135 θι
1889 3079 2041 3178 3“!“3
2066 3114 2113 3178 ο
2146 3110 2206 3152 se
2232 3105 2290 3148 ut
2319 3109 2347 3149 e
2381 3094 2575 3148 liberis
2601 3094 2716 3149 suis
2742 3093 3042 3165 quispiam,
3093 3093 3161 3149 de
3213 3085 3395 3147 monte
3445 3092 3511 3145 ad
3550 3089 3728 3172 \Kaini

469 3182 712 3238 omnium
769 3179 1004 3234 filiorum
1080 3191 1356 3233 meorum.
1417 3174 1617 3230 Totum
1686 3180 1866 3228 autem
1919 3171 2044 3227 vitae

468 3275 662 3332 Adami
702 3272 937 3342 spatium
970 3276 1090 3326 erat
1141 3277 1544 3339 nongentarum
1596 3263 1820 3334 triginta
1868 3260 2084 3317 anno-'

473 3383 618 3430 rum,
677 3378 742 3417 ac
789 3371 1037 3417 mortuus
1090 3369 1174 3416 est
1208 3361 1296 3414 die
1331 3359 1584 3422 Veneris,
1652 3359 1784 3414 luna
1835 3355 2046 3413 decima

470 3463 692 3531 quarta,
722 3460 876 3512 sexto
909 3450 1076 3509 Nisan
1111 3451 1226 3524 (qui
1259 3462 1344 3508 est
1367 3450 1708 3522 Barmudah)
1739 3451 1874 3505 hora
1901 3463 2044 3504 nona

470 3552 580 3609 diei
599 3547 986 3619 Yencris;qua
1014 3546 1177 3601 etiam
1206 3545 1340 3599 hora
1365 3558 1397 3598 e
1427 3542 1682 3613 paradiso
1715 3541 1906 3610 pulsus
1933 3546 2040 3593 est.

474 3641 750 3696 Mortuum
810 3652 943 3710 ergo
997 3635 1272 3691 Adamum
1326 3635 1600 3706 pollinxit,
1652 3633 1808 3704 juxta
1873 3631 2046 3704 ipsius

473 3732 815 3798 mandatum,
875 3729 1046 3784 filius.
1076 3727 1198 3798 ejus
1248 3725 1406 3792 Seth,
1456 3739 1772 3795 corpusque
1819 3722 1942 3787 ejus
1976 3723 2046 3777 ad

474 3823 752 3892 fastigium
799 3820 1007 3875 montis
1048 3820 1328 3874 sublatum
1385 3818 1440 3872 in
1493 3817 1750 3888 spelunca
1802 3813 2046 3869 Alcanuz

472 3915 787 3985 sepelivit:
848 3912 1145 3984 ipsumque
1200 3921 1422 3967 centum
1486 3907 1852 3980 quadraginta
1930 3907 2048 3962 dies

470 4007 824 4079 planxerunt.

543 4097 735 4162 Setlto,
780 4109 924 4163 citur
961 4091 1328 4147 ducentorum
1387 4097 1444 4144 et
1489 4088 1734 4161 quinque
1775 4102 2046 4144 annorum

473 4195 645 4254 esset,
678 4197 840 4241 natus
870 4194 956 4240 cst
983 4183 1186 4238 Enosh.
1216 4180 1350 4236 Post
1379 4187 1613 4236 mortem
1641 4190 1823 4235 autem
1849 4179 2046 4233 Adaini

473 4278 738 4334 subduxit
765 4292 827 4334 se
853 4275 1060 4330 familia
1085 4272 1240 4328 Sethi
1271 4287 1302 4325 a
1333 4269 1542 4326 familia
1563 4270 1722 4324 Kaiui
1750 4268 2047 4324 maledicti.

477 4371 612 4427 Seth
644 4383 816 4439 ergo,
877 4367 1183 4436 assumptis
1243 4378 1433 4419 secum
1512 4363 1623 4417 11110
1682 4361 2049 4434 primogenito

2147 3184 2423 3240 maledicti
2504 3191 2756 3254 posteros
2855 3183 3238 3240 descenderet.
3337 3181 3472 3236 'l‘ota
3545 3191 3731 3236 autem

2147 3275 2381 3331 Kainani
2451 3284 2585 3331 aetas
2643 3291 2914 3331 annorum
3009 3285 3127 3331 erat
3206 3285 3606 3344 nongentormn
3676 3281 3734 3327 et

2151 3371 2362 3426 decem.
2389 3367 2688 3425 Mahlalieli
2716 3368 2828 3440 jam
2858 3381 3131 3423 annorum
3156 3375 3380 3422 centum
3441 3365 3734 3436 sexaginta

2145 3460 2388 3530 quinque
2421 3469 2586 3516 natus
2618 3469 2704 3516 est
2750 3457 2936 3525 Jared,
3003 3471 3256 3528 annoque
3293 3457 3592 3513 centesimo
3637 3456 3735 3509 tri-

2147 3549 2352 3604 cesimo
2373 3548 2569 3619 quinto
2583 3548 2760 3604 etatis
2782 3547 3128 3612 Mahlalielis,
3152 3557 3398 3604 mortuus
3415 3557 3496 3602 est
3519 3545 3732 3600 Kainan

2147 3653 2200 3696 et
2231 3642 2482 3711 sepultus
2532 3640 2587 3695 in
2635 3639 2897 3711 spelunca
2956 3637 3165 3696 Canuz.
3219 3637 3492 3694 Mahlaliel
3543 3645 3730 3691 autem

2147 3733 2626 3803 appropinquante
2647 3730 2761 3802 jam
2800 3739 2978 3786 morte
3007 3731 3182 3800 ipsius
3210 3731 3384 3784 tilium
3442 3744 3603 3784 suum
3632 3725 3733 3780 Ja-

2152 3824 2342 3880 redum
2384 3825 2711 3880 accersitum
2743 3839 2838 3894 per
2863 3824 3183 3894 sanguinem
3220 3822 3403 3878 Abelis
3430 3821 3731 3890 adiurarit,

2149 3931 2219 3972 ne
2248 3899 2594 3986 permitteret
2617 3926 2678 3970 ut
2707 3930 2738 3971 e
2763 3916 2911 3976 natis
2938 3915 3112 3986 ipsius
3141 3915 3415 3986 quispiam
3446 3915 3514 3968 de
3545 3920 3734 3968 monte

2148 4008 2217 4062 ad
2249 4019 2496 4076 posteros
2528 4006 2688 4061 Kaini
2717 4008 2990 4062 maledicti
3015 4007 3304 4061 homicida:
3345 4006 3731 4060 descenderet.

2149 4094 2348 4150 Totum
2374 4110 2504 4167 ergo
2537 4099 2680 4166 quod
2718 4097 2851 4151 vixit
2877 4094 2987 4168 25
3015 4095 3314 4161 Mahlaliel,
3349 4095 3584 4164 Spatium
3631 4109 3737 4148 an-

2151 4202 2348 4241 norum
2397 4198 2516 4244 crat
2584 4189 3032 4260 octingentorum
3087 4187 3385 4260 nonaginta
3464 4187 3733 4256 quinque.

2147 4275 2373 4342 1010110,
2431 4293 2558 4332 cum
2618 4293 2889 4333 annorum
2964 4285 3114 4334 esset
3165 4291 3386 4332 centum
3446 4279 3735 4347 sexaginta

2149 4371 2409 4436 duorum,
2440 4380 2602 4426 natus
2620 4380 2707 4426 est
2742 4370 2950 4426 Enoch.
2977 4368 3137 4436 Quod
3175 4369 3242 4423 ad
3269 4376 3520 4440 posteros
3547 4377 3732 4422 autem

475 4461 724 4522 Enosho,
775 4469 829 4514 et
884 4457 1137 4512 Kaillano
1195 4454 1402 4510 Enoslli
1465 4455 1587 4511 ﬁlia
1633 4463 1690 4510 el
1740 4452 2046 4509 Mahluiiele
2076 4466 2120 4525 1)
2148 4460 2306 4516 Kaini
2337 4462 2645 4525 homicidas,
2681 4461 3082 4517 adhinniebant
3124 4461 3223 4515 viri
3270 4461 3594 4514 mulieribus
3648 4459 3737 4513 111-

477 4552 740 4616 Kaina‘ni,
772 4566 878 4606 una
909 4549 1018 4620 20
1041 4563 1164 4602 cum
1188 4547 1453 4602 uxoribus
1481 4555 1537 4602 et
1565 4545 1754 4602 liberis
1775 4545 2046 4615 ipsorum,

473 4645 714 4700 traduxit
770 4643 825 4697 in
887 4642 1088 4697 montis
1141 4641 1448 4712 fastigium,
1501 4639 1598 4695 ubi
1653 4638 1905 4708 sepultus
1965 4645 2050 4692 est

472 4738 667 4802 Adam,
705 4733 844 4789 Kain
875 4748 1024 4799 vero,
1061 4747 1362 4802 omnesque
1395 4731 1567 4802 ipsius
1608 4729 1704 4786 filii
1735 4730 1875 4785 infra
1909 4729 2046 4786 sub-

472 4829 732 4884 stiterunt
770 4827 823 4881 111
853 4825 994 4882 valle
1027 4824 1121 4880 ubi
1156 4825 1378 4879 occisus
1407 4832 1493 4878 est
1532 4822 1688 4878 Abel.

542 4921 846 4976 Coluerunt
888 4927 1073 4973 autem
1101 4916 1199 4971 11111
1237 4914 1387 4970 Sethi
1428 4917 1485 4969 in
1522 4915 1627 4969 isto
1662 4923 1847 4970 monte
1888 4915 2046 4985 puri-

467 5023 643 5068 tatem
679 5021 733 5068 et
771 5010 1216 5072 sanctimoniam,
1245 5024 1432 5064 vocem
1475 5007 1816 5078 angelorum,
1854 5024 1883 5062 a
1918 5009 2040 5078 qui-

473 5105 581 5160 bus
617 5118 790 5174 prope
814 5102 1065 5167 aberant,
1094 5099 1406 5162 audientes,
1459 5114 1681 5169 unaque
1731 5113 1857 5154 cum
1913 5099 2050 5168 ipsis

477 5199 646 5253 Deum
686 5196 969 5250 laudantes
1004 5200 1060 5248 et
1087 5191 1470 5259 celebrantes;
1501 5192 1877 5262 appellatique
1921 5199 2051 5245 sunt

475 5292 579 5362 ipsi
611 5304 735 5344 cum
773 5287 1038 5342 uxoribus
1081 5293 1136 5340 et
1162 5283 1354 5339 liberis
1387 5286 1529 5349 suis,
1557 5286 1649 5339 11111
1700 5285 1814 5340 Dei.
1860 5284 2050 5354 Neque

475 5388 592 5436 erat
623 5381 755 5449 ipsis
784 5377 1082 5445 cpitlcium,
1136 5387 1240 5428 nec
1287 5388 1468 5444 seges,
1521 5390 1622 5429 nec
1670 5375 1908 5439 messis;
1943 5373 2037 5426 sed

476 5475 678 5530 victum
746 5468 1060 5540 praebebant
1121 5464 1382 5519 arborum
1417 5467 1677 5522 fructus:
1741 5480 1841 5518 nec
1904 5464 2046 5516 nllus

475 5565 619 5635 apud
673 5566 822 5634 ipsos
880 5561 1034 5614 locus
1089 5557 1330 5622 invidiae,
1380 5558 1690 5628 injustitiw,
1745 5566 1841 5610 aut
1895 5572 2048 5608 men-

479 5661 672 5721 dacio;
703 5660 1082 5726 juramentum
1113 5653 1358 5723 ipsorum
1392 5661 1546 5706 erat:
1582 5649 1724 5714 Non,
1779 5665 1874 5718 per
1921 5664 2051 5701 san-

484 5751 697 5812 guinem
746 5747 920 5799 Abeli.
964 5745 1219 5810 Quotidie
1271 5753 1451 5802 attlettt
1504 5745 1779 5815 fastigium
1841 5744 2044 5796 montis

2151 4567 2270 4611 star
2316 4569 2608 4624 equorum,
2658 4555 2970 4624 eodemque
3023 4554 3182 4609 modo
3239 4553 3450 4623 absque
3523 4552 3735 4623 pudore

2150 4645 2284 4699 viris
2311 4643 2548 4708 feminae,
2578 4651 2904 4708 scortantes,
2939 4643 3150 4712 aliique
3195 4655 3320 4695 cum
3369 4640 3494 4694 aliis
3550 4639 3732 4708 turpia

2149 4743 2455 4807 patrantes,
2511 4734 2803 4804 palamque
2856 4732 3300 4803 congredientes,
3351 4724 3542 4787 eadem
3601 4745 3731 4784 011111

2151 4825 2352 4881 femina
2403 4825 2537 4879 viris
2574 4824 2794 4880 duobus
2833 4835 2928 4877 aut
2980 4823 3159 4878 tribus
3219 4835 3334 4876 rem
3368 4821 3729 4888 habentibus,

2151 4923 2416 4984 erantque
2443 4914 2636 4969 vetulae
2651 4913 2947 4982 juvenibus
2996 4915 3329 4980 salaciores;
3384 4923 3568 4984 patres
3602 4929 3730 4970 cum

2153 5007 2390 5070 filiabus,
2445 5006 2678 5077 juvenes
2707 5021 2831 5061 cum
2881 5008 3152 5062 matribus
3210 5007 3330 5064 suis
3367 5023 3564 5062 venere
3603 5020 3730 5076 pro-

2153 5098 2364 5154 miscua
2409 5098 2721 5164 utebantur,
2758 5097 2896 5153 adeo
2930 5107 2991 5153 ut
3023 5115 3126 5155 nec
3155 5099 3314 5154 liberi
3361 5106 3544 5168 patres
3585 5111 3722 5152 suos

2154 5205 2256 5244 nec
2290 5202 2476 5260 patres
2511 5190 2719 5247 liberos
2751 5191 3162 5261 dignoscerent,
3199 5191 3456 5247 omnibus
3509 5190 3734 5246 interim

2154 5283 2540 5338 instrumentis
2574 5284 2804 5338 musicis
2842 5285 3156 5351 utebantur,
3197 5286 3336 5340 adeo
3362 5293 3422 5338 ut
3469 5285 3735 5340 clamoris
3829 5328 3834 5332 ν

2106 5423 2108 5426 ,
2153 5383 2208 5427 01
2233 5375 2389 5429 lusus
2419 5376 2658 5444 ipsorum
2686 5391 2858 5430 sonus
2891 5376 2959 5431 ad
2990 5377 3264 5447 fastigium
3297 5377 3498 5431 montis
3547 5377 3736 5431 sancti

2153 5472 2509 5532 ascenderet;
2535 5483 2720 5538 quem.
2748 5484 2871 5522 cum
2918 5469 3261 5524 audivissent
3306 5468 3458 5524 Sethi
3497 5469 3730 5539 posteri,

2151 5572 2531 5616 convenerunt
2575 5577 2641 5614 ex
2692 5562 2826 5630 ipsis
2851 5569 3072 5617 centum
3115 5562 3214 5615 viri
3262 5573 3320 5615 ut
3355 5578 3384 5617 e
3422 5570 3604 5616 monte
3653 5563 3727 5617 ad

2153 5662 2403 5722 posteros
2434 5651 2593 5706 Kaini
2634 5654 2908 5709 maledicti
2929 5655 3360 5721 descenderent,
3397 5671 3534 5726 quos
3571 5657 3732 5723 jura-

2155 5754 2339 5799 ntento
2375 5760 2469 5814 per
2496 5746 2819 5818 sanguinem
2875 5747 3062 5801 Abelis
3106 5750 3484 5804 obstrinxerat
3534 5745 3726 5811 Jared,
