4076 6396
289 409 432 499 sts
467 457 497 477 ,.

1787 404 2167 478 ANNALES.

3507 439 3616 504 ειη

320 545 389 583 ne
429 529 495 583 de
543 532 732 584 utonte
787 540 984 587 sancto
1046 535 1469 592 descenderent.
1535 536 1646 608 Ipsi
1710 545 1914 598 tamen,
1949 531 1993 587 Α
2027 530 2256 586 Sabbati
2289 534 2574 593 occidente
2619 540 2731 610 jam
2765 541 2904 607 sole,
2945 546 3109 600 tcrtio
3139 547 3360 604 Tishrin
3388 553 3610 620 prioris.

316 623 526 677 dictum
556 623 682 691 ejus
708 624 846 679 nihil
895 628 1118 693 morati,
1173 629 1629 698 descenderunt;
1675 647 1914 702 cumque

317 717 745 772 descendissent
772 718 914 776 ﬁlias
945 721 1112 776 Kaini
1140 723 1418 779 maledicti
1445 726 1631 795 specie
1651 726 1909 794 pulchras

317 819 372 865 et
439 810 559 881 sine
610 811 821 882 pudore
882 813 1062 871 nudas
1135 818 1565 887 conspicientes,
1653 819 1912 889 cupidine

317 914 676 960 exarserunt:
704 920 800 961 eos
847 907 1100 964 similiter
1127 911 1531 980 conspicientes
1569 913 1730 968 Kaini
1765 915 1908 983 ﬁliae,

315 995 466 1048 viros
483 997 667 1064 specie
688 997 942 1066 pulchra,
965 1009 1176 1056 statura
1199 1002 1469 1075 gigantea,
1488 1005 1640 1075 ipsos
1663 1005 1910 1065 ferartun

317 1085 498 1140 instar
565 1087 878 1144 insilientes
944 1106 1180 1154 corpora
1256 1108 1451 1150 eorum
1517 1097 1907 1167 inquinarunt,

315 1187 482 1250 atque
519 1181 592 1236 ita
628 1197 754 1238 cum
808 1182 1028 1241 ﬁliabus
1061 1185 1221 1242 Kaini
1265 1190 1570 1246 scortando
1622 1192 1910 1263 perierunt

315 1271 412 1326 ﬁlii
470 1271 646 1328 Sethi.
691 1273 1026 1346 Pepererunt
1059 1288 1240 1336 autem
1271 1282 1522 1355 25-27
1569 1284 1692 1340 ﬁliae
1746 1285 1906 1342 Kaini

314 1363 588 1419 maiedicti
639 1365 768 1422 ﬁliis
819 1369 974 1423 Sethi
1039 1370 1310 1441 gigantes.
1361 1374 1423 1429 In
1461 1375 1580 1444 lege
1629 1377 1904 1446 siquidem

316 1459 392 1513 ait
427 1475 443 1512 :
487 1457 658 1514 Filios
698 1459 794 1516 Dei
821 1463 978 1532 (Bani
1015 1463 1226 1521 Elohim
1261 1467 1588 1540 appellatos)
1639 1486 1755 1524 cuni
1781 1488 1904 1526 con-

317 1552 611 1618 spexissent
635 1554 782 1622 [ilias
801 1555 967 1611 Kaini
990 1559 1267 1628 pulchras,
1292 1560 1364 1614 ad
1382 1563 1527 1630 ipsus
1553 1563 1905 1632 descendisse,

316 1655 472 1714 atque
502 1663 566 1700 ea:
600 1649 726 1717 ipsis
759 1663 1052 1721 prognatos
1085 1655 1324 1724 gigantes
1348 1659 1393 1710 ².
1860 1655 1868 1675 ³

387 1738 490 1804 Qui
549 1749 733 1796 autem
785 1755 996 1809 errant,
1029 1762 1209 1816 neque
1260 1747 1446 1804 sciunt
1493 1749 1626 1820 quid
1690 1750 1903 1816 dicant,

316 1832 472 1885 aiunt
500 1833 727 1904 angelos
754 1834 1112 1892 descendisse
1141 1839 1207 1892 ad
1255 1840 1394 1896 ﬁlias
1429 1841 1738 1906 hominum,
1770 1859 1896 1898 cum

315 1926 704 1998 (intelligendi)
752 1929 864 1984 sint
919 1930 1014 1984 ﬁlii
1067 1930 1222 1987 Sethi
1258 1935 1352 2003 qui
1413 1949 1441 1988 a
1486 1946 1672 1992 monte
1704 1946 1901 1992 sancto

315 2018 380 2073 ad
439 2018 578 2072 ﬁlias
603 2019 763 2075 Kaini
817 2023 1092 2079 maledicti
1141 2028 1574 2084 descenderunt.
1629 2027 1905 2086 Sethiadaa

313 2112 461 2166 enim
495 2113 566 2166 ob
593 2115 944 2174 sanetitalem
981 2109 1162 2182 suam,
1191 2128 1246 2175 et
1278 2123 1424 2189 quod
1479 2133 1720 2179 montem
1769 2140 1902 2180 san-

313 2214 462 2259 ctum
516 2207 844 2269 incolerent,
896 2211 1152 2279 appellati
1207 2223 1339 2269 sunt
1385 2214 1526 2270 Batti
1578 2217 1810 2280 Eiohim,
1850 2218 1918 2312 id‘

313 2310 418 2364 est,
456 2297 591 2354 Filii
673 2299 798 2356 Dei.‘
824 2301 1022 2358 Errant
1079 2319 1231 2374 ergo.
1280 2308 1376 2375 qui
1440 2307 1630 2366 dicunt
1679 2297 1906 2380 angi-los

315 2391 671 2450 descendisse
705 2393 772 2468 ad
827 2387 968 2450 ﬁlias
1030 2395 1342 2464 hominum,
1404 2415 1530 2456 cum
1591 2404 1902 2459 substantia

315 2484 637 2554 angelorum
673 2487 988 2541 substantia
1040 2488 1272 2558 simplex
1333 2491 1425 2555 sit,
1483 2507 1585 2548 nec
1629 2504 1908 2564 competat

317 2587 536 2632 natura:
571 2576 816 2647 ipsorum
867 2581 1086 2635 veneris
1122 2597 1278 2646 usus,
1322 2582 1488 2638 homo
1534 2594 1714 2641 autem
1777 2589 1907 2643 sub-

315 2669 532 2724 stantiae
584 2671 906 2741 compositze
964 2674 1056 2736 sit.
1103 2675 1263 2743 cujus
1325 2685 1540 2733 naturae
1593 2679 1716 2749 ejus
1769 2696 1906 2737 usus

313 2768 612 2830 competat,
661 2762 979 2832 pariterque
1016 2768 1202 2823 omnia
1257 2770 1584 2827 animantia.
1637 2773 1796 2838 Quod
1848 2774 1893 2828 si

314 2854 497 2923 angeli
547 2852 696 2924 (cum
749 2856 1098 2925 mulieribus)
1143 2863 1640 2929 congrederentur,
1700 2863 1905 2919 nullam

314 2945 530 3014 uspiam
557 2961 588 3001 e
621 2946 837 3004 ﬁliabus
881 2950 1164 3006 hominum
1198 2954 1494 3023 virginem,
1527 2957 1908 3028 incorruptam

314 3039 691 3110 reliquissent.
719 3043 857 3098 Cum
889 3053 1076 3102 autem
1127 3049 1332 3104 vellent
1372 3049 1464 3106 ﬁlii
1501 3051 1679 3117 Sethi,
1744 3053 1836 3123 qui
1879 3069 1910 3109 e

314 3141 502 3187 monte
527 3135 597 3188 ad
648 3135 788 3190 ﬁlias
833 3135 993 3192 Kaini
1050 3140 1328 3195 maledicti
1387 3142 1812 3206 descenderant.
1854 3149 1905 3204 in

1988 1060 2002 1070 _
2022 993 2174 1062 ginta
2257 995 2396 1051 dies.

2023 627 2118 697 qui
2150 627 2292 684 idem
2315 639 2403 686 est
2432 647 2499 687 ac
2526 631 2736 702 Babah,
2771 651 2894 691 cum
2947 638 3178 696 vixisset
3213 657 3394 699 annos
3455 648 3614 717 quin-

2021 734 2130 786 que
2191 721 2332 776 ultra
2375 736 2684 795 nongentos
2738 747 2751 783 :
2809 747 2973 801 quem
3026 736 3274 804 myrrha,
3323 738 3502 808 thure,
3558 736 3614 797 et

2022 814 2198 868 cassia
2230 815 2820 892 poilinctum'sepeliit
2849 826 2996 883 ﬁlius
3045 828 3222 898 ipsius
3274 833 3493 892 Kainan
3553 837 3612 891 in

2022 903 2282 970 spelunca
2315 904 2559 962 Alcanuz
2595 925 2609 963 :
2646 911 3094 988 planxeruntque
3143 919 3326 990 ipsum
3373 926 3616 993 quadra-

2473 999 2750 1073 Lameeho
2834 1009 3046 1065 exactis
3121 1013 3285 1069 annis
3390 1027 3612 1072 centum

2021 1085 2302 1153 octoginta
2362 1088 2603 1157 duobus,
2665 1103 2830 1152 natus
2869 1106 2955 1152 est
2991 1099 3182 1164 Noah;
3239 1111 3414 1160 tolum
3482 1122 3615 1176 ergo

2020 1175 2132 1246 29
2165 1176 2269 1248 31
2327 1183 2474 1249 quod
2507 1183 2642 1239 vixit
2691 1184 3003 1249 Lamechus
3044 1194 3286 1262 spatium
3339 1175 3614 1256 annorum

2022 1266 2124 1321 fuit
2192 1274 2668 1342 septingentorum
2721 1282 3069 1354 septuaginta
3141 1297 3350 1358 septem
3408 1305 3617 1347 :anno

2017 1370 2205 1416 autem
2269 1365 2398 1421 vitae
2449 1365 2714 1426 Lamechi
2791 1374 3008 1432 decimo
3064 1381 3250 1446 tertio,
3325 1383 3611 1440 Euochum

2017 1547 2180 1642 Edris
2210 1554 2454 1623 vocant),
2497 1555 2808 1630 habuitque
2845 1564 3122 1634 Enochus,
3160 1569 3384 1638 quando
3427 1571 3610 1642 ipsum

2016 1639 2082 1694 ad
2113 1657 2173 1696 se
2201 1647 2408 1714 recepit
2441 1648 2729 1713 Dominus.
2757 1669 2935 1711 annos
2967 1666 3281 1716 tercentum
3324 1639 3610 1734 sexaginta

2016 1734 2280 1804 quinque.
2315 1737 2659 1811 Sublatoque
2687 1745 2803 1816 iam
2839 1747 3094 1816 Euocho,
3128 1751 3289 1808 Kaiui
3333 1755 3611 1812 maledicti

2017 1827 2246 1892 posteri,
2279 1845 2406 1884 cum
2446 1833 2552 1889 illis
2587 1834 2744 1892 Sethi
2783 1839 2910 1897 ﬁliis
2941 1843 3034 1910 qui
3071 1844 3140 1900 ad
3193 1844 3348 1916 ipsos
3376 1847 3612 1904 descen-

2005 1917 2221 2011 derant,
2252 1927 2636 1998 unusquisque
2659 1932 2804 2001 quod
2836 1933 2939 2003 ipsi
2961 1936 3226 2005 placeret,
3250 1948 3347 1994 aut
3369 1939 3435 1994 ad
3461 1941 3612 2011 quod

2008 2006 2317 2081 inclinaret,
2339 2021 2816 2093 propenderetque
2840 2029 3064 2086 animus
3086 2030 3609 2100 ipsius,coluerunt.

2082 2108 2244 2164 Anno
2291 2121 2472 2169 autem
2538 2115 2663 2171 vita:
2714 2118 2974 2176 Lamechi
3023 2125 3373 2194 sexagesimo
3423 2128 3610 2194 primo

2008 2199 2148 2256 obiit
2183 2201 2424 2270 Kainan,
2457 2205 2548 2263 die
2569 2209 2834 2266 Mercurii
2870 2212 3020 2268 circa
3053 2216 3348 2272 meridiem
3387 2218 3607 2276 decimo

2009 2297 2177 2351 tertio
2236 2296 2525 2368 llazirani,
2565 2303 2772 2372 quiest
2827 2303 3090 2373 Baunab;
3140 2324 3303 2376 quem
3354 2311 3610 2383 myrrha,

2010 2390 2174 2446 thure
2222 2400 2277 2447 et
2326 2393 2506 2449 cassia
2565 2396 2889 2466 pollinctum
2951 2401 3176 2470 sepeliit
3230 2403 3380 2460 ﬁlius
3426 2403 3609 2476 ipsius

2010 2483 2285 2540 Hahlaliel
2346 2486 2399 2540 in
2456 2487 2720 2554 spelunca
2774 2491 3057 2557 Alcanuz;
3107 2495 3404 2568 ipsumque
3471 2515 3610 2571 qua-

2011 2577 2266 2648 draginta
2328 2577 2448 2636 dies
2495 2581 2847 2652 planxerunt.
2881 2583 3144 2658 Vixitque
3186 2589 3396 2646 Kainau
3431 2606 3611 2648 annos

2010 2669 2202 2727 decem
2261 2673 2410 2729 ultra
2469 2685 2807 2746 nongentos.
2861 2677 3090 2747 Noabo,
3147 2698 3274 2738 cum
3334 2700 3609 2740 annorum

2010 2773 2159 2820 esset
2190 2765 2649 2837 quingentorum,
2690 2770 2804 2825 nati
2849 2781 2982 2827 sunt
3030 2781 3146 2830 tres
3195 2775 3314 2841 ﬁlii,
3371 2794 3608 2846 quorum

2013 2855 2279 2925 majorem
2330 2859 2624 2929 appellavit
2684 2860 2936 2928 Semum.
2987 2867 3295 2922 secundum
3347 2867 3608 2939 ﬂantum,

2014 2951 2240 3006 tertium
2279 2950 2598 3021 Japhetum.
2648 2952 2850 3011 Totum
2877 2965 3062 3014 autent
3115 2961 3240 3016 vita:
3279 2958 3436 3018 Noah
3477 2980 3610 3034 spa-

2014 3042 2150 3096 tium
2207 3044 2310 3099 l'uit
2359 3059 2636 3101 annorum
2689 3058 3101 3120 nongentarum
3158 3054 3612 3128 quinquaginta,

2018 3149 2273 3205 annoque.
2301 3137 2589 3193 tricesimo
2620 3152 2823 3211 quarto
2855 3143 2983 3198 vitm
3013 3142 3190 3200 Noahi
3235 3148 3373 3206 obiit
3402 3148 3613 3211 Mallia-

314 3233 557 3280 montem
607 3235 860 3282 sanetum
924 3231 1263 3298 ascendere,
1328 3235 1458 3290 facti
1512 3246 1644 3298 sunt
1697 3239 1905 3309 lapides

2016 3228 2129 3291 liel,
2168 3229 2256 3283 die
2291 3231 2448 3293 solis,
2487 3231 2622 3288 hora
2659 3233 2767 3288 diei
2812 3235 2974 3289 tertia
3026 3247 3226 3302 exacto
3254 3237 3444 3296 Nisani
3479 3241 3610 3311 (qui

316 3318 524 3373 montis
578 3319 746 3390 ignis,
803 3323 876 3377 ita
916 3331 977 3377 ut
1028 3325 1187 3380 nullo
1227 3327 1392 3382 modo
1425 3339 1638 3400 pateret
1690 3331 1828 3402 ipsis
1861 3331 1916 3388 in

313 3421 559 3468 montem
598 3415 828 3472 reditus.
871 3418 1076 3473 Deinde
1129 3430 1422 3490 coeperunt
1473 3424 1564 3478 alii
1601 3433 1727 3494 post
1779 3425 1918 3481 alios

315 3508 383 3562 de
425 3499 614 3564 monte
665 3521 857 3566 sancto
906 3512 1247 3570 descendere
1292 3516 1360 3572 ad
1405 3517 1566 3572 Κεδῑηὶ
1629 3518 1913 3574 maledicti

316 3601 474 3656 ﬁlias.
503 3602 641 3657 Cum
679 3619 813 3674 ergo
845 3604 957 3674 jam
993 3609 1469 3679 appropinquaret
1497 3609 1682 3666 Jaredi
1736 3629 1909 3678 mors,

314 3698 637 3750 convocatis
684 3695 796 3750 ﬁlio
819 3711 923 3752 suo
965 3697 1216 3764 Euocho,
1271 3701 1481 3758 Enoehi
1533 3703 1913 3762 Mathushale-

313 3785 440 3848 cho,
483 3786 922 3845 Mathushaiechi
950 3791 1250 3856 Lamecbo,
1285 3805 1340 3851 et
1382 3796 1641 3852 Lamechi
1696 3799 1910 3866 Noaho,

315 3876 446 3931 dixit
485 3881 642 3951 :28
681 3881 882 3938 Cavete
939 3899 1007 3939 ne
1051 3887 1347 3941 descendat
1393 3897 1640 3944 vestrum
1681 3893 1805 3960 quis
1843 3892 1911 3948 de

323 3976 502 4023 monte
531 3971 634 4025 hoc
661 3981 878 4027 sancto.
912 3973 1036 4028 Filii
1085 3977 1233 4030 enim
1270 3979 1439 4033 vestri
1495 3980 1638 4051 lapsi
1690 3991 1819 4037 sunt
1858 3993 1911 4036 et

316 4060 628 4125 perierunt.
661 4062 799 4118 Novi
822 4073 1006 4119 autem
1037 4066 1203 4121 Deum
1232 4076 1510 4137 potentem
1536 4079 1588 4124 et
1606 4070 1905 4141 gloriosum
1945 4108 1947 4110 -

316 4165 424 4204 non
454 4153 782 4210 relicturum
816 4172 915 4211 vos
941 4157 994 4211 in
1035 4159 1136 4212 hoc
1172 4169 1361 4216 monte
1393 4171 1606 4216 sancto.
1641 4163 1908 4234 Quisquis

313 4260 444 4312 ergo
475 4255 721 4301 vestrum
764 4263 828 4303 ex
865 4250 970 4304 hoc
1012 4251 1132 4306 loco
1159 4252 1498 4319 discesserit,
1535 4255 1686 4311 tollat
1713 4273 1904 4312 secum

314 4352 515 4406 Corpus
546 4339 770 4404 Adami,
800 4357 903 4395 una
938 4358 1063 4398 cum
1095 4345 1471 4404 oblationibus
1517 4349 1664 4414 istis,
1694 4351 1906 4416 ipsum-

313 4443 424 4497 que
451 4429 654 4485 condat
685 4430 1000 4502 ubicunque
1029 4434 1230 4490 dixerit
1257 4436 1362 4507 ipsi
1390 4438 1672 4494 Dominus.
1701 4437 1902 4495 Totum

313 4529 493 4576 autem
521 4524 656 4578 vitae
704 4521 886 4578 Jarcdi
923 4528 1162 4596 spatium
1218 4545 1490 4586 annorum
1518 4542 1637 4585 erat
1657 4547 1902 4604 nongen-

311 4625 490 4670 torum
519 4617 807 4687 sexaginta
852 4617 1110 4676 duorum.
1142 4620 1367 4677 Euocho
1408 4639 1538 4680 vero
1564 4639 1689 4680 cum
1724 4640 1902 4680 anno-

310 4726 431 4764 rum
465 4718 614 4766 esset
659 4720 883 4766 centum
949 4715 1236 4784 sexaginta
1290 4718 1559 4789 quinque,
1619 4729 1780 4775 natus
1819 4730 1904 4780 cst

310 4802 763 4869 Mathushalech;
811 4820 1067 4876 annoque
1149 4805 1360 4862 Enochi
1432 4811 1696 4870 vicesimo
1762 4813 1899 4868 obiit

307 4895 442 4950 Selh
469 4897 557 4951 die
591 4896 804 4962 Martis,
843 4896 976 4951 hora
1007 4898 1115 4953 diei
1146 4915 1314 4964 nona,
1345 4903 1615 4956 vicesimo
1660 4907 1900 4973 septimo

307 4990 518 5045 mensis
573 4989 658 5044 Ab
705 4989 820 5060 (qui
869 4999 952 5046 est
999 4990 1228 5060 Mesbri)
1277 5008 1401 5047 cum
1450 4995 1678 5050 vixisset
1727 5013 1900 5052 annos

307 5078 596 5136 duodecim
618 5083 762 5138 ultra
787 5094 1110 5154 nongentos,
1133 5084 1426 5156 ipsumque.
1444 5087 1686 5157 myrrha,
1709 5089 1898 5154 thure,

308 5184 364 5228 et
390 5175 564 5229 eassia
593 5176 914 5247 pollinctum
945 5178 1158 5246 sepeliit
1201 5178 1348 5234 ﬁlius
1400 5179 1578 5249 ipsius
1623 5180 1809 5236 Enosh
1842 5183 1896 5237 in

307 5269 570 5336 spelunca
620 5269 865 5324 Alcanuz
905 5271 1059 5341 juxta
1102 5271 1398 5338 Adamum,
1461 5273 1903 5346 planxeruntque

288 5357 492 5428 'tpsum
551 5363 914 5434 quadraginta
963 5365 1104 5420 dies.
1156 5364 1638 5432 Mathushalecho,
1691 5372 1903 5424 exactis

308 5453 474 5507 anuis
513 5465 737 5508 centum
763 5459 1046 5526 octoginta
1073 5465 1308 5526 septem,
1334 5469 1497 5514 natus
1528 5468 1611 5514 est
1634 5455 1906 5527 Lamech;

309 5552 490 5598 totum
527 5555 711 5602 autem
743 5549 889 5616 quod
925 5549 1062 5603 vixit
1114 5550 1532 5606 Illathushalech
1581 5550 1710 5605 anui
1769 5561 1901 5606 sunt

310 5637 575 5706 nongenti
602 5640 892 5710 sexaginta
919 5656 1138 5696 novem.
1188 5641 1358 5698 Porro
1385 5659 1530 5696 anno
1557 5643 1903 5716 quinquage-

308 5727 459 5781 simo
514 5729 680 5784 tertio
708 5731 833 5788 vita)
892 5732 1327 5790 Mathusbalecbi
1371 5735 1507 5791 obiit
1559 5734 1764 5803 Euosh,
1813 5733 1902 5792 die

385 5908 406 5985 _'
441 5904 579 5960 Cen.
613 5921 686 5968 Vl,
714 5909 765 5964 4.

2025 3317 2166 3372 idem
2207 3330 2293 3375 est
2340 3336 2404 3374 ac
2445 3320 2796 3395 Barmudah)
2854 3327 3117 3392 secundo,
3145 3346 3307 3406 quem
3365 3332 3611 3404 myrrha,

2024 3413 2186 3468 thure
2238 3424 2292 3466 et
2334 3415 2515 3469 cassia
2567 3415 2919 3486 pollinctum,
2975 3421 3192 3490 sepeliit
3243 3421 3388 3476 ﬁlius
3436 3423 3615 3493 ipsius

2019 3505 2181 3560 Jared
2229 3509 2282 3564 in
2312 3509 2573 3577 spelunca
2627 3509 2894 3580 Alcanuz,
2926 3513 3216 3583 ipsumque
3245 3517 3613 3586 quadraginta

2020 3599 2137 3654 dies
2163 3600 2514 3670 planxerunt.
2537 3601 2684 3658 Vixit
2716 3612 2898 3660 autem
2935 3604 3208 3662 Mahlaliel
3230 3587 3409 3662 annos
3433 3610 3614 3664 octin-

2018 3701 2211 3760 gentos
2239 3695 2536 3766 nonaginta
2569 3696 2834 3772 quinque.
2861 3696 3032 3752 Porro
3079 3714 3224 3753 anno
3274 3701 3400 3756 vitae
3432 3701 3609 3758 Noahi

2015 3781 2121 3851 32
2167 3781 2514 3854 sexagesimo
2564 3794 2745 3850 sexto,
2798 3785 2938 3846 obiit
2967 3785 3154 3853 Jared,
3211 3789 3302 3845 die
3353 3790 3608 3862 Veneris,

2014 3873 2301 3930 occidente
2346 3875 2484 3940 sole,
2534 3877 2702 3932 Adari
2752 3877 2867 3948 (qui
2901 3886 2986 3934 est
3036 3878 3362 3952 Bormahat)
3394 3881 3612 3939 decimo

2015 3965 2212 4031 tertio;
2247 3981 2408 4036 quem
2463 3968 2790 4048 pollinctum
2835 3971 3196 4040 sepelierunt,
3253 3973 3395 4029 ﬁlius
3433 3975 3608 4046 ipsius

2012 4060 2452 4128 Mathusbalech,
2468 4063 2702 4120 Lamech
2719 4077 2772 4120 et
2791 4065 3039 4131 Noah,'in
3057 4070 3314 4136 Spelunca
3335 4070 3608 4136 Alcanuz;

2013 4155 2308 4224 ipsumque
2357 4157 2722 4225 quadraginta
2775 4158 2893 4215 dies
2937 4160 3306 4230 planxerunt;
3357 4163 3608 4233 vixitque

2008 4246 2170 4304 Jared
2206 4263 2381 4310 annos
2414 4235 2727 4325 nongentos
2758 4255 3044 4324 sexaginta
3068 4253 3228 4310 duos.
3263 4254 3439 4315 Porro
3461 4273 3608 4312 anno

2010 4342 2133 4396 vita:
2170 4340 2810 4414 Noahiquingentesimo
2851 4347 3212 4418 nonagesimo
3233 4348 3429 4417 quinto
3469 4349 3610 4405 obiit

2008 4443 2164 4504 pater
2187 4435 2363 4505 ipsius
2396 4434 2659 4491 Lamech.
2693 4435 2933 4492 Latuech
2981 4446 3165 4494 autem
3201 4447 3328 4495 ante
3372 4447 3604 4494 mortem

2008 4545 2188 4594 suam,
2218 4527 2410 4584 Noaho
2443 4529 2554 4584 ﬁlio
2595 4544 2699 4585 suo
2747 4530 3039 4596 accersito,
3081 4530 3221 4586 dixit
3256 4549 3271 4586 :
3305 4529 3424 4586 Non
3461 4532 3608 4586 sinet

2013 4629 2066 4675 te
2114 4621 2256 4678 Deus
2308 4628 2524 4689 potens,
2575 4620 2872 4690 gloriosus,
2919 4621 2973 4674 in
3027 4629 3212 4676 monte
3273 4621 3420 4690 isto;
3474 4639 3603 4678 cum

2011 4729 2142 4785 ergo
2176 4711 2504 4776 descendes,
2532 4713 2692 4768 tollas
2724 4721 2904 4768 tecum
2931 4713 3126 4768 Adami
3152 4729 3358 4784 corpus
3383 4731 3605 4786 unaque

2011 4819 2124 4864 tres
2151 4807 2477 4872 oblationes,
2511 4805 2720 4862 scilicet
2751 4822 2974 4871 aurum,
3024 4807 3332 4880 myrrham,
3382 4817 3440 4864 et
3471 4809 3604 4867 thus

2014 4903 2250 4965 deferas,
2303 4900 2523 4969 liliaque
2558 4909 2652 4954 tuo
2685 4899 2921 4970 praecipe
2955 4908 3015 4955 ut
3067 4916 3196 4955 mox
3238 4916 3269 4956 a
3298 4913 3478 4956 morte
3509 4913 3602 4960 tua

2013 5008 2217 5062 corpus
2269 4991 2462 5045 Adami
2521 4989 2796 5046 sublatum
2850 4989 2907 5046 in
2965 4991 3146 5046 medio
3201 4999 3364 5049 terra:
3410 5006 3600 5066 ponat,

2013 5087 2196 5152 ibique
2232 5086 2299 5138 ad
2332 5083 2684 5139 serviendum
2721 5097 2751 5137 e
2787 5081 2914 5138 ﬁliis
2963 5083 3082 5140 suis
3126 5085 3420 5154 quemdam
3462 5104 3598 5144 cou-

2012 5179 2223 5239 stituat,
2256 5175 2348 5246 qui
2382 5175 2453 5232 sit
2488 5190 2586 5246 per
2633 5182 2806 5229 totam
2850 5175 3021 5230 vitam
3077 5191 3236 5232 suam
3285 5177 3598 5249 religiosus,

2009 5271 2227 5332 caelebs,
2268 5285 2445 5339 neque
2474 5268 2800 5336 sanguinem
2843 5265 3060 5335 fundat,
3117 5284 3296 5339 neque
3342 5271 3395 5325 in
3425 5270 3600 5327 sacri-

2010 5361 2194 5416 ﬁcium
2224 5359 2416 5415 oﬁ‘erat
2457 5361 2541 5414 vel
2572 5357 2856 5414 volucrem
2890 5360 2973 5414 vel
3025 5359 3220 5424 feram,
3267 5361 3366 5416 sed
3401 5375 3596 5430 panem

2011 5459 2222 5507 tantum
2255 5457 2309 5503 et
2337 5449 2558 5512 viuum;
2589 5445 2846 5517 quoniam
2881 5447 2950 5501 ab
2973 5447 3080 5502 isto
3112 5447 3233 5502 loco
3269 5447 3372 5502 erit
3399 5448 3596 5504 Adami

2007 5547 2195 5612 salus;
2250 5543 2622 5612 iuduaturque
2684 5541 2920 5611 pellibus
2977 5539 3206 5604 l'eriuis,
3260 5554 3362 5594 nec
3409 5540 3596 5606 crines

2009 5638 2189 5702 radat,
2229 5653 2329 5693 nec
2364 5651 2576 5708 ungues
2605 5643 2894 5705 praesecet,
2931 5631 3191 5702 solusque
3222 5639 3541 5702 permaneat
3577 5651 3594 5689 :

2012 5728 2303 5786 vocabitur
2327 5727 2482 5803 enini
2511 5722 2770 5781 sacerdos
2803 5721 3049 5789 Domini;
3095 5722 3331 5777 iunueus
3368 5718 3596 5775 Melchi-
