4076 6404
476 390 581 452 915

1540 386 1908 456 EUTYCIIII
1952 395 2483 457 ALEXANDRINI
2525 399 2744 458 PATR.

3641 387 3750 460 ΜΘ

469 504 789 559 ειιιιειαιιιιιη.
836 503 976 567 Cum,
1022 521 1150 575 ergo
1201 508 1551 578 praecepisset
1582 506 1760 576 (ista)
1817 505 2051 560 Latneclt
2085 535 2129 591 Α
2157 506 2369 572 cribus,
2404 506 2558 567 feris.
2595 509 2907 574 rrptilibus,
2953 511 3180 568 dicens:
3210 513 3542 567 introducas
3566 520 3747 568 tecum

473 595 588 650 ﬁlio
613 611 716 650 suo
748 593 964 660 Nohoa,
997 606 1248 652 mortuus
1279 609 1383 662 εει,
1403 599 1488 651 die
1522 596 1804 650 Dominico
1827 597 1930 650 sub
1959 612 2054 651 oc-

469 701 662 743 casum
713 687 883 752 solis,
936 688 1099 741 Adari
1156 690 1269 758 (qui
1325 700 1410 743 est
1465 687 1779 757 Bormahat)
1834 685 2054 742 decimo

469 795 654 847 nono;
711 782 1000 848 ipsumque
1049 781 1369 850 pollinctum
1402 780 1617 850 sepeliit
1661 778 1810 835 Noah
1844 780 1896 834 itt
1930 794 2054 850 spe-

467 871 635 929 lunca
663 872 927 937 Alcannz,
962 871 1396 943 planxcrttntqne
1419 876 1598 944 ipsum
1652 874 1770 929 dies
1812 873 2053 942 quadra-

471 965 644 1035 ginta.
681 961 787 1035 33
817 954 923 1036 35
950 963 1075 1018 Fuit
1110 972 1294 1018 autem
1324 965 1435 1018 vita
1479 962 1734 1018 Latnechi
1777 979 2050 1017 annorum

469 1059 945 1129 Septingentorum
987 1060 1333 1128 septuaginta
1386 1056 1620 1125 septem.
1672 1057 1840 1110 Porro
1903 1071 2050 1111 anno

468 1153 598 1208 vim
628 1150 754 1208 Non:
783 1152 1184 1209 sexcentesimo
1228 1160 1476 1207 mortuus
1506 1164 1586 1206 est
1620 1151 2052 1218 Mathttshaleeli,

469 1236 560 1300 die
605 1243 830 1301 Veneris
861 1245 1005 1300 circa
1031 1245 1340 1312 meridiem,
1391 1245 1652 1299 vicesimo
1701 1245 1876 1313 primo
1925 1243 2050 1306 llttl,

469 1339 562 1409 qui
598 1347 681 1394 est
709 1339 899 1393 Thut:
939 1354 1100 1408 quem
1144 1337 1466 1405 pollinctum
1519 1337 1857 1407 sepelierunt
1897 1335 2050 1390 Noali

465 1441 520 1484 et
554 1430 677 1484 Sem
712 1431 765 1484 in
796 1431 1054 1502 spelunca
1081 1431 1342 1490 Aleannz.
1374 1429 1665 1500 ipsumque
1689 1427 2052 1498 quadraginta

467 1519 585 1574 dies
637 1517 989 1588 planxerunt.
1042 1515 1166 1571 Fuit
1217 1529 1400 1574 autem
1459 1517 1568 1572 vita
1618 1515 2054 1571 Mathushalechi

469 1628 738 1666 annorum
801 1619 1208 1681 nongentornm
1265 1611 1544 1680 sexaginta
1590 1624 1805 1664 novem.
1867 1607 2055 1676 Neque

462 1700 576 1773 jam
605 1705 730 1773 quis
770 1703 1040 1772 superfuit
1071 1711 1125 1758 in
1163 1713 1346 1758 monte
1393 1715 1584 1758 sancto
1637 1710 1834 1773 praeter
1873 1702 2052 1756 solum

467 1783 720 1852 Nothnm
757 1800 1037 1868 ipsiusque
1070 1811 1294 1854 uxorem
1324 1797 1432 1866 (cui
1465 1811 1661 1851 nomen
1689 1805 1807 1850 erat
1840 1792 2049 1863 llaical)

2157 609 2223 652 ex
2284 595 2393 651 illis
2443 597 2691 669 37-39
2727 600 3050 668 quaeinter
3104 601 3220 656 hare
3282 600 3486 656 munda
3546 601 3750 658 fuerint

2156 701 2365 762 septem
2399 695 2575 763 paria,
2607 710 2787 749 mares
2815 705 3051 764 septem,
3082 707 3136 752 et
3167 696 3418 752 femellas
3457 697 3685 751 totidem
3719 714 3734 758 ς

2153 778 2566 835 exitnmundis
2633 787 2814 836 autem
2877 783 3046 844 bina.
3123 799 3328 839 marem
3401 784 3618 840 scilicet
3694 787 3750 840 et

2157 868 2437 925 feminam.
2469 869 2757 943 Ingressus
2791 889 2921 944 ergo
2962 873 3114 930 Noah
3166 875 3348 930 navim
3381 883 3506 930 cutn
3553 892 3746 942 uxore,

2155 949 2301 1028 ﬁliis,
2338 963 2685 1036 filiorumque
2714 967 3001 1029 uxoribus,
3029 982 3232 1036 corpus
3254 967 3447 1022 Adami
3479 968 3534 1022 in
3561 969 3744 1022 navim

2156 1056 2507 1126 importatum
2543 1057 2596 1112 in
2625 1059 2745 1128 ejus
2777 1060 2957 1114 medio
2983 1060 3297 1125 collocavit,
3334 1061 3614 1130 impositis
3643 1061 3748 1131 ipsi

2154 1147 2556 1205 oblationibus.
2591 1147 2944 1222 Fueruntqne
2973 1151 3130 1206 Noah
3168 1162 3221 1208 et
3251 1153 3344 1206 ﬁlii
3384 1153 3502 1219 eius
3527 1154 3595 1206 ad
3624 1169 3756 1222 pars

2155 1249 2263 1296 tem
2299 1241 2456 1298 navis
2489 1243 2852 1311 orientalem;
2884 1260 3023 1299 uxor
3051 1260 3178 1298 vero
3207 1246 3384 1314 ipsius
3415 1255 3464 1298 et
3501 1245 3745 1299 ﬁliorum

2157 1349 2357 1389 uxores
2391 1333 2456 1388 ad
2493 1333 2912 1401 occidentalem,
2980 1353 3046 1391 ne
3094 1338 3195 1390 viri
3240 1337 3307 1390 ad
3344 1336 3598 1397 feminas.
3652 1345 3750 1391 aut

2158 1428 2374 1484 feminae
2418 1429 2483 1484 ad
2516 1430 2667 1485 viros
2701 1432 3049 1486 accederent.
3081 1425 3330 1500 Cumque
3390 1431 3573 1485 omnia
3619 1445 3745 1500 quae

2156 1523 2345 1578 inferri
2391 1523 2636 1592 jttsscrat
2680 1523 2824 1579 Deus
2878 1537 3067 1578 secum
3111 1523 3424 1585 intulisset.
3459 1524 3741 1590 aperiente

2159 1614 2388 1670 Domino
2439 1627 2704 1685 aquarum
2752 1615 2963 1682 fontes,
3010 1617 3301 1671 scaturivit
3353 1624 3537 1679 terra,
3591 1630 3748 1674 com:

2157 1707 2312 1762 mista
2353 1718 2482 1763 sunt
2512 1711 2706 1773 maria,
2745 1710 3104 1781 pluviamque
3151 1708 3292 1764 Deus
3337 1724 3368 1764 e
3401 1708 3542 1763 ccelo
3574 1708 3753 1762 demi-

2157 1800 2252 1854 sit.
2297 1798 2530 1869 Fuitque
2575 1801 2843 1856 diluvium
2898 1817 3025 1856 cum
3063 1801 3214 1856 Noah
3267 1815 3539 1855 annorum
3596 1807 3751 1855 esset

473 1890 638 1943 ﬁliam
693 1890 944 1942 Namusae
999 1891 1092 1943 lilii
1145 1889 1377 1956 Enochi,
1432 1906 1553 1944 cunt
1604 1890 1782 1944 tribus
1810 1888 2051 1958 ipsorum
2088 1899 2127 1954 Β
2157 1903 2566 1959 sexcentarum,
2600 1891 2744 1949 ﬁlius
2778 1908 2906 1948 vero
2938 1893 3116 1964 ipsius
3147 1892 3276 1948 Sum
3307 1906 3552 1948 centum.
3606 1891 3744 1945 Pro-

471 1976 600 2032 ﬁliis
647 1977 834 2046 Semo,
886 1975 1082 2044 "anno,
1131 1987 1184 2031 et
1226 1977 1478 2049 Japheto,
1532 1980 1820 2048 tribusque
1863 1991 2054 2031 eorum

469 2070 803 2140 conjugibns
837 2086 957 2141 ιιιιιε
1004 2087 1034 2126 ε
1081 2071 1302 2126 ﬁliabus
1361 2069 1805 2126 Mathushalcchi
1856 2069 2052 2124 luere:

471 2164 626 2218 uxori
659 2163 806 2218 Semi
841 2181 1038 2219 nomen
1093 2160 1261 2224 Salit;
1311 2163 1490 2230 Hami,
1536 2159 1781 2230 Nahlat;
1817 2157 2055 2234 Japheti,

470 2255 743 2310 Itrisisah.
952 2294 965 2306 .
1619 2314 1622 2315 ν

543 2343 962 2416 Ingravescente
1007 2357 1188 2403 autem
1245 2350 1299 2404 in
1351 2357 1497 2404 terra
1553 2347 1882 2420 iniquitate,
1926 2359 2054 2404 cum

469 2435 622 2493 Sethi
669 2440 895 2509 posteri.
946 2438 1106 2494 liaini
1153 2440 1434 2496 maledicti
1481 2439 1725 2511 posteris
1776 2439 2053 2510 permisti,

470 2532 679 2585 scelera
730 2534 1157 2596 committerent.
1211 2533 1388 2602 turpia
1432 2540 1733 2604 patrantes,
1769 2531 1934 2586 et’ad
1972 2531 2056 2584 lu-

470 2623 626 2678 tlicra
662 2626 952 2689 conversi,
989 2622 1266 2681 indicavit
1320 2623 1464 2681 Deus
1516 2641 1612 2695 per
1661 2624 2052 2679 revelationem

469 2709 661 2771 Noaho
696 2736 710 2772 :
753 2715 1022 2774 Missurus
1050 2735 1170 2775 sum
1204 2715 1257 2773 in
1289 2727 1491 2774 terram
1521 2719 1811 2782 diluvium,
1850 2727 1904 2772 et
1936 2732 2056 2772 om-

469 2806 562 2862 nia
602 2824 724 2877 quae
754 2824 920 2878 super
948 2826 1009 2864 ea
1059 2809 1402 2881 reperientur
1439 2810 1780 2880 perditurus.
1831 2806 2056 2878 Ipsique

469 2898 539 2952 tle
587 2906 768 2957 n.0nte
801 2911 1014 2968 sancto,
1072 2918 1182 2957 una
1220 2919 1343 2958 cum
1391 2903 1520 2958 ﬁliis
1561 2909 1613 2957 et
1664 2916 1855 2966 uxore,
1912 2899 2056 2953 ﬁlio-

471 3003 704 3062 rumque
735 2996 1022 3059 uxoribus,
1051 2994 1387 3052 descendere
1420 2996 1600 3064 iusso,
1640 2992 1898 3066 praecepit
1930 3002 1990 3048 ut
2023 3008 2053 3047 e

469 3067 634 3154 lig‘nis
669 3085 954 3155 quadratis
985 3088 1166 3142 navim
1195 3097 1503 3142 exstrueret
1535 3087 1714 3160 (juxta
1752 3085 2052 3140 nonnullos

469 3187 501 3228 e
534 3176 698 3246 lignis
721 3179 920 3247 platani
955 3177 1174 3248 Indicae)
1217 3179 1376 3250 cujus
1411 3178 1698 3246 longitudo
1725 3186 1872 3233 esset
1905 3175 2056 3231 cubi-

471 3271 656 3323 torum
691 3278 775 3324 ter
805 3281 1048 3336 centum,
1087 3247 1320 3326 latitudo
1354 3271 1775 3342 quinquaginta,
1819 3268 2054 3324 altitudo
2081 3247 2126 3308 ο

472 3365 734 3433 triginta;
767 3377 997 3437 eamque
1031 3367 1267 3434 interius
1299 3376 1353 3422 et
1389 3369 1634 3423 exterius
1668 3368 1786 3438 pice
1812 3383 1876 3422 ac
1910 3367 2058 3422 bitu-

476 3460 624 3514 mine
669 3459 898 3514 oblitam
945 3461 997 3514 in
1050 3471 1162 3517 tres
1210 3462 1654 3532 contignationes
1706 3461 1816 3531 36
1856 3461 2056 3516 distin-

475 3560 704 3623 gneret;
737 3569 968 3622 quarmn
1013 3552 1221 3619 inﬁma,
1281 3555 1411 3612 l‘eris
1463 3567 1614 3612 esset
1655 3561 1712 3612 et
1753 3556 2058 3624 jumentis;

475 3643 673 3711 media,
721 3645 1075 3710 volucribus;
1131 3659 1409 3716 suprema,
1462 3647 1565 3718 ipsi
1623 3655 1678 3702 et
1724 3647 1851 3702 ﬁliis
1901 3649 2056 3715 suis;

471 3741 733 3803 essetque
784 3749 941 3805 porta
985 3734 1142 3792 navis
1197 3737 1250 3791 in
1303 3735 1472 3792 latere
1523 3737 1697 3808 ipsius
1740 3738 1807 3793 ad
1846 3747 2057 3809 partem

472 3825 820 3892 orientalem,
845 3827 1148 3899 ﬁerentque
1171 3826 1222 3884 in
1247 3829 1364 3900 ipsa
1395 3831 1501 3886 loci
1521 3848 1681 3901 aqua:
1708 3831 2055 3900 recipiendae,

473 3931 539 3972 ac
573 3919 730 3975 locus
759 3921 906 3974 cibo.
942 3917 1233 3992 ingressus
1261 3939 1392 3994 ergo
1436 3922 1587 3978 Noah
1618 3925 1935 3995 speluncam
1963 3925 2059 3979 Al-

473 4027 668 4077 cannz,
727 4023 782 4066 et
843 4006 1032 4077 Sethi,
1088 4011 1323 4080 Enochi,
1383 4009 1656 4081 Kainani,
1707 4010 2056 4082 Mahlalielis,

471 4100 677 4170 laredi,
702 4101 1159 4172 Mathushalechi,
1183 4117 1236 4161 et
1258 4107 1514 4163 Lameclti
1542 4124 1775 4180 corpora
1823 4108 2058 4164 deoscu-

474 4193 644 4260 latus,
679 4210 884 4268 corpus
940 4199 1133 4252 Adami
1189 4217 1405 4270 unaque
1451 4201 1760 4256 oblationes
1809 4202 2058 4269 sustulit,

477 4287 685 4343 ferente
733 4288 896 4344 Semo
936 4307 1165 4355 aurum,
1214 4286 1387 4347 natno
1443 4296 1757 4366 myrrham,
1824 4292 2058 4365 Japheto

477 4385 623 4437 thus.
657 4377 878 4452 Egressi
914 4382 1080 4454 igitur
1115 4392 1173 4439 ιιι
1224 4401 1253 4440 ε
1292 4398 1474 4442 monte
1515 4397 1709 4443 sancto
1759 4387 2060 4443 descende—

477 4485 620 4539 rent,
651 4475 887 4532 snblatis
919 4477 985 4532 ad
1019 4475 1337 4546 paradisum
1381 4481 1582 4546 oculis,
1628 4479 1825 4535 ﬂevere
1870 4480 2060 4535 dicen-

474 4574 558 4623 tes
593 4587 605 4623 :
641 4565 788 4634 Vale,
821 4571 1070 4640 paratlise
1095 4586 1285 4629 sancte
1324 4591 1338 4628 :
1374 4573 1697 4644 lapidesqtte
1729 4571 2055 4640 deosculati,
2091 4600 2135 4656 ι)

475 4676 539 4715 ac
566 4663 790 4719 arbores
820 4665 1052 4734 amplexi
1080 4666 1146 4720 de
1171 4674 1354 4722 monte
1400 4677 1592 4722 sancto
1617 4666 2056 4734 descenderunt;

477 4753 888 4828 fabricatusqne
921 4767 1005 4813 est
1044 4752 1195 4812 Noah
1225 4759 1430 4836 navim.
1462 4759 1560 4815 Cui
1601 4757 1861 4814 indicavit
1893 4760 2057 4815 etiam

477 4841 743 4903 Dominus
788 4857 845 4902 ιιι
876 4865 1194 4920 campanam
1231 4868 1261 4906 e
1285 4848 1433 4922 ligno
1465 4849 1668 4921 platani
1703 4849 1901 4906 Indicae
1936 4867 2061 4907 con-

477 4939 667 4995 ﬁceret
703 4952 816 4997 tres
854 4941 1072 4997 cubitus
1128 4943 1372 5013 longam,
1424 4944 1713 4998 latitudine
1765 4948 2059 5014 sesqnieu-

475 5033 722 5098 hitalem,
753 5037 910 5103 rujns
945 5037 1107 5088 etiam
1155 5035 1383 5088 malleus
1411 5051 1474 5089 ex
1522 5037 1711 5090 eadem
1758 5046 1904 5090 esset
1952 5051 2060 5090 ma.

478 5121 612 5180 teria
644 5145 658 5180 :
687 5142 851 5196 quam
891 5135 974 5180 ter
1015 5124 1262 5192 quotidie
1313 5126 1598 5195 pulsaret;
1638 5141 1820 5190 mane,
1853 5126 2058 5195 quoad

477 5218 654 5286 ipsum
687 5225 1161 5285 congregarentur
1189 5231 1390 5286 operte,
1427 5213 1628 5272 deinde
1659 5215 1726 5270 ad
1753 5217 2059 5282 meridiem,

475 5319 725 5380 tempore
754 5306 1010 5378 prandii;
1039 5323 1102 5362 ac
1125 5324 1319 5364 rursus
1353 5309 1732 5378 vesperi,cum
1774 5308 2061 5363 disceden-

476 5399 606 5456 dum
636 5393 816 5466 esset;
851 5397 1101 5471 dixitque
1132 5401 1233 5470 ipsi
1274 5417 1287 5454 :
1323 5399 1460 5456 Cum
1495 5400 1780 5455 audientes
1828 5410 1878 5454 te
1911 5415 2062 5454 t-am-

478 5509 677 5566 patiam
721 5491 1052 5564 pulsantem,
1082 5491 1332 5547 dixerint
1356 5493 1452 5547 tibi
1493 5513 1506 5546 :
1541 5491 1682 5559 Quid
1723 5493 1821 5546 hoc
1862 5492 1934 5547 rei
1981 5501 2065 5547 est

477 5589 624 5659 quod
658 5587 830 5643 facis?
866 5586 1134 5658 responde
1187 5589 1366 5656 ipsis:
1425 5583 1784 5641 lmmissurus
1827 5593 1911 5640 est
1955 5581 2063 5640 Do.

483 5681 667 5734 minus
692 5677 980 5734 diluvium.
1005 5676 1159 5734 Fecit
1191 5693 1320 5749 ergo
1354 5674 1508 5731 Noah
1537 5679 1718 5732 omnia
1749 5695 1870 5748 qutt-
1896 5676 2062 5747 jussit

484 5767 661 5835 ipsum
717 5771 1000 5826 Dominus.
1056 5769 1311 5842 Misitque
1359 5771 1426 5824 ad
1489 5786 1613 5825 emn
1682 5769 1946 5825 Domitius
1994 5787 2061 5824 ex

488 5859 640 5914 omni
667 5861 1026 5918 animantium
1060 5879 1280 5936 genere,
1311 5863 1526 5921 scilicet
1550 5865 1874 5933 pecudibus,
1908 5864 2062 5920 volu-

2161 1991 2446 2050 rumpente
2476 1993 2654 2036 autem
2695 1991 2897 2054 eterra
2940 1997 3103 2053 aqua,
3134 1984 3428 2054 pluviaque
3473 1981 3542 2036 de
3579 1985 3748 2044 cmlo,

2159 2074 2520 2146 quadraginta
2551 2075 2670 2132 dies
2703 2086 3005 2144 noctesque
3039 2077 3335 2132 centinuos
3384 2092 3560 2147 usque
3608 2077 3750 2130 adeo

2163 2169 2392 2224 invaluit
2437 2185 2579 2240 aqua
2634 2185 2799 2238 super
2833 2180 3063 2236 terram,
3095 2180 3153 2226 ut
3196 2171 3527 2227 altissimum
3556 2173 3651 2239 qui
3687 2174 3744 2227 in

2159 2270 2304 2318 terra
2341 2263 2514 2335 (sunt)
2545 2264 2808 2319 montium
2849 2263 3162 2335 quindecim
3191 2265 3396 2319 cubitis
3432 2275 3752 2332 superaret,

2158 2362 2431 2424 terraeque
2463 2353 2811 2423 superﬁciem
2843 2361 3065 2410 centum
3100 2362 3155 2409 et
3185 2355 3588 2426 quinquaginta
3622 2355 3745 2410 dies

2158 2451 2420 2518 operiret,
2455 2451 2631 2506 donec
2661 2467 2772 2506 non
2797 2460 3114 2521 superesset
3143 2450 3199 2503 in
3235 2459 3383 2505 terra
3420 2449 3624 2504 animal
3664 2450 3748 2504 vel

2160 2544 2342 2613 planta
2378 2545 2521 2613 quiu'
2560 2543 2902 2612 perderetur.
2962 2542 3082 2599 lam
3133 2547 3205 2602 ab
3236 2544 3447 2598 Adamo
3497 2543 3563 2598 ad
3607 2544 3754 2597 tlilnd

2160 2636 2303 2688 vium
2355 2635 2484 2688 anni
2522 2643 2684 2688 erant.
2733 2633 2822 2689 bis
2869 2635 3018 2688 mille
3065 2635 3290 2690 ducenti
3347 2635 3749 2704 quinquaginta

2160 2741 2276 2782 sex.
2308 2725 2439 2780 Post
2467 2724 2582 2780 dies
2617 2739 2744 2779 vero
2777 2740 2806 2780 a
2848 2725 3060 2781 diluvio
3090 2734 3310 2781 centum
3365 2735 3421 2781 et
3469 2727 3753 2795 quinqua-

2158 2817 2332 2890 ginta,
2371 2818 2619 2873 mittente
2655 2817 2767 2872 Deo
2799 2825 3022 2872 ventum
3056 2817 3151 2888 qui
3188 2832 3356 2886 super
3401 2827 3606 2872 terram
3654 2817 3755 2870 lla-

2160 2920 2266 2976 ret,
2294 2910 2433 2965 adeo
2466 2917 2523 2964 ut
2550 2909 2864 2979 quiesceret
2915 2924 3076 2978 aqua,
3123 2916 3406 2964 cessarent
3458 2908 3659 2974 fontes,
3697 2917 3753 2962 et

2160 3012 2514 3058 coerceretur
2542 3002 2753 3072 pluvia,
2788 3003 2956 3073 caepit
3006 3017 3144 3072 aqua
3183 3001 3446 3056 continue
3473 3000 3582 3072 40
3612 3001 3745 3056 sub-

2159 3098 2337 3152 sidere
2376 3103 2431 3151 et
2461 3095 2782 3152 decrescere
2811 3110 2983 3166 usque
3027 3094 3096 3148 ad
3124 3110 3366 3150 mensem
3421 3097 3740 3162 septimum.

2165 3185 2372 3242 Mensis
2417 3193 2600 3241 autem
2653 3185 2897 3254 septimi,
2956 3186 3176 3240 scilicet
3230 3185 3438 3240 tncnsis
3481 3184 3582 3238 llul
3626 3184 3748 3254 (qui

2160 3277 2304 3334 idem
2353 3287 2440 3334 est
2473 3273 2642 3349 Thut)
2698 3278 2787 3333 die
2825 3277 3035 3350 decimo
3067 3279 3299 3346 septimo
3345 3278 3554 3332 resedit
3595 3279 3754 3332 navis

2161 3387 2326 3442 super
2355 3379 2542 3426 monte
2585 3369 2736 3426 dicto
2781 3369 2998 3430 Araral.
3037 3368 3245 3438 quiest
3281 3384 3438 3422 mons
3468 3367 3665 3422 Alluda
3695 3369 3752 3421 in

2160 3460 2468 3538 Musalhin
2494 3459 2716 3531 regione
2776 3458 3113 3524 Diarrabize,
3169 3459 3223 3513 in
3290 3459 3411 3514 viro
3475 3458 3758 3529 appellato

2161 3552 2376 3618 Korda;
2419 3559 2653 3606 vocatur
2688 3557 2870 3605 autem
2910 3551 3076 3606 hodie
3119 3560 3266 3606 terra
3317 3549 3652 3616 Thatnaniu,
3695 3559 3759 3606 et

2162 3645 2339 3700 insula
2371 3643 2502 3698 Bani
2541 3643 2726 3698 Omar.
2757 3642 3010 3715 Cumque
3043 3659 3153 3699 non
3191 3653 3439 3700 cessaret
3473 3659 3615 3715 aqua
3653 3644 3755 3699 de-

2161 3751 2412 3791 crescere
2438 3745 2491 3790 et
2526 3733 2814 3791 subsidere
2854 3752 3030 3806 usque
3069 3735 3134 3788 ad
3167 3751 3411 3791 mensem
3442 3736 3753 3801 decimum,

2164 3829 2340 3898 primo
2375 3829 2462 3882 die
2495 3828 2699 3882 mensis
2727 3825 2929 3881 decimi
2962 3841 3266 3897 apparuere
3299 3823 3566 3881 montium
3589 3826 3750 3894 jnga,

2163 3919 2361 3974 deinde
2389 3927 2516 3988 post
2556 3917 2919 3988 quadraginta
2969 3915 3111 3983 dies,
3156 3927 3345 3987 aperta
3377 3917 3532 3971 navis
3566 3928 3746 3988 porta,
3781 3907 3798 3940 ’

2161 4013 2339 4068 emisit
2373 4009 2528 4066 Noah
2570 4026 2799 4066 corvum
2860 4010 2926 4064 ad
2974 4009 3371 4081 explorandum
3401 4027 3532 4064 nmn
3569 4012 3752 4067 exsic-

2161 4113 2281 4158 cata
2328 4111 2472 4160 esset
2519 4118 2658 4173 aqua
2692 4118 2720 4155 a
2751 4102 3044 4173 superﬁcie
3081 4111 3263 4165 terrae,
3299 4102 3393 4172 qui
3437 4101 3631 4157 abiens
3663 4119 3751 4156 re-

2162 4213 2357 4253 versus
2412 4211 2524 4252 non
2565 4204 2668 4251 est.
2713 4194 2865 4250 Misit
2907 4209 3041 4266 ergo
3089 4195 3426 4260 columbam,
3457 4209 3578 4263 qua:
3627 4195 3755 4249 sine

2165 4306 2317 4344 mora
2354 4303 2575 4343 reversa
2614 4297 2699 4344 est
2730 4287 2965 4358 pedibus
3001 4302 3143 4358 aqua
3178 4285 3551 4351 madentibus,
3605 4287 3756 4343 unde

2162 4383 2418 4454 cognovit
2439 4383 2589 4438 Noah
2621 4381 2802 4437 adhuc
2837 4396 2961 4438 esse
3002 4396 3198 4452 aquam
3229 4395 3398 4450 super
3428 4390 3648 4436 terram.
3680 4381 3759 4435 At

2163 4485 2285 4546 post
2308 4481 2510 4547 septem
2546 4473 2666 4530 dies
2697 4489 2824 4528 cum
2870 4475 3110 4528 mitteret
3153 4488 3349 4529 rursus
3401 4473 3745 4538 columbam,

2164 4582 2228 4620 ea
2269 4565 2335 4620 ad
2371 4567 2548 4638 ipsum
2584 4565 2822 4635 vesperi,
2875 4563 2929 4616 in
2963 4577 3059 4616 ore
3093 4560 3283 4616 folium
3327 4561 3484 4617 oliva:
3525 4579 3744 4634 gerens,

2165 4671 2380 4712 reversa
2430 4664 2534 4712 est.
2583 4653 2722 4709 Tum
2760 4654 2850 4709 ubi
2887 4664 3092 4723 septem
3149 4653 3332 4710 adhuc
3379 4655 3498 4711 dies
3545 4671 3748 4726 exspe-

2162 4756 2388 4812 ctasset,
2419 4747 2729 4802 columbam
2774 4747 2971 4801 iterum
3019 4747 3224 4810 emisit,
3272 4766 3393 4819 qua:
3446 4750 3513 4805 ad
3558 4751 3743 4822 ipsum

2165 4857 2271 4896 non
2299 4841 2484 4897 rediit.
2514 4841 2649 4896 Cum
2697 4855 2828 4910 ergo
2863 4848 2984 4905 post
3025 4840 3138 4896 haec
3169 4855 3374 4912 septem
3416 4845 3534 4901 dies
3564 4859 3752 4900 mora-

2166 4947 2276 4996 tus.
2329 4936 2487 4992 navis
2523 4945 2735 5006 portant
2783 4938 3116 5006 aperuisset,
3157 4938 3463 5008 prospexit,
3503 4947 3558 4992 et
3612 4953 3751 4994 ecce

2165 5037 2309 5083 terra
2365 5030 2590 5086 herbam
2631 5029 2857 5092 viridem
2895 5031 3247 5100 produxerat,
3303 5040 3358 5086 et
3402 5029 3471 5084 ab
3508 5031 3627 5100 ipsa
3660 5046 3758 5086 rc-

2165 5132 2449 5177 ccsserant
2484 5137 2661 5191 aqua.
2704 5119 2972 5194 Egressus
3004 5131 3089 5179 est
3140 5139 3270 5194 ergo
3330 5117 3486 5180 Noah
3538 5140 3569 5179 e
3607 5140 3753 5182 nave

2163 5231 2289 5270 cmn
2326 5215 2452 5270 ﬁliis
2483 5215 2620 5280 Sitis,
2649 5213 2833 5282 Samo,
2878 5215 3050 5270 Hamo
3078 5224 3131 5271 et
3162 5213 3417 5286 Japheto.
3455 5218 3752 5286 suaqne'et

2167 5306 2402 5361 ﬁliorum
2435 5309 2724 5372 uxoribus,
2770 5309 3142 5380 omnibusque.
3174 5325 3295 5380 qua:
3345 5310 3397 5364 in
3445 5312 3570 5366 navi
3617 5327 3750 5367 cum

2167 5401 2286 5470 ipso
2327 5398 2479 5455 fuere
2523 5401 2916 5464 animantibus,
2970 5410 3098 5472 post
3154 5401 3293 5457 duos
3347 5402 3490 5456 ultra
3539 5418 3756 5458 annum

2167 5507 2405 5556 menses,
2443 5493 2528 5548 die
2557 5493 2770 5549 decimo
2825 5495 3054 5564 septimo
3099 5491 3350 5566 @1343
3403 5497 3610 5551 mensis
3655 5514 3752 5551 se-

2165 5587 2352 5653 cundi,
2381 5585 2571 5641 Nisani
2599 5586 2810 5641 scilicet
2836 5587 2928 5655 qui
2957 5585 3176 5641 etidctn
3209 5584 3538 5641 Bat'mndah.
3569 5587 3708 5642 Cum
3731 5619 3743 5628 -

2167 5695 2273 5745 quc
2320 5679 2528 5749 egressi
2583 5688 2770 5734 essent
2838 5679 3030 5732 urbem
3081 5687 3520 5744 exstruxerunt,
3579 5697 3748 5750 quam

2167 5770 2474 5826 Thntnanin
2539 5768 2924 5840 appellarunt,
2997 5769 3155 5839 juxta
3212 5785 3502 5824 numerum
3585 5762 3763 5825 suum.

2169 5865 2325 5938 quasi
2361 5865 2501 5921 dicat
2535 5884 2546 5920 :
2620 5863 2734 5920 Nos
2781 5872 2905 5918 octo
2942 5878 3155 5919 sumus.
3180 5863 3434 5933 Dixitque
3474 5863 3737 5917 Dominus
