4076 6394
361 369 469 436 9ὶῖ
1811 360 1965 420 ANN

2014 361 2185 422 .LES.
3521 365 3624 428 "18

363 495 580 558 potens.
613 483 906 554 gloriosus.
939 483 1129 537 Noaho
1168 496 1180 532 :
1224 479 1340 532 Non
1376 479 1624 532 futurum
1676 487 1762 531 est
1795 483 1944 546 post-
1970 471 2020 530 A
2051 490 2164 534 tum
2206 491 2386 534 autem
2424 481 2545 534 vita:
2581 481 2812 534 Kainani
2862 480 2988 532 anni
3037 478 3414 548 quadringenti
3449 488 3498 530 cl
3529 483 3627 534 tri-

360 581 467 635 bac
497 595 741 648 unquam
773 577 1067 632 diluvium.
2049 577 2223 646 ginta.
2284 573 2558 628 Siraleclio
2618 582 2739 643 post
2795 587 2970 629 annos
3019 581 3240 626 centum
3296 581 3348 626 et
3402 573 3626 642 triginta

433 669 578 735 Quin
635 676 691 722 et
728 667 912 736 posuit
971 669 1233 721 Dominus
1273 664 1462 720 Noaho
1497 665 1700 729 foedus,
1740 664 1950 720 scilicet
2051 682 2216 724 natus
2274 681 2360 725 est
2420 669 2600 734 Eber;
2659 677 2944 739 totumque
3000 667 3146 736 quod
3205 665 3340 719 vixit
3393 664 3625 718 Slialecb

365 777 558 817 areum
591 761 646 815 in
689 761 928 814 nubibus
977 769 1364 829 apparentem.
1412 759 1604 814 dicens
1649 760 1753 828 ipsi
1791 778 1802 810 τ
1843 756 1944 814 Ubi
2048 765 2436 835 quadringenti
2468 777 2513 818 et
2552 763 2862 832 sexaginta,
2896 760 3036 816 Eber
3061 769 3243 814 autem
3277 747 3627 813 llcbrtcot‘utn

363 853 717 924 conspexeris
748 867 935 908 arcum
970 853 1160 916 istum,
1188 854 1292 907 erit
1332 854 1447 923 ipse
1469 854 1566 910 tibi
1595 855 1812 923 signum
1846 854 1947 908 fte-
2051 869 2202 927 patcr
2231 867 2334 920 est,
2372 873 2534 926 quem
2570 856 2776 910 Arabes
2810 854 2928 909 Hud
2959 854 3260 924 appellant.
3297 851 3476 905 Ebero
3509 861 3630 920 post

357 948 532 1014 deris.
568 945 1006 1016 Plantaruntque
1043 946 1136 1001 ﬁlii
1174 945 1302 1002 Non:
1334 949 1575 1012 vineam,
1623 963 1652 1002 e
1683 963 1790 1018 qua
1821 963 1942 1011 cum
2048 945 2221 1006 annos
2261 960 2480 1006 centum
2532 951 2753 1020 triginta
2789 957 3026 1016 quatuor
3065 957 3224 1001 natus
3265 956 3348 999 est
3385 943 3626 1011 Phalelt;

361 1039 547 1093 vinum
580 1053 771 1092 recens
807 1049 1129 1106 expressum
1156 1039 1295 1108 patri
1327 1055 1432 1094 suo
1462 1039 1651 1094 Nuaho
1677 1041 1946 1110 prtebuis-
2048 1048 2143 1113 qui
2181 1045 2305 1099 ideo
2342 1045 2446 1098 hoc
2499 1043 2720 1097 nomine
2754 1042 3064 1112 appellatus
3116 1047 3201 1094 est
3251 1038 3395 1108 quod
3451 1037 3627 1107 ipsius

357 1141 506 1195 seut,
567 1131 764 1186 bibens
823 1131 941 1201 ipse
998 1131 1309 1188 inebriatus
1355 1141 1462 1197 cst,
1499 1136 1637 1187 adeo
1689 1145 1748 1188 ut
1802 1135 1945 1190 inter
2049 1149 2298 1210 tempore
2327 1139 2508 1194 divisa
2533 1147 2686 1194 esset
2716 1146 2888 1191 terra.

360 1223 824 1280 obdormiendum
873 1232 1216 1293 retegeretur
1246 1226 1528 1294 turpitudo
1560 1227 1762 1296 ipsius;
1798 1227 1943 1298 quod
2118 1225 2290 1284 Porro
2320 1228 2519 1294 Ebero,
2568 1237 2692 1300 post
2723 1225 3047 1290 Pitalekum,
3083 1231 3244 1279 natus
3273 1232 3361 1279 est
3389 1219 3628 1285 Kalttan,

358 1316 557 1372 videns
602 1315 833 1379 Hamus.
881 1315 1025 1382 risit,
1059 1331 1124 1372 ac
1175 1317 1446 1373 fratribus
1486 1319 1602 1374 suis
1650 1318 1941 1374 indicavit.
2045 1326 2138 1396 qui
2187 1325 2426 1380 Arabum
2470 1332 2642 1394 pater.
2679 1322 2810 1391 Ejus
2843 1331 3085 1391 tempore
3115 1320 3362 1389 cujusvis
3395 1319 3478 1372 vel
3515 1317 3670 1378 fora

359 1410 654 1478 Acceptam
701 1424 841 1480 ergo
877 1416 1085 1465 vestem
1142 1409 1270 1466 Sem
1323 1418 1377 1466 et
1415 1412 1614 1482 Japbet
1668 1413 1769 1467 sibi
1817 1413 1946 1484 inji-
2045 1417 2305 1479 titudine,
2347 1413 2433 1470 vel
2483 1416 2672 1469 forma:
2714 1414 3029 1484 praestantia
3063 1412 3318 1482 insignis,
3369 1409 3456 1466 Vel
3490 1427 3626 1466 cun-

356 1504 594 1566 cientes,
644 1503 942 1571 aversique
987 1510 1209 1570 euntes,
1261 1517 1328 1558 ne
1357 1504 1622 1574 pudorem
1655 1508 1827 1576 patris
1859 1508 1942 1562 sui
2047 1509 2174 1566 silio
2206 1509 2538 1580 praestantis,
2582 1508 2661 1562 vel
2696 1507 2837 1560 fama
2871 1504 3099 1560 illustris
3140 1504 3434 1575 imaginem
3471 1503 3627 1572 depi-

360 1596 774 1666 conspicerent,
827 1596 1006 1666 patris
1045 1597 1312 1666 pudorem
1341 1597 1692 1654 obtcxcrunt.
1735 1600 1945 1670 Exper-'
2044 1607 2189 1656 ctam
2218 1601 2472 1655 colebant
2501 1600 2776 1654 homines.
2805 1594 2987 1654 Causa
3035 1597 3180 1653 enim
3217 1597 3403 1652 cultus
3435 1595 3629 1665 imagi-

363 1701 549 1745 rectus
600 1698 784 1745 autem
833 1705 867 1744 e
903 1701 1100 1744 somno
1151 1705 1254 1745 suo
1305 1686 1480 1754 Noah,
1527 1705 1788 1748 narrante
1837 1693 1940 1763 ipsi
2045 1691 2206 1748 nibus
2240 1692 2466 1761 praestiti
2497 1691 2612 1746 haec
2643 1691 2768 1753 fuit,
2800 1691 2941 1760 quod
2974 1690 3106 1745 olim
3137 1705 3261 1744 cum
3314 1698 3628 1743 moreretur

362 1783 495 1850 quid
543 1789 762 1851 gestum
800 1779 1021 1846 fuerat,
1051 1794 1246 1846 nitore,
1279 1785 1455 1838 Hamo
1479 1799 1587 1840 suo
1624 1786 1737 1840 tilio
1766 1787 1941 1842 iratus
1974 1825 2014 1881 Β
2045 1801 2109 1840 ex
2153 1785 2285 1854 ipsis
2317 1785 2403 1840 vir
2440 1785 2639 1855 aliquis
2671 1785 2966 1855 prudentia
2997 1792 3050 1838 et
3079 1781 3313 1838 consilio
3362 1783 3479 1839 sive
3517 1781 3630 1835 for-

357 1873 663 1938 maledixit,
695 1875 887 1930 dicens
913 1892 927 1929 :
953 1873 1276 1931 Maiedictus
1329 1875 1402 1931 sit
1449 1877 1611 1943 llam,
1638 1888 1694 1933 et
1745 1895 1940 1937 servus
1975 1873 2011 1881 ’⁷
2049 1878 2290 1934 titudine
2331 1887 2626 1944 prasinus,
2673 1876 2906 1947 effigiem
2945 1875 3121 1945 ipsius
3166 1875 3222 1928 in
3266 1873 3628 1929 concessibus

361 1966 631 2022 fratribus
675 1967 811 2022 suis.
850 1967 982 2022 Post
1017 1969 1154 2032 haee,
1183 1984 1308 2023 cum
1336 1971 1638 2036 accepisset
1667 1972 1770 2028 sibi
1801 1971 1938 2026 liam
2049 1971 2450 2044 depin'gerent;
2483 1969 2682 2026 deinde
2723 1985 2848 2023 cum
2885 1968 3016 2038 quid
3055 1968 3190 2037 grati
3227 1967 3367 2039 ipsis
3412 1965 3626 2021 accide-

353 2059 545 2112 omnia
597 2058 966 2114 instrumenta
1021 2059 1255 2126 ludicra,
1303 2061 1407 2116 hac
1455 2064 1624 2117 etiam
1675 2077 1738 2119 ex
1785 2075 1940 2134 parte
2051 2074 2133 2119 ret
2165 2065 2233 2120 de
2260 2080 2372 2135 quo
2399 2062 2730 2134 captandum
2761 2070 2908 2117 esset
2954 2061 3276 2124 consilium,
3311 2063 3452 2131 apud
3487 2059 3632 2113 ima—

358 2151 716 2206 maledictum
744 2163 828 2207 est
857 2153 988 2223 ipsi,
1019 2154 1310 2224 factusque
1335 2166 1421 2212 est
1451 2171 1646 2213 servus
1677 2156 1940 2216 fratribus
2049 2157 2230 2227 ginem
2266 2157 2426 2212 istam
2468 2155 2862 2211 convenientes
2893 2152 3005 2225 48
3037 2152 3438 2217 consultarent,
3472 2152 3629 2222 quasi

361 2247 516 2309 suis;
583 2245 700 2314 ipse
755 2245 972 2300 scilicet
1025 2260 1089 2301 ac
1145 2248 1353 2316 posteri
1406 2249 1605 2318 ipsius,
1659 2250 1752 2320 qui
1809 2259 1940 2306 sunt
2051 2253 2270 2306 adesset
2317 2250 2449 2318 ipsis
2505 2249 2650 2304 inter
2693 2246 3126 2303 consultandum
3169 2247 3350 2317 imago
3399 2246 3526 2311 ista,
3563 2261 3631 2300 ne

361 2336 626 2408 Algyptii,
682 2335 926 2408 Nigrina,
958 2331 1272 2409 Ethiopes,
1299 2349 1358 2394 et
1402 2339 1500 2410 (ut
1535 2341 1770 2409 dicitur)
1805 2341 1938 2396 ΒΜ·-
2048 2344 2266 2399 deesset
2319 2343 2458 2412 ipsis
2513 2341 2566 2396 in
2621 2339 2859 2397 consilio
2916 2338 3154 2407 alicujus
3210 2346 3626 2393 antecesserunt

358 2425 498 2479 bari.
543 2427 766 2481 Duobus
825 2439 1012 2482 autem
1061 2437 1188 2498 post
1238 2429 1507 2485 diluvium
1562 2432 1725 2488 annis
1776 2444 1939 2490 natus
2048 2436 2230 2507 imago
2267 2453 2281 2490 :
2315 2434 2460 2505 quod
2496 2447 2620 2490 cum
2659 2431 2840 2489 facere
2867 2441 3308 2503 perseverarent,
3336 2432 3401 2486 ad
3434 2431 3631 2502 imagi-

359 2527 445 2573 est
466 2516 634 2574 Semo
678 2520 1100 2587 Arpltacltshad,
1131 2520 1298 2578 Semo
1328 2524 1440 2591 jam
1465 2533 1684 2580 centum
1719 2535 1772 2580 et
1803 2527 1941 2604 duos
2049 2544 2180 2584 num
2217 2528 2425 2584 cultum
2477 2526 2686 2596 delapsi
2722 2537 2874 2582 sunt.
2917 2527 2962 2582 Α
2992 2535 3241 2597 tempore
3272 2536 3454 2582 autem
3489 2525 3633 2580 dilu-

355 2625 538 2691 annos
579 2619 736 2667 nato.
768 2610 1028 2681 Vixitque
1053 2611 1206 2668 Noah
1241 2612 1352 2687 44
1379 2626 1505 2686 post
1543 2615 1808 2672 diluvium
1837 2632 1938 2672 an-
2049 2623 2122 2678 vii
2169 2621 2235 2677 ad
2273 2621 2616 2676 nativitatem
2651 2618 2873 2675 Phaleki
2949 2617 3446 2691 (intercesserunt)
3500 2617 3628 2672 anni

353 2687 458 2760 nos
502 2713 808 2761 tercentum
843 2717 898 2760 et
933 2705 1354 2777 quinquaginta.
2049 2715 2330 2784 quingenti
2361 2713 2589 2782 triginta
2619 2720 2673 2768 et
2703 2728 2868 2767 unus.
2897 2687 2978 2766 Ab
3001 2710 3213 2765 Adamo
3233 2710 3297 2766 ad
3327 2709 3629 2766 Pbaleltum

426 2794 586 2852 Morti
615 2809 798 2852 autem
836 2796 946 2866 jam
984 2798 1196 2854 vicinus
1223 2800 1483 2870 praecepit
1507 2799 1656 2857 Noah
1683 2801 1848 2858 Semo
1880 2805 1940 2858 ii-
2023 2791 2243 2862 'n‘atum
2278 2805 2403 2860 anni
2430 2806 2518 2860 bis
2550 2804 2697 2860 mille
2725 2803 3050 2874 septingenti
3080 2803 3355 2872 octoginta
3391 2811 3627 2872 septem.

352 2885 429 2944 lio
453 2904 576 2950 suo.
602 2891 743 2945 clam
782 2891 887 2961 ipsi
931 2892 1289 2948 tlicenstac
1314 2903 1374 2948 ut
1414 2903 1649 2964 corpore
1691 2897 1939 2955 Adamie
2049 2899 2224 2956 Natus
2265 2908 2350 2955 est
2401 2908 2583 2953 autem
2638 2893 2876 2952 Plialcko
2926 2893 3296 2951 ltleicltisedek
3347 2895 3628 2949 sacerdos.

353 2981 500 3047 navi,
533 2983 752 3037 nemine
775 2985 1026 3046 conscio,
1065 2984 1310 3052 sublato,
1363 2989 1718 3058 acceptisque
1759 3000 1938 3046 tecum
2049 2992 2203 3048 Fecit
2249 3007 2382 3061 ergo
2415 2991 2544 3046 Sem
2580 2990 2723 3046 sicut
2777 2997 3114 3060 praeceperat
3153 2989 3254 3058 ipsi
3289 2999 3444 3060 pater
3483 2987 3626 3056 ejus,

351 3075 410 3128 in
450 3071 712 3130 viaticum
737 3089 877 3144 pane
919 3089 982 3132 ac
1022 3078 1174 3142 vino,
1215 3087 1268 3133 et
1294 3080 1468 3135 ascito
1508 3079 1941 3138 Melchisedecho
2049 3083 2247 3147 Noalt;
2306 3093 2360 3139 et
2419 3085 2599 3138 navim
2661 3091 2826 3137 noctu
2888 3081 3170 3154 ingressus
3235 3080 3362 3136 inde
3420 3095 3623 3149 corpus

353 3167 577 3226 Phaleki
603 3171 735 3240 illip,
760 3170 1378 3241 proﬁciscatninitdonec
1402 3175 1475 3231 ibi
1498 3176 1676 3246 ipsum
1697 3177 2018 3248 depona-C
2051 3177 2264 3241 Adami.
2343 3178 2560 3232 nemine
2617 3175 2743 3232 facti
2803 3177 3054 3239 conscio,
3115 3173 3372 3240 susmlit;
3428 3173 3629 3227 deinde

353 3264 429 3319 tis
472 3263 563 3318 ubi
595 3263 944 3320 indicaturus
975 3275 1059 3321 est
1086 3268 1316 3338 angelus
1348 3266 1590 3323 Domini.
1615 3267 1684 3324 Et
1709 3271 1938 3328 Melclti-
2043 3272 2359 3326 convocatis
2410 3268 2695 3348 fratribus,
2736 3268 2876 3323 dixit
2903 3286 2916 3323 :
2945 3263 3008 3322 In
3035 3265 3314 3322 mandatis
3359 3264 3494 3319 milii
3528 3265 3631 3318 sub

351 3356 592 3413 sedecho
619 3358 1162 3430 praecipiensjubeas
1201 3363 1379 3434 ipsum
1433 3377 1499 3419 eo
1538 3365 1643 3420 loci
1669 3367 1830 3423 sedes
1879 3370 1944 3424 iis
2044 3375 2222 3420 morte
2271 3381 2368 3418 sua
2427 3363 2578 3417 dedit
2625 3368 2802 3431 pater,
2841 3368 2903 3415 ut
2960 3359 3014 3414 in
3069 3368 3217 3415 terra
3270 3356 3633 3429 progrederer

353 3464 502 3516 gere,
552 3465 777 3506 uxorem
825 3466 936 3506 non
988 3452 1212 3517 ducere,
1243 3455 1338 3509 sed
1386 3455 1579 3526 pietati
1626 3473 1723 3527 per
1767 3466 1940 3515 totam
2046 3471 2220 3526 usque
2268 3457 2399 3512 dum
2433 3454 2503 3509 ad
2525 3453 3073 3523 marepertingerem,
3106 3449 3464 3520 viderentque
3492 3464 3634 3518 quo-

353 3543 516 3596 vitam
545 3559 604 3599 se
631 3543 1204 3616 addicere;qnoniam
1247 3547 1424 3616 ipsum
1470 3549 1634 3618 elegit
1672 3552 1941 3610 Dominus
2045 3549 2208 3604 modo
2253 3563 2312 3604 se
2361 3548 2589 3603 haberet
2634 3555 2779 3602 terra
2827 3544 3060 3615 ejusque
3103 3542 3282 3624 ﬂuvii’
3318 3558 3385 3600 ac
3440 3541 3630 3606 valles,

357 3634 609 3690 ntcnltui
653 3637 773 3706 ejus
803 3638 1098 3694 inserviat.
1125 3629 1236 3695 Nec
1278 3653 1408 3709 ergo
1448 3640 1670 3697 domum
1713 3645 1818 3700 sibi
1847 3662 1941 3700 ex-
2047 3654 2160 3697 tum
2200 3638 2267 3696 ad
2328 3655 2426 3696 vos
2477 3647 2809 3696 reverterer.
2844 3635 3084 3692 Uxorem
3135 3649 3269 3708 ergo
3314 3650 3380 3690 ac
3429 3635 3632 3689 liberos

259 3769 263 3778 .
349 3729 1035 3798 struat;necsanguinem
1060 3729 1132 3783 ibi
1160 3729 1500 3793 locifundat,
1524 3731 1834 3798 velbestite,
1860 3734 1943 3788 vel
2048 3751 2199 3791 meos
2259 3733 2401 3801 apud
2459 3749 2555 3787 vos
2615 3731 2886 3802 relinquo,
2945 3745 3086 3800 quos
3147 3727 3381 3784 servetis
3463 3727 3628 3782 velim

352 3819 618 3884 Volueris,
653 3820 740 3874 vel
785 3820 1040 3876 animalis
1081 3821 1368 3889 cujusvis;
1431 3833 1612 3894 neque
1646 3824 1809 3878 aliam
1869 3824 1942 3880 ibi
2047 3843 2220 3897 usque
2269 3827 2400 3880 dum
2447 3827 2513 3881 ad
2550 3841 2647 3880 vos
2693 3831 2978 3889 revertar;
3015 3821 3256 3876 Plialeko
3310 3827 3492 3874 autem
3529 3819 3630 3874 di-

351 3911 550 3966 olTerat
608 3911 948 3968 oblationem
1004 3929 1168 3983 quam
1212 3927 1410 3983 panem
1463 3916 1770 3980 et-vinum,
1820 3933 1944 3986 quae
2047 3922 2174 3976 xit:
2218 3918 2363 3975 Cede
2406 3918 2540 3973 mihi
2593 3916 2760 3970 tilium
2806 3925 2958 3969 tuum
3011 3910 3474 3969 MelcbiSPdekum
3534 3911 3627 3980 qui

361 4004 592 4058 Domino
627 4004 846 4067 oﬂ’cret.
895 4007 1079 4075 sitque
1128 4023 1158 4061 e
1209 4005 1444 4076 pellibus
1498 4007 1732 4064 leoninis
1781 3993 1974 4064 indu-i
2047 4014 2180 4070 mihi
2232 4011 2436 4068 auxilio
2472 4012 2548 4068 sit
2589 4012 2641 4065 in
2691 4009 2806 4066 via.
2837 4007 2974 4064 Cum
3008 4021 3166 4078 ergo,
3212 4006 3514 4074 assumptis
3546 4019 3633 4059 se-

356 4108 604 4155 mentmu
658 4099 868 4170 ipsius;
916 4117 1021 4156 nec
1060 4101 1248 4157 crines
1298 4100 1542 4166 tondeat,
1587 4119 1687 4158 nec
1731 4119 1942 4176 ungues
2047 4123 2168 4162 cmn
2221 4105 2415 4161 Adami
2459 4119 2693 4175 corpore
2727 4111 2780 4158 et
2840 4098 3306 4165 Melchisetleclto,
3353 4101 3634 4170 profectus

359 4177 642 4261 praecidat,
705 4193 966 4264 solusque
1021 4203 1366 4265 permaneat,
1431 4195 1635 4266 quippe
1695 4197 1786 4267 qui
1850 4199 1940 4253 Dei
2047 4207 2196 4255 esset
2246 4196 2673 4262 Sem,occurrit
2714 4195 2851 4266 ipsis
2881 4195 3111 4265 angelus
3146 4192 3391 4257 Domini,
3428 4208 3530 4248 nec
3565 4194 3635 4248 ab

359 4284 614 4340 altissimi
668 4287 934 4342 sacerdos
965 4296 1072 4342 est.
1109 4285 1328 4342 Praeibit
1369 4296 1554 4343 autem
1583 4289 1743 4345 vobis
1775 4305 1942 4360 ange-
2047 4292 2186 4362 ipsis
2236 4289 2513 4355 discessit,
2541 4289 2741 4360 .donec
2789 4287 2872 4344 eis
2909 4287 2976 4342 ad
3024 4287 3263 4342 medium
3311 4294 3471 4341 teme
3505 4301 3631 4354 per-

361 4376 447 4430 lus
494 4375 712 4432 Domini
769 4377 945 4435 donec
999 4379 1065 4435 ad
1124 4379 1305 4435 locum
1343 4381 1434 4436 ubi
1488 4381 1759 4453 sepulturi
1808 4382 1944 4437 estis
2050 4386 2228 4442 ductis
2281 4384 2464 4441 locum
2499 4383 2872 4451 ostendisset;
2911 4381 3000 4438 cui
3033 4397 3155 4438 cum
3203 4394 3410 4452 corpus
3442 4378 3632 4436 Adami

361 4467 556 4522 Διίδωί
623 4483 826 4540 corpus
885 4471 1260 4541 pervenistis;
1317 4472 1462 4528 scias
1520 4481 1703 4527 autem
1759 4473 1936 4528 locum
2003 4479 2468 4548 imposuissent,
2537 4484 2732 4546 sponte
2800 4490 2902 4530 sua
2970 4473 3294 4531 dehiscebat
3359 4490 3375 4528 :
3438 4473 3636 4528 deinde

362 4561 530 4615 istum
583 4567 746 4616 terrae
801 4562 1040 4618 medium
1091 4579 1234 4620 esse.
1271 4561 1397 4620 Haec
1427 4580 1552 4619 cum
1606 4564 1771 4620 Semo
1800 4580 1944 4636 pra»
1976 4550 2306 4642 θάρροείιο
2357 4571 2411 4624 in
2460 4569 2580 4639 ipso
2627 4580 2882 4636 corpore,
2941 4580 3167 4622 rursum
3219 4565 3477 4621 occlnsns
3526 4574 3630 4620 est.

361 4654 620 4723 cepisset,
674 4663 924 4710 mortuus
963 4665 1049 4712 est
1099 4655 1278 4720 Noah.
1333 4659 1424 4712 die
1472 4652 1752 4722 Mercurii,
1808 4660 1941 4713 liora
2047 4660 2254 4717 Nomen
2301 4671 2478 4713 autem
2522 4659 2625 4716 loci
2669 4658 2828 4714 istius
2864 4666 2949 4714 est
2985 4655 3240 4727 Jaljalalt,
3273 4653 3515 4728 49-51
3577 4657 3629 4711 id

361 4745 469 4801 diei
517 4747 789 4811 secunda,
823 4747 1073 4804 secundo
1117 4750 1328 4805 mensis
1357 4750 1524 4822 Ayar,
1561 4751 1653 4820 qni
1685 4752 1828 4806 idem
1863 4763 1948 4806 est
2047 4759 2154 4820 est,
2192 4750 2463 4805 cranium.
3503 4795 3508 4800 .

368 4851 432 4892 ac
493 4837 780 4905 Bashncs;
820 4837 1036 4909 fuitque
1088 4841 1200 4905 vita
1249 4839 1427 4896 Noahi
1481 4855 1749 4896 annorum
1801 4859 1944 4898 nou-
2121 4843 2260 4899 Tum
2293 4841 2549 4914 praecepit
2577 4839 2699 4896 Sem
2727 4833 3126 4895 Melcltisedeko
3157 4837 3344 4892 omnia
3373 4838 3635 4907 qurejus-

362 4939 650 4999 gentnrnnt
689 4932 1109 5002 quinquaginta.
1142 4932 1388 5003 Contigit
1431 4945 1612 4988 autem
1650 4933 1754 4990 hoc
1801 4950 1947 4989 anno
2051 4945 2199 4994 serat
2229 4937 2404 5007 ipsum
2441 4932 2615 4998 Noah,
2649 4933 2838 4988 dicens
2869 4931 2942 4985 illi
2977 4947 2992 4984 :
3021 4927 3120 4986 Hic
3149 4943 3377 4984 manens
3409 4929 3488 4983 sis
3523 4928 3633 4984 Do-

362 5022 541 5076 aétatis
563 5021 716 5078 Semi
743 5023 1296 5094 quadringentesimo
1321 5025 1797 5094 quinquagesimo.
1824 5022 1948 5080 Pol-
2053 5029 2203 5084 mino
2233 5025 2516 5089 sacerdos,
2544 5023 2804 5094 quoniam
2837 5022 3006 5095 elegit
3037 5029 3090 5078 te
3115 5020 3384 5076 Dominus
3415 5020 3481 5075 ad
3517 5023 3639 5075 cnl-

361 5115 591 5186 linctum
621 5132 754 5187 ergo
781 5119 960 5188 ipsum
992 5119 1326 5190 sepelierunt
1371 5115 1616 5191 45-47
1651 5121 1744 5174 filii
1771 5121 1945 5192 ipsius
2055 5129 2170 5174 tum
2201 5119 2305 5173 sibi
2341 5118 2751 5187 prtestandnm;
2785 5123 2952 5186 atque
2997 5115 3228 5187 angelus
3277 5115 3380 5170 iste
3423 5114 3638 5168 Domini

366 5210 515 5276 Sem,
549 5208 710 5275 llam,
761 5219 816 5265 et
851 5207 1070 5282 Japhet,
1104 5227 1169 5265 ac
1210 5211 1577 5282 quadraginta
1633 5212 1751 5268 dies
1788 5213 1946 5284 plan-
2056 5213 2125 5267 ad
2155 5220 2208 5266 te
2238 5211 2504 5277 continue
2533 5209 2850 5266 descendet.
2897 5208 3103 5265 Deinde
3141 5208 3208 5264 ad
3259 5209 3459 5264 fratres
3513 5223 3641 5261 suos

363 5309 587 5356 xerunt.
621 5299 818 5357 Totum
867 5313 1051 5359 autem
1109 5308 1256 5375 quod
1309 5301 1449 5357 vixit
1483 5302 1630 5368 Sem,
1676 5319 1946 5361 annorum
2056 5319 2333 5369 reversus,
2375 5303 2734 5373 interroganti
2776 5299 3035 5368 Pbaleko,
3070 5301 3291 5357 ubinam
3322 5309 3470 5356 esset
3503 5298 3639 5354 Mel-

361 5401 477 5446 erat
509 5403 942 5462 sescentorum;
974 5409 1208 5466 quorum
1243 5405 1461 5450 centum
1494 5405 1624 5451 ante
1660 5396 1951 5464 uiluvium,
2059 5395 2316 5452 cltisedek
2342 5395 2516 5466 puer?
2541 5393 2848 5464 respondit,
2873 5409 2934 5451 se
2967 5394 3142 5464 ipsum
3172 5397 3226 5448 in
3252 5394 3333 5447 via
3362 5403 3639 5447 mortuum

372 5495 493 5554 post
540 5487 810 5542 diluvium
847 5489 1157 5560 quingenti.
1193 5483 1650 5560 Arpbacbsbado,
1698 5499 1823 5558 post
1853 5505 1953 5543 an-
2060 5487 2380 5558 sepeliisse;
2418 5501 2608 5558 magna
2643 5500 2773 5555 ergo
2827 5485 2898 5539 ob
2952 5485 3130 5556 ipstnu
3184 5484 3409 5538 tristitia
3462 5483 3640 5539 all‘ecti

369 5595 467 5632 nos
515 5589 738 5635 centum
800 5582 1030 5652 triginta
1077 5583 1344 5656 quinque,
1383 5589 1544 5636 natus
1588 5589 1671 5635 est
1705 5579 1952 5649 Kainan;
2061 5593 2212 5639 sunt.
2247 5580 2406 5636 Anno
2440 5590 2619 5634 autem
2651 5580 2777 5634 vitae
2809 5578 2972 5633 Eberi
3037 5577 3442 5646 septuagesimo
3492 5591 3642 5629 mor-

364 5679 534 5725 totum
563 5685 749 5729 autem
775 5674 924 5745 quod
949 5675 1086 5729 vixit
1114 5672 1505 5742 A-rpitachsbad
1528 5684 1647 5729 erat
1678 5688 1944 5728 annorum
2063 5684 2189 5729 tuus
2225 5681 2310 5728 est
2331 5669 2750 5742 Arpltacltsltad,
2784 5684 2970 5725 mense
3003 5669 3170 5724 Nisan
3201 5667 3316 5736 (qui
3369 5675 3455 5720 csl
3505 5666 3641 5731 Der:

364 5765 894 5838 quadringentorum
926 5769 1207 5837 sexaginta
1237 5767 1500 5838 quinque.
1537 5761 1789 5820 Kaiuano
1824 5774 1945 5836 post
2063 5766 2322 5836 mudab);
2361 5765 2573 5835 fuitque
2608 5763 2718 5818 vita
2753 5762 2929 5833 ipsius
2966 5777 3235 5816 annorum
3268 5759 3641 5827 quadringen-

366 5871 544 5914 annes
598 5867 820 5916 centum
849 5855 906 5917 et
947 5862 1176 5931 triginta
1227 5869 1388 5918 natus
1421 5870 1504 5918 est
1537 5859 1811 5926 Sbaieclt;
1865 5861 1948 5915 t‘o-
2064 5869 2244 5916 torum
2289 5855 2571 5928 sexaginta
2627 5855 2890 5926 quinque.
2938 5851 3094 5908 Anno
3142 5864 3269 5906 vero
3303 5849 3424 5905 vita:
3481 5841 3646 5904 liberi
