4076 6458
353 355 360 360 ’
397 362 502 420 919

1461 366 1820 427 EUTYClIlI
1874 368 2405 430 ALEXANDRlNl
2452 371 2670 431 PATR.

3559 373 3674 440 926

398 473 703 528 centesimo
735 477 893 530 tertio
911 489 1159 536 mortuus
1182 489 1265 536 est
1295 481 1419 536 Sem
1450 524 1463 545 ,
1497 481 1666 537 Nnahi
1699 482 1863 544 ﬁlius.
1897 483 1985 538 die
2013 486 2058 543 Α
2091 485 2389 555 Togargar,
2415 486 2680 549 Al-Tobt,
2714 483 2872 554 Yajui
2903 495 2958 540 et
2986 483 3173 554 llajui,
3203 485 3535 552 Al-Chozar,
3577 490 3673 544 At.

398 565 650 628 Veneris,
682 583 869 623 mense
905 569 1001 624 llul
1038 573 1150 641 (qui
1181 581 1262 626 cst
1292 573 1461 640 Thut)
1495 589 1617 628 cum
1646 590 1824 629 annos
1847 591 1974 629 sex-

397 665 589 716 centos
623 659 875 715 vixisset.
917 661 1224 732 Totutnque
1262 665 1406 732 quod
1442 665 1575 719 vixit
1617 666 1756 721 Eber
1793 683 1970 722 anno.-

2082 578 2216 636 l.an.
2259 577 2605 637 Al-Anchaz.
2639 577 2699 629 AI
2734 575 3052 632 Sauarchah
3077 619 3090 640 ,
3125 577 3327 632 Jarzan
3351 621 3366 642 ,
3403 579 3667 634 Armenia

2081 667 2256 736 major
2295 677 2350 724 ct
2379 671 2580 732 minor,
2618 668 2862 734 llauran,
2905 669 3221 735 Antiochia,
3249 669 3672 734 Al—Chalediah,

397 763 517 801 rum
547 758 665 803 erat
692 753 1219 825 quadringentorum
1247 767 1530 826 sexaginta
1559 769 1815 828 quatuor.
1848 760 1980 814 Fuit
2081 763 2487 833 Aphlaguniah,
2513 761 2886 832 Cappadocia,
2917 762 3300 829 Charshenah,
3334 760 3532 828 Grmci,
3566 763 3675 818 Ro-

397 849 531 897 tunc
571 844 837 914 temporis
866 845 1046 916 lingua
1079 848 1360 902 hominum
1383 866 1510 908 una.
1546 865 1728 904 sermo
1769 867 1916 908 unus
1956 866 1972 904 :

395 931 582 1004 lingua
642 935 854 991 scilicet
876 936 1031 1007 juxta
1067 941 1362 996 nonnullos
1391 941 1638 1012 Syriaca,
1659 944 1817 1014 juxta
1842 944 1978 1000 alios

397 1027 694 1094 llebraica,
746 1031 900 1098 juxta
961 1031 1102 1088 alios
1143 1031 1360 1101 Graeca;
1415 1051 1649 1104 quorum
1703 1037 1978 1092 sententia

397 1123 529 1176 mihi
566 1124 876 1178 verisimilis
917 1126 1137 1181 videtur
1168 1167 1184 1193 ,
1218 1131 1362 1198 quod
1395 1131 1580 1200 lingua
1619 1132 1828 1200 Graeca,
1876 1131 1979 1212 Sy-

398 1218 544 1271 riaca
579 1227 634 1271 et
679 1216 940 1274 Hebraica
989 1219 1202 1276 ﬁrmius
1235 1221 1488 1287 fundata,
1522 1223 1793 1293 latiorque
1818 1226 1888 1280 sit
1919 1239 1985 1281 ac

397 1308 648 1378 amplior.
684 1308 1013 1380 Congregati
1046 1327 1180 1384 ergo
1214 1327 1277 1367 ex
1310 1313 1446 1384 ipsis
1492 1317 1593 1368 viri
1641 1317 1982 1390 septuaginta

396 1405 505 1451 duo
552 1397 811 1453 dixerunt
866 1419 880 1454 :
929 1398 1249 1458 Condamus
1284 1402 1476 1457 urbem
1506 1443 1523 1470 ,
1578 1419 1812 1473 eamque
1859 1420 1986 1462 arce

396 1492 711 1548 muniamus
745 1493 800 1550 in
838 1509 943 1564 qua
975 1495 1166 1547 turrim
1197 1505 1550 1552 cxstruamus
1587 1513 1708 1568 qua:
1746 1498 1811 1551 ad
1860 1514 1981 1554 cce.

396 1587 508 1639 lum
546 1588 847 1656 pertingat,
879 1597 946 1646 ut,
978 1593 1026 1644 sl
1061 1587 1204 1644 forte
1245 1589 1533 1660 conlingat
1567 1592 1862 1660 aliquando
1898 1592 1984 1646 di-

395 1679 625 1744 luvium,
656 1678 726 1733 ab
749 1694 814 1733 eo
835 1679 1158 1736 liberemur.
1181 1679 1318 1735 Tres
1343 1694 1474 1749 ergo
1509 1695 1684 1736 annos
1715 1681 1986 1738 lateribus

394 1765 756 1821 conﬁciendis
775 1777 828 1820 et
845 1767 1151 1837 coquendis
1173 1768 1606 1837 insumpserunt;
1626 1768 1730 1840 52
1753 1785 1985 1840 quorum

2085 854 2230 908 mani
2259 895 2273 920 ,
2309 854 2630 925 Byzantium
2661 895 2676 919 ,
2722 854 2962 908 Rutheni
2991 895 3007 920 ,
3041 855 3311 909 Al—Dilam
3339 896 3354 920 ,
3410 855 3626 926 Bolgari
3654 898 3672 922 ,

2088 945 2297 1018 Sclavi,
2327 945 2722 1010 Al—Ancirdah,
2774 944 2994 1013 Franci,
3026 945 3385 1010 Al-lalfatini,
3419 946 3673 1018 Hispani.

2084 1012 2332 1107 Subt‘que
2363 1037 2498 1108 ipsis
2531 1039 2729 1094 insula:
2762 1039 3079 1106 duodecim,
3107 1054 3138 1094 e
3169 1018 3374 1111 quibus
3410 1043 3667 1108 Rhodus,

2087 1129 2299 1194 Sicilia,
2338 1130 2574 1202 Cyprus.
2611 1131 2828 1193 Samos,
2863 1140 2998 1192 etc.:
3032 1143 3087 1187 et
3111 1135 3398 1203 scriptura:
3427 1135 3677 1206 (genera)

2085 1241 2204 1290 sex,
2236 1225 2456 1280 scilicet
2483 1224 2671 1280 Graeca
2698 1263 2713 1288 ,
2744 1224 2989 1280 Romana
3017 1269 3030 1288 ,
3064 1227 3394 1282 Armeniaca
3422 1269 3437 1292 ,
3475 1225 3680 1298 llispa.

2085 1319 2231 1385 nica,
2251 1317 2530 1380 Francica,
2553 1315 2857 1373 Darbanica
2886 1335 2902 1384 ;
2948 1325 3001 1373 ct
3026 1316 3258 1388 Japheto
3289 1333 3322 1374 e
3354 1318 3538 1374 ﬂuviis
3569 1318 3680 1390 56

2085 1407 2472 1479 grandioribus
2524 1405 2728 1478 Tigris.
2816 1407 2991 1462 Porro
3048 1423 3078 1462 a
3126 1409 3335 1463 diluvio
3387 1423 3559 1479 usque
3607 1409 3678 1464 ad

2086 1500 2501 1555 aediﬁcationem
2558 1498 2727 1555 turris
2807 1508 2861 1555 et
2917 1499 3232 1570 linguarum
3287 1501 3675 1557 confusionem

2087 1592 2214 1647 anni
2263 1599 2393 1647 sunt
2439 1592 2721 1662 quingenti
2761 1592 3036 1659 octngiuta
3087 1604 3319 1662 septem;
3352 1596 3422 1649 ab
3468 1594 3682 1650 Adamn

2088 1692 2268 1739 autem
2317 1682 2386 1737 ad
2443 1684 2638 1738 turrim
2672 1684 2950 1740 conditam
2985 1685 3116 1739 anni
3167 1685 3254 1740 bis
3303 1685 3455 1740 mille
3499 1686 3680 1741 octino

2088 1777 2234 1845 genti
2280 1776 2502 1843 triginta
2529 1787 2787 1847 quatuor.
2818 1775 3056 1834 Phaleko
3096 1786 3219 1848 post
3248 1793 3426 1833 annos
3453 1785 3677 1834 eentmn

396 1856 594 1926 singuli
627 1856 892 1912 tredecim
920 1857 1137 1914 cubitos
1169 1859 1341 1930 longi,
1375 1861 1564 1914 decem
1595 1861 1714 1926 lati,
1734 1875 1797 1916 ac
1828 1861 1990 1931 quin-
2019 1853 2060 1909 Β
2091 1867 2311 1938 triginta
2350 1877 2511 1922 natus
2547 1877 2633 1924 est
2663 1866 2821 1938 Ragu
2846 1885 2861 1932 ;
2891 1883 3040 1923 anno
3074 1877 3256 1924 autem
3309 1870 3432 1925 vita:
3456 1869 3683 1925 Phaleki

395 1968 505 2022 que
527 1953 620 2006 alti
646 1965 832 2008 essent
851 1968 879 2020 ;,
901 1953 1208 2024 urbemque
1250 1955 1392 2008 inter
1414 1952 1618 2024 Tyrum
1648 1963 1700 2010 et
1730 1953 1982 2010 Babelcm

396 2052 793 2100 exstruxerunt
813 2059 1011 2116 orgyas
1038 2046 1252 2117 longam
1278 2054 1582 2102 tercentum
1616 2056 1670 2101 et
1700 2045 1985 2107 tredecim.

398 2139 566 2192 latam
598 2147 816 2194 centum
853 2139 1250 2210 quinquaginta
1281 2155 1444 2196 unam
1481 2156 1495 2194 :
1530 2139 1691 2209 cujus
1717 2139 1858 2194 muri
1884 2139 1982 2194 alti

399 2245 603 2302 ogyras
655 2231 952 2302 quinquies
1004 2231 1155 2289 mille
1201 2233 1533 2304 quingentas
1576 2232 1798 2304 triginta
1827 2241 1985 2298 tres;

403 2325 499 2378 lati
535 2325 760 2394 triginta
796 2326 1140 2392 tresgturris
1180 2335 1361 2382 autem
1400 2341 1601 2397 orgyas
1627 2325 1813 2381 decies
1837 2325 1986 2381 mille

400 2417 510 2470 alta
539 2434 554 2470 :
582 2417 782 2487 quibus
813 2417 1160 2474 exstruendis
1177 2418 1540 2490 quadraginta
1568 2433 1740 2475 annos
1772 2417 1988 2474 insum-

400 2517 652 2573 pserunt.
713 2509 906 2565 Adhuc
974 2520 1156 2566 autem
1213 2510 1616 2566 aediﬁcantibus
1666 2510 1802 2581 ipsis
1858 2522 1991 2566 ecce

355 2619 374 2625 -α
402 2601 632 2658 immisit
664 2602 807 2659 Deus
839 2600 1093 2674 angelum
1131 2619 1161 2658 e
1195 2603 1336 2659 ccelo
1361 2603 1455 2671 qui
1488 2602 1706 2674 linguas
1737 2603 1985 2674 ipsorum

401 2693 803 2762 confunderet,
835 2705 889 2749 et
927 2693 1187 2752 dialectos
1234 2705 1518 2760 mutaret,
1570 2695 1708 2751 adeo
1752 2701 1812 2749 ut
1860 2709 1987 2749 cum

399 2786 526 2854 quis
556 2786 872 2854 loqueretur
911 2802 1018 2840 non
1057 2787 1384 2856 intelligeret
1413 2787 1558 2842 alius
1592 2787 1723 2858 quid
1757 2787 1985 2843 diceret.

399 2877 531 2932 Inde
561 2877 864 2947 appellatus
908 2889 992 2934 est
1019 2878 1174 2934 locus
1210 2879 1311 2935 iste
1341 2879 1529 2943 Bahel,
1563 2877 1711 2949 quod
1746 2877 1818 2932 ibi
1851 2891 1985 2932 con-

404 2972 541 3025 fusa:
571 2979 755 3025 essent
793 2971 990 3043 lingua:
1035 2985 1053 3030 ε,
1091 2981 1257 3039 atque
1297 2975 1371 3027 ita
1403 2969 1638 3043 dispersi
1675 2971 1898 3026 fuerunt
1929 2971 1986 3025 in

400 3062 785 3132 terra;idque
819 3078 962 3122 anno
1013 3080 1042 3118 a
1091 3064 1328 3120 Phaleko
1380 3073 1510 3123 nato
1561 3064 1990 3134 quadragesimo

403 3162 580 3210 sexto.
618 3153 690 3207 Ex
726 3152 834 3209 illis
866 3166 1049 3209 autem
1083 3156 1428 3227 septuaginta
1485 3163 1539 3210 et
1583 3153 1799 3210 duobus
1831 3150 1987 3216 viris,

402 3255 562 3300 erant
595 3263 625 3300 e
661 3246 786 3301 ﬁliis
839 3245 987 3300 Scmi
1033 3247 1225 3318 viginti
1283 3248 1572 3318 quinque,
1625 3245 1718 3316 qui
1760 3244 1831 3300 ab
1882 3243 1991 3298 Eu-

407 3339 603 3418 phrate
627 3349 674 3392 et
698 3336 872 3392 Musa!
903 3337 970 3392 ad
1001 3347 1308 3394 extremum
1337 3354 1510 3409 usque
1531 3336 1809 3394 Orientem
1842 3334 1994 3389 habi-

406 3440 595 3483 tarunt
633 3448 645 3483 :
691 3445 720 3485 e
757 3431 954 3497 quibus
986 3439 1115 3486 sunt
1149 3430 1272 3504 Syri
1305 3471 1319 3493 ,
1374 3430 1570 3486 incolae
1603 3430 1770 3500 Diyar
1805 3425 1993 3482 Rabia:

405 3535 459 3576 et
494 3522 920 3591 Mes0potamiae,
953 3522 1292 3589 Jarmakani,
1330 3522 1566 3577 Chaldazi
1599 3522 1819 3593 (incola:
1884 3519 1993 3576 sci-

407 3615 532 3668 licet
563 3614 797 3683 Babelis)
826 3624 879 3670 et
913 3614 1150 3687 (populi)
1201 3616 1401 3671 Persia:
1424 3657 1439 3682 ,
1473 3625 1527 3670 et
1555 3615 1837 3670 Chorasan
1866 3653 1881 3678 ,
1930 3622 1986 3669 et

407 3705 732 3778 Pharganab
759 3745 774 3771 ,
803 3715 857 3762 et
882 3699 1124 3773 Sindim,
1153 3717 1206 3763 et
1234 3706 1423 3774 Indiae,
1457 3717 1511 3761 et
1544 3705 1739 3762 insulae
1768 3705 1864 3760 Sin
1897 3744 1912 3768 ,
1943 3713 1997 3758 ct

408 3798 643 3862 Hebraei,
681 3808 734 3853 ct
766 3799 1007 3870 (incola)
1037 3797 1271 3862 Yaman.
1299 3811 1352 3855 et
1379 3798 1672 3871 Al-Payef,
1705 3811 1760 3853 et
1786 3797 1995 3852 Al-Ya—

410 3889 652 3956 mamah,
683 3898 739 3948 et
760 3881 1117 3954 Al48ahrain,
1142 3897 1197 3945 et
1223 3891 1440 3946 diversa
1480 3890 1720 3945 Arabum
1755 3903 1952 3959 genera
1979 3906 1995 3957 ;

409 3990 646 4050 suntque
678 3981 810 4050 ipsis
863 3982 1152 4051 scriptura:
1182 3992 1582 4052 generaocto;
1636 3980 1849 4035 scilicet
1879 3979 1996 4036 He?

410 4073 622 4137 braica,
660 4071 910 4142 Syriaca,
947 4071 1187 4135 Persica,
1215 4071 1422 4134 Indica,
1451 4069 1702 4126 Chaldma
1747 4069 1892 4136 (quae
1935 4076 1990 4123 et

411 4165 768 4236 Babylonica)
804 4163 1076 4226 Sinensis,
1109 4160 1532 4234 llamyarensis;
1569 4161 1814 4233 53-55
1861 4162 1998 4216 Ara-

411 4259 535 4312 bica
571 4274 586 4311 :
621 4265 859 4326 suntque
891 4256 1054 4313 Semo
1106 4255 1260 4312 ﬂuvii
1306 4255 1543 4327 majores
1591 4255 1897 4329 Euphrates
1945 4261 1999 4308 ct

413 4349 614 4403 fluvius
647 4347 840 4403 Balch.
1146 4378 1155 4387 -
1753 4415 1756 4418 ,

488 4438 528 4492 E
560 4439 687 4501 filiis
735 4449 917 4517 autem
967 4438 1126 4493 Hami
1159 4439 1256 4493 viri
1295 4439 1520 4508 triginta
1551 4439 1682 4502 duo,
1713 4438 1804 4508 qui
1839 4438 1996 4490 inco-

2091 1958 2370 2015 tricesimo
2403 1967 2560 2016 sexto
2613 1959 2752 2015 obiit
2793 1959 3010 2015 Kainan
3037 1999 3054 2026 ,
3113 1975 3302 2020 mense
3349 1960 3434 2015 Ab
3469 1960 3586 2030 (qui
3617 1969 3677 2014 et

2090 2051 2290 2109 hleshri
2337 2052 2444 2122 est)
2490 2052 2702 2121 fuitque
2737 2052 2846 2106 vita
2888 2053 3064 2122 ipsius
3093 2067 3364 2108 annorum
3399 2051 3676 2123 quadrin-

2089 2154 2377 2216 gentorum
2415 2152 2470 2200 et
2500 2143 2746 2213 triginta.
2779 2142 3093 2214 Totumque
3123 2146 3270 2212 quod
3306 2143 3442 2197 vixit
3476 2142 3682 2198 Phalclt

2088 2237 2216 2291 anni
2257 2243 2562 2291 tercentum
2599 2235 2826 2306 triginta
2862 2250 3084 2290 novem.
3114 2235 3290 2306 Ragu,
3326 2243 3451 2306 post
3486 2251 3668 2290 annos

2089 2336 2310 2383 centum
2342 2325 2563 2398 triginta
2588 2326 2752 2392 duos,
2781 2334 2942 2382 natus
2970 2333 3058 2382 est
3081 2324 3317 2389 Sharua,
3345 2326 3508 2397 cujus
3525 2335 3683 2380 tem-

2090 2419 2315 2488 poribus
2347 2419 2640 2474 coluerunt
2675 2417 2930 2475 homines
2962 2415 3128 2480 idola,
3163 2431 3499 2486 unoquoque
3525 2416 3684 2487 quod

2090 2509 2196 2564 sibi
2226 2508 2478 2564 alliberet
2507 2509 2726 2564 colente
2761 2519 2817 2564 et
2849 2507 3139 2565 adorante.
3176 2505 3425 2562 Fuerunt
3453 2523 3584 2576 ergo
3609 2522 3682 2562 cx

2092 2601 2231 2670 ipsis
2256 2599 2347 2655 alii
2376 2599 2472 2670 qui
2506 2600 2732 2663 ccelum,
2761 2599 2854 2655 alii
2882 2599 2976 2670 qui
3001 2598 3199 2662 solem,
3233 2598 3324 2652 alii
3347 2599 3440 2668 qui
3467 2599 3684 2664 lunam,

2089 2692 2181 2746 alii
2221 2690 2315 2763 qui
2348 2690 2540 2747 stellas
2567 2731 2581 2758 ,
2615 2689 2708 2746 alii
2740 2689 2833 2760 qui
2867 2680 3146 2752 volucres,
3175 2689 3267 2742 alii
3299 2689 3393 2757 qui
3437 2698 3686 2754 terram,

2090 2783 2184 2840 alii
2205 2783 2313 2855 ,qui
2351 2782 2518 2849 feras,
2551 2781 2641 2838 alii
2682 2783 2775 2854 qui
2825 2780 3022 2838 ﬂuvios
3058 2822 3075 2848 ,
3122 2781 3214 2838 alii
3267 2781 3362 2850 qui
3399 2780 3630 2836 arbores
3657 2819 3679 2852 ,

2091 2876 2182 2930 alii
2217 2875 2310 2946 qui
2341 2883 2556 2931 montes
2584 2874 2863 2943 colerent;
2901 2874 2992 2928 alii
3023 2873 3117 2946 qui
3150 2873 3218 2929 ad
3249 2871 3679 2930 similitudinem

2091 2967 2265 3040 patris
2299 2975 2396 3023 aut
2430 2967 2625 3024 matris
2654 2967 2762 3033 sui,
2799 2976 2895 3023 aut
2921 2967 3040 3037 ejus
3069 2981 3232 3037 quem
3265 2981 3329 3022 ex
3363 2965 3468 3021 sibi
3499 2963 3693 3020 charis

2091 3060 2302 3116 honore
2336 3066 2824 3130 prosequerentur,
2861 3074 2985 3114 cum
3037 3065 3291 3117 mortuus
3339 3064 3512 3119 esset,
3551 3058 3683 3111 ima-

2099 3155 2282 3226 ginem
2316 3152 2622 3208 conﬂarent
2651 3166 2814 3222 quam
2855 3151 3131 3214 colerent,
3173 3165 3237 3204 ac
3272 3149 3375 3204 sibi
3418 3150 3471 3203 in
3512 3148 3684 3202 Deum

2099 3255 2487 3309 assumercnt;
2533 3244 2626 3298 alii
2663 3244 2755 3314 qui
2807 3243 3100 3312 imaginem
3139 3257 3204 3296 ex
3239 3256 3397 3306 auro,
3431 3247 3684 3309 argento,

2098 3332 2300 3404 lapide,
2344 3343 2436 3386 aut
2468 3333 2617 3404 ligno
2659 3332 3020 3389 conﬁcerent.
3047 3330 3214 3385 Primi
3245 3341 3426 3387 autem
3461 3331 3564 3386 hoc
3599 3328 3688 3386 fe-

2097 3432 2297 3484 cerunt
2347 3423 2619 3495 IEgyptii,
2669 3421 2980 3494 Babylonii,
3031 3419 3258 3486 Franci,
3314 3429 3371 3478 et
3429 3423 3694 3480 locorum

2103 3512 2511 3570 maritimorum
2561 3512 2781 3568 incola.
2813 3511 3025 3568 Dicitur
3073 3515 3238 3568 etiam
3274 3513 3464 3568 cultus
3501 3513 3685 3569 idolo.-

2100 3624 2221 3663 rum
2255 3607 2523 3677 originem
2578 3607 2716 3662 hanc
2761 3603 2957 3666 fuisse.
3002 3605 3147 3675 quod
3197 3620 3322 3661 cum
3374 3617 3692 3667 moreretur

2101 3703 2244 3770 apud
2276 3700 2399 3769 illos
2435 3699 2710 3770 quispiam
2748 3698 3041 3768 imaginem
3091 3699 3156 3754 ad
3208 3699 3329 3768 ejus
3365 3698 3688 3755 similitudi-

2101 3809 2225 3849 nem
2259 3793 2504 3865 57-59
2533 3792 2826 3850 conﬂatam
2860 3794 3074 3848 tumulo
3105 3793 3278 3864 ipsius
3309 3795 3686 3863 imponerent,

2101 3903 2210 3958 quo
2254 3889 2437 3943 minus
2480 3886 2742 3943 oblivioni
2796 3886 3110 3942 traderetur
3154 3887 3419 3942 memoria
3468 3885 3694 3956 ipsius.

2102 3981 2230 4051 (qua
2260 3980 2496 4049 ratione)
2529 3981 2751 4051 impleta
2779 3988 2864 4037 est
2897 3989 3040 4036 terra
3071 3979 3269 4036 idolis:
3298 3980 3542 4036 virorum
3574 3981 3690 4036 sci-

2102 4077 2250 4140 licet,
2294 4072 2620 4129 feminarum
2652 4080 2706 4128 et
2736 4087 3030 4142 puerorum
3067 4071 3403 4127 simulacris.

2169 4165 2373 4223 Eodem
2405 4174 2648 4237 tempore
2681 4181 2805 4222 cum
2838 4173 3092 4221 mortuus
3143 4171 3292 4219 esset
3338 4166 3422 4218 vir
3457 4164 3694 4235 quidam

2103 4257 2276 4321 dives,
2315 4257 2459 4313 filius
2493 4258 2672 4330 ipsius
2709 4265 2945 4313 statuam
2983 4258 3125 4324 sibi,
3175 4257 3242 4311 ad
3274 4257 3446 4328 patris
3476 4257 3561 4313 sui
3615 4259 3698 4313 sia

2105 4349 2469 4404 militudincm
2529 4349 2859 4416 confccmm,
2904 4350 3111 4405 tumulo
3156 4349 3329 4423 ipsius
3373 4349 3690 4420 "imposuit,

2104 4444 2376 4500 collocato
2398 4443 2559 4500 etiam
2590 4443 2660 4497 ibi
2691 4459 2850 4499 servo
2870 4444 2964 4515 qui
2996 4443 3172 4512 ipsam
3199 4443 3524 4507 custodiret.
3549 4441 3694 4500 Cum

413 4531 638 4588 luerunt
666 4512 901 4601 Syriam,
937 4545 1057 4601 qua!
1086 4537 1142 4584 et
1170 4537 1313 4584 terra
1351 4529 1695 4584 Cllallamtaaa
1743 4529 1887 4582 dicta
1917 4540 1999 4581 εει
2032 4541 2076 4594 ι)
2105 4535 2460 4590 advenientes
2509 4534 2707 4589 deinde
2743 4512 2903 4591 fures
2924 4533 3192 4606 quidquid
3234 4533 3347 4590 ﬁlio
3382 4533 3527 4588 domi
3575 4547 3692 4589 suae
3730 4512 3748 4520 ἒ

416 4625 580 4694 (quod
613 4631 762 4678 esset
790 4623 962 4677 Hamo
985 4621 1129 4677 ﬁlius
1158 4623 1244 4676 cui
1283 4637 1484 4677 nomen
1507 4620 1788 4688 Chanaan)
1821 4634 1997 4689 usque

414 4717 480 4771 ad
507 4724 791 4771 extremos
827 4715 1141 4770 Occidentis
1165 4715 1470 4770 terminos:
1497 4723 1733 4782 suntque
1766 4728 1829 4768 ex
1865 4711 1998 4781 ipsis

413 4809 740 4865 Chanaanaei
763 4850 778 4876 ,
817 4809 1076 4864 Philistzei
1105 4849 1120 4872 ,
1155 4809 1346 4863 incon
1375 4807 1591 4878 [Egypti
1617 4847 1632 4870 ,
1661 4806 1936 4875 liophtitze
1968 4845 1982 4868 ,

415 4903 644 4966 Marisii,
665 4901 883 4956 diversa
913 4901 1251 4971 Nigritarum
1285 4915 1508 4970 genera,
1543 4899 1856 4967 Ethiopes,
1889 4897 2002 4952 Nu-

417 4995 657 5057 hieuses,
705 4993 1044 5062 Al-Bajaitae,
1097 4993 1372 5059 Al-Zenii,
1420 4992 1685 5056 Al-Zotti,
1721 4991 1949 5045 Karrani
1983 5030 1996 5054 ,

420 5086 727 5148 Samaritae,
761 5085 1073 5148 Al-Zabcii,
1107 5085 1523 5154 Al-Mogrebini,
1560 5083 1808 5143 Barbari.
1837 5084 2004 5139 Sunt-

415 5193 524 5245 que
579 5177 688 5231 illis
738 5177 932 5232 insul;e
979 5177 1170 5244 viginti
1219 5191 1337 5239 sex,
1375 5193 1404 5232 e
1443 5176 1642 5246 quibus
1697 5175 1951 5231 Sardinia
1983 5216 1998 5240 ,

419 5271 578 5324 blatta
603 5314 616 5333 ,
647 5269 808 5326 Creta
833 5312 847 5332 ,
889 5279 945 5325 ct.
978 5285 1106 5340 pars
1153 5269 1350 5324 insula:
1402 5269 1602 5341 Cypri.
1655 5282 1778 5323 cum
1835 5269 2002 5334 aliis;

351 5368 355 5373 ’
420 5364 706 5434 scriptura:
733 5371 913 5418 autem
949 5365 1193 5434 (general
1229 5380 1320 5420 sex
1351 5381 1365 5417 :
1398 5363 1629 5420 scilicet
1656 5362 2002 5433 Egyptiaca,

425 5455 751 5524 Nubiensis,
785 5455 1121 5528 Aithiopica,
1157 5456 1423 5513 Francica
1460 5498 1474 5521 ,
1514 5456 1755 5524 Punica,
1785 5455 2008 5511 Kauke-

429 5551 558 5605 lica.
599 5551 770 5604 Porro
799 5549 973 5605 Hanno
1003 5565 1032 5605 e
1060 5549 1240 5605 ﬂuviis
1269 5550 1653 5621 grandioribus
1684 5543 1860 5605 Nilus.
1905 5549 2011 5605 Eo-

424 5661 550 5698 rum
599 5645 839 5714 deniquc
874 5660 904 5699 c
939 5643 1067 5699 ﬁliis
1114 5642 1313 5715 Japhet
1369 5644 1470 5699 viri
1522 5640 1861 5714 quindecim,
1916 5643 2009 5713 qui

427 5735 742 5789 habitarunt
774 5749 802 5788 a
826 5733 975 5806 Tigri
997 5752 1173 5808 usque
1191 5735 1258 5792 ad
1284 5746 1559 5793 extremas
1586 5734 1624 5789 S
1646 5733 2009 5805 eptentriouis

429 5834 648 5894 partes;
693 5834 933 5898 suntque
966 5845 1030 5884 cx
1090 5828 1225 5900 ipsis
1275 5829 1471 5887 Turcze
1498 5873 1513 5898 ,
1567 5825 1874 5895 Al~Baitac,
1915 5826 2008 5882 ΑΙ·

2107 4625 2208 4680 fuit
2237 4626 2670 4696 subripuissent,
2697 4626 2972 4696 profectus
2999 4625 3177 4696 illejad
3202 4625 3375 4697 patris
3400 4625 3485 4681 sui
3509 4634 3695 4680 tumu-

2105 4720 2215 4774 lu'n
2257 4719 2385 4774 ﬂere
2414 4729 2467 4774 et
2506 4719 2771 4786 conqueri
2799 4719 2942 4788 apud
2976 4711 3216 4774 statuam
3243 4720 3403 4774 istam
3443 4732 3692 4783 auream,

2106 4811 2262 4880 quasi
2311 4809 2455 4880 apud
2502 4817 2710 4879 patrem
2765 4825 2954 4866 suum.
2991 4810 3278 4865 Allocutus
3328 4826 3459 4882 ergo
3513 4811 3695 4880 ipsum

2107 4901 2358 4960 diabolus
2389 4918 2419 4957 e
2446 4909 2634 4957 ventre
2673 4910 2866 4957 statuae
2892 4917 2908 4956 :
2935 4899 3012 4957 Ne
3039 4900 3192 4967 ﬂeas,
3228 4901 3424 4973 inquit,
3452 4902 3538 4957 abi
3574 4913 3700 4956 tan-

2109 5004 2246 5055 tum,
2278 5001 2332 5048 et
2362 4993 2523 5048 allato
2549 4992 2657 5048 ﬁlio
2685 5001 2780 5046 tuo
2813 5001 2943 5046 natu
2981 4993 3208 5048 minimo
3239 4995 3416 5063 ipsum
3446 4993 3578 5046 mihi
3628 4991 3686 5045 in

2111 5085 2441 5141 sacriﬁcium
2467 5094 2715 5140 mactans
2741 5087 3006 5155 sanguine
3026 5086 3145 5154 ejus
3170 5084 3370 5140 calenti
3399 5094 3450 5139 te
3477 5083 3697 5147 abluas,

2112 5179 2185 5233 ita
2250 5179 2363 5245 (ﬁet
2405 5179 2482 5247 ut)
2515 5194 2615 5246 ego
2654 5175 2840 5232 omnia
2885 5172 2983 5232 tibi
3021 5193 3145 5247 qua:
3187 5177 3492 5248 perdideris
3539 5177 3703 5232 resti-

2114 5279 2285 5324 tuam.
2335 5268 2471 5324 Cum
2503 5283 2635 5338 ergo
2681 5267 2773 5323 ille
2819 5266 2993 5326 ﬁlium
3031 5281 3192 5326 suum
3241 5265 3463 5321 allatum
3511 5280 3700 5320 coram

2115 5362 2258 5417 idolo
2309 5367 2624 5425 mactasset,
2679 5359 2912 5430 ejusque
2966 5359 3234 5430 sanguine
3287 5373 3346 5413 se.
3399 5357 3700 5422 abluisset,

2114 5470 2368 5525 egressus
2402 5469 2466 5508 ex
2501 5451 2649 5508 idolo
2678 5451 2956 5516 diabolus,
2991 5451 3385 5519 hominemque
3423 5450 3576 5504 illum
3609 5450 3702 5504 in-

2117 5561 2366 5620 gressus,
2389 5547 2564 5616 ipsum
2600 5543 2906 5616 praestigias
2929 5553 2982 5599 et
3005 5543 3410 5597 incantamenta
3436 5541 3693 5597 edocuit:

2120 5650 2284 5708 atque
2313 5636 2442 5692 hinc
2493 5646 2783 5707 coeperunt
2830 5633 3081 5691 homines
3115 5633 3259 5692 ﬁlios
3305 5649 3436 5690 suos
3466 5632 3702 5689 diabolis

2121 5742 2384 5794 mactare,
2415 5742 2470 5785 et
2499 5729 2792 5801 prmstigiis
2817 5728 2944 5801 (uti)
2976 5727 3306 5784 didicerunt.

2194 5824 2364 5883 Porro
2389 5822 2581 5881 diebus
2609 5821 2759 5897 Ragu
2785 5822 2988 5880 multos
3018 5834 3195 5878 annos
3241 5816 3486 5894 regnavit
3516 5813 3702 5890 regina
