4076 6412
368 386 463 451 9’21

1809 401 2016 463 ANNA
2028 404 2190 477 LES.

3530 413 3641 477 9‘2?!

372 509 529 565 Saba:
552 546 567 573 ,
599 520 662 561 ea
699 520 820 577 qua:
848 506 1037 563 urbem
1068 505 1268 564 Sabam
1303 509 1572 568 condidit.
1606 509 1738 567 Post
1777 518 1944 582 quam
1975 532 2023 589 Α
2051 515 2343 583 accedens,
2380 518 2558 590 ipsum
2598 521 2953 578 adoraverit:
2987 522 3171 594 ibique
3205 526 3496 594 queuulam
3527 536 3643 583 sta-

367 601 483 655 urbi
517 600 693 665 Saba,
732 616 904 670 usque
942 602 1006 655 ad
1040 615 1269 671 regnum
1298 600 1612 677 Salomonis
1641 601 1739 657 ﬁlii
1783 602 1947 658 Davi-

366 696 472 761 dis,
498 697 759 751 continue
786 699 1126 768 imperarunt
1150 699 1261 771 60
1292 698 1527 755 feminae.
1553 700 1753 757 Diebus
1778 702 1945 756 etiam

368 787 516 859 Ragu
558 789 811 861 regnavit
849 791 1039 846 Karon
1071 792 1165 862 qui
1208 792 1400 847 urbem
1432 792 1635 848 Ukinin
1668 792 1944 849 condidit.

366 881 559 937 Fertur
601 891 783 936 autem
815 885 992 953 ipsum
1021 883 1285 941 lateribus
1316 900 1382 941 ex
1415 902 1551 940 auro
1589 889 1712 942 fuso
1736 886 1946 943 conﬁa-

274 1038 289 1051 ⁸
368 975 436 1028 tis
483 974 674 1030 urbem
729 973 933 1031 Ultinin
989 979 1360 1035 exstruxisse.
1419 978 1582 1033 Anno
1624 980 1745 1035 vitae
1796 980 1946 1052 Ragu

365 1070 711 1137 sexagesimo
770 1078 926 1125 sexto
990 1079 1244 1127 mortuus
1302 1078 1385 1127 est
1453 1071 1711 1138 Shalech,
1762 1088 1950 1129 mense

364 1159 645 1230 Adar(qui
678 1168 764 1215 est
791 1161 1140 1234 Bermabut,)
1177 1179 1302 1218 cum
1337 1164 1567 1220 vixisset
1596 1181 1774 1222 annos
1807 1182 1939 1235 qua-

366 1249 690 1321 dringentos
716 1262 771 1307 et
818 1254 1125 1323 sexaginta.
1159 1253 1358 1310 Totum
1394 1267 1575 1311 autem
1620 1257 1769 1328 quod
1816 1258 1951 1312 vixit

364 1342 516 1415 Ragn
549 1359 820 1415 annorum
849 1354 968 1402 erat
1006 1356 1310 1402 tercentum
1347 1348 1567 1418 triginta
1594 1364 1810 1405 novem.
1846 1350 1950 1403 Sa-

367 1454 525 1507 rugo,
555 1450 678 1510 post
704 1455 883 1496 annos
910 1449 1131 1496 centum
1162 1450 1218 1496 et
1253 1441 1500 1513 triginta,
1525 1449 1688 1497 natus
1724 1452 1810 1497 est
1838 1441 1950 1498 Na.

366 1532 532 1599 cbor;
560 1546 704 1591 anno
735 1541 918 1589 autem
951 1534 1080 1587 vita:
1114 1532 1309 1604 Sarugi
1364 1534 1706 1604 sexagesimo
1745 1544 1944 1591 octavo

362 1623 498 1678 obiit
543 1623 686 1680 Eber
729 1638 918 1681 mense
966 1624 1164 1681 Canun
1200 1625 1472 1690 secundo,
1510 1627 1626 1699 (qui
1666 1632 1721 1681 et
1760 1625 1946 1681 Tubah

363 1716 536 1789 audit)
569 1733 695 1773 cum
729 1717 960 1774 vixisset
986 1732 1160 1774 annos
1191 1718 1637 1788 quadringentos
1664 1719 1951 1790 sexaginta

360 1820 617 1882 quatuor.
653 1812 926 1882 Antioque
971 1812 1096 1867 vita:
1125 1810 1324 1883 Sarugi
1363 1812 1774 1883 septuagesimo
1809 1827 1944 1880 sep-

2056 608 2222 661 tuerit
2254 610 2348 679 qui
2383 610 2495 681 igni
2526 612 2835 679 inserviret,
2870 614 3029 685 eique
3064 616 3192 672 thus
3225 617 3474 693 injiceret
3505 637 3518 673 :
3550 629 3640 675 at-

2054 714 2162 769 que
2202 715 2266 755 ex
2297 716 2364 756 co
2397 712 2640 772 tempore
2684 715 2972 774 coeperunt
3027 707 3172 779 magi
3215 707 3394 778 ignem
3437 711 3639 780 colere,

2049 806 2288 864 eumque
2337 794 2589 853 adorare.
2631 795 2766 853 Fuit
2799 807 2984 854 autem
3018 800 3153 868 viri,
3196 818 3357 872 quem
3410 804 3477 857 ad
3529 806 3641 875 igni

2051 883 2427 944 famulandum
2460 891 2747 946 constituit
2775 890 3023 958 Nitnrod,
3055 909 3255 951 nomen
3293 895 3589 954 Audcshau
3621 916 3638 966 ;

2052 977 2160 1045 cui,
2188 993 2219 1033 e
2253 980 2432 1035 medio
2473 981 2621 1051 ignis
2658 983 2839 1053 ipsum
2872 985 3172 1051 allocutus,
3198 988 3453 1045 diabolus
3479 991 3639 1047 dixit:

2051 1067 2170 1125 Non
2238 1081 2423 1141 potest
2474 1074 2598 1144 quis
2649 1074 2759 1145 igni
2810 1076 3259 1142 inservit-erant
3324 1081 3642 1149 religionem

2054 1176 2232 1216 meam
2264 1164 2572 1230 addiscere,
2606 1168 2711 1221 nisi
2749 1169 2903 1239 prius
2928 1184 3055 1224 cum
3108 1180 3285 1227 matre
3320 1187 3454 1238 sua,
3486 1189 3645 1229 soro-

2052 1268 2222 1326 reque
2250 1264 2305 1311 et
2340 1257 2449 1314 ﬁlia
2499 1274 2615 1315 rem
2667 1260 2944 1316 habuerit.
2976 1260 3134 1320 Fecit
3164 1279 3298 1335 ergo
3349 1266 3645 1322 Andeshan

2053 1350 2201 1405 sicut
2226 1350 2369 1407 dixit
2394 1352 2500 1423 ipsi
2535 1352 2824 1422 diabolus;
2859 1364 3026 1426 atque
3057 1358 3254 1414 exinde
3287 1358 3460 1425 (soliti
3490 1360 3641 1423 sunt)

2054 1458 2339 1513 magorum
2378 1446 2692 1500 sacerdotes
2723 1461 2847 1500 cum
2903 1449 3195 1515 matribus,
3231 1451 3514 1505 sororibus
3536 1489 3552 1514 ,
3590 1458 3645 1504 et

2055 1532 2269 1588 ﬁliabus
2306 1535 2421 1589 suis
2454 1550 2564 1588 rem
2597 1536 2817 1592 habere.
2847 1536 3063 1593 Primus
3094 1548 3277 1595 autem
3316 1539 3481 1610 hujus
3515 1557 3639 1596 scn-

2055 1624 2237 1679 tentiae
2272 1636 2464 1681 auctor
2500 1625 2603 1680 fuit
2635 1626 2931 1684 Audeshan
2986 1629 3114 1686 iste.
3151 1631 3325 1687 Porro
3375 1634 3645 1688 exstruxit

2054 1713 2246 1770 Nimro
2268 1716 2305 1780 l,
2331 1717 2649 1787 Aderbijan,
2683 1718 2959 1783 Babelem,
2996 1718 3240 1776 Nineven
3263 1759 3280 1780 ο
3320 1721 3520 1786 Rasen,
3552 1739 3645 1777 ur-

2056 1808 2264 1879 besque
2311 1824 2474 1879 quam
2526 1810 2822 1880 plurimas.
2857 1809 3061 1866 Totum
3111 1820 3292 1867 autem
3328 1813 3473 1883 quod
3509 1813 3644 1868 vixit

363 1906 515 1969 timo,
552 1904 691 1960 obiit
714 1903 985 1969 Phalech,
1019 1920 1209 1961 mense
1244 1904 1346 1959 llul
1379 1905 1493 1976 (qui
1526 1915 1580 1962 et
1625 1904 1794 1971 'l‘hut)
1820 1918 1945 1959 cum
1983 1898 2026 1956 Β
2055 1900 2304 1955 Tharecb
2361 1901 2493 1956 anni
2545 1913 2679 1957 sunt
2731 1902 2949 1958 ducenti
3016 1904 3306 1975 sexaginta
3358 1906 3601 1976 quinque
3626 1947 3642 1971 ,

359 1998 587 2052 vixisset
631 2011 809 2053 annos
866 2005 1143 2052 trecentos
1193 1996 1419 2068 triginta
1477 2012 1697 2056 novem.
1753 1996 1951 2053 Totum

366 2096 544 2143 autem
574 2087 721 2157 quod
754 2087 894 2143 vixit
934 2086 1114 2159 Sarug
1149 2089 1279 2143 anni
1327 2098 1458 2144 sunt
1501 2090 1730 2144 trecenti
1766 2095 1822 2144 et
1853 2087 1953 2143 tri-

359 2180 532 2251 ginta.
573 2178 826 2236 Nachoro
857 2188 980 2250 post
1025 2196 1206 2236 annos
1232 2180 1580 2252 septuaginta
1620 2196 1814 2237 novem
1846 2197 1954 2237 na-

360 2283 447 2329 tus
478 2282 561 2329 est
593 2274 847 2330 Tharech
875 2290 891 2342 ;
921 2276 1153 2345 ejusque
1196 2274 1393 2331 diebus
1428 2274 1785 2344 multiplicati
1817 2282 1952 2331 sunt

361 2368 629 2437 gigantes.
686 2366 923 2437 Fuitque
957 2369 1071 2423 Aad
1124 2369 1271 2425 ﬁlius
1315 2369 1524 2437 Arami,
1576 2369 1718 2425 ﬁlius
1760 2368 1947 2436 Semi,

361 2459 505 2513 ﬁlius
542 2457 671 2514 Noae
707 2476 721 2512 ε
766 2459 869 2513 sub
894 2458 1088 2513 eodem
1123 2452 1391 2514 institutae
1418 2467 1550 2514 sunt
1594 2473 1865 2516 mensura:
1894 2467 1952 2514 et

360 2552 625 2621 pondera.
674 2553 811 2621 Ejus
851 2554 1019 2608 etiam
1062 2562 1311 2623 tempore
1343 2552 1550 2609 accidit
1603 2561 1949 2609 terraemotus

358 2643 614 2716 insignis,
643 2644 969 2708 vehemens,
1000 2658 1128 2698 cum
1178 2643 1363 2700 nullus
1395 2652 1554 2700 antea
1603 2650 1950 2700 terrmmotus

361 2735 577 2800 fuisset,
606 2736 771 2805 idque
797 2736 941 2804 quod
971 2734 1062 2791 ubi
1096 2735 1450 2805 multiplicati
1478 2732 1978 2797 essentidololatraa

356 2829 450 2899 qui
483 2830 625 2885 ﬁlios
651 2844 785 2886 suos
833 2838 887 2885 et
932 2826 1083 2885 ﬁlias'
1118 2829 1411 2885 daemoniis
1440 2829 1814 2895 immolarent,
1841 2829 1946 2885 im-

354 2925 598 2980 mitteret
625 2924 679 2978 in
734 2922 885 2993 ipsos
937 2934 1164 2981 ventum
1224 2924 1635 2995 procellosum,
1684 2931 1945 2991 essetque

353 3016 517 3071 turbo
540 3016 634 3086 qui
672 3016 811 3072 idola
858 3019 1044 3072 omnia
1077 3018 1469 3088 contingeret,
1504 3028 1813 3084 eorumque
1843 3013 1942 3067 de-

356 3109 514 3164 lubra
547 3110 826 3176 dirueret;
857 3111 1110 3182 61-63
1135 3110 1274 3165 adeo
1320 3116 1382 3163 ut
1427 3107 1673 3178 pulveris
1720 3105 1946 3161 tumulis

352 3199 746 3265 obruerentur;
777 3200 871 3270 qui
901 3203 1201 3256 etiamnum
1232 3201 1532 3257 exsistunt.

425 3292 582 3347 Auno
608 3302 787 3347 autem
822 3293 945 3348 vita:
967 3292 1208 3363 Nachori
1242 3294 1649 3363 septuagesimo
1684 3295 1930 3363 septimo

355 3394 609 3440 mortuus
647 3395 735 3440 est
755 3385 933 3456 Bagu,
967 3402 1158 3442 mense
1187 3386 1355 3442 Nisan
1388 3388 1505 3458 (qui
1537 3386 1677 3440 idem
1708 3395 1790 3443 est
1820 3387 1949 3441 Bar-

354 3476 584 3546 mudah)
614 3493 740 3532 cum
773 3494 951 3534 annos
981 3489 1262 3535 trecentos
1298 3481 1523 3551 triginta
1557 3495 1750 3536 novem
1775 3480 1951 3534 vixis-

352 3577 455 3623 set.
496 3558 750 3639 Ejusdem
801 3578 1047 3640 tempore
1095 3570 1278 3626 ﬁoruit
1310 3572 1395 3626 vir
1432 3571 1653 3640 quidam
1688 3572 1945 3641 (origine)

352 3661 543 3725 Persa,
575 3663 796 3717 nomine
826 3661 1135 3718 Zorodasht
1162 3704 1177 3727 ,
1206 3662 1299 3731 qui
1336 3663 1617 3733 religionis
1650 3662 1943 3717 Sabiorum

361 3762 555 3809 auctor
596 3754 742 3817 fuit,
801 3765 1063 3825 regnante
1120 3757 1173 3809 in
1226 3755 1410 3812 Persia
1466 3772 1591 3827 rege
1646 3755 1948 3810 Tachmurt

352 3841 647 3911 appellato.
712 3843 1017 3899 Antumant
1055 3860 1184 3900 vero
1234 3845 1480 3899 nonnulli
1533 3846 1766 3914 primum
1812 3846 1944 3899 reli-

356 3936 536 4005 gionis
572 3935 862 3991 Sabiorum
897 3948 1180 3993 auctorem
1220 3937 1395 3992 fuisse
1442 3938 1693 3992 Graecum
1744 3954 1946 4008 quem-

265 4095 277 4103 .
354 4027 477 4081 dam
510 4028 734 4083 nomine
764 4027 969 4092 Junan,
1005 4027 1332 4085 Jearakliusi
1370 4028 1566 4093 ﬁlium,
1599 4030 1760 4099 cujus
1784 4030 1943 4087 sedes

350 4118 457 4173 fuit
482 4120 649 4191 Alyas
680 4136 696 4175 :
725 4129 781 4175 at
804 4121 959 4190 juxta
982 4122 1121 4175 alios
1154 4122 1255 4175 fuit
1282 4137 1347 4176 ex
1380 4121 1516 4176 urbe
1539 4121 1940 4187 Al-Zaitunah,

348 4225 474 4280 quat
495 4211 717 4266 condita
744 4221 827 4266 est
859 4213 913 4266 in
940 4212 1278 4267 Athenarum
1315 4214 1608 4283 (regione.)
1636 4212 1808 4269 Graeci
1839 4230 1943 4270 au-

355 4318 464 4358 tcm
506 4305 667 4374 primi
720 4304 865 4360 hanc
902 4305 1249 4385 (sententiam
1287 4306 1523 4375 amplexi
1561 4317 1732 4373 sunt,
1768 4307 1962 4385 deque’

347 4405 630 4452 astrorum
693 4382 955 4461 scientia,
1009 4413 1075 4452 ac
1132 4398 1348 4452 orbimu
1427 4398 1735 4454 caelestium
1787 4409 1941 4455 motu

347 4489 521 4542 libros
554 4488 755 4543 multos
792 4490 1266 4561 conscripserunt.
1308 4490 1509 4545 Fertur
1561 4492 1728 4547 etiam
1783 4492 1936 4548 illum

2056 1990 2252 2047 deinde
2283 1991 2441 2049 obiit.
2472 1991 2593 2049 1am
2628 2009 2657 2048 a
2687 1995 2929 2052 Pbaleko
2975 1994 3041 2051 ad
3093 1996 3465 2051 Abrahamum
3516 1999 3642 2052 anni

2055 2095 2186 2140 sunt
2231 2086 2520 2157 quingenti
2553 2087 2916 2158 quadraginta
2952 2096 3009 2142 et
3039 2103 3218 2153 ttnus;
3256 2103 3284 2142 a
3332 2088 3540 2143 diluvio
3575 2090 3645 2144 ad

2053 2175 2607 2233 Abrahamummille
2649 2178 2997 2248 septuaginta
3028 2178 3180 2245 duo;
3218 2179 3286 2235 ab
3330 2179 3539 2234 Adamo
3571 2180 3641 2234 ad

2051 2268 2428 2326 Abrahamum
2485 2269 2570 2327 ter
2626 2271 2775 2327 mille
2827 2279 2913 2326 ter
2958 2280 3182 2327 centum
3241 2271 3436 2343 viginti
3493 2282 3642 2328 octo.

2051 2361 2391 2430 Abrahamo,
2420 2378 2547 2419 cum
2582 2379 2854 2421 annorum
2900 2374 3048 2422 esset
3090 2366 3437 2437 septuaginta
3475 2366 3642 2435 quit.-

2053 2469 2181 2525 que,
2217 2455 2477 2527 praecepit
2513 2453 2657 2511 Deus
2690 2464 2750 2511 ut
2774 2473 2804 2513 e
2835 2465 2979 2512 terra
3007 2457 3183 2527 patria
3217 2456 3426 2513 llarran
3451 2473 3643 2529 egres-

2052 2561 2151 2603 sus
2185 2546 2243 2602 in
2274 2554 2421 2604 terra
2453 2546 2763 2603 Chananaea
2797 2547 2942 2619 (qum
2967 2547 3191 2603 Alsham
3215 2548 3323 2616 est)
3348 2548 3640 2603 habitaret.

2050 2640 2279 2711 Accepit
2306 2655 2437 2712 ergo
2465 2640 2743 2697 Abraham
2789 2656 3016 2697 uxorem
3060 2640 3308 2712 65.67
3352 2655 3509 2695 suam
3541 2639 3643 2695 Sa-

2050 2749 2193 2801 ram,
2220 2749 2342 2805 qua
2371 2745 2424 2790 et
2451 2735 2556 2805 ipsi
2588 2749 2656 2791 ex
2688 2743 2844 2805 patre
2866 2749 3028 2789 soror
3058 2734 3638 2797 erat;'l‘barerhenim

2048 2824 2345 2881 Abrahami
2373 2833 2549 2895 pater,
2585 2832 2800 2881 mortua
2840 2823 3059 2889 Yuana,
3098 2823 3395 2877 Abrahami
3429 2833 3635 2890 matre,

2049 2917 2212 2974 aliam
2244 2917 2402 2973 duxit
2435 2932 2661 2974 uxorem
2692 2917 2912 2973 nomine
2941 2916 3215 2981 Tohwait,
3249 2931 3317 2971 ex
3369 2931 3477 2985 qua
3512 2927 3641 2971 nata

2047 3021 2133 3069 est
2171 3013 2272 3083 ipsi
2306 3012 2505 3075 Sarah,
2535 3028 2701 3082 quam
2731 3011 2889 3067 duxit
2918 3011 3239 3078 Abraham;
3273 3017 3442 3081 atque
3495 3012 3639 3066 hanc

2047 3107 2119 3163 ob
2149 3121 2371 3162 causam
2405 3105 2545 3160 dixit
2585 3105 2861 3161 Abraham
2892 3121 2907 3159 :
2941 3104 3109 3160 Soror
3154 3121 3271 3159 mea
3312 3113 3394 3159 est
3420 3142 3435 3163 ,
3470 3105 3642 3174 patris

2048 3200 2195 3263 mei,
2238 3210 2291 3253 at
2332 3216 2437 3253 non
2484 3199 2670 3253 matris
2706 3214 2837 3254 mete
2889 3198 3007 3267 ﬁlia
3039 3197 3081 3251 ³.
3115 3197 3430 3266 Assumpsit
3477 3198 3643 3251 etiam

2058 3290 2334 3356 Lothum,
2373 3291 2559 3347 fratris
2591 3291 2672 3346 sui
2698 3290 2909 3357 ﬁlium,
2948 3297 3003 3345 et
3036 3290 3088 3343 in
3123 3298 3324 3344 terram
3356 3287 3645 3342 Al-Mana-

2052 3382 2319 3437 riensium
2376 3383 2782 3437 Amorrazorum
2843 3381 3124 3450 profectus
3183 3387 3307 3441 est,
3376 3378 3465 3432 ubi
3517 3392 3643 3433 cum

2051 3475 2256 3544 egressi
2283 3483 2472 3529 contra
2495 3475 2672 3544 ipsum
2702 3474 2952 3529 neunulli
2983 3472 3215 3528 Lothum
3239 3472 3512 3542 captivqu
3545 3472 3641 3525 ab-

2062 3565 2372 3630 duxissent,
2405 3566 2691 3621 insecutus
2718 3565 2867 3635 ipsos
2893 3564 3194 3627 Abraham,
3225 3561 3462 3616 Lothum
3482 3576 3512 3617 e
3531 3576 3646 3614 ma-

2052 3661 2215 3716 nibus
2250 3660 2497 3729 ipsorum
2529 3659 2803 3714 liberavit.
2840 3656 3083 3713 Reverso
3111 3662 3293 3710 autem
3321 3653 3389 3707 ad
3423 3661 3642 3707 montes

2048 3753 2422 3811 Jebuszenrum
2461 3753 2704 3809 occurrit
2743 3749 3132 3814 Melchisedek,
3177 3749 3271 3819 qui
3300 3748 3451 3818 pacis
3486 3761 3579 3801 rex
3612 3784 3628 3809 ,

2051 3846 2144 3901 Dei
2187 3847 2480 3903 celsissimi
2534 3847 2796 3902 sacerdos
2818 3887 2834 3912 ,
2865 3845 3041 3902 audit.
3079 3845 3253 3911 Quem
3283 3859 3315 3898 e
3341 3841 3642 3913 longinquo

2050 3948 2407 4009 conspectum
2442 3938 2691 3995 adoravit
2716 3938 3015 4001 Abraham,
3045 3935 3244 3992 deinde
3277 3937 3455 4006 ipsum
3492 3949 3642 3989 com-

2050 4032 2246 4101 plexus
2297 4039 2464 4102 atque
2509 4033 2889 4094 deosculatus,
2940 4030 3379 4087 benedictionem
3416 4027 3485 4083 ab
3518 4030 3640 4097 ipso

2049 4127 2223 4195 petiit.
2258 4124 2549 4181 Benedixit
2574 4141 2705 4194 ergo
2739 4125 2841 4196 ipsi
2871 4123 3243 4181 Melchisedek
3272 4162 3289 4187 ,
3328 4135 3641 4192 panemque

2004 4204 2007 4207 b
2047 4228 2103 4273 et
2129 4218 2312 4272 viuum
2350 4219 2450 4287 ipsi
2502 4219 2744 4287 obtulit;
2797 4220 2947 4275 dedit
2978 4225 3159 4273 autem
3191 4216 3468 4271 Abraham
3504 4214 3642 4270 Mel-

2046 4310 2344 4367 chisedeko
2378 4312 2626 4367 omnium
2657 4327 2778 4382 qum
2834 4312 3024 4368 habuit
3074 4309 3339 4366 decimas.
3369 4307 3510 4364 Tum
3544 4323 3643 4379 per

2050 4403 2439 4458 revelationem
2487 4403 2627 4459 dixit
2681 4404 2823 4459 Deus
2858 4404 3171 4459 A-brahamo
3210 4422 3224 4459 :
3263 4404 3338 4458 Ab
3374 4403 3471 4456 hoc
3503 4411 3640 4455 tem-

2050 4511 2175 4564 pore
2212 4511 2436 4564 magnus
2459 4494 2667 4559 evades,
2709 4494 3013 4550 benedicam
3056 4498 3195 4550 enim
3228 4494 3354 4556 tibi,
3387 4502 3435 4548 et
3467 4508 3642 4546 semen

345 4581 444 4647 qui
472 4580 682 4650 primus
704 4580 997 4636 Sabiorutn
1035 4580 1353 4653 religionem
1387 4583 1627 4648 instituit
1651 4600 1717 4639 ex
1743 4600 1933 4640 eorum
1971 4596 2014 4650 ι)
2045 4593 2194 4637 tuum
2217 4582 2598 4651 multiplicabo.
2636 4583 2881 4652 Cumque
2903 4583 3016 4652 jam
3052 4584 3386 4637 innotuisset
3416 4580 3641 4636 Melchi-

346 4688 581 4727 numero
616 4672 787 4729 fuisse
819 4674 911 4743 qui
954 4674 1097 4728 turri
1132 4674 1348 4730 Babelis
1378 4677 1723 4732 exstruendze
1747 4676 1943 4732 adlue-

342 4775 499 4822 runt.
546 4766 746 4823 Totum
779 4777 960 4823 autem
998 4766 1143 4837 quod
1182 4768 1317 4823 vixit
1370 4768 1608 4833 Nachor,
1659 4784 1929 4825 annorum

338 4859 451 4913 luit
480 4860 844 4915 ducentorum
882 4872 935 4916 et
963 4871 1112 4919 octo.
1145 4860 1433 4918 Tharecho
1468 4874 1593 4933 post
1625 4877 1803 4919 annos
1843 4877 1933 4918 sc-

336 4954 627 5025 ptuagiuta
670 4961 831 5010 natus
862 4965 948 5012 est
999 4956 1304 5013 Abraham.
1354 4955 1534 5027 Hujus
1564 4966 1808 5025 tempore
1841 4955 1943 5011 fuit

338 5043 574 5102 Nimrod
630 5048 807 5117 gigas,
856 5063 953 5103 rex
1005 5048 1242 5118 Babelis,
1292 5046 1387 5103 ubi
1432 5048 1646 5118 primus
1695 5046 1940 5105 omnium

338 5152 609 5207 regnasse
640 5138 849 5207 fertur;
894 5156 1133 5212 cumque
1164 5141 1219 5195 in
1259 5140 1403 5196 caelo
1451 5153 1670 5195 coronae
1705 5138 1937 5193 formam

336 5241 372 5281 e
407 5229 550 5283 nube
584 5229 832 5291 vidisset.
877 5233 1146 5287 accersito
1178 5228 1573 5303 [metallorum]
1606 5228 1798 5284 fusore
1827 5241 1926 5282 co-

335 5332 539 5372 ronam
571 5320 675 5375 sibi
710 5319 1003 5387 conﬁasse,
1034 5336 1200 5391 quam
1232 5319 1401 5392 capiti
1428 5320 1760 5390 imponeret,
1792 5313 1939 5370 unde

334 5409 549 5467 factum
580 5414 911 5471 utdicerent
940 5416 1196 5472 homines
1242 5429 1508 5473 coronam
1563 5413 1669 5484 ipsi
1715 5427 1746 5469 e
1790 5412 1936 5468 cmlo

334 5502 630 5573 delapsam
660 5521 810 5562 esse.
844 5507 1056 5563 Dicitur
1083 5507 1195 5580 64
1226 5517 1281 5563 et
1310 5507 1458 5563 hunc
1482 5506 1720 5577 primum
1750 5504 1932 5575 ignem

332 5595 601 5666 coluisse,
638 5600 788 5669 quod
821 5599 1039 5655 scilicet
1085 5599 1154 5655 ad
1193 5600 1394 5672 ignem,
1439 5612 1602 5670 quem
1650 5596 1841 5667 procul
1873 5595 1929 5649 in

327 5685 563 5747 Oriente
583 5708 613 5747 e
639 5702 784 5748 terra
808 5695 1173 5765 prodeuntem
1200 5693 1603 5767 conspexisset,
1629 5690 1924 5749 videndum

420 5869 437 5904 ³
459 5867 599 5929 Gen.
638 5887 730 5941 xx,
768 5872 852 5929 12.

2045 4674 2231 4739 sedek,
2265 4675 2359 4746 qui
2391 4674 2459 4729 de
2496 4689 2561 4729 eo
2598 4673 2953 4729 audivissent
2978 4688 3155 4742 reges,
3186 4672 3253 4727 ad
3279 4673 3459 4743 ipsum
3504 4685 3642 4725 con-

2045 4770 2255 4839 gregati
2289 4776 2453 4835 sunt;
2492 4784 2522 4823 e
2551 4768 2754 4838 quibus
2799 4775 2920 4821 erat
2963 4765 3279 4821 Abimelech
3310 4779 3406 4819 rex
3438 4763 3636 4826 Gcrar,

2049 4862 2255 4918 Matkal
2284 4878 2377 4918 rex
2408 4861 2571 4926 Zoar,
2603 4859 2806 4915 Ariush
2838 4875 2930 4914 rex
2957 4857 3172 4923 Destar,
3201 4856 3521 4911 Jardaomer
3545 4871 3637 4911 rex

2047 4956 2163 5011 llau
2192 4996 2207 5020 ,
2240 4954 2459 5025 Targali
2491 4970 2587 5010 rex
2636 4952 2823 5025 Zaglai
2848 4992 2863 5015 ,
2895 4952 3037 5006 Baaz
3073 4966 3169 5004 rex
3203 4948 3418 5006 Gailath
3444 4985 3461 5013 ,
3493 4953 3637 5013 Yaez

2050 5066 2144 5105 rex
2176 5047 2423 5111 Sudomi,
2466 5046 2673 5114 Barsha
2722 5061 2814 5099 rex
2854 5043 3177 5100 Gomorrhm
3202 5082 3220 5105 ,
3249 5040 3486 5134 Sebaath
3516 5040 3632 5112 68

2049 5156 2145 5196 rex
2175 5140 2369 5204 Edom,
2398 5139 2590 5193 Banbu
2623 5152 2719 5193 rex
2749 5134 3025 5198 Damasci,
3062 5134 3265 5189 Baktar
3299 5132 3634 5189 rex‘AloRa-

2048 5233 2179 5290 bah.
2212 5232 2449 5288 Samaan
2482 5246 2576 5286 rex
2611 5228 3032 5284 Amorbaaorum
3078 5243 3092 5279 :
3126 5242 3283 5295 reges
3314 5225 3402 5282 isti
3430 5225 3638 5280 duode-

2050 5326 2158 5382 cim
2187 5325 2254 5381 ad
2278 5321 2762 5388 Melchisedekum,
2781 5321 2874 5393 qui
2902 5330 3063 5378 etrex
3096 5319 3248 5391 pacis
3278 5317 3450 5381 audit,
3477 5330 3636 5371 acce-

2046 5418 2259 5479 dentes,
2298 5416 2394 5472 ubi
2438 5415 2615 5485 ipsum
2652 5413 3098 5485 conspexissent,
3135 5420 3191 5467 et
3222 5411 3395 5479 ipsius
3422 5420 3635 5463 sermo-

2043 5525 2146 5566 nes
2179 5509 2511 5573 audiissent,
2537 5507 2606 5563 ab
2656 5506 2752 5581 illo
2811 5515 2870 5561 ut
2896 5519 3001 5560 una
3020 5519 3143 5559 cum
3172 5501 3503 5573 ipsisjabiret
3536 5512 3634 5555 ro-

2042 5610 2241 5672 garunt
2269 5642 2282 5667 ,
2337 5602 2433 5671 qui
2496 5600 2823 5670 respondit:
2856 5598 2976 5654 Non
3013 5610 3237 5668 possum
3271 5607 3371 5665 ego
3399 5591 3468 5646 ab
3522 5589 3628 5645 hoc

2035 5692 2158 5750 loco
2174 5691 2476 5751 discedere.
2489 5690 2790 5750 Consilium
2814 5689 3105 5762 crgojintcr
3125 5701 3186 5745 se
3205 5684 3274 5743 de
3295 5679 3627 5742 exstruenda
