4076 6418
457 384 562 447 923

1493 381 1858 446 EUTYCHH
1896 385 2441 451 ALEXANDRINI
2471 393 2690 451 PATR.

3621 405 3734 468 924

459 496 560 564 ipsi
617 495 752 548 urbe
805 503 1069 576 ceperunt
1097 538 1110 560 ,
1149 495 1398 553 dicentes
1435 515 1447 551 :
1491 497 1697 555 lievera
1751 501 1837 553 hic
1863 499 2036 554 totius
2068 500 2110 554 A
2140 502 2259 562 bib.
2291 519 2429 557 uxor
2457 505 2578 560 Sini
2613 507 2913 564 sacerdotis
2967 510 3195 576 montis,
3245 525 3365 579 qure
3412 509 3628 567 Nisibin
3673 528 3729 572 et

456 598 615 641 terra:
641 605 732 642 rex
763 600 868 650 est,
904 606 1201 661 regumque
1227 594 1470 647 omnium
1535 605 1712 664 pater.
1748 595 2037 652 Exstructa

456 696 589 750 ergo
628 681 732 751 ipsi
775 682 931 746 urbe,
971 699 1146 751 regem
1203 687 1256 738 in
1288 701 1348 739 ea
1381 687 1558 754 ipsum
1608 690 2033 743 constituerunt.

455 775 767 845 Appellavit
794 787 976 829 autem
1016 775 1383 833 Melcltisedck
1427 795 1626 834 nomen
1677 782 1831 836 urbis
1876 782 2039 839 istius

451 860 787 922 Jerusalem.
819 867 987 923 Porro
1016 885 1143 923 cum
1177 875 1245 925 de
1277 887 1444 940 regno
1485 874 1868 929 Melchisedeki
1903 892 2034 946 per-

457 959 702 1014 venisset
737 960 878 1013 fama
932 961 997 1015 ad
1059 961 1371 1016 Machulum
1425 962 1767 1020 Al-Taitt;ani
1812 983 2035 1037 regem,

460 1052 731 1108 arcedeus
763 1053 850 1108 ille
877 1054 942 1108 a-d
987 1055 1163 1124 ipsum
1193 1058 1648 1128 conspiciendum
1687 1071 1855 1130 atque
1892 1063 2034 1117 allo-

439 1146 758 1213 quondum,
793 1161 1039 1214 magnam
1074 1149 1179 1217 ipsi
1223 1162 1388 1219 opum
1423 1151 1638 1221 copiam
1672 1153 1842 1208 dedit.
1879 1152 2034 1209 Fuit-

455 1252 561 1304 que
590 1235 949 1292 Melchisedek
985 1240 1128 1307 apud
1161 1255 1356 1296 omnes
1386 1255 1545 1312 reges
1578 1243 1632 1297 in
1662 1245 1871 1300 honore
1901 1245 2033 1300 dum

454 1327 632 1396 ipsum
662 1345 850 1398 regum
894 1339 1102 1400 patrem
1132 1335 1489 1402 appellarent.
1531 1333 1650 1390 Jatu
1701 1339 1791 1406 qui
1844 1338 2036 1394 dicunt

453 1421 858 1478 hlelchisedcko
887 1439 989 1478 nec
1024 1425 1238 1482 initium
1272 1427 1484 1484 dierum
1512 1469 1528 1492 ,
1559 1445 1662 1484 nec
1702 1432 1826 1485 vita!
1868 1433 2030 1486 tinem

451 1512 626 1568 fuisse
655 1556 669 1579 ,
707 1515 948 1571 adducto
978 1517 1044 1571 ad
1077 1517 1182 1574 hoc
1214 1520 1650 1576 confirmandum
1699 1521 1853 1576 Pauli
1901 1539 2034 1593 apo»

451 1607 576 1661 stoli
606 1607 776 1671 dicto,
807 1609 895 1662 ubi
932 1611 1007 1664 ait
1049 1629 1062 1664 :
1099 1610 1266 1681 Cujus
1299 1614 1481 1667 diebus
1505 1630 1598 1668 nec
1642 1614 1853 1670 initium
1885 1617 1990 1686 fuit
2014 1657 2030 1682 ,

447 1717 544 1754 nec
575 1702 693 1754 uiue
717 1702 885 1770 ipsius
921 1704 1174 1758 terminus
1196 1703 1242 1770 ⁸,
1269 1705 1452 1760 locum
1478 1706 1630 1761 Pauli
1657 1709 1888 1774 apostoli
1923 1726 2030 1765 non

445 1792 775 1862 intelligunt.
811 1792 948 1847 Nam
975 1810 1097 1850 cum
1121 1795 1271 1861 Sem,
1297 1795 1470 1852 Νούιί
1498 1798 1659 1865 (ilius,
1681 1800 2034 1857 Melchisede-

449 1879 580 1938 kum
620 1897 961 1949 assumptum
998 1902 1028 1940 a
1066 1890 1384 1956 parentibus
1421 1893 1536 1947 suis
1564 1892 1875 1960 abduxerit,
1916 1909 2028 1949 non

449 1977 774 2046 inscriptum
801 1987 884 2033 est
909 1978 1049 2033 libro
1079 1977 1283 2050 [sacro]
1311 1991 1446 2050 quot
1474 1997 1649 2040 annos
1671 1991 1835 2040 natus
1861 1995 2028 2050 esset,

447 2069 672 2135 quando
701 2084 765 2124 ex
800 2067 1032 2126 Oriente
1060 2073 1524 2140 proficisceretur,
1557 2091 1656 2130 nec
1690 2085 1828 2145 quot
1855 2093 2032 2133 annos

447 2174 611 2216 natus
641 2162 784 2216 diem
828 2164 1046 2218 obierit.
1088 2164 1339 2234 Cumque
1376 2163 1739 2224 Meleltisedek
1781 2168 2025 2242 69-71

452 2258 594 2308 tilius
625 2265 770 2310 esset
805 2254 1045 2320 Phaleki,
1075 2256 1169 2312 lilii
1201 2259 1361 2314 Eberi
1390 2301 1406 2323 ,
1441 2260 1539 2314 (illi
1593 2261 1852 2318 Shalechi
1879 2307 1894 2326 .
1927 2265 2027 2319 lilii

450 2345 703 2408 linin-tni,
741 2348 833 2401 lilii
875 2347 1434 2417 Arpltachsltadi,lllii
1477 2351 1650 2417 Semi,
1699 2356 1796 2409 lilii
1827 2355 2028 2423 Noahi,

445 2442 634 2495 nullus
663 2441 861 2495 borum
892 2451 1129 2511 patrum,
1171 2445 1347 2513 ipsius
1391 2456 1548 2515 pater
1593 2459 1844 2504 vocatir.
1892 2451 2052 2515 Dicit

444 2532 587 2584 enim
625 2531 824 2589 Paulus
857 2551 873 2589 :
909 2534 1079 2590 Nemo
1108 2537 1174 2590 de
1199 2538 1367 2604 ipsius
1415 2556 1601 2607 genere
1649 2544 1838 2610 templo
1867 2546 2028 2599 servi-

443 2621 516 2670 vit
547 2621 606 2685 ’ς
643 2637 819 2691 neque
853 2633 1063 2690 patrem
1105 2626 1209 2694 ipsi
1247 2628 1385 2683 inter
1413 2631 1591 2687 tribus
1626 2634 2025 2702 ascripserunt.

447 2711 735 2768 Matthteus
778 2715 926 2767 enim
980 2723 1039 2772 et
1091 2715 1275 2782 Lucas
1330 2723 1700 2791 evangtlistze.
1752 2727 2029 2796 principes

445 2811 656 2858 tantum
689 2805 937 2860 tribuum
970 2807 1426 2879 descripserunt;
1455 2813 1688 2883 ideoque
1725 2834 1825 2872 nec
1852 2821 2029 2887 patrie

443 2907 546 2948 nec
594 2897 786 2952 matris
820 2899 996 2967 ipsius
1029 2917 1230 2956 nomen
1265 2905 1520 2975 ascripsit
1567 2908 1768 2965 Paulus
1801 2923 2026 2980 aposto-

441 2988 549 3042 lus.
577 2987 694 3042 Non
721 2999 902 3044 autem
932 2992 1066 3047 dicit
1091 2992 1294 3051 Paulus
1324 3012 1434 3052 non
1461 2997 1632 3054 fuisse
1661 3001 1761 3070 ipsi
1791 3015 2022 3072 patrem;

437 3096 630 3143 verum
655 3123 670 3145 ,
705 3097 812 3136 uon
847 3086 1145 3154 ascriptum
1181 3087 1354 3145 fuisse
1399 3091 1580 3156 ipsum
1621 3094 1769 3147 inter
1816 3097 2019 3151 tribus.

2145 594 2355 650 iloltam
2400 601 2671 652 exstruxit
2726 592 2990 670 muroque
3039 602 3212 657 cinxit
3251 620 3265 655 :
3301 605 3436 674 quin
3483 617 3536 660 et
3593 617 3730 662 tem-

2140 687 2286 757 plum
2340 704 2595 756 maguum
2651 689 2704 740 in
2762 689 3015 747 llarrauo
3045 695 3325 760 condidit,
3362 696 3602 750 conﬂato
3659 715 3725 753 ex

2139 792 2275 832 auro
2307 779 2455 834 idolo
2491 781 2582 835 cui
2635 797 2839 837 nomen
2893 785 2987 839 Siti
3042 785 3279 850 indidit,
3324 787 3618 858 ipsumque
3671 791 3724 845 in

2142 870 2322 924 medio
2361 873 2546 942 templi
2595 874 2830 942 positum
2862 890 3056 932 omnes
3098 876 3329 932 l-larrani
3367 880 3547 934 incola
3595 883 3727 934 ado-

2139 976 2268 1016 rare
2290 963 2473 1033 jussit.
2520 959 2638 1020 Non
2687 965 2972 1021 desierunt
3024 982 3155 1039 ergo
3203 970 3580 1027 liarraneuses
3627 989 3725 1043 per

2140 1067 2316 1108 annos
2366 1054 2763 1124 quinquaginta
2821 1057 3028 1111 idolum
3093 1059 3308 1114 colere.
3342 1059 3538 1116 Postea
3595 1079 3725 1120 vero

2137 1144 2267 1200 Baal
2308 1147 2528 1211 Satniu,
2569 1147 2808 1202 Al-lraki
2857 1164 3008 1219 rege.
3037 1147 3261 1216 Talbin,
3295 1151 3597 1209 Thamurae
3637 1172 3728 1208 re-

2136 1239 2221 1308 gis
2252 1239 2421 1295 Musal
2456 1256 2684 1296 uxomm
2714 1282 2728 1306 ,
2761 1243 3112 1311 depereunte,
3155 1241 3374 1312 fugiens
3421 1260 3545 1298 eum
3601 1247 3719 1315 ipsa

2139 1331 2386 1388 liarrano
2405 1333 2590 1402 ignem
2625 1333 2815 1402 injecit
2857 1349 2967 1402 quo
3005 1335 3144 1391 arsit
3169 1375 3184 1401 ,
3243 1351 3462 1406 unaque
3493 1347 3549 1391 et
3581 1347 3722 1392 tetu-

2136 1425 2284 1495 plum
2314 1433 2370 1480 et
2397 1425 2626 1480 idolum.
2662 1426 2824 1480 Anno
2875 1426 3004 1480 vitai
3037 1426 3338 1482 Abrahami
3373 1428 3720 1498 quinquage-

2136 1519 2278 1573 simo
2322 1533 2498 1584 .nouo,
2530 1527 2782 1572 mortuus
2826 1527 2911 1572 est
2960 1516 3182 1574 Nachor
3230 1534 3422 1574 mense
3454 1518 3721 1576 Tammuz

2135 1611 2252 1678 (qui
2295 1618 2382 1664 est
2424 1610 2588 1681 Abib)
2628 1625 2753 1664 cum
2809 1625 2988 1664 annos
3024 1611 3294 1666 ducentos
3331 1622 3386 1666 et
3427 1623 3551 1667 octo
3604 1615 3724 1666 vix-

2135 1700 2292 1754 isset.
2335 1703 2496 1754 Anno
2539 1700 2706 1755 etiam
2753 1701 2877 1755 vitae
2926 1696 3167 1771 73-75
3209 1704 3486 1757 Abraham
3537 1713 3723 1757 cente-

2136 1793 2274 1848 simo
2305 1791 2588 1846 tricesimo
2621 1793 2861 1862 septimo
2891 1794 3054 1865 jussit
3109 1795 3290 1864 ipsum
3345 1796 3487 1849 Deus
3533 1795 3708 1850 ﬁlium

2138 1883 2386 1938 Isaacum
2423 1893 2724 1938 mactatum
2757 1886 2812 1939 in
2851 1886 3232 1942 holocaustum
3269 1888 3394 1957 igne
3421 1903 3720 1944 assumen-

2134 1976 2268 2032 dum
2307 1978 2546 2039 tradere,
2577 1994 2760 2034 annos
2810 1991 2922 2032 tum
2971 1980 3198 2048 triginta
3254 1990 3462 2050 septem
3500 1989 3716 2036 natum.

2207 2069 2363 2136 Quod
2392 2070 2437 2123 si
2468 2069 2674 2123 dixerit
2721 2071 2879 2138 quis:
2927 2070 3218 2136 Quomodo
3251 2073 3514 2142 probatur
3565 2073 3719 2126 lsaa-
3788 2069 3794 2076 ’

2131 2175 2260 2216 cum
2309 2175 2485 2214 annos
2534 2161 2760 2230 triginta
2799 2171 3007 2230 septem
3053 2163 3318 2220 habuisse
3363 2180 3488 2218 cum
3537 2164 3718 2232 ipsum

2135 2263 2378 2306 mactare
2416 2253 2472 2305 in
2520 2253 2707 2307 animo
2755 2254 2946 2307 habuit
2998 2266 3146 2325 pater
3183 2255 3381 2324 ipsius?
3428 2267 3722 2326 regeretur

2135 2343 2238 2410 illi,
2271 2345 2551 2414 peperisse
2578 2345 2752 2421 ipsum
2786 2355 3014 2401 matrem
3040 2346 3232 2401 Suram
3256 2349 3368 2418 jam
3404 2365 3720 2420 nonageua-

2133 2439 2295 2502 riant,
2349 2437 2522 2508 ipsam
2555 2448 2736 2493 autem
2797 2439 2987 2494 audito
3027 2441 3400 2494 Abrahamum
3469 2442 3715 2496 Isaacum

2133 2530 2305 2585 lilium
2335 2547 2495 2586 suum
2541 2542 2885 2602 assumptum
2924 2531 2978 2586 in
3011 2542 3255 2589 montem
3283 2533 3614 2596 sustulisse.
3656 2542 3721 2588 ut

2133 2637 2256 2678 eum
2299 2623 2635 2689 immolaret,
2665 2638 2864 2694 magna
2909 2623 3159 2679 aifectatn
3205 2627 3430 2680 tristitia
3461 2666 3476 2690 ,
3513 2635 3570 2680 et
3603 2638 3718 2694 pra:

2127 2711 2341 2767 doloris
2391 2729 2552 2781 quem
2579 2717 2839 2784 concepit
2871 2715 3214 2770 vehementia
3251 2715 3305 2770 in
3346 2716 3596 2770 morbum
3625 2716 3718 2769 in-

2134 2805 2368 2872 cidisse,
2397 2821 2463 2860 ex
2519 2822 2632 2876 quo
2683 2818 2898 2862 mortua
2938 2815 3044 2872 est,
3114 2821 3292 2861 annos
3328 2817 3454 2861 nata
3489 2815 3716 2861 centum

2129 2899 2320 2970 viginti
2355 2908 2560 2967 septem
2589 2918 2602 2968 ;
2635 2915 2862 2956 necesse
2902 2908 2987 2956 est
3024 2915 3158 2971 ergo
3199 2898 3372 2956 fuisse
3407 2911 3540 2956 tunc
3574 2909 3721 2956 tem.

2139 2991 2288 3058 poris
2329 2989 2520 3046 lsaaco
2568 3006 2748 3048 annos
2795 2992 3016 3063 triginta
3074 3001 3306 3062 septem.
3355 2992 3713 3063 Assumptum

2126 3096 2256 3150 ergo
2292 3082 2540 3138 lsaacum
2568 3084 2742 3138 tilium
2791 3100 2950 3139 suum
2995 3067 3135 3139 cum
3176 3086 3230 3140 iu
3266 3095 3510 3156 montem
3540 3086 3708 3141 addu-

439 3171 634 3236 l‘orro,
681 3190 825 3228 anno
867 3177 989 3230 vita:
1021 3179 1309 3234 Abmhami
1341 3183 1795 3255 quinquagesimo
1852 3191 2022 3258 primo

2132 3176 2306 3230 xisset
2335 3175 2636 3243 Abraham,
2660 3177 2826 3245 tignis
2840 3190 2898 3231 et
2927 3177 3052 3248 igne
3081 3177 3182 3247 ipsi
3205 3177 3500 3246 impositis,
3526 3193 3594 3231 ac
3627 3176 3714 3230 fu-

438 3276 691 3320 tuortuus
717 3269 1015 3344 estSarug.
1039 3286 1229 3327 mense
1253 3273 1400 3329 Adar
1426 3278 1542 3346 (qui
1575 3292 1657 3334 est
1690 3279 2016 3355 Burmaltat)

437 3374 562 3412 cum
599 3376 774 3416 annos
807 3373 1080 3419 trecentos
1103 3374 1157 3419 et
1179 3368 1400 3435 triginta
1432 3371 1679 3425 vixisset.
1712 3372 2012 3429 Abrahami

437 3451 604 3504 etiam
655 3459 900 3520 tempore
947 3457 1151 3511 scelera
1209 3467 1495 3527 patrarunt
1515 3463 1610 3530 qtti
1659 3481 1784 3518 cum
1837 3465 2020 3522 Letho

433 3541 600 3595 Arani
640 3543 750 3598 ﬁlio
777 3555 952 3608 erant,
973 3548 1194 3602 urbium
1223 3552 1438 3607 scilicet
1468 3554 1688 3611 Sodomi
1715 3568 1768 3613 et
1791 3562 2021 3616 Gomor-

437 3636 789 3694 rltazincolae.
831 3637 1073 3696 Perdidit
1118 3659 1252 3714 ergo
1304 3645 1454 3714 ips-as
1489 3647 1752 3708 Dominus
1797 3664 2019 3708 servato

442 3727 642 3784 Letho.
679 3731 814 3786 Cum
852 3744 1031 3790 autem
1080 3739 1282 3794 sterilis
1323 3749 1468 3794 esset
1493 3740 1667 3796 Sarah
1719 3745 2016 3803 Abrahami

437 3837 576 3881 uxor
603 3826 676 3880 ita
707 3837 765 3880 ut
795 3843 901 3881 non
955 3830 1294 3900 conciperet,
1341 3834 1620 3887 Abraham
1675 3853 1807 3892 vero
1849 3855 2014 3910 opum

435 3920 608 3984 dives,
648 3920 872 3974 tradidit
905 3919 1079 3977 Sarab
1132 3924 1445 3981 Abraltamo
1493 3930 1752 3983 ancillam
1785 3936 2011 3988 nomine

435 4011 652 4081 llagar,
687 4029 807 4082 quae
850 4015 1072 4082 gravida
1109 4031 1175 4070 ex
1223 4018 1540 4075 Abrahame
1607 4026 1752 4077 facta
1802 4027 2017 4094 peperit

434 4104 538 4170 ipsi
579 4105 774 4166 lilium,
805 4117 966 4169 quem
1007 4103 1294 4161 Istuaelem
1343 4109 1668 4176 nominavit,
1717 4123 1848 4167 nato
1901 4126 2014 4169 ttun

434 4196 748 4251 Abrahamo
778 4211 954 4250 annos
1017 4199 1292 4267 octoginta
1327 4215 1442 4254 sex.
1470 4202 1731 4271 Cumque
1775 4206 1886 4274 jam
1919 4222 2018 4259 au-

436 4301 538 4339 nos
566 4287 862 4355 nonaginta
897 4301 1095 4341 novem
1135 4290 1428 4357 attingeret
1465 4291 1740 4347 Abraham
1777 4296 2017 4350 circum--

433 4380 586 4434 cisus
615 4388 721 4445 est,
751 4381 1036 4451 liliumque
1065 4397 1224 4437 suum
1263 4381 1570 4448 lsmaelem,
1606 4403 1874 4441 annorum
1901 4391 2014 4459 jam

434 4471 723 4535 tredecim,
751 4473 1113 4528 circumcidit.
1145 4475 1282 4528 Cum
1321 4487 1502 4530 autem
1544 4478 1702 4545 plene
1739 4479 1851 4548 jam
1893 4497 2020 4536 ceu-

436 4564 680 4617 tenarius
715 4575 862 4620 esset
888 4565 1192 4632 Abraham,
1233 4571 1439 4636 peperit
1465 4571 1569 4639 ipsi
1605 4589 1741 4625 uxor
1774 4571 1880 4642 ⁵12
1911 4576 2017 4630 Sa-

431 4658 532 4712 rah
575 4675 807 4726 puerum
835 4677 999 4726 quem
1048 4658 1296 4717 lsaacum
1332 4666 1647 4733 appellavit,
1678 4666 1850 4722 Sara'n
1897 4679 2012 4724 tum

433 4755 820 4820 nonagenaria.
862 4755 929 4808 Et
969 4755 1334 4812 circumcisus
1373 4767 1460 4813 cst
1496 4757 1647 4815 lsaac
1677 4763 1764 4815 die
1790 4778 1819 4815 a
1855 4775 2011 4832 partu

428 4855 649 4899 tu'tavo.
680 4847 853 4900 Sarah
896 4857 1078 4900 autem
1114 4864 1241 4902 cum
1267 4837 1378 4919 jam
1410 4851 1658 4906 Isaacqu
1691 4858 2014 4924 peperisset,

429 4938 568 4991 dixit
613 4939 926 4992 Abrahamo
983 4957 998 4992 :
1039 4940 1184 5008 Ejice
1237 4956 1267 4996 e
1313 4953 1610 5013 conspectu
1664 4962 1785 5000 meo
1836 4945 2018 5017 llagar

424 5045 552 5082 cum
598 5031 708 5084 lilio
741 5031 988 5087 lsmaele.
1033 5033 1308 5088 Abraham
1354 5053 1487 5107 ergo
1529 5037 1704 5092 tilium
1744 5056 1904 5094 suum
1941 5039 2017 5094 ls-

428 5121 659 5176 maelem
687 5123 882 5191 opibus
909 5132 962 5178 et
989 5127 1193 5179 viatico
1225 5127 1558 5182 instructum
1593 5144 1701 5183 una
1733 5145 1858 5185 cum
1895 5146 2014 5185 ma-

427 5219 515 5268 tre
551 5227 654 5268 sua
685 5215 896 5283 expulit
924 5217 981 5268 in
1012 5223 1211 5269 terram
1262 5211 1500 5273 Yathreb
1527 5228 1582 5273 et
1609 5219 1816 5274 Yaman
1845 5263 1860 5285 ,
1898 5219 1989 5275 ubi

427 5305 697 5363 habitavit
723 5319 798 5373 et,
823 5325 993 5364 uxore
1015 5310 1578 5382 ducta,tiliosgunuit.
1602 5311 1798 5366 Totum
1829 5326 2012 5368 autem

426 5400 570 5469 quod
601 5401 736 5454 vixit
768 5401 967 5455 lsma-el
1020 5415 1288 5456 annorum
1335 5413 1458 5458 erat
1507 5412 1726 5458 centum
1778 5403 2006 5473 triginta

426 5503 660 5563 septem.
703 5494 894 5558 Porro,
933 5503 1178 5564 tempore
1228 5498 1532 5553 Abrahami
1559 5497 1662 5552 fuit
1695 5498 1748 5552 in
1781 5496 2006 5552 Oriente

430 5586 785 5638 rex-nomine
809 5585 1013 5652 Cyrus,
1053 5585 1129 5639 illi
1167 5587 1272 5652 qui.
1309 5587 1606 5653 Somaisat,
1641 5587 1922 5643 Claudiam
1956 5597 2010 5642 et

429 5676 643 5731 M-iralt
675 5678 922 5732 omniidit
952 5694 968 5731 :
995 5677 1118 5750 eius
1146 5680 1313 5736 etiam
1347 5681 1544 5739 diebus
1576 5680 1825 5752 regnavit
1862 5680 2009 5737 Cha-

505 5852 524 5880 δ
552 5851 720 5904 Πρω.
756 5867 850 5911 vn,
882 5853 934 5907 ὅ.
1013 5855 1030 5884 ⁵
1065 5856 1200 5912 ibid.
1232 5861 1284 5915 ϐ.

2141 3285 2207 3324 ue
2231 3269 2550 3338 colligatum
2579 3277 2637 3324 et
2671 3285 2837 3339 super
2871 3269 3016 3338 ligna
3054 3271 3411 3336 collocatum,
3448 3285 3712 3338 procum-

2123 3359 2492 3416 bereiecisset
2517 3369 2576 3415 ut
2616 3362 2791 3432 ipsum
2835 3370 3138 3423 mactaret.
3167 3362 3482 3417 inclamavit
3515 3376 3549 3416 e
3591 3376 3731 3416 emo.

2121 3453 2174 3506 lo
2199 3453 2461 3524 angelus:
2497 3451 2647 3509 lleus
2681 3453 2979 3519 Abraham,
3015 3454 3184 3508 tilium
3220 3463 3372 3508 tuum
3392 3452 3710 3534 neiugules:

2125 3545 2444 3614 patientiam
2476 3546 2620 3600 enim
2644 3553 2701 3599 et
2727 3545 3096 3602 obedientiam
3137 3555 3286 3600 tuam
3315 3546 3550 3615 experti,
3586 3545 3717 3598 iuti-

2123 3655 2352 3707 mosque
2375 3639 2545 3693 animi
2576 3638 2802 3694 aﬂ‘ectus
2822 3640 3129 3708 explorati,
3161 3640 3362 3707 ipsum,
3394 3641 3470 3692 tui
3497 3638 3714 3692 utiserti

2120 3731 2474 3785 redemimus.
2519 3731 2705 3786 Ariete
2765 3745 2894 3800 ergo
2942 3745 3141 3802 magno
3175 3730 3422 3785 lsaacum
3473 3731 3712 3784 redemit

2121 3819 2405 3875 Dominus.
2437 3821 2574 3876 Sara
2626 3833 2845 3887 autem,
2881 3823 3068 3877 audito
3107 3821 3512 3887 Abrahamum,
3559 3821 3717 3875 ιδυ-

2124 3928 2248 3970 cum
2279 3925 2621 3982 assumptum
2654 3915 2707 3968 in
2735 3924 2976 3969 montem
3005 3915 3354 3970 mactandutn
3383 3916 3708 3981 abduxisse,

2123 4007 2441 4060 exclamans
2467 4047 2482 4071 ,
2511 4015 2674 4074 atque
2695 4006 2930 4075 eiulans,
2965 4021 3077 4075 prae
3112 4021 3345 4072 summa,
3376 4023 3486 4076 qua
3513 4005 3707 4062 aliecta

2121 4112 2222 4166 est,
2243 4099 2464 4154 tristitia
2484 4100 2673 4155 morbo
2693 4100 2802 4171 76
2822 4109 3098 4169 correpta,
3113 4101 3301 4156 eodem
3321 4117 3466 4156 anno
3489 4111 3702 4154 mortua

2121 4203 2224 4258 est,
2267 4209 2388 4247 cum
2435 4208 2613 4249 annos
2661 4201 2886 4248 centum
2946 4194 3138 4263 viginti
3192 4205 3399 4262 septem
3447 4193 3705 4248 vixisset.

2124 4285 2396 4354 Duxitqtte
2430 4284 2727 4350 Abraham,
2768 4293 2892 4354 post
2931 4294 3160 4338 mortem
3197 4283 3370 4349 Same,
3405 4286 3694 4339 mulierem

2121 4362 2354 4432 nomine
2389 4376 2656 4440 lietnrah,
2683 4375 2903 4431 Bactari
2952 4377 3097 4447 regis
3135 4366 3343 4432 Rabst
3369 4378 3556 4444 tiliam;
3584 4395 3712 4447 quae

2127 4474 2225 4540 ipsi
2269 4473 2412 4526 alios
2448 4472 2634 4542 plures
2661 4474 2892 4540 peperit,
2910 4486 3052 4539 quos
3079 4470 3282 4525 viatico
3310 4471 3611 4526 instructos
3636 4470 3710 4526 ab

2128 4565 2292 4618 lsaaci
2331 4566 2621 4633 priest-utin
2665 4564 2867 4631 abegit.
2915 4561 3114 4617 Totum
3148 4573 3328 4618 autem
3379 4563 3528 4632 quod
3567 4563 3712 4618 vixit

2126 4658 2424 4718 Abraham,
2465 4655 3001 4710 anni'suntceattuu
3057 4657 3402 4724 septuaginta
3437 4656 3708 4724 quinque.

2123 4746 2294 4801 Porro
2341 4763 2486 4800 anno
2518 4747 2833 4802 vitaalsaaci
2883 4748 3168 4802 tricesimo
3208 4747 3403 4816 quinto
3449 4755 3712 4804 mortuos

2122 4850 2203 4892 cst
2232 4839 2622 4894 'l‘arabmcuse
2669 4837 2764 4890 llttl
2791 4877 2805 4899 ,
2846 4837 2974 4906 (qui
3005 4845 3090 4891 est
3140 4835 3310 4906 Tot.)
3353 4853 3480 4890 eum
3529 4851 3714 4891 annos

2121 4931 2394 4984 ducentos
2416 4938 2469 4982 et
2499 4928 2744 4998 quinque
2780 4927 3029 4988 vixisset,
3061 4938 3118 4982 et
3169 4929 3221 4981 in
3265 4927 3478 4982 Harrau
3509 4927 3697 4996 sepul-

2121 5031 2234 5078 tus.
2287 5021 2443 5076 Isaac
2493 5033 2677 5076 autem
2723 5022 3196 5090 qumlragenarius
3249 5036 3472 5074 uxorem
3517 5019 3702 5086 duxit,

2119 5113 2207 5168 cui
2238 5128 2434 5168 nomen
2455 5112 2725 5178 Rebecca,
2749 5111 2917 5166 tiliam
2950 5111 3251 5172 Bathuelis,
3284 5110 3383 5165 ﬁlii
3407 5110 3709 5174 Nachoris,

2119 5207 2309 5263 fratris
2336 5207 2661 5263 Abrahami.
2713 5207 2874 5262 Anno
2901 5221 3030 5260 vero
3061 5207 3184 5260 vitae
3220 5205 3390 5260 lsaaci
3421 5206 3710 5274 sexagesi-

2121 5315 2210 5356 mo
2244 5300 2534 5370 gravidata
2567 5313 2706 5354 uxor
2733 5299 2907 5367 ipsius
2939 5294 3205 5366 Rebecca,
3235 5296 3619 5364 angustiisque
3649 5302 3711 5350 et.

2121 5395 2311 5451 dolore
2341 5408 2528 5462 pressa
2567 5407 2690 5448 cum
2723 5389 3218 5446 Mclchisedechum
3274 5389 3524 5454 adiisset,
3547 5403 3706 5442 com-

2122 5494 2379 5558 precatus
2406 5485 2531 5555 ipsi,
2555 5484 2697 5539 dixit
2721 5485 2846 5540 ille:
2879 5483 2995 5537 Duo
3041 5490 3174 5537 sunt
3205 5481 3259 5535 in
3293 5490 3451 5535 utero
3478 5490 3572 5534 tuo
3601 5496 3703 5548 po~

2121 5582 2258 5652 pttli,
2303 5581 2551 5651 duasque
2577 5581 2819 5648 paritura
2844 5593 2904 5634 es
2938 5579 3139 5638 tribus.
3191 5576 3366 5647 major
3391 5586 3572 5631 autem
3595 5575 3704 5628 mi-

2122 5677 2247 5732 nori
2292 5675 2637 5746 subjicictur.
2678 5673 2890 5744 Peperit
2933 5688 3062 5743 ergo
3111 5670 3356 5741 Rebecca
3401 5684 3513 5726 uno
3542 5675 3702 5738 partu
