4076 6400
348 403 455 467 925

1793 405 2165 468 ANNALES.

3510 405 3622 475 926

354 519 643 592 gemellos;
678 533 910 587 quorum
944 519 1179 589 primunt
1204 518 1495 589 appellavit
1524 517 1673 572 Isaae
1705 516 1929 581 Esaum;
1961 521 2006 579 Α
2034 519 2143 589 83
2192 518 2350 574 Mane
2372 534 2503 589 ergo
2550 518 2689 575 dixit
2714 516 2886 577 Iacob
2910 516 3181 587 avunculo
3219 534 3320 575 suo
3350 537 3356 571 ξ
3398 520 3622 591 Septem

350 608 679 673 secundum,
706 607 994 674 Iacobum,
1014 609 1102 661 cui
1136 608 1261 663 ideo
1286 607 1476 663 Jacobi
1510 609 1709 662 nomen
1734 607 1933 661 indidit

355 702 500 773 quod
528 718 653 757 cum
678 719 745 757 ex
790 712 944 757 utero
998 712 1242 757 materno
1275 703 1539 772 prodiret,
1564 716 1727 755 manu
1764 699 1931 754 Esaui

350 792 669 847 eaicancum
716 798 950 846 teneret.
1008 791 1180 845 Porro
1233 790 1385 846 Isaae
1439 792 1640 846 Esaum
1704 790 1931 855 amavit,

350 885 602 941 Rebecca
643 900 773 939 vero
804 883 1094 939 Iacobum.
1142 883 1267 938 Fuit
1325 892 1505 939 autem
1555 883 1698 938 Esau
1750 884 1935 938 hirsu-

350 992 463 1047 tus,
490 980 726 1050 pilosus,
783 978 1099 1034 subolidus.
1126 978 1314 1033 Etate
1344 994 1474 1031 vero
1498 978 1607 1048 jam
1637 986 1932 1048 provectus

349 1073 500 1129 Isaac
531 1074 642 1127 lilio
697 1086 802 1127 suo
852 1072 1037 1127 Esauo
1088 1072 1357 1127 accersito
1387 1072 1562 1126 dixit:
1609 1072 1795 1125 Armis
1821 1070 1932 1125 tuis

348 1168 678 1233 assumptis,
725 1166 783 1219 in
810 1181 1067 1235 campum
1092 1180 1420 1235 progressus
1457 1164 1707 1237 77-79
1737 1177 1938 1217 venare

346 1258 482 1311 mihi
505 1259 743 1327 praedam
781 1274 812 1312 e
834 1274 944 1326 qua
975 1258 1160 1311 cibum
1198 1257 1329 1310 mihi
1357 1273 1517 1326 pares
1548 1272 1711 1326 quem
1744 1270 1934 1309 come-

346 1352 505 1421 dens,
540 1350 639 1404 tibi
670 1359 959 1420 antequam
991 1351 1196 1405 tn0riar
1241 1348 1589 1404 benedicam.
1617 1348 1770 1414 Quod
1803 1362 1929 1401 cum

349 1442 650 1497 audivisset
692 1441 965 1505 Rebecca,
1011 1451 1296 1512 acceptum
1325 1441 1591 1496 Iacobum
1626 1440 1792 1494 Esaui
1841 1454 1934 1494 ve-

346 1538 527 1593 stibus
554 1538 753 1605 induit,
796 1538 1046 1608 haedique
1086 1538 1221 1607 pelle
1249 1538 1523 1606 prehensa
1574 1543 1781 1603 partem
1812 1533 1936 1601 ejus

350 1632 584 1698 pectori,
627 1629 901 1693 humeris,
935 1639 992 1683 et
1026 1630 1267 1684 brachiis
1294 1630 1471 1697 ipsius
1501 1626 1940 1697 snperimposuit

347 1735 652 1795 paratoque
682 1724 806 1779 cibo
833 1724 969 1777 dixit
995 1724 1133 1792 ipsi:
1161 1726 1235 1777 Ad
1266 1731 1473 1792 patrem
1508 1731 1658 1776 tuum
1684 1721 1933 1777 lsaacum

348 1816 635 1886 ingressus
680 1816 864 1870 diras:
913 1814 1023 1884 Ego
1071 1830 1192 1870 sum
1245 1814 1387 1869 Esau
1435 1812 1584 1869 illius
1625 1823 1774 1879 tuus,
1824 1828 1938 1884 quo

347 1910 444 1963 tibi
480 1918 613 1964 ante
646 1918 878 1963 mortem
917 1922 1073 1961 suam
1110 1907 1419 1961 benedicat.

418 2003 668 2071 Ingresso
694 2017 823 2071 ergo
856 2004 920 2053 ad
945 2002 1192 2054 lsaacum
1212 2000 1442 2067 Iacobo,
1462 2001 1604 2054 dixit
1634 2001 1736 2069 ἧι)ὲί
1759 2001 1935 2055 Isaac:

345 2094 594 2149 Accedes
624 2094 690 2148 ad
726 2111 837 2147 ιιιει.
874 2094 1347 2162 Accedentémque
1374 2110 1495 2147 eum
1536 2102 1937 2149 eontrectasset

346 2188 520 2242 dixit:
570 2180 767 2241 Sermo
803 2197 949 2242 certe
984 2185 1174 2240 Jacobi
1212 2201 1394 2240 sermo
1428 2194 1534 2249 est,
1570 2198 1621 2240 at
1650 2197 1935 2240 contactus

348 2278 512 2334 Esaui
540 2286 850 2333 contactus.
873 2277 1179 2332 Comedens
1202 2293 1336 2347 ergo
1363 2278 1511 2331 lsaac
1540 2275 1747 2331 Iacobo
1768 2279 1938 2331 bent--

348 2373 507 2435 dixit,
526 2384 763 2438 eumque
800 2369 958 2423 fratri
995 2384 1097 2424 suo
1129 2371 1433 2440 principem
1462 2371 1770 2425 eonsﬁtuit.
1792 2368 1932 2423 Τιιιιι

347 2478 603 2519 reversus
636 2462 778 2516 Esau
818 2477 848 2517 a
879 2470 1082 2517 venatu
1118 2464 1332 2533 paravit
1366 2464 1529 2517 etiam
1554 2464 1738 2517 cibum
1768 2478 1933 2533 quem

348 2556 489 2625 patri
538 2570 640 2610 suo
678 2556 867 2609 isaaco
911 2556 1133 2609 obtulit.
1177 2553 1284 2609 Cui
1342 2556 1483 2610 dixit
1526 2563 1682 2624 pater
1716 2555 1931 2625 ipsius:

348 2646 485 2711 Quis
532 2654 619 2700 est
665 2660 759 2715 qur
807 2659 859 2701 te
891 2646 1150 2715 praevenit
1200 2654 1261 2700 ut
1308 2646 1743 2701 benedictionem
1791 2647 1937 2700 acci-

348 2739 536 2808 peret?
562 2737 725 2794 Ficus
746 2754 875 2807 ergo
901 2737 1081 2794 Esau:
1114 2738 1157 2793 0
1179 2739 1247 2792 ιιιί
1282 2750 1455 2808 pater,
1505 2738 1703 2806 inquit,
1750 2750 1931 2791 annon

345 2841 432 2885 est
458 2830 555 2885 tibi
595 2839 791 2900 praeter
821 2844 985 2884 unam
1019 2828 1501 2885 benedictionem?
1552 2828 1698 2882 Dixit
1741 2825 1931 2883 Isaac:

347 2912 483 2975 Eum
504 2912 606 2975 tibi
636 2923 934 2992 principem
968 2921 1248 2987 constitui,
1306 2932 1362 2976 et
1391 2921 1524 2988 quid
1557 2922 1653 2975 tibi
1696 2919 1937 2975 faciam?

346 3014 897 3077 Accedentmautem
942 3015 1150 3078 Esauo,
1191 3013 1469 3067 benedixit
1510 3013 1613 3083 ipsi
1667 3012 1840 3077 Isaac,
1866 3018 1934 3066 'at

343 3105 609 3163 Iacobum
637 3108 739 3175 ipsi
792 3107 1093 3176 principem
1139 3107 1459 3171 constituit;
1518 3121 1689 3177 quare
1750 3106 1935 3160 animo

1965 1856 2014 1915 Β

2039 627 2212 667 annos
2239 612 2332 666 tibi
2359 614 2527 668 sevivi
2546 624 2599 668 ut
2625 614 2758 668 mihi
2783 613 3075 669 Rachelem
3097 613 3150 667 in
3179 628 3399 668 uxorem
3426 616 3619 678 dares;

2038 704 2312 770 quomodo
2335 717 2466 774 ergo
2493 704 2561 759 ad
2592 720 2678 758 me
2717 719 2964 760 sororem
3020 703 3140 771 ejus
3176 701 3339 756 Leam
3372 705 3625 758 intromi-

2043 795 2206 849 sisti?
2242 794 2541 865 Respondit
2570 797 2649 850 illi
2678 796 2902 852 Laban:
2957 794 3012 849 Si
3043 796 3174 849 mihi
3204 810 3379 850 annos
3414 806 3621 866 septem

2037 884 2178 938 alios
2213 885 2590 950 iuserviveris,
2631 888 2795 940 etiam
2828 886 3123 941 Raehelem
3148 886 3246 940 tibi
3282 886 3446 941 dabo.
3496 885 3626 953 Sep-

2039 984 2149 1032 tem
2169 993 2302 1047 ergo
2332 992 2508 1033 annos
2539 980 2680 1034 alios
2713 995 2838 1033 enm
2868 978 2967 1045 ipsi
2997 979 3305 1043 serviisset,
3328 978 3621 1033 llaeheiem

2041 1071 2142 1141 ipsi
2180 1086 2406 1127 uxorem
2449 1072 2620 1135 dedit,
2648 1081 2808 1142 atque
2838 1073 2910 1125 ita
2946 1073 3082 1126 duas
3120 1072 3277 1125 duxit
3308 1087 3546 1126 sorores.

2111 1164 2327 1235 Peperit
2360 1176 2541 1220 autem
2574 1158 2678 1220 Lea
2705 1166 2930 1230 Iacobo,
2954 1164 3258 1228 ilubenem,
3283 1164 3621 1228 Simeonem,

2042 1260 2251 1326 Levim,
2284 1258 2505 1324 Iudam,
2534 1262 2906 1325 lssacharum,
2941 1261 3304 1321 Zabulonem,
3331 1274 3455 1315 cum
3480 1273 3625 1313 non-

2039 1353 2168 1406 dum
2202 1355 2503 1422 peperisset
2538 1352 2758 1407 Rachel.
2807 1352 2950 1407 Dixit
2980 1366 3109 1420 ergo
3142 1346 3342 1405 Rachel
3382 1347 3619 1404 Iacobo:

2041 1445 2293 1513 Accipias
2324 1446 2576 1501 ancillam
2612 1460 2787 1499 meam
2821 1446 3058 1508 Bilham,
3100 1453 3182 1511 ut,
3209 1444 3300 1498 illa
3325 1458 3389 1497 ex
3418 1452 3471 1498 te
3500 1457 3623 1511 gra-

2045 1537 2165 1590 vida
2208 1535 2378 1602 facta,
2415 1540 2487 1591 sit
2514 1537 2648 1592 mihi
2684 1537 2885 1607 proles.
2917 1536 3133 1606 Peperit
3170 1535 3334 1607 igitur
3358 1535 3489 1588 Billa
3514 1533 3623 1588 Ra—

2042 1631 2218 1687 chelis
2257 1632 2460 1686 ancilla
2504 1628 2710 1687 Iacobo
2751 1646 2953 1702 pueros
3002 1631 3165 1696 duos,
3205 1630 3319 1684 Dan
3354 1633 3408 1683 et
3437 1626 3621 1696 Naph-

2046 1723 2221 1787 talim;
2256 1733 2369 1775 tum
2399 1722 2541 1777 dixit
2567 1722 2672 1777 Lea
2698 1722 2924 1778 Iacobo:
2958 1723 3104 1792 Cape
3140 1722 3305 1777 etiam
3360 1717 3621 1773 ancillam

2042 1827 2216 1867 meam
2247 1823 2305 1867 ut
2333 1812 2423 1867 illa
2453 1830 2523 1867 ex
2579 1824 2633 1869 te
2654 1815 3000 1885 concipiente
3032 1816 3142 1870 sint
3176 1812 3311 1866 mihi
3347 1812 3493 1865 ultra
3526 1825 3624 1864 na-

2042 1913 2128 1958 tos
2162 1919 2314 1959 meos
2342 1906 2478 1969 nati,
2523 1904 2746 1975 Peperit
2791 1920 2922 1975 ergo
2969 1907 3134 1961 etiam
3185 1902 3377 1972 Zilpha
3425 1901 3625 1957 ancilla

2040 1996 2165 2052 Lea:
2197 1998 2336 2053 duos
2357 1995 2561 2053 Iacobo
2587 1999 2748 2061 ﬁlios,
2781 1996 2895 2052 Gad
2918 2006 2974 2052 et
2999 1996 3201 2052 Asher.
3226 1994 3476 2048 Posthac
3505 2008 3628 2062 gra-

2041 2090 2221 2143 vidata
2271 2089 2471 2144 Rachel
2519 2092 2733 2158 peperit
2781 2088 3080 2158 Iosephum
3124 2098 3177 2142 et
3220 2086 3624 2154 Benjaminum,

2041 2180 2291 2245 Suntque
2312 2180 2401 2235 isti
2427 2182 2712 2236 duodecim
2732 2182 2917 2236 Iambi
2936 2181 3053 2244 lilii,
3082 2195 3113 2234 e
3134 2179 3332 2249 quibus
3375 2179 3480 2231 orti
3502 2186 3629 2232 sunt

2039 2288 2231 2329 omnes
2260 2272 2352 2326 lilii
2378 2272 2619 2329 lsraelis.
2645 2272 2784 2326 Tum
2824 2288 3080 2327 reversus
3110 2278 3195 2326 est
3228 2268 3399 2325 Iacob
3436 2269 3491 2324 in
3520 2279 3630 2323 ter-

2041 2367 2448 2433 mntCltanaan;
2478 2366 2731 2421 lsraelem
2757 2379 2936 2421 autem
2958 2367 3132 2436 ipsum
3147 2364 3438 2436 appellavit
3461 2363 3627 2417 Deus.

2041 2462 2198 2514 Auno
2217 2460 2405 2517 Jacobi
2436 2462 2774 2530 octogesimo
2793 2464 3025 2529 septimo
3049 2460 3257 2528 peperit
3281 2458 3387 2513 Lea
3414 2456 3626 2520 Levim,

2040 2556 2261 2607 tertium
2324 2553 2499 2620 ipsius
2539 2553 2735 2608 filium.
2788 2550 2963 2609 Porro
3013 2553 3353 2622 descriptum
3382 2560 3465 2606 est
3492 2561 3633 2604 tem-

2039 2660 2142 2715 pus
2175 2647 2286 2700 nati
2319 2642 2444 2699 Levi
2486 2650 2615 2714 prae
2652 2648 2865 2701 caeteris
2919 2646 3210 2710 fratribus,
3263 2662 3328 2701 eo
3373 2645 3519 2716 quod
3560 2658 3629 2699 ex

2041 2736 2219 2804 ipsius
2256 2736 2427 2805 stirpe
2476 2736 2642 2792 fuerit
2692 2731 2891 2793 Moses.
2941 2736 3276 2793 Prosecutus
3329 2747 3413 2792 est
3442 2744 3625 2790 autem

2038 2829 2207 2885 Iacob
2259 2829 2562 2900 Iosephum
2620 2845 2806 2887 amore
2856 2828 3191 2894 vehementi,
3237 2827 3350 2900 8η,
3388 2842 3625 2897 eumque

2041 2923 2305 2979 fratribus
2346 2924 2460 2979 suis
2488 2924 2753 2994 praetulit,
2808 2924 2955 2978 unde
2996 2923 3073 2976 illi
3107 2921 3311 2976 invidia
3349 2922 3403 2975 in
3434 2924 3617 2991 ipsum

2039 3017 2299 3071 ωιιιιιιοιί
2335 3016 2402 3071 de
2436 3016 2806 3086 ipsoemcdio
2841 3016 3079 3071 tollendo
3123 3016 3456 3085 cogitarunt.
3482 3014 3623 3068 Dum

2041 3111 2208 3178 igitur
2243 3110 2345 3180 ipsi
2384 3123 2518 3165 oves
2550 3125 2680 3166 suas
2720 3119 2775 3166 et
2832 3111 3074 3166 camelos
3109 3118 3423 3180 pascerent,
3489 3122 3620 3163 ecce

346 3199 541 3253 statuit
588 3197 730 3251 Es:iu
769 3194 1040 3251 Iacobum
1073 3197 1402 3252 interficere.
1433 3197 1659 3268 Aufugit
1689 3194 1929 3267 ergo'Ia-
1963 3204 2006 3261 C
2043 3200 2261 3254 transiit
2313 3200 2470 3271 juxta
2515 3201 2666 3269 ipsos
2723 3212 3091 3256 mercatorum
3140 3198 3627 3270 Madayenitarum

346 3291 520 3345 cobus
549 3306 578 3344 a
611 3289 776 3344 fratre
806 3305 907 3345 suo
925 3289 1106 3346 Esauo
1135 3290 1470 3359 Harranum,
1504 3292 1569 3345 ad
1602 3291 1933 3343 avunculum

349 3399 505 3439 suum
536 3382 844 3438 Labauum.
873 3382 1046 3438 Porro
1081 3392 1329 3453 tempore
1357 3381 1524 3437 lsaaei
1546 3423 1560 3446 ,
1602 3383 1819 3435 condita
1856 3392 1939 3435 est

349 3474 596 3537 Iericho,
629 3474 1049 3529 exstruentibus
1078 3474 1256 3543 ipsam
1300 3482 1509 3542 septem
1546 3472 1771 3541 regibus
1803 3488 1939 3539 quo-

347 3586 469 3624 rum
498 3569 875 3637 unusquisque
914 3564 1026 3637 80
1056 3582 1270 3620 murum
1312 3566 1391 3619 illi
1436 3565 1729 3621 exstruxit.
1782 3567 1938 3618 Anno

350 3670 531 3717 autem
563 3664 684 3715 vitae
715 3660 884 3715 isaaci
911 3659 1318 3728 septuagesimo
1346 3657 1550 3725 quinto
1581 3664 1831 3710 mortuus
1852 3663 1940 3711 est

347 3756 621 3809 Abraham
641 3766 830 3806 mense
860 3749 1026 3804 Nisan
1054 3747 1268 3817 (quiest
1290 3745 1625 3812 Barmttdah)
1651 3744 1731 3815 [at
1758 3744 1811 3799 in
1831 3744 1940 3797 alio

348 3844 647 3916 exemplari
680 3844 896 3914 legitur,
959 3857 1144 3905 mense
1195 3840 1385 3902 Adar,
1446 3840 1540 3908 qui
1584 3850 1670 3892 est
1715 3837 1938 3891 Borma-

351 3937 477 4009 hat]
514 3953 639 3991 cum
684 3936 912 3990 vixisset
948 3949 1125 3988 annos
1158 3941 1378 3987 centum
1405 3931 1753 4000 septuaginta
1776 3928 1940 3998 quin-

352 4047 478 4100 que.
527 4032 688 4084 Anno
726 4028 854 4081 vita:
908 4026 1076 4082 lsaaci
1123 4023 1429 4080 centesimo
1477 4022 1743 4077 vicesimo
1777 4021 1939 4075 tertio

354 4131 605 4178 mortuus
638 4130 726 4177 est
749 4120 964 4186 ismael,
998 4134 1188 4174 mense
1218 4118 1387 4173 Nisan
1429 4116 1564 4187 (qui
1595 4122 1682 4169 est
1710 4114 1941 4167 Barmu-

353 4216 491 4287 dab)
536 4232 663 4271 cum
712 4214 941 4269 vixisset
980 4228 1157 4267 annos
1195 4218 1415 4266 centum
1457 4209 1673 4280 triginta
1702 4216 1939 4275 septem.

356 4304 550 4363 Totum
588 4320 770 4362 autem
804 4308 950 4377 quod
978 4308 1115 4360 vixit
1142 4306 1295 4360 lsaae
1325 4302 1454 4357 anni
1482 4309 1612 4357 sunt
1643 4308 1861 4367 centum
1886 4303 1941 4353 et

354 4401 654 4470 octoginta.
725 4400 869 4454 Esau
910 4412 1087 4454 annos
1154 4408 1318 4453 natus
1381 4394 1745 4466 quadraginta
1804 4404 1942 4444 uxo-

355 4509 467 4548 rem
518 4494 673 4547 duxit
716 4510 746 4548 e
784 4492 1001 4548 filiabus
1030 4493 1209 4562 patrui
1259 4491 1344 4546 sui
1388 4489 1660 4550 Ismaeiis,
1718 4484 1942 4541 nomine

2042 3293 2167 3363 (qui
2224 3292 2508 3348 lsmaelizae
2557 3298 2707 3360 sunt,
2736 3303 2789 3348 et
2828 3294 3116 3365 Arabes),
3146 3309 3380 3363 quorum
3418 3305 3629 3345 merces

2042 3392 2198 3439 erant
2219 3400 2389 3441 nuces
2415 3386 2610 3455 pineae,
2630 3387 3037 3461 terebinthina,
3064 3396 3117 3440 et
3147 3386 3350 3447 oleum,
3377 3385 3429 3437 in
3459 3378 3629 3453 Egy-

2043 3488 2194 3548 ptum
2228 3478 2571 3533 tendentium
2606 3489 2855 3544 caterva,
2894 3480 3095 3548 quibus
3124 3479 3454 3547 prehenSum
3471 3474 3628 3531 Iose-

2042 3572 2210 3641 phum
2242 3556 2617 3627 vendiderunt
2669 3568 2867 3625 fratres
2919 3571 3092 3639 ipsius
3123 3570 3315 3637 viginti
3364 3566 3626 3629 nummis,

2044 3677 2219 3717 annos
2267 3671 2454 3717 natum
2496 3662 2911 3731 septemdecim.
2934 3660 3071 3714 Tum
3132 3668 3356 3729 accepto
3401 3655 3627 3725 Iosephi

2043 3753 2264 3808 indusio
2293 3754 2635 3823 manicisque
2677 3757 2801 3825 ejus
2862 3752 3131 3822 sanguine
3160 3752 3428 3820 impletis,
3472 3748 3630 3803 dixe-

2044 3850 2173 3899 runt
2196 3842 2408 3900 Iacobo
2432 3862 2447 3898 :
2494 3842 3090 3917 llevoravitIosephum
3108 3842 3292 3913 lupus.
3329 3839 3630 3910 Iosephum

2044 3935 2307 3991 autemin
2340 3934 2638 4008 Egyptum
2684 3952 2715 3990 a
2764 3937 3164 3991 mercatoribus
3215 3936 3511 3990 abductum
3561 3935 3630 3988 ab

2045 4027 2153 4084 illis
2195 4028 2329 4083 emit
2360 4028 2667 4083 Pharaonis
2713 4042 2907 4083 servus
2934 4070 2949 4092 ,
3000 4027 3301 4083 satellitum
3344 4027 3629 4098 princeps:

2044 4120 2204 4191 cuius
2236 4135 2374 4175 uxor
2397 4136 2522 4176 cum
2552 4121 2702 4175 illum
2736 4119 3031 4190 deperiret,
3060 4124 3127 4176 ab
3160 4136 3221 4175 ea
3262 4135 3321 4175 se
3355 4118 3629 4185 cohibuit;

2045 4228 2217 4284 quare
2242 4213 2335 4268 illa
2362 4213 2429 4269 de
2458 4214 2577 4283 ipso
2596 4214 2735 4283 apud
2761 4215 3020 4269 maritum
3056 4229 3216 4269 suum
3246 4213 3471 4268 mentita
3503 4227 3629 4266 cum

2055 4307 2295 4362 diceret:
2330 4306 2475 4361 Puer
2500 4308 2604 4361 iste
2640 4306 2902 4361 llebrzens
2932 4322 3018 4360 me
3060 4306 3235 4376 petiit,
3267 4305 3504 4375 coniecit
3543 4304 3635 4359 ille

2046 4400 2225 4470 ipsum
2263 4400 2319 4453 in
2358 4414 2657 4455 carcerem.
2706 4403 2865 4455 Anno
2906 4398 3095 4454 Jacobi
3141 4400 3448 4454 centesimo
3484 4398 3633 4451 vicc«

2049 4491 2195 4546 simo
2245 4490 2381 4544 obiit
2424 4490 2578 4545 lsaac
2627 4504 2816 4545 mense
2847 4491 3014 4561 Aiyar
3052 4488 3181 4560 (qui
3233 4499 3315 4545 est
3349 4488 3632 4555 Bashnes)

354 4587 621 4654 Nahaiat,
660 4603 782 4656 qua:
818 4588 957 4641 ﬁlios
992 4586 1093 4656 ipsi
1128 4584 1480 4655 quampiurcs
1503 4582 1733 4652 peperit.
1772 4577 1937 4633 Duxit
1972 4576 2017 4633 D
2048 4598 2171 4637 cum
2210 4597 2385 4635 annos
2408 4589 2630 4636 centum
2662 4590 2717 4636 et
2749 4581 3029 4651 octoginta
3064 4580 3314 4635 vixisset.
3351 4581 3509 4633 Auno
3536 4596 3636 4633 au-

354 4683 518 4736 etiam
573 4697 604 4736 e
667 4680 883 4737 filiabus
937 4679 1165 4734 Canaan
1217 4678 1477 4731 feminam
1532 4675 1755 4730 nomine
1800 4672 1938 4736 Atla,

354 4776 520 4829 tiliam
567 4776 701 4830 Elon
739 4772 958 4829 Hittmi:
1010 4788 1113 4827 nec
1150 4788 1258 4827 non
1299 4789 1328 4824 e
1369 4769 1584 4824 filiabus
1620 4767 1939 4821 Graecorum

355 4872 500 4924 unde
532 4870 608 4923 illi
640 4870 783 4922 inter
810 4867 961 4937 ipsos
988 4866 1303 4935 progenies.
1336 4863 1632 4932 PrOgenics
1662 4864 1942 4915 autemest

357 4964 434 5018 illi
463 4963 913 5031 cepiosiorquam
950 4970 1006 5014 ut
1031 4958 1307 5013 numerari
1343 4957 1536 5026 possit.
1574 4954 1712 5009 Sunt
1747 4968 1776 5007 e
1801 4952 1940 5007 stir‘

358 5073 423 5127 pe
451 5057 573 5126 ejus
612 5054 928 5108 Amalekitae
958 5065 1012 5108 et
1050 5050 1251 5105 Kormi.
1304 5050 1616 5116 Totumque
1659 5045 1807 5115 quod
1853 5044 1938 5097 vi-

360 5152 438 5205 xit
461 5150 601 5204 Esau
624 5164 892 5202 aunorum
923 5154 1283 5203 eratcentum
1308 5142 1500 5213 viginti
1529 5154 1747 5195 novem.
1771 5136 1942 5193 Iacob

358 5256 488 5295 vero
536 5239 603 5294 ad
632 5239 964 5294 avunculum
1009 5252 1169 5292 suum
1195 5233 1381 5289 Laban
1411 5234 1715 5287 Harranum
1745 5243 1940 5300 perve-

360 5335 481 5399 nit,
511 5335 600 5388 cui
643 5334 785 5387 binas
813 5341 971 5386 erant
1020 5330 1164 5393 tiliae,
1196 5342 1429 5398 quarum
1461 5334 1592 5379 natu
1617 5322 1811 5391 majori
1840 5337 1943 5376 no-

360 5443 483 5481 men
533 5424 793 5480 fuitLeab
822 5425 1032 5493 (eaque
1049 5422 1227 5477 oculis
1255 5417 1458 5489 lippa),
1481 5416 1679 5471 minori
1714 5414 1940 5468 Rachel.

358 5518 577 5573 Amavit
613 5526 799 5571 autem
819 5512 990 5570 Iacob
1008 5512 1327 5575 Rachelem,
1358 5523 1591 5577 eamque
1612 5506 1680 5563 ab
1701 5521 1944 5561 avum-u-

362 5612 414 5666 lo
442 5625 544 5667 suo
578 5611 632 5664 in
667 5624 895 5663 uxorem
931 5607 1112 5677 petiit;
1166 5605 1253 5660 cui
1290 5605 1413 5658 ille:
1453 5603 1510 5656 Si
1548 5601 1705 5662 mihi,
1739 5601 1939 5669 inquit,

361 5715 564 5771 septem
610 5718 786 5758 annos
815 5702 1197 5765 in‘servireris,
1240 5698 1541 5754 Rachelem
1577 5697 1671 5750 tibi
1695 5710 1939 5763 ,uxorem

362 5795 524 5859 dabo;
551 5802 606 5847 at
631 5808 754 5849 cum
779 5802 985 5862 septem
1012 5806 1196 5846 annos
1227 5790 1328 5860 ipsi
1364 5788 1648 5845 serviissct
1678 5792 1840 5840 noctu
1871 5785 1940 5839 ad

364 5874 542 5959 ipsum
598 5882 790 5955 Leam,
837 5884 1091 5942 llachclis
1132 5898 1379 5940 sororem
1427 5878 1753 5937 introduxit.
1801 5874 1941 5947 3.1-

2049 4683 2157 4731 tem
2196 4676 2319 4727 vita:
2356 4672 2544 4727 Iacobi
2574 4673 2874 4727 centesimo
2902 4671 3165 4726 vicesimo
3198 4687 3345 4725 nono
3377 4681 3631 4725 mortuus

2048 4775 2135 4821 est
2176 4764 2344 4831 Esau,
2385 4779 2575 4819 mense
2606 4765 2826 4820 Tishriu
2870 4765 3050 4834 primo
3104 4765 3234 4832 (qui
3282 4777 3339 4819 et.
3389 4763 3631 4825 Babab),

2048 4871 2221 4912 annos
2247 4864 2404 4911 natus
2428 4866 2641 4912 centum
2673 4856 2860 4927 viginti
2884 4844 3103 4913 novem.
3152 4855 3323 4912 Porro
3354 4857 3408 4910 in
3439 4871 3632 4911 carce-

2047 4964 2160 5005 rem
2194 4965 2301 5004 una
2328 4964 2452 5005 cum
2484 4948 2746 5018 Iosepho,
2774 4951 3011 5021 conjeeit
3046 4948 3304 5005 Pharaoh
3358 4950 3630 5020 pistorunt

2046 5054 2098 5099 et
2132 5044 2516 5113 pocillatorum
2551 5044 2855 5114 principes,
2889 5045 2983 5099 ubi
3018 5044 3409 5099 dormientium
3459 5058 3630 5104 more.

2046 5138 2182 5193 vidit
2211 5137 2357 5206 quia
2387 5136 2599 5207 poculis
2633 5146 2751 5192 erat
2788 5152 2845 5193 se
2868 5138 3029 5207 quasi
3064 5138 3319 5194 manibus
3352 5145 3631 5191 tenentem

2047 5246 2271 5286 uvarum
2297 5244 2603 5295 racemum,
2627 5246 2656 5285 e
2680 5227 2912 5301 qn085
2943 5228 3053 5301 87
3077 5245 3301 5284 succum
3321 5231 3633 5299 exprimens

2048 5322 2318 5380 Pharaoni
2360 5324 2655 5379 bibendum
2704 5324 2988 5394 prreberet;
3046 5325 3132 5378 cui
3190 5321 3498 5392 Iosephus:
3552 5320 3630 5373 Ita

2047 5416 2301 5489 (inquit)
2332 5416 2437 5471 erit
2469 5417 2617 5471 sicut
2646 5416 2857 5481 vidisti;
2888 5416 2988 5470 mei
3036 5425 3220 5469 autem
3262 5414 3403 5483 apud
3453 5412 3631 5466 domi:

2048 5525 2175 5562 ιιιιιιι
2213 5518 2365 5563 tuum
2394 5507 2712 5564 memoriam
2729 5506 3077 5562 facias.Vidit
3104 5509 3265 5561 etiam
3294 5506 3469 5575 pistor
3491 5520 3595 5572 qua
3614 5531 3629 5543 -

2046 5603 2089 5657 si
2111 5602 2408 5657 canistrum
2444 5603 2599 5672 panis
2618 5616 2785 5672 super
2808 5601 2987 5670 capite
3018 5613 3143 5665 suo,
3179 5612 3207 5654 e
3236 5612 3351 5667 'quo
3373 5595 3631 5651 comede-

2050 5703 2173 5749 rent
2202 5694 2500 5750 volucres:
2537 5694 2624 5750 cui
2653 5693 2961 5766 Iosephus:
2994 5690 3179 5757 Cruci,
3217 5688 3417 5759 inquit,
3452 5680 3635 5753 aiiigei

2049 5789 2145 5850 ris,
2184 5787 2583 5859 comedentquc
2617 5802 2837 5844 carnem
2872 5793 3023 5841 tuam
3060 5783 3353 5840 volucres:
3386 5779 3531 5851 quoii
3574 5784 3627 5832 et

2050 5882 2250 5937 factum
2294 5890 2397 5937 est.
