4076 6386
451 355 554 418 927

449 563 586 616 dixit
633 563 708 616 illi
745 564 837 634 qui
888 552 917 620 ἷι
972 571 1184 638 poculis
1232 573 1332 643 ipsi
1363 590 1502 640 erat,
1550 592 1673 632 esse
1723 581 1776 632 in
1813 595 2034 638 carcere

452 671 682 722 puerum
720 658 1007 716 llebrarum
1043 664 1136 733 qui
1168 667 1381 721 sonmia
1432 668 1910 740 interpretaretur;
1943 678 2032 731 cui

451 763 585 818 ergo
615 749 812 806 adduci
838 753 996 824 jusso
1024 756 1158 811 dixit
1192 756 1469 825 i‘haraoh,
1499 763 1705 819 vidisse
1728 780 1790 820 se
1820 773 2030 836 septem

446 855 648 896 vaccas
672 885 685 908 ,
722 845 949 914 pingues
983 861 1012 902 e
1043 851 1181 905 mari
1217 852 1568 923 prodeuntes,
1598 864 1652 912 et
1686 869 1809 927 post
1835 873 1928 914 eas
1947 876 2034 916 se-

455 943 598 1004 ptem
618 937 1082 1011 macilentas,quaa
1100 943 1330 1014 pingues
1350 946 1708 1006 devorarent:
1734 962 1848 1006 tum
1865 956 2031 1009 etiam

451 1027 657 1082 vidisse
688 1043 749 1083 se
778 1040 983 1101 septem
1017 1035 1197 1103 spicas
1221 1051 1439 1094 crassas
1469 1054 1500 1095 e
1531 1051 1672 1097 terra
1697 1045 2031 1114 prodeuntes

450 1119 651 1192 deinde
687 1131 894 1191 septem
926 1125 1184 1195 graciles,
1216 1128 1420 1194 aridas,
1473 1147 1596 1201 quae
1642 1149 1861 1192 crassas
1910 1139 2032 1195 illas

451 1211 819 1279 deglutirent;
855 1215 994 1283 dixit
1031 1233 1161 1288 ergo
1205 1221 1284 1275 illi
1319 1221 1554 1294 Ieseplt:
1597 1225 1789 1283 Futuri
1820 1243 1949 1285 sunt
1975 1232 2031 1287 in

451 1318 616 1372 regno
645 1312 736 1363 tuo
764 1316 972 1376 septem
1007 1312 1136 1366 anni
1162 1311 1374 1371 feraces
1396 1354 1413 1381 ,
1439 1317 1636 1375 deinde
1657 1330 1780 1390 post
1801 1337 1897 1379 eos
1938 1338 2030 1380 se-

444 1403 592 1464 ptem
644 1399 772 1452 anni
828 1401 1032 1469 quibus
1060 1404 1164 1459 erit
1198 1421 1430 1464 annonae
1479 1412 1708 1478 penuria
1765 1425 1820 1468 et
1861 1413 2032 1473 fames

446 1487 706 1556 insignis.
738 1491 875 1545 Tum
909 1493 1169 1565 imposuit
1207 1497 1456 1556 Pharaon
1489 1501 1731 1576 Iosepho
1762 1509 1912 1576 regni
1941 1510 2030 1566 sui

447 1577 875 1639 administrandi
908 1601 1122 1654 curam,
1164 1593 1367 1648 tradito
1387 1593 1487 1664 ipsi
1509 1599 1716 1653 annulo
1737 1615 1859 1656 suo.
1881 1601 2029 1657 Con-

444 1669 584 1724 didit
616 1687 745 1742 ergo
777 1672 1050 1747 Iosephtts
1075 1691 1281 1750 septem
1314 1684 1472 1742 annis
1500 1687 1760 1745 uberibus
1787 1690 2032 1749 frumen-

445 1771 558 1818 tum
602 1765 654 1817 in
691 1767 861 1834 spicis
891 1773 1008 1825 suis
1029 1811 1044 1836 ,
1078 1774 1254 1830 donec
1284 1775 1642 1846 implereutur
1669 1799 1788 1851 qua:
1836 1801 2025 1841 nurne-

445 1869 564 1908 rutu
607 1869 873 1927 siuperant
928 1867 1205 1931 granaria.
1243 1869 1386 1924 Anni
1433 1880 1562 1928 tunc
1590 1885 1746 1930 erant
1785 1875 2026 1949 Iosepho

447 1947 670 2015 triginta
697 1989 712 2012 ,
765 1953 858 2021 qui
889 1969 1112 2010 uxorem
1143 1957 1301 2015 duxit
1328 1963 1549 2020 nomine
1595 1966 1821 2023 Asinath
1872 1947 2026 2029 urbis

448 2037 769 2135 filius-fientes
790 2048 1094 2106 sacerdotis
1115 2051 1304 2119 ﬁliam,
1336 2071 1459 2125 quae
1493 2057 1652 2115 binos
1682 2063 1783 2131 ipsi
1815 2067 2024 2135 peperit

445 2131 608 2197 filios,
640 2150 870 2207 quorum
894 2142 1179 2212 majorem,
1207 2147 1630 2220 primogenitum
1654 2131 2027 2220 salice-uitia-

442 2237 645 2278 nassen
680 2227 794 2297 88
816 2232 1132 2301 appellavit,
1162 2236 1393 2293 alterum
1427 2239 1807 2309 Ephraimum.
1847 2227 2022 2304 Porro

441 2322 720 2372 exstruxit
751 2323 1030 2392 Iosephus
1077 2328 1363 2387 columnas
1417 2335 1742 2402 mensorias,
1817 2341 2022 2407 quibus

441 2424 618 2505 aqum,
648 2424 930 2473 crescente
961 2417 1105 2488 Nilo,
1131 2412 1404 2481 mensura
1427 2428 1643 2498 capitur
1667 2430 1721 2485 in
1760 2431 2021 2505 Egypto,

449 2501 754 2596 locoiquem
789 2509 1061 2596 Memphin
1095 2525 1313 2573 vocant.
1375 2519 1566 2577 Sinutn
1618 2525 1780 2579 etiam
1815 2501 2024 2596 effodit,

447 2595 540 2661 qui
570 2595 762 2656 Menha
794 2600 946 2656 audit
976 2619 990 2666 ;
1021 2594 1178 2674 'quin
1215 2617 1270 2662 et
1304 2608 1513 2681 lapides
1551 2613 1764 2669 viarum
1817 2594 2028 2675 indices

444 2687 638 2780 erexit.
663 2688 834 2745 Natus
854 2703 940 2750 est
962 2704 1144 2752 autem
1175 2697 1326 2765 Levi,
1355 2701 1544 2760 Jacobi
1571 2707 1704 2771 ﬁlio,
1737 2717 1859 2778 post
1889 2724 2030 2780 quae

439 2775 690 2847 draginta
727 2797 904 2840 annos
939 2787 1144 2854 Kahat,
1177 2791 1228 2846 in
1257 2801 1402 2850 terra
1418 2775 1806 2866 Cbananitica,
1849 2775 2028 2858 tribus

440 2878 736 2943 antequam
769 2874 1069 2949 Egyptum
1093 2883 1516 2956 ingrederentur
1548 2893 1733 2949 annis.
1765 2893 1877 2949 Illis
1909 2896 2027 2951 die-

443 2962 548 3018 bus
574 2967 775 3022 accidit
805 2969 858 3024 in
900 2971 1138 3044 Aigypto
1164 2985 1219 3032 et
1246 2978 1401 3050 Syria
1427 2981 1597 3039 fames
1629 2984 1879 3053 insignis;
1905 3002 2029 3044 coe-

442 3069 661 3113 mcrunt
696 3076 825 3132 ergo
848 3078 878 3118 a
914 3062 1154 3138 Iosepho
1185 3068 1427 3143 Egyptii
1466 3071 1825 3142 frumentum,
1852 3077 2029 3134 donec

1484 369 1855 432 EUTYLHII
1897 373 2440 440 ALEXANDRINI
2486 381 2708 444 PATR.

543 469 742 569 Deinde
773 485 907 569 ttulit.
931 473 1157 532 vidisset
1189 478 1352 534 etiam
1388 480 1633 538 f‘haraoh
1674 486 2028 554 insomnium,
2065 493 2105 547 Α
2140 497 2276 550 uixit
2303 514 2315 548 :
2359 496 2414 550 Si
2442 512 2662 551 veraces
2678 497 2796 553 sitis
2821 513 2920 552 nec
2940 497 3336 564 exploratores,
3367 497 3558 554 relicto
3577 502 3721 569 apud

3605 390 3712 454 928

2138 603 2226 642 me
2263 598 2500 644 vestrum
2535 605 2664 654 uno,
2698 591 2764 645 ad
2802 603 3010 662 patrem
3049 601 3291 646 vestrum
3329 591 3668 646 revertimini
3703 635 3720 658 ,

2139 695 2200 734 ac
2232 681 2452 735 fratrem
2485 689 2730 737 vestrum
2765 683 3091 749 minimum,
3115 683 3280 752 cujus
3304 681 3534 738 fratrem
3563 683 3722 738 devoo

2139 773 2282 825 ravit
2311 772 2496 842 lupus,
2531 774 2943 843 adducite,'quo
2969 775 3242 830 dictorum
3275 782 3586 830 vestrorum
3625 789 3718 830 ve-

2139 863 2353 919 ritatem
2387 877 2724 937 perspectam
2764 867 3015 925 habeam.

2245 956 2382 1011 Cum
2430 973 2564 1027 ergo
2632 958 2854 1014 fratrem
2911 959 3156 1028 ipsorum
3184 955 3500 1014 Simeonem
3572 957 3719 1029 apud

2139 1050 2324 1121 ipsum
2387 1052 2760 1121 reliquissent,
2807 1052 2954 1107 sacci
3003 1053 3250 1122 ipsorum
3291 1051 3515 1122 Iosephi
3556 1054 3718 1120 jussu

2137 1139 2415 1196 frumento
2462 1141 2673 1211 impleti
2707 1150 2871 1204 sunt,
2909 1140 3350 1211 uniuscujusque
3402 1139 3633 1210 pecunia
3667 1141 3721 1193 in

2136 1245 2300 1288 sacco
2346 1246 2449 1285 suo
2497 1232 2762 1301 reposita.
2799 1232 2934 1286 Cum
2968 1231 3137 1300 igitur
3181 1231 3248 1286 ad
3297 1239 3508 1300 patrem
3557 1245 3719 1285 suum

2133 1322 2399 1378 Iacobum
2452 1323 2865 1392 pervenientes,
2909 1337 2974 1378 ac
3018 1323 3149 1392 quid
3195 1320 3538 1394 [accidisset]
3590 1336 3722 1375 nar.

2137 1423 2322 1471 rantes
2361 1419 2655 1484 pecuniam
2711 1431 2866 1470 suam
2915 1417 2972 1471 in
3015 1416 3195 1472 saccis
3231 1416 3608 1486 reperissent,
3651 1417 3720 1470 ad

2137 1507 2469 1563 frumentum
2515 1523 2580 1565 ex
2615 1507 2854 1580 Egypto
2889 1509 3249 1564 coemendum
3286 1509 3516 1571 reversi,
3551 1523 3721 1578 pecu-

2135 1600 2280 1658 niam
2316 1599 2499 1664 istam,
2558 1616 2623 1656 ac
2659 1616 2904 1657 summas
2938 1602 3075 1656 istas
3119 1610 3474 1671 acceperunt,
3499 1614 3722 1670 unaque

2133 1690 2552 1762 Benjaminum,
2604 1693 2714 1764 92
2750 1692 2972 1764 Iosephi
3017 1693 3240 1747 fratrem
3288 1692 3586 1756 uterinutn,
3616 1690 3718 1744 ad-

2133 1785 2433 1840 duxerunt.
2467 1786 2588 1852 Quo
2633 1787 2750 1843 viso
2786 1787 3096 1842 honoriﬁce
3125 1786 3274 1856 ipsos
3297 1784 3522 1840 tractari
3551 1783 3722 1853 jussit

2060 1840 2103 1896 Β
2132 1877 2334 1948 Ioseph
2366 1877 2750 1933 misericordia
2787 1894 2915 1948 erga
2949 1877 3103 1948 ipsos
3134 1875 3719 1945 commotustpleta

2119 1979 2265 2030 sunt
2312 1985 2448 2040 ergo
2497 1986 2626 2026 vasa
2665 1970 2909 2040 ipsorum
2943 1969 3258 2033 frumento,
3309 1977 3365 2024 et
3454 1967 3722 2032 uniuscu-

2129 2065 2330 2134 jusque
2365 2064 2479 2117 vasi
2513 2065 2740 2133 pecunia
2768 2063 2947 2133 ipsius
2976 2063 3232 2130 imposita
3263 2068 3357 2127 ;at
3381 2062 3498 2117 vasi
3531 2060 3724 2115 fratris

2135 2155 2218 2210 sui
2250 2153 2550 2222 Benjamini
2607 2152 2861 2222 poculum
2919 2165 3172 2213 aureum,
3222 2151 3368 2219 quod
3412 2146 3722 2202 Pharaonis

2135 2247 2335 2308 fuerat,
2391 2244 2678 2314 imposuit.
2728 2243 2977 2313 Cumque
3015 2259 3046 2298 a
3083 2242 3325 2311 Iosepho
3363 2240 3571 2312 egressi
3623 2255 3720 2295 es-

2134 2347 2280 2404 sent,
2307 2339 2520 2411 Syriam
2555 2353 2746 2394 versus
2773 2336 3082 2399 tendentes,
3117 2333 3348 2390 insecuti
3379 2333 3532 2403 ipsos
3559 2331 3722 2386 Iose-

2135 2433 2229 2504 phi
2287 2431 2431 2488 servi
2481 2429 2742 2485 dixerunt
2803 2425 3344 2500 ipsis:0mnimode
3389 2425 3527 2479 bene
3559 2423 3720 2479 vobis

2133 2522 2264 2580 fecit
2317 2522 2573 2577 dominus
2627 2530 2833 2584 noster,
2884 2534 2984 2574 vos
3017 2514 3502 2572 veroomnimode
3551 2515 3718 2576 male,

2133 2615 2403 2687 poculum
2423 2615 2568 2684 regis
2615 2628 2843 2668 aureum
2869 2609 3059 2666 furati.
3088 2607 3514 2679 Responderunt
3543 2606 3718 2676 ipsis:

2133 2706 2291 2778 Apud
2315 2721 2702 2777 quemcunque
2728 2704 2904 2774 ipsum
2923 2701 3259 2771 repereritis,
3284 2699 3537 2755 abducite
3563 2697 3718 2752 illum

2137 2810 2195 2855 ut
2215 2800 2289 2856 sit
2327 2799 2555 2854 domino
2585 2804 2771 2853 vestro
2811 2810 3025 2852 servus.
3059 2794 3263 2849 Saecos
3295 2807 3429 2862 ergo
3452 2791 3718 2860 ipsorum

2136 2891 2494 2962 perscrutati,
2549 2892 2807 2961 poculum
2842 2889 2897 2944 in
2933 2885 3241 2957 Benjatnini
3289 2898 3451 2941 sacco
3486 2883 3720 2938 invene-

2135 2993 2306 3040 runt:
2363 2997 2526 3053 quem
2577 2996 2708 3052 ergo
2754 2981 3091 3051 prehensum
3139 2977 3203 3030 ad
3261 2975 3562 3046 Iosepltum
3628 2991 3720 3029 re-

2136 3079 2434 3140 duxerunt,
2473 3076 2837 3132 redeuntibus
2886 3089 2996 3127 una
3045 3071 3563 3140 fratribnsipsius,
3622 3068 3712 3138 qui

443 3148 578 3217 ipsis
612 3169 717 3207 non
747 3168 1058 3225 superesset
1083 3178 1340 3217 nummus
1368 3180 1571 3221 aureus
1603 3167 1688 3222 vel
1712 3177 2026 3238 argenteus.
2061 3201 2103 3260 ο
2135 3167 2372 3238 Iosepho
2426 3167 2685 3221 dixerunt
2718 3183 2731 3218 :
2798 3163 3048 3226 Domine,
3094 3172 3246 3232 pater
3306 3171 3492 3216 noster
3545 3173 3717 3215 senex

446 3243 592 3308 quod
621 3244 816 3301 deinde
837 3250 986 3319 agnis
1011 3291 1026 3316 ,
1058 3251 1326 3321 jumeutis
1353 3263 1409 3312 et
1458 3258 1670 3314 aedibus
1715 3262 1830 3315 suis
1877 3277 2028 3317 eme-

445 3341 695 3398 runt;ac
747 3350 958 3408 postea,
1006 3359 1127 3398 cum
1170 3347 1303 3400 nihil
1351 3347 1488 3418 ipsis
1517 3352 1790 3420 reliquum
1837 3364 2026 3423 esset,

444 3425 700 3481 dixerunt
726 3426 965 3501 Iosepho
1007 3433 1161 3490 :Nos
1222 3438 1369 3506 ipsos
1422 3437 1692 3496 Pharaoni
1734 3445 1786 3498 in
1833 3461 2029 3502 servos

443 3517 766 3585 \endemus,
794 3514 961 3578 modo
979 3527 1141 3582 nobis
1175 3528 1510 3586 frumentum
1545 3535 1611 3587 ad
1635 3537 2026 3592 comedendum

439 3617 494 3659 et
525 3609 814 3664 serendum
852 3614 1136 3685 largiatur.
1204 3619 1350 3676 Emit
1395 3637 1526 3693 ergo
1577 3623 1852 3696 Iosephus
1889 3630 2029 3685 Plia-

443 3701 597 3755 raeni
631 3717 659 3755 a
693 3704 886 3776 seipsis
923 3707 1231 3782 Egyptios,
1266 3714 1516 3770 datoillis
1552 3718 2018 3792 frumento,quod

439 3792 670 3851 ederunt
694 3806 748 3852 et
771 3809 928 3855 terrae
949 3803 1302 3870 mandarunt,
1336 3808 1641 3878 accipiente
1674 3812 1744 3866 ab
1775 3813 1914 3883 ipsis
1932 3814 2027 3870 Io-

443 3887 614 3954 sepho
646 3889 913 3948 decimam
960 3902 1191 3962 partem,
1223 3898 1368 3967 quod
1401 3899 1468 3952 ad
1492 3899 1787 3970 hocusque
1818 3913 2033 3974 tempus

444 3979 497 4031 in
532 3984 702 4047 legent
735 3981 892 4047 abiit,
925 3983 1164 4056 faetiquc
1188 3997 1316 4042 sunt
1341 3989 1581 4062 Egyptii
1620 3991 2027 4051 l’haraoniserv

442 4074 517 4126 vi.
557 4072 688 4142 Ejus
712 4075 908 4132 diebus
956 4076 1145 4132 floruit
1173 4079 1275 4135 Iob
1300 4083 1388 4136 ille
1425 4084 1635 4152 justus,
1682 4087 1891 4143 scilicet
1920 4088 2027 4145 Iob

445 4167 586 4221 filius
633 4169 819 4222 Amosi
853 4211 869 4235 ,
934 4169 1029 4226 filii
1097 4171 1369 4240 Zarachi,
1424 4179 1516 4232 filii
1567 4177 1869 4249 liaguelis,
1931 4182 2026 4238 ﬁlii

445 4258 634 4323 l'lsaui,
659 4259 750 4314 ﬁlii
778 4261 974 4326 lsaaki,
993 4263 1084 4316 ﬁlii
1101 4265 1416 4332 Abraltami,
1441 4283 1604 4337 opum
1623 4270 1799 4334 dives,
1824 4273 2029 4341 quique

443 4345 716 4413 aliligente
741 4349 916 4417 ipsum
949 4353 1196 4419 Domino,
1231 4358 1434 4426 gratias
1457 4359 1567 4428 egit
1589 4369 1642 4413 et
1665 4361 2030 4428 patienterrse

442 4437 635 4502 gessit,
664 4453 834 4506 quare
870 4451 1048 4500 amota
1077 4443 1145 4497 ab
1170 4444 1286 4514 ipso
1329 4446 1626 4503 amiCtione
1655 4450 1894 4504 restituit
1923 4452 2026 4518 ipsi

444 4529 586 4584 Deus
626 4545 757 4600 Opes
785 4548 939 4588 suas.

519 4623 732 4676 Accidit
748 4624 910 4678 etiam
932 4626 984 4680 in
1006 4628 1226 4697 regione
1248 4629 1419 4700 Syria!
1437 4631 1606 4689 fames
1629 4633 1874 4706 89-91
1900 4651 2028 4705 gra-

447 4714 552 4779 vis,
581 4715 717 4770 adeo
759 4725 816 4771 ut
848 4717 1055 4774 diceret
1083 4719 1318 4778 Iacobus
1351 4724 1477 4779 ﬁliis
1507 4741 1569 4781 su
1597 4741 1622 4780 s
1658 4744 1674 4784 :
1703 4726 1938 4784 Profecti
1971 4732 2028 4784 in

445 4806 738 4878 zEgyptum
763 4810 925 4866 emite
957 4812 1112 4867 nobis
1142 4813 1498 4870 frumentum:
1525 4815 1804 4873 Venerunt
1829 4820 2026 4886 ergoin

441 4894 736 4967 Egyptum
760 4897 980 4970 Iosephi
1031 4902 1246 4968 fratres,
1271 4920 1406 4974 quos
1455 4906 1600 4962 visos
1624 4907 1805 4962 statim
1828 4923 2031 4979 cogno-

442 4991 520 5042 vit
545 4989 838 5060 Iosephus,
870 4995 986 5064 ipse
1009 4996 1078 5051 ab
1098 4995 1204 5052 illis
1233 4998 1566 5067 incognitus,
1589 5016 1694 5054 non
1717 5011 1897 5057 autem
1927 5005 2030 5060 fuit

441 5097 565 5138 Cum
602 5085 733 5156 ipsis
754 5084 922 5142 frater
952 5089 1070 5159 ejus
1105 5091 1353 5146 uterinus
1379 5091 1699 5162 Benjamin:
1734 5095 1870 5150 dixit
1898 5112 2029 5168 ergo

445 5175 579 5244 ipsis
625 5175 897 5248 Iosephus
955 5197 970 5233 :
1020 5182 1254 5248 Quinam
1310 5185 1446 5239 estis
1490 5186 1638 5242 vos?
1675 5187 1820 5243 unde
1869 5190 2026 5244 veni-

444 5267 572 5324 stis?
603 5278 654 5324 et
689 5271 819 5340 quid
842 5273 1166 5330 vultis?Cui
1201 5275 1278 5330 illi
1308 5293 1322 5330 :
1353 5275 1555 5333 Sumus
1580 5292 1679 5332 nos
1697 5278 2025 5347 Iaeobilfilii;

445 5362 737 5418 duodecim
773 5363 879 5434 ipsi
912 5381 1036 5421 cum
1074 5359 1200 5420 nati"
1235 5383 1510 5434 essemus,
1562 5386 1734 5424 unum
1790 5373 2030 5428 comedit

445 5456 628 5525 lupus,
660 5457 822 5528 cujus
873 5458 1038 5514 etiam
1083 5460 1254 5515 frater
1313 5462 1566 5518 uterinus
1617 5463 1760 5534 apud
1815 5472 2023 5534 patrem

445 5564 606 5602 suum
641 5558 764 5616 est;
795 5560 946 5619 pater
967 5561 1116 5607 entm
1140 5561 1349 5619 noster,
1385 5568 1509 5608 cum
1539 5569 1703 5609 senex
1735 5555 2026 5614 admodum

447 5642 543 5704 sit,
574 5651 736 5698 noctu
767 5655 929 5715 atque
950 5646 1189 5702 interdiu
1240 5647 1410 5701 ﬁlium
1449 5662 1609 5702 suum
1636 5662 1664 5700 a
1699 5648 1830 5717 lupo
1856 5647 2027 5704 devo-

455 5739 635 5784 ratum
678 5735 849 5800 lugct.
920 5737 1220 5808 “capondit
1285 5737 1392 5792 illis
1441 5737 1680 5808 Ioseph:
1725 5737 1844 5793 Non
1892 5741 2030 5798 estis

459 5832 558 5871 vos
588 5821 673 5873 alii
705 5840 865 5892 quam
891 5831 1296 5911 exploratores.
1315 5829 1379 5886 Et
1408 5831 1725 5902 jurautibus
1757 5830 1859 5902 ipsi
1892 5832 2024 5901 illis,

2136 3269 2221 3314 est
2262 3267 2421 3312 aetate
2455 3266 2767 3326 provectus,
2804 3255 2969 3324 hujus
3011 3264 3189 3309 autem
3231 3253 3452 3308 fratrem
3498 3269 3524 3303 a
3562 3252 3716 3320 lupo,

2135 3354 2214 3406 uti
2251 3351 2351 3406 tibi
2390 3351 2760 3413 narravinms,
2803 3349 3124 3404 devoratum
3167 3348 3268 3401 hoc
3293 3362 3466 3415 usque
3501 3356 3720 3412 tempus

2132 3443 2329 3510 deflet;
2393 3444 2438 3498 si
2488 3457 2618 3513 ergo
2667 3443 2811 3496 hunc
2859 3456 2890 3494 a
2937 3440 3100 3495 nobis
3149 3439 3464 3502 abstuleris,
3511 3451 3722 3504 nequa-

2132 3555 2297 3608 quam
2331 3537 2488 3592 nobis
2530 3545 2616 3591 est
2642 3517 2705 3588 ad
2743 3543 2952 3604 patrem
2988 3533 3350 3596 redeundum,
3381 3540 3570 3600 utpote
3593 3530 3716 3598 qui,

2132 3630 2238 3685 nisi
2300 3629 2588 3684 nobiseum
2644 3624 2883 3686 adfuerit
2944 3641 3105 3695 puer,
3153 3623 3341 3678 dolore
3411 3621 3719 3674 moriturus

2128 3729 2244 3774 est:
2271 3714 2500 3770 dimisso
2533 3727 2666 3781 ergo
2698 3711 2817 3781 ipso
2846 3718 2904 3764 ιιι
2935 3710 3000 3764 ad
3033 3719 3240 3779 patrem
3269 3710 3474 3772 redeat,
3501 3725 3529 3762 e
3555 3711 3715 3761 uultis

2132 3820 2515 3879 quemcunque
2549 3802 2791 3858 volueris
2835 3801 2932 3856 tibi
2984 3801 3036 3855 in
3077 3815 3296 3854 servum
3341 3799 3561 3853 habeas.
3602 3798 3712 3851 lte—

2133 3901 2353 3970 spondit
2369 3899 2571 3967 Ioseph
2597 3915 2608 3950 :
2627 3895 2783 3954 Absit
2800 3907 2856 3949 ut
2875 3894 3043 3948 alium
3067 3907 3228 3962 quam
3249 3907 3374 3944 eum
3392 3890 3533 3959 apud
3549 3903 3714 3956 quem

2136 4009 2225 4048 res
2258 4001 2475 4047 nostras
2501 3987 2874 4042 invenerimus
2906 3986 3268 4038 detineamus.
3297 3981 3434 4035 Tum
3465 3980 3714 4050 ipsorum

2137 4092 2401 4145 misertus
2439 4105 2452 4139 :
2491 4085 2624 4153 Ego,
2668 4083 2864 4151 inquit,
2898 4077 3138 4150 93-95
3169 4077 3337 4131 frater
3374 4091 3495 4131 sum
3535 4082 3718 4129 vester

2139 4181 2364 4249 Ioseph,
2403 4194 2470 4233 ne
2513 4177 2653 4231 male
2685 4190 2782 4228 vos
2813 4174 3026 4236 habeat,
3059 4185 3235 4240 neque
3277 4168 3534 4223 timentis.
3574 4214 3580 4217 .
3765 4160 3768 4162 ⁷

2203 4273 2384 4329 Missis
2426 4251 2559 4340 ergo
2611 4269 2676 4322 ad
2721 4265 2993 4322 Iacobum
3030 4263 3284 4319 tentoriis
3337 4272 3391 4314 et
3422 4261 3716 4330 plaustris,

2133 4363 2309 4430 ipsum
2366 4340 2491 4416 cum
2555 4368 2666 4413 tota
2716 4357 2973 4426 progenie
3013 4371 3110 4411 sua
3165 4370 3194 4408 a
3243 4363 3386 4407 terra
3450 4353 3714 4407 Chanaan

2135 4456 2189 4508 in
2244 4453 2537 4522 Egyptum
2589 4449 2855 4504 traduxit.
2905 4446 3316 4515 ingressusque
3379 4450 3466 4497 est
3544 4439 3719 4496 Iacob

2002 4593 2008 4598 .
2063 4542 2106 4596 Ι)
2137 4546 2433 4617 Ᾰίςγριιιιιι
2490 4557 2635 4596 anno
2695 4541 2858 4594 famis
2908 4536 3151 4594 secundo
3213 4535 3320 4607 [vel
3361 4535 3516 4605 juxta
3566 4533 3714 4588 aliud

2131 4637 2430 4706 exemplar,
2462 4631 2667 4704 tertio],
2728 4646 2945 4700 unaque
2975 4647 3099 4684 eum
3123 4630 3243 4699 ipso
3290 4629 3403 4682 nati
3440 4629 3636 4698 ipsius,
3660 4637 3720 4682 et

2130 4738 2356 4796 nepotes
2386 4739 2452 4778 ex
2486 4725 2662 4792 ipsius
2703 4723 2906 4777 lumbis
2936 4721 3210 4792 prognati,
3246 4729 3442 4789 praeter
3475 4719 3714 4772 filiorum

2131 4835 2330 4873 uxores
2374 4818 2443 4871 ab
2495 4817 2616 4885 ipso
2666 4831 2773 4872 non
2826 4824 3149 4884 prognatas,
3195 4828 3318 4866 cum
3362 4810 3602 4880 Iosepho
3650 4827 3719 4865 ac

2130 4909 2538 4978 duobusipsius
2589 4906 2714 4961 filiis
2773 4905 3421 4975 homines'septuaginta
3454 4945 3468 4969 ,
3523 4901 3728 4956 Iacobo
3799 4913 3809 4921 '

2135 5013 2268 5058 tunc
2302 5001 2568 5072 temporis
2600 5013 2778 5054 annos
2808 5007 3025 5052 Centum
3051 5007 3106 5051 et
3137 4998 3360 5065 triginta
3388 5005 3536 5050 nato.
3571 4996 3720 5050 Sub-

2130 5093 2268 5151 stitit
2298 5101 2478 5147 autem
2504 5090 2675 5145 Iacob
2711 5091 2763 5143 in
2785 5087 3020 5159 IEgypto
3068 5102 3244 5141 annos
3279 5086 3714 5155 septemdecim;

2130 5189 2222 5243 ubi
2286 5202 2429 5242 anno
2459 5187 2584 5239 vita:
2618 5183 2746 5238 Levi
2779 5184 3120 5247 octogesimo
3163 5182 3305 5234 diem
3347 5180 3523 5234 obiit:
3568 5179 3718 5234 unde

2129 5281 2184 5336 in
2223 5291 2424 5334 terram
2471 5279 2733 5333 Chanaan
2766 5284 3098 5346 reportatum
3132 5273 3467 5342 sepelierunt
3498 5271 3705 5341 Ioseph

2129 5371 2423 5439 ceterique
2479 5368 2598 5438 (jus
2635 5367 2727 5421 ﬁlii
2776 5365 2930 5435 juxta
2971 5363 3210 5420 lsaacum
3259 5371 3465 5434 patrem
3515 5378 3702 5418 suum.

2129 5467 2328 5521 Totum
2359 5472 2538 5518 autem
2579 5460 2725 5531 quod
2766 5459 2901 5513 vixit
2943 5457 3115 5513 Iacob
3142 5456 3267 5510 anni
3307 5466 3436 5512 sunt
3476 5464 3698 5510 centum

2131 5556 2490 5630 quadraginta
2530 5564 2762 5623 septem.
2797 5551 3013 5607 Kahato
3052 5558 3172 5620 post
3197 5549 3485 5618 sexaginta
3520 5564 3699 5603 annos

2133 5659 2299 5705 natus
2345 5657 2428 5702 est
2474 5647 2528 5700 in
2583 5644 2823 5716 Egypto
2864 5643 3111 5697 Amram.
3153 5643 3312 5696 Anno
3354 5649 3536 5696 autem
3585 5641 3709 5694 vita:

2135 5733 2328 5794 Kahati
2377 5737 2592 5792 decimo
2624 5737 2837 5804 quinto,
2883 5734 3022 5788 obiit
3067 5730 3309 5802 IOSt'pll,
3357 5747 3519 5802 quem
3570 5747 3712 5786 arcte

2140 5829 2457 5902 impositum
2491 5828 2831 5898 sepelierunt
2899 5826 3097 5881 fratres
3148 5824 3323 5896 ipsius
3365 5825 3418 5880 in
3449 5822 3706 5895 Aigypto,
