4076 6394
364 285 475 356 9,ἶῦ

1817 302 2020 362 ΑΝΧΛ
2038 308 2188 368 LE3.

3530 322 3636 388 9'30

362 427 486 464 cum
519 427 698 466 annos
737 422 958 467 centum
995 423 1047 468 et
1083 397 1268 470 decem
1316 415 1575 470 vixisset-
1610 416 1814 471 Ferunt
1857 419 1946 472 alii
1980 422 2022 478 Α
2055 421 2269 489 gionem
2304 418 2486 492 llejazi
2525 425 2776 497 aufugit,
2814 427 2904 482 ttbi
2941 428 3007 483 in
3053 431 3186 488 urbe
3216 433 3440 507 Matlyan
3480 439 3635 497 babi-

359 500 583 570 Jnsephi
618 516 824 572 corpus
872 519 1014 557 areae
1059 520 1380 559 marmorea:
1410 505 1722 574 impositum
1759 503 1814 558 in
1850 505 1943 559 Ni-

361 597 472 649 lttm
510 597 816 664 projectum
876 595 1066 652 fuisse.
1111 597 1284 651 Porro
1321 599 1563 650 Amrano
1596 607 1721 665 post
1767 611 1942 650 annos

359 690 715 758 septuaginta
761 697 875 744 tres
921 697 1087 744 natus
1126 698 1211 745 cst
1248 689 1500 756 Miriam;
1554 697 1677 756 post
1719 697 1941 758 septua-

359 783 508 850 ginta
563 790 771 849 septem
811 781 1000 834 Ahron
1035 797 1048 836 :
1105 790 1230 849 post
1271 783 1552 852 octoginta
1596 779 1796 846 Moses,
1847 782 1937 836 cui

357 887 482 940 pax.
523 871 668 926 Vixit
701 882 882 927 autem
918 872 972 925 in
1007 881 1182 926 toutm
1231 872 1434 925 Amran
1493 887 1666 926 annos
1713 885 1934 926 centum

358 964 577 1034 triginta
628 979 748 1018 sex.
785 964 946 1018 Anno
974 963 1097 1018 vitae
1128 963 1352 1017 Atnrani
1403 965 1681 1019 tricesimo
1705 965 1938 1034 septimo

355 1067 613 1110 mortuus
645 1066 729 1109 est
758 1055 870 1126 96
900 1055 1054 1119 Levi,
1089 1070 1215 1110 cum
1253 1071 1427 1110 annos
1458 1065 1677 1110 centum
1716 1057 1937 1125 triginta

355 1159 567 1213 septem
614 1148 863 1202 vixisset.
911 1148 1073 1202 Anno
1117 1148 1242 1201 vita:
1297 1147 1544 1216 ejusdem
1593 1147 1938 1215 sexagesimo

354 1240 591 1306 Septimo
623 1240 760 1292 obiit
802 1237 1007 1304 Kaltat,
1060 1253 1235 1292 annos
1267 1250 1430 1292 natus
1478 1234 1699 1293 centum
1744 1237 1936 1305 viginti

354 1343 587 1397 septem.
645 1331 874 1385 Mortuis
902 1340 1082 1386 autem
1112 1329 1352 1400 Josepho
1383 1340 1438 1386 et
1469 1330 1736 1386 fratribus
1761 1332 1936 1399 ipsius

353 1405 687 1488 cmtérisqne
739 1422 856 1490 ejus
893 1423 1081 1477 sarculi
1110 1422 1387 1486 omnibus,
1426 1438 1552 1476 cum
1591 1419 1933 1491 multiplicati

349 1523 536 1564 essent
593 1511 692 1565 ﬁlii
742 1512 962 1568 lsraelis
1031 1512 1284 1584 ﬁliosque
1360 1515 1681 1582 genuissent
1733 1515 1935 1580 quibus

351 1600 673 1670 impleretur
723 1615 867 1659 terra
916 1602 1161 1674 rEgypti,
1211 1605 1505 1674 praefectus
1553 1605 1791 1678 Egypto
1839 1626 1932 1664 rex

349 1697 444 1761 qui
493 1695 796 1766 Josephum
852 1713 960 1752 tton
996 1706 1181 1761 uorat,
1223 1699 1364 1752 dixit
1405 1700 1746 1755 consiliariis
1779 1704 1929 1759 suis:

2058 517 2238 582 tavit,
2299 517 2482 586 ibique
2524 535 2752 574 uxorem
2796 520 2991 588 duxit,
3059 527 3280 582 nomine
3335 530 3631 600 Siphuram

2053 605 2221 661 ﬁliam
2273 607 2467 664 Jetltro
2529 617 2712 684 (quem
2760 614 2968 671 Arabes
3021 616 3236 675 Shoarb
3289 625 3631 695 appellant),

2049 695 2304 763 lsmaele,
2351 701 2648 756 Abraltami
2703 702 2834 768 tilio,
2883 704 3128 773 oriundi,
3164 711 3352 779 templi
3386 712 3438 766 in
3497 716 3634 768 urbe

2050 789 2293 862 Madyan
2363 795 2689 850 sacerdotis.
2744 797 3077 870 Peperitque
3133 801 3409 873 Siphurah
3469 806 3633 864 Mosis

2048 882 2186 937 duos
2217 885 2380 949 filios,
2413 886 2640 942 Gersom
2693 898 2746 944 et
2788 889 3033 961 Elyazer,
3064 891 3202 948 Dum
3236 906 3415 951 autem
3441 914 3633 968 pasce-

2046 985 2128 1030 ret
2166 976 2323 1045 100
2354 977 2529 1033 Moses
2566 994 2698 1034 oves
2737 984 2918 1038 soceri
2959 986 3043 1040 sui
3083 984 3296 1050 Jethro,
3335 1005 3462 1044 ecce
3498 1005 3633 1045 con-

2046 1069 2226 1138 spexit
2263 1070 2314 1122 itt
2351 1081 2536 1125 monte
2562 1071 2758 1126 rubum
2792 1075 2937 1144 igne,
2972 1077 3153 1130 medio
3185 1078 3297 1140 die,
3335 1078 3632 1135 ﬂamman-

2045 1173 2174 1227 tem,
2209 1162 2409 1216 arbore
2455 1163 2578 1232 igne
2613 1180 2720 1218 non
2756 1178 3103 1236 consumpta.
3136 1169 3294 1235 Quod
3326 1181 3384 1224 ut
3419 1174 3630 1228 videret

2043 1256 2732 1324 accedentemjinclamavit
2756 1256 3022 1313 Dominus
3044 1263 3233 1329 ejrubo
3254 1261 3374 1316 :‘Ne
3401 1267 3626 1329 timeas,

2043 1344 2239 1412 Moses,
2288 1363 2389 1418 ego
2443 1348 2714 1418 siquidem
2761 1351 3021 1408 Dominus
3053 1369 3198 1408 sum.
3238 1356 3320 1408 Ad
3373 1356 3624 1410 Pharao-

2043 1452 2166 1492 nem
2215 1439 2405 1495 abiens
2441 1442 2639 1512 jnbeas
2673 1443 2848 1511 ipsum
2894 1443 3034 1498 ﬁlios
3089 1444 3309 1502 lsraelis
3346 1447 3626 1504 dimittere

2040 1546 2152 1601 quo
2201 1532 2342 1586 mihi
2393 1535 2658 1588 serviant.
2694 1536 2841 1589 Abiit
2883 1552 3015 1606 ergo
3051 1536 3230 1594 Moses
3275 1540 3340 1593 ad
3379 1539 3622 1595 Pharao-

2043 1639 2187 1688 nem,
2221 1639 2416 1688 annos,
2448 1641 2559 1694 quo
2593 1637 2834 1696 tempore
2877 1628 3153 1684 allocutus
3184 1641 3267 1685 est
3297 1631 3474 1700 ipsum
3522 1633 3624 1684 Do-

2041 1717 2265 1780 minus,
2330 1726 2490 1771 natus
2545 1719 2848 1788 octoginta,
2890 1718 3113 1772 Altrone
3166 1723 3440 1791 octoginta
3508 1731 3621 1777 tres

353 1786 508 1840 Multi
535 1798 832 1856 evaserunt
862 1789 1144 1863 Israelita},
1178 1806 1358 1860 neque
1380 1794 1555 1846 securi
1589 1807 1712 1846 esse
1740 1809 1923 1862 possu-

2043 1818 2192 1873 nato,
2231 1807 2482 1862 Miriama
2529 1822 2720 1862 sorore
2766 1809 3009 1880 ipsorum
3051 1814 3328 1881 octoginta
3383 1826 3615 1884 septem.

348 1896 497 1944 mus,
526 1881 659 1949 quin
695 1882 740 1935 si
769 1883 997 1951 prodeat
1029 1883 1085 1938 in
1119 1898 1220 1939 nos
1262 1884 1484 1939 rebellis
1529 1885 1732 1954 aliquis
1771 1901 1931 1956 Opem

348 1970 450 2040 ipsi
487 1973 648 2026 laturi
684 1974 796 2028 sint
824 1974 888 2028 ad
925 1989 1025 2030 nos
1066 1990 1133 2030 ex
1164 1975 1402 2047 Egypto
1428 1978 1733 2047 pellendos.
1786 1980 1934 2033 Prae-

348 2065 482 2118 fecit
507 2081 639 2136 ergo
676 2066 812 2134 ipsis
857 2066 1147 2138 Egyptios
1185 2070 1278 2138 qui
1313 2069 1462 2138 ipsos
1497 2069 1552 2123 in
1603 2070 1929 2125 servitutem

346 2155 678 2225 redigentes,
718 2158 854 2213 dure
898 2160 1108 2215 servire
1155 2169 1455 2230 coegerunt
1514 2161 1662 2214 circa
1719 2161 1929 2230 lutmn,

347 2245 573 2307 lateres.
610 2255 666 2302 et
711 2247 916 2318 lapides
958 2259 1286 2322 montesque
1325 2252 1698 2317 excavandos,
1745 2269 1934 2309 caver-

351 2356 450 2395 nas
508 2339 898 2414 [eﬂodiendas]
950 2351 1005 2397 et
1044 2353 1248 2398 terram
1299 2345 1629 2400 colendam:
1703 2349 1834 2417 quin
1876 2357 1931 2402 et

350 2433 670 2485 mandatum
701 2433 1101 2508 obstetricibus
1133 2433 1282 2489 dedit
1306 2449 1501 2490 omnes
1531 2437 1620 2505 qui
1659 2437 1928 2492 lsraelitis

349 2532 714 2578 noscerentur
744 2539 925 2579 mares
959 2540 989 2580 e
1021 2525 1203 2579 medio
1253 2526 1506 2592 tollendi,
1536 2537 1702 2598 atque
1732 2529 1785 2582 in
1828 2527 1929 2582 tiu-

346 2618 496 2671 vium
559 2617 886 2686 projiciendi
943 2638 954 2672 :
1024 2617 1160 2672 adeo
1210 2627 1268 2672 nt
1325 2619 1491 2674 occisi
1544 2629 1600 2675 et
1665 2622 1718 2675 itt
1762 2620 1928 2675 fluvio

346 2705 624 2761 submersi
686 2706 891 2761 fuerint
955 2707 1192 2764 infantes
1241 2711 1336 2779 qui
1402 2726 1691 2767 numerum
1759 2729 1924 2768 exce-

343 2797 500 2853 dant.

417 2889 554 2946 Cnm
609 2907 741 2963 ergo
794 2899 959 2947 natus
1009 2901 1156 2948 esset
1195 2891 1396 2957 Moses,
1445 2903 1697 2953 metuens
1749 2908 1925 2954 mater

349 2981 522 3052 ipsius
553 2998 620 3038 ne
650 2999 680 3040 e
719 2984 899 3039 medio
941 2984 1251 3051 tolleretur,
1282 2985 1462 3055 ipsum
1499 2989 1677 3044 tribus
1720 2991 1926 3047 mensi-

344 3073 450 3128 bus
495 3075 828 3130 abscondit:
880 3075 1076 3132 deinde
1110 3077 1214 3132 sibi
1265 3087 1515 3135 metuens
1549 3079 1772 3152 (nomen
1818 3083 1923 3155 ipsi

341 3175 463 3221 erat
493 3165 799 3239 Jocltabad)
851 3183 1037 3224 arcam
1058 3185 1088 3226 e
1111 3170 1296 3241 juttcis
1322 3171 1566 3233 coniecit
1609 3175 1688 3244 (in
1727 3176 1865 3246 lege,
1893 3193 1925 3233 e

343 3257 508 3328 lignis
545 3260 722 3328 pineis
749 3259 999 3316 confecta
1031 3261 1260 3332 dicitur)
1309 3279 1374 3318 ac
1400 3265 1522 3334 pice
1553 3265 1723 3333 intus,
1757 3277 1925 3338 atque

341 3359 498 3406 extra
522 3351 751 3415 oblevit,
791 3353 880 3408 cui
911 3368 1140 3425 puerum
1174 3355 1494 3426 impositum
1533 3359 1587 3413 in
1635 3359 1824 3416 brevia
1855 3362 1923 3418 ad

341 3441 450 3497 Nili
483 3442 641 3498 littus
673 3442 927 3514 projccit,
962 3446 1017 3499 in
1050 3447 1185 3502 urbe
1221 3445 1374 3502 Dhan
1403 3452 1672 3520 appellata
1698 3494 1712 3518 ,
1756 3457 1924 3512 ditio-

343 3534 430 3590 nis
477 3533 832 3605 A‘Igyptiacte,
875 3550 985 3604 quo
1021 3535 1272 3592 sublatus
1299 3538 1593 3604 fluctibus,
1647 3543 1764 3613 ipsa
1813 3562 1922 3602 non

342 3625 561 3680 vidente
591 3627 1064 3698 submergeretur.
1103 3627 1358 3700 97-99
1410 3630 1562 3686 Sedit
1597 3646 1782 3689 autem
1829 3637 1923 3691 Mi-

342 3717 477 3770 riam
523 3732 686 3773 soror
737 3717 908 3773 Musis
940 3732 972 3774 ο
1008 3718 1310 3792 longinquo
1360 3734 1419 3776 ιιι
1468 3725 1604 3794 qttid
1652 3727 1719 3782 de
1751 3745 1922 3796 puero

341 3806 497 3871 ﬁeret
536 3807 770 3862 videret.
829 3807 1179 3867 Descendens
1221 3827 1356 3882 ergo
1398 3801 1708 3873 Pharaonis
1771 3820 1916 3885 tilia,

337 3901 558 3954 nomine
593 3898 792 3970 Siynn,
821 3908 880 3954 ut
907 3915 968 3956 se
996 3901 1050 3956 in
1073 3900 1197 3956 Nilo
1239 3906 1504 3971 ablueret,
1538 3911 1728 3963 audito
1760 3913 1914 3980 pueri

337 3991 391 4044 in
421 4005 554 4046 arca
587 3993 796 4062 vagitu,
829 3984 886 4048 et
915 3993 1318 4062 misericordia,
1373 4007 1675 4072 teneroque
1711 4004 1916 4059 atiectu

335 4096 466 4152 erga
499 4082 680 4152 ipsum
709 4093 1012 4150 commota,
1050 4086 1230 4158 ipsum
1255 4089 1322 4143 ad
1352 4105 1412 4146 se
1439 4094 1669 4164 recepit,
1711 4096 1917 4166 jubens

335 4175 508 4243 quaeri
555 4177 825 4230 nutricem
871 4192 994 4247 quae
1041 4177 1222 4247 ipsum
1257 4180 1488 4238 lactaret
1517 4195 1686 4256 atque
1714 4190 1914 4245 educa-

335 4274 442 4319 ret.
477 4265 791 4323 Accurrcns
837 4282 969 4338 ergo
999 4269 1066 4322 ad
1112 4269 1294 4339 ipsum
1328 4275 1570 4341 Miriam,
1622 4279 1791 4336 Musis
1817 4296 1914 4336 so-

333 4371 448 4420 ror,
501 4355 678 4424 dixit».
716 4361 1072 4428 quaesituram
1119 4376 1180 4415 se
1233 4366 1504 4421 nutricem
1541 4382 1606 4423 ex
1643 4369 1912 4429 lsraelitis

2038 1897 2212 1954 Porro
2245 1913 2392 1952 anno
2420 1897 2543 1953 vita:
2576 1898 3239 1972 Mosis'quinquagesimo
3272 1915 3429 1961 sexto
3474 1922 3621 1960 mor-

2036 2002 2165 2046 tuus
2188 2001 2274 2047 est
2305 1999 2463 2061 pater
2494 1991 2667 2062 ipsius
2702 1997 2928 2056 Amran,
2961 1996 3122 2066 cujus
3147 1999 3256 2052 vita
3297 2007 3414 2052 erat
3447 2014 3621 2055 anno.

2037 2098 2153 2137 rum
2181 2093 2403 2138 centum
2447 2084 2670 2154 triginta
2717 2100 2835 2140 sex.
2885 2085 3291 2156 Prophetarum
3333 2101 3514 2144 autem
3563 2093 3618 2145 in

2031 2162 2363 2244 [Egypto‘in
2394 2174 2658 2230 lsraelitis
2688 2173 2924 2241 Zarach,
2961 2192 2990 2232 e
3030 2177 3152 2233 ﬁliis
3180 2177 3355 2245 Jndae,
3386 2179 3568 2234 Zamri
3595 2220 3611 2244 ,

2031 2264 2316 2330 Abiathar,
2359 2264 2614 2330 liaiman,
2665 2264 2891 2332 Halcuc,
2938 2267 3140 2334 Dat-da,
3175 2279 3231 2325 et
3267 2271 3466 2326 deinde
3501 2273 3617 2327 illo-

2032 2369 2144 2410 ses.
2188 2354 2314 2410 Fuit
2353 2371 2619 2411 numerus
2653 2355 2891 2411 ﬁliorum
2944 2358 3114 2415 Israel
3153 2375 3275 2415 cum
3307 2363 3613 2434 zEgyptum

2031 2448 2446 2518 ingrederentur
2469 2449 2751 2503 hominum
2779 2451 3147 2521 septuaginta,
3187 2454 3616 2524 habitaruntqne

2031 2541 2084 2593 in
2110 2539 2346 2611 Egypto
2377 2554 2553 2596 annos
2577 2541 2844 2596 ducentos
2877 2552 2933 2596 et
2954 2545 3369 2613 septemdecim,
3411 2561 3437 2599 a
3477 2547 3616 2602 Pha-

2031 2629 2290 2690 raonibus
2331 2634 2432 2688 sibi
2466 2634 2701 2688 invicem
2735 2636 3165 2691 succedentibus
3204 2639 3259 2691 in
3285 2640 3612 2693 servitutem

2028 2723 2260 2778 redacti.
2284 2721 2440 2788 Quod
2469 2722 2514 2794 si
2545 2723 2748 2776 dixerit
2767 2723 2914 2792 quis,
2939 2727 3207 2794 scriptum
3235 2742 3356 2782 esse
3379 2727 3430 2781 in
3468 2728 3610 2798 lege,

2028 2806 2166 2863 ﬁlios
2219 2808 2520 2864 Abrahami
2573 2809 2628 2864 in
2688 2810 2951 2866 servitute
2998 2814 3278 2868 detentum
3327 2815 3392 2869 iri
3434 2831 3611 2871 annos

2025 2897 2481 2969 quadringentos,
2533 2898 2610 2971 [in
2665 2901 2776 2957 alio
2829 2905 3150 2973 exemplari,
3183 2906 3323 2960 ﬁlios
3370 2907 3611 2983 lsraelis]

2027 2987 2304 3055 quomodo
2334 3001 2465 3058 ergo
2495 2987 2647 3044 dicas
2675 2989 2829 3059 ipsos
2861 2992 3123 3048 serviisse
3141 3009 3319 3052 annos
3338 2998 3610 3060 ducentos

2027 3086 2083 3131 et
2117 3078 2548 3147 septemdecim?
2583 3083 2978 3152 respondemus
3022 3085 3149 3156 ipsi,
3184 3092 3401 3147 nescire
3427 3096 3606 3166 ipsum

2026 3184 2057 3222 a
2089 3182 2199 3238 quo
2224 3179 2466 3238 tempore
2499 3164 2802 3240 supputare
2839 3172 3038 3230 debeat
3074 3185 3133 3232 ut
3163 3164 3609 3258 annorum—qna-

2025 3262 2441 3330 dringentorum
2483 3266 2720 3334 spatium
2760 3266 3037 3324 conﬁciat.
3092 3270 3249 3328 Scias
3283 3275 3424 3331 libro
3470 3281 3606 3351 legis

2026 3356 2225 3436 primo
2253 3357 2600 3428 101-103
2652 3357 2818 3413 Deum
2873 3361 3056 3430 (cujus
3096 3364 3215 3421 laus
3253 3369 3606 3445 celebranda)

2025 3447 2233 3504 dixisse
2261 3449 2577 3506 Abrahamo
2608 3470 2621 3507 :
2650 3452 2843 3521 Aspice
2869 3455 3059 3510 caelum
3099 3468 3146 3511 et
3191 3461 3396 3528 stellas,
3432 3467 3481 3517 si
3511 3483 3606 3535 ρο-
3694 3515 3703 3522 .

2025 3542 2172 3603 teris.
2201 3558 2494 3609 enumeres,
2544 3545 2621 3598 ita
2678 3547 2819 3600 enim
2848 3563 2904 3602 se
2955 3549 3162 3605 habebit
3208 3570 3381 3608 semen
3431 3567 3602 3624 tuum,

2025 3633 2174 3691 Dixit
2206 3633 2374 3689 etiam
2409 3635 2512 3705 ipsi
2547 3632 2854 3690 Dominus:
2887 3637 3006 3707 Ego
3055 3655 3176 3691 sum
3228 3640 3482 3695 Dominus
3516 3646 3605 3712 qui

2022 3739 2072 3781 te
2099 3727 2261 3780 eduxi
2293 3742 2320 3780 e
2350 3726 2530 3780 Karra
2553 3726 2925 3783 Chaldaeorum
2976 3730 3030 3783 in
3058 3732 3214 3795 Itane,
3236 3751 3395 3802 quam
3424 3734 3520 3788 tibi
3550 3737 3603 3788 in

2022 3816 2382 3871 hwreditatem
2435 3816 2555 3869 dedi
2604 3827 2821 3871 terram.
2895 3819 2956 3873 Et
3007 3820 3212 3875 dicenti
3271 3824 3599 3889 Abrahamo,

2019 3907 2244 3962 Domine
2284 3911 2376 3974 mi,
2422 3909 2684 3977 quomodo
2742 3912 2910 3964 sciant
2955 3929 3036 3966 me
3076 3930 3194 3967 eam
3250 3915 3600 3970 Itaercditatn-

2020 4016 2137 4054 rnm
2163 4001 2189 4054 ?
2239 4000 2376 4056 dixit
2409 3999 2672 4056 Dominus
2703 4020 2716 4055 :
2748 4001 3284 4074 Acceptis,juveneo,
3318 4010 3502 4076 ariete,
3550 4021 3601 4063 et

2019 4109 2181 4162 capra
2212 4093 2523 4157 triennibus,
2573 4109 2780 4163 unaque
2807 4105 3014 4150 turture
3043 4106 3092 4152 et
3125 4099 3394 4168 columba,
3437 4103 3603 4170 ipsis-

2017 4203 2113 4256 que
2139 4187 2414 4256 aequaliter
2441 4187 2646 4252 divisis,
2682 4189 2865 4242 omnia
2892 4190 3132 4257 ipsorum
3158 4195 3395 4248 membra
3437 4212 3464 4250 ε
3509 4214 3595 4250 re-

2016 4281 2168 4350 gione
2209 4281 2424 4348 parium
2473 4296 2692 4335 suorum
2725 4290 2957 4347 statuas,
3006 4284 3192 4339 avibus
3246 4296 3453 4342 tantum
3497 4306 3600 4343 n.n

2016 4372 2200 4428 diuisis
2224 4378 2267 4428 ⁸.
2331 4372 2486 4440 Quod
2566 4389 2687 4429 cum
2757 4374 2982 4431 fecisset
3066 4377 3370 4445 Abraham,
3429 4396 3600 4451 prope

330 4464 455 4519 quis
485 4450 589 4520 ipsi
616 4451 784 4506 ubera
813 4451 1085 4522 praeberet
1107 4463 1162 4506 et
1191 4452 1421 4510 foveret.
1457 4457 1779 4531 Abiensque
1803 4479 1909 4516 ma-
1945 4454 1988 4510 ῐ)
2017 4466 2206 4520 aberat
2253 4474 2313 4521 ut
2369 4466 2675 4523 involareut
2713 4482 2841 4524 aves
2907 4468 2960 4523 in
3008 4477 3193 4539 partes
3244 4471 3320 4526 ita
3366 4450 3594 4540 divisas,

332 4550 468 4595 trem
505 4557 662 4596 suam
702 4546 847 4612 (quae
875 4542 1050 4598 Mosis
1082 4544 1244 4598 etiam
1283 4550 1479 4619 mater)
1527 4550 1777 4617 adduxit,
1809 4569 1906 4610 ne-

328 4635 540 4690 sciente
578 4632 880 4692 Pharaonis
910 4634 1021 4692 ﬁlia
1050 4637 1227 4708 ipsam
1265 4648 1494 4695 matrem
1536 4641 1658 4710 ejus
1689 4643 1862 4700 fuisse
1887 4685 1905 4714 ,

325 4743 452 4798 quae
515 4743 744 4798 puerum
808 4732 915 4803 ipsi
964 4733 1278 4789 lactandum
1331 4740 1499 4804 atque
1553 4735 1900 4792 educandum

326 4821 578 4876 tradidit.

396 4914 534 4971 Cum
585 4927 768 4972 autem
811 4918 881 4973 ad
907 4928 1125 4976 :etatem
1155 4918 1269 4991 jam
1305 4918 1525 4976 virilem
1563 4921 1904 4990 pervenisset

327 5008 532 5076 Moses,
562 5022 858 5081 conspecto
902 5010 1150 5068 Israelita
1191 5011 1430 5083 quodam
1457 5013 1551 5082 qui
1586 5028 1710 5068 cum
1739 5011 1907 5084 Egy-

326 5101 441 5172 ptio
469 5103 852 5166 contenderet,
885 5102 1005 5173 ipse
1034 5101 1358 5174 Egyptium
1392 5101 1600 5158 inﬂicto
1647 5104 1756 5158 ictu
1807 5120 1904 5159 oc-

324 5195 479 5258 cidit,
508 5195 755 5264 atquein
795 5211 965 5250 arena
995 5195 1288 5265 sepelivit;
1317 5204 1486 5266 atque
1526 5195 1736 5265 aliquot
1785 5204 1908 5266 post

324 5289 542 5355 diebus,
595 5305 718 5343 cum
751 5289 896 5345 inter
929 5305 991 5345 se
1013 5290 1362 5346 certantibus
1387 5289 1656 5346 lsraelitis
1684 5291 1904 5345 duobus

324 5393 673 5451 sequestrum
701 5397 763 5442 se
790 5384 1082 5451 ingereret,
1127 5384 1390 5438 dixerunt
1425 5384 1499 5438 illi
1539 5401 1553 5438 :
1603 5383 1813 5441 Forsan
1849 5393 1904 5440 ct

324 5488 574 5531 nostrum
603 5476 835 5530 alterum
889 5475 1284 5532 interfecturus
1341 5493 1402 5532 es
1450 5479 1526 5533 uti
1585 5477 1700 5533 lteri
1733 5477 1903 5550 Αῑεγ-

325 5571 494 5639 ptium
516 5568 863 5624 interfecisti.
890 5566 1072 5633 Quare
1100 5580 1354 5624 metuens
1385 5570 1486 5625 sibi
1521 5569 1702 5628 Moses
1728 5571 1782 5625 in
1819 5587 1898 5626 rc-

393 5746 665 5816 'Gen.xv,
690 5747 808 5805 5-9.
890 5709 1068 5809 “ibid.
1103 5749 1190 5814 ιδ,
1225 5751 1314 5806 is.

2016 4572 2154 4627 quas
2186 4571 2312 4612 cum
2346 4566 2599 4615 vocasset
2645 4559 2950 4626 Abraham,
2986 4561 3092 4616 illa:
3119 4565 3185 4616 ad
3218 4562 3397 4633 ipsum
3431 4579 3597 4620 vene-

2018 4657 2168 4703 runt.
2203 4648 2433 4703 Factum
2457 4661 2546 4705 est
2578 4651 2682 4705 hoc
2705 4656 2771 4705 ad
2801 4667 3062 4708 occasum
3091 4653 3266 4720 solis;
3310 4667 3599 4726 occupavit

2013 4747 2196 4794 auten
2242 4739 2616 4794 Abrahamum
2672 4741 2854 4810 quies,
2899 4753 2953 4798 et
2979 4743 3142 4799 timor
3167 4759 3418 4835 magnus,
3469 4763 3599 4815 epe-

2012 4831 2284 4886 rientibus
2316 4831 2777 4901 ipsumtenebris
2830 4834 3051 4904 spissis.
3100 4831 3354 4906 Dixitque
3414 4835 3598 4912 Dami—

2012 4938 2116 4977 nus
2130 4921 2443 4976 Abrahatno
2471 4937 2485 4974 :
2515 4919 2678 4975 Certo
2703 4923 2842 4977 scias
2861 4939 3034 4978 semen
3062 4927 3594 4982 tunmltabitaturum

2006 5014 2062 5068 in
2117 5023 2258 5068 terra
2304 5014 2609 5084 peregrina,
2645 5014 2699 5068 in
2721 5030 2826 5084 qua
2858 5015 3183 5072 laborabunt
3213 5020 3268 5073 in
3293 5023 3612 5076 servitutem

2008 5104 2213 5159 redacti
2257 5106 2413 5159 annis
2463 5103 2888 5176 quadringentis.
2914 5106 3027 5177 Ego
3070 5124 3192 5164 vero
3237 5110 3589 5179 judicatnrus

2007 5213 2124 5252 sum
2146 5205 2346 5266 gentem
2373 5213 2491 5266 qua:
2514 5214 2602 5252 eos
2633 5198 2687 5252 in
2707 5199 3012 5252 servitutem
3038 5200 3240 5273 rediget
3277 5205 3596 5276 exibuntqne

2013 5288 2224 5343 tandem
2271 5292 2325 5343 in
2365 5291 2504 5345 hunc
2526 5293 2702 5348 locum
2730 5311 2849 5348 cum
2885 5297 3071 5366 opibus
3111 5301 3342 5370 magnis.
3383 5303 3461 5356 Tu
3489 5322 3591 5357 an-

2014 5394 2116 5436 tem
2164 5383 2232 5436 ad
2270 5394 2450 5453 patres
2510 5397 2626 5441 tuos
2675 5388 2727 5441 in
2775 5403 2910 5457 pace
2958 5389 3284 5459 translatus,
3327 5408 3594 5453 senectute

2013 5477 2138 5530 bene
2161 5487 2286 5529 acta
2317 5479 2580 5545 sepelieris
2604 5480 2643 5535 °.
2677 5477 2796 5536 Jam
2820 5483 2888 5537 ab
2913 5483 3020 5538 isto
3043 5493 3289 5553 tempore
3314 5501 3425 5556 quo
3451 5491 3591 5544 dixit

2013 5567 2272 5625 Dominus
2332 5570 2665 5642 Abrahamo,
2689 5571 2878 5632 Semen
2901 5586 3051 5634 tuum
3078 5576 3272 5632 servire
3297 5579 3492 5648 facient
3519 5598 3588 5634 an
