4076 6388
478 273 580 338 931

1507 277 1876 337 EUTYCHIl
1910 273 2444 335 ALEXANDRINI
2479 274 2702 334 PATR.

3635 273 3742 337 93?.

477 392 558 444 nis
599 389 1026 460 quadringentis,
1053 388 1461 459 supputandum
1489 402 1565 444 est
1602 391 1668 445 ad
1707 399 1920 459 tempus
1939 390 2053 441 exi-
2086 396 2124 448 Α
2159 387 2340 458 fregit.
2390 386 2586 442 deinde
2640 389 2836 442 iterum
2885 385 3144 443 collectas
3191 389 3244 442 in
3295 401 3420 442 arca
3477 389 3742 456 reposuit.

474 498 566 542 tus
609 486 980 540 lsraelitarum
1015 501 1078 538 ex
1115 485 1373 556 Egypto.
1403 485 1544 552 quod
1570 484 1839 553 intelligas
1864 485 2046 538 velint.

477 581 769 636 Dimittens
794 580 958 649 igitur
979 577 1191 633 Pharao
1211 576 1369 647 104
1391 576 1840 642 lsraelitas,dixit
1870 574 2004 644 ipsis
2034 592 2047 628 :

473 675 610 730 Cum
670 673 822 729 Mosc
867 671 1099 742 profecti
1133 687 1256 726 cum
1291 669 1523 723 Domino
1552 676 1737 723 vestro
1776 667 1829 720 in
1870 677 2052 721 monte

413 819 430 832 ,
474 776 670 824 sancto
705 767 1028 826 servieritis.
1059 773 1181 835 post
1211 763 1456 819 triduum
1513 762 1565 815 in
1601 762 1780 816 locum
1811 771 2052 814 vestrum

397 859 400 862 ’
478 861 840 916 revertimini.
872 859 1044 915 Jusslt
1071 867 1254 911 autem
1296 854 1473 910 Moses
1519 853 1750 909 feminas
1796 851 2052 907 Israeliti-

475 969 572 1008 cas
612 961 791 1008 vestes
825 961 877 1005 et
924 956 1245 1005 ornamenta
1301 947 1368 1001 ab
1417 944 1694 1017 zEgyptiis
1741 949 1933 998 mutuo
1965 955 2056 994 ac-

476 1056 638 1114 cepta
689 1044 939 1103 induere,
982 1041 1128 1111 quod
1173 1049 1227 1096 et
1280 1039 1552 1095 fecerunt.
1599 1039 1754 1108 Ipsos
1783 1037 1950 1107 igitur
1987 1049 2054 1090 ex

481 1137 719 1208 Azlgypto
769 1136 956 1190 eduxit
1007 1133 1205 1197 Moses,
1259 1147 1488 1187 numero
1537 1129 1854 1186 sexcenties
1885 1127 2052 1192 mille.

478 1231 617 1293 Quin
667 1237 720 1281 et
764 1226 918 1294 jussu
950 1223 1116 1278 Mosis
1139 1223 1378 1278 divisum
1411 1230 1497 1276 est
1526 1221 1664 1291 ipsis
1704 1218 2047 1287 mare,zadeo

477 1319 998 1386 utmediumipsum
1028 1307 1452 1386 pertransirent.
1501 1313 1828 1369 l‘aettitcntia
1867 1321 2053 1365 autem

474 1423 658 1469 motus
689 1411 1088 1480 Pharaoquod
1125 1410 1405 1464 lsraelitas
1445 1407 1748 1464 dimisisset
1784 1404 1915 1476 (fuit
1954 1418 2058 1460 au-

476 1515 584 1559 tem
641 1504 914 1559 Pharaoni
978 1502 1045 1558 de
1097 1517 1207 1571 quo
1251 1500 1498 1570 loquitur
1567 1497 1788 1562 Moses,
1857 1513 2055 1553 nomen

475 1594 692 1662 Amius)
729 1609 852 1648 cum
895 1593 1170 1648 sexcentis
1213 1606 1438 1646 suormn
1473 1589 1718 1646 millibus
1759 1604 2056 1662 egressus,

475 1689 763 1744 insecutus
787 1696 872 1742 est
897 1686 1094 1756 ipsos;
1127 1692 1178 1739 at
1225 1683 1590 1740 reﬂuentibus
1629 1685 1682 1738 in
1720 1685 1869 1752 ipsos
1900 1688 2058 1756 aquis

472 1782 800 1836 submersus
844 1788 930 1833 est
977 1793 1102 1834 cum
1147 1776 1301 1843 suis,
1348 1777 1486 1830 adeo
1531 1783 1590 1830 ut
1641 1791 1744 1832 nec
1801 1793 1944 1832 unus
1994 1794 2059 1832 ex
2095 1753 2135 1807 Β

476 1872 615 1942 ipsis
645 1871 831 1926 salvus
857 1869 1136 1926 evaderet.
1169 1869 1289 1924 1am
1317 1871 1386 1926 ab
1403 1871 1718 1927 Abrahamo
1747 1871 1812 1926 ad
1840 1871 2062 1928 lsraeli-

481 1975 659 2018 tarum
700 1979 766 2017 ex
819 1961 1051 2032 [Egypto
1098 1963 1309 2017 exitum
1343 1964 1472 2017 anni
1519 1974 1648 2018 sunt
1687 1964 1967 2033 quingenti
2010 1973 2064 2019 et

477 2068 710 2124 septem.
745 2053 789 2109 A
821 2054 1060 2109 Pbaleko
1083 2053 1150 2108 ad
1189 2054 1439 2124 ipsorum
1466 2054 1673 2124 exitum
1699 2093 1715 2118 ,
1757 2055 1884 2109 anni
1917 2055 2064 2109 mille

481 2147 846 2217 quadraginta
890 2155 1034 2199 octo.
1077 2145 1122 2198 Α
1187 2145 1392 2200 diluvio
1444 2145 1592 2200 mille
1626 2147 1910 2215 quingenti
1974 2160 2063 2200 sc-

483 2242 767 2312 ptuaginta
799 2255 998 2294 novem
1054 2257 1068 2292 :
1119 2238 1188 2293 ab
1225 2237 1436 2294 Adamn
1465 2250 1546 2294 ter
1586 2239 1732 2294 mille
1765 2239 2062 2309 octingenti

478 2332 706 2402 triginta
753 2332 1018 2400 quinque.
1053 2328 1517 2385 Permanentibus
1564 2339 1747 2384 autem
1793 2327 2063 2384 Israelitis

481 2426 537 2479 in
569 2425 789 2480 deserto
812 2423 1180 2492 quadraginta
1213 2423 1376 2478 annis
1415 2422 1632 2490 depluit
1664 2421 1734 2478 ad
1782 2422 1930 2492 ipsos
1957 2421 2066 2476 Do-

483 2518 667 2572 minus
697 2530 954 2569 mannam
987 2523 1040 2570 et
1072 2517 1402 2572 coturnices.
1440 2513 1610 2571 Porro
1645 2517 1701 2569 in
1725 2515 1943 2571 deserto
1963 2532 2062 2586 op.

483 2616 795 2678 pugnarunt
830 2607 956 2661 illos
983 2605 1304 2664 Amaleltitre
1333 2617 1387 2662 et
1426 2605 1694 2664 Philistmi
1716 2649 1731 2670 .
1767 2609 1904 2662 adeo
1932 2616 1992 2662 ut
2019 2607 2064 2662 si

483 2701 704 2770 quando
748 2698 1083 2753 Palestiuam
1149 2707 1416 2768 peterent,
1472 2698 1542 2754 ab
1596 2715 1659 2755 ea
1701 2707 2062 2765 arcerentur;

483 2795 644 2848 autsi
683 2791 1114 2847 Amalekitarum
1150 2795 1364 2862 plagam
1388 2836 1402 2858 ,
1438 2794 1579 2848 bello
1612 2795 1682 2848 ab
1711 2794 1844 2863 ipsis
1891 2794 2068 2849 laces-

491 2887 606 2944 siti.
663 2897 829 2955 atque
877 2887 1126 2957 impediti
1159 2885 1402 2949 fuerint;
1437 2885 1582 2955 quod
1621 2885 1666 2940 si
1733 2885 1969 2940 reditum
2011 2885 2064 2940 in

479 2977 780 3050 Egyptum
834 2978 1261 3040 meditarentur,
1331 2978 1401 3031 ab
1471 2977 1595 3045 ejus
1626 2977 1824 3034 incolis
1865 2979 2068 3034 timue-

2153 482 2414 538 Confeeto
2435 482 2593 535 etiam
2614 483 2968 535 tabernaculo
2995 482 3281 552 Temporis
3295 499 3359 538 cx
3388 481 3745 536 lsraelitidum

2157 586 2314 640 ueto,
2348 575 2531 643 posuit
2565 575 2618 627 in
2658 574 2774 643 ipso
2798 573 2979 631 Moses
3019 578 3322 631 sacrarium
3357 615 3373 640 ,
3412 577 3466 628 in
3509 592 3619 645 quo
3661 591 3749 629 sa-

2156 669 2398 723 cerdotis
2431 681 2631 721 munus
2665 667 2833 722 obivit
2875 667 3042 722 frater
3077 669 3247 738 ipsius
3303 671 3514 725 Altrou.
3576 668 3750 723 Cum.

2157 777 2264 830 que
2298 777 2328 815 a
2359 760 2734 829 serpentibus,
2763 775 3006 830 quorum
3038 778 3240 832 magna
3265 763 3368 816 fuit
3416 763 3471 817 in
3529 764 3750 817 deserto

2157 855 2338 924 copia,
2374 855 2464 910 icti
2493 863 2658 924 atque
2714 853 2988 910 interfecti
3038 853 3305 910 Israelita:
3343 870 3503 924 opcm
3527 870 3556 908 a
3604 853 3751 908 Maso

2161 947 2540 1016 implorarent,
2580 950 2745 1018 jussit
2795 949 2971 1018 ipsum
3033 948 3297 1003 Dominus
3340 949 3636 1002 conflatum
3683 963 3747 1000 ex

2158 1055 2263 1094 aere
2289 1052 2597 1110 serpentem
2628 1042 2848 1104 vexillo,
2879 1041 3024 1110 quod
3060 1043 3113 1096 in
3144 1042 3340 1096 mediis
3375 1042 3748 1096 Israelitarum

2161 1133 2362 1189 castris
2387 1135 2639 1202 erigeret,
2670 1145 3044 1189 transversum
3078 1135 3338 1203 infigere;
3369 1150 3478 1202 quo
3504 1173 3520 1195 ,
3545 1133 3589 1187 si
3627 1134 3752 1202 quis

2160 1241 2226 1292 ex
2262 1228 2398 1298 ipsis
2431 1244 2458 1281 a
2489 1235 2746 1297 serpente
2785 1243 3007 1282 morsus
3053 1243 3363 1297 serpentem
3415 1242 3620 1281 aereum
3670 1243 3754 1280 re-

2161 1322 2416 1392 spiceret,
2452 1322 2660 1375 nullam
2690 1336 2721 1373 a
2757 1336 2970 1376 veneno
2999 1336 3197 1375 nosam
3247 1323 3495 1376 sentiret.
3549 1319 3747 1373 Mortui

2163 1423 2292 1467 sunt
2316 1425 2496 1468 autem
2531 1413 2734 1477 Moses,
2768 1414 2954 1468 Abron
2990 1422 3044 1468 et
3071 1414 3283 1468 Miriam
3318 1428 3474 1467 soror
3503 1413 3748 1481 ipsorum

2163 1505 2356 1561 eodem
2389 1521 2533 1560 anno
2563 1507 2616 1566 in
2642 1508 2884 1572 deserto,
2925 1519 3045 1576 post
3097 1523 3276 1562 annos
3328 1507 3382 1560 in
3434 1507 3554 1574 ipso
3617 1519 3755 1574 qua-
3837 1511 3854 1526 ‘

2163 1601 2415 1668 draginta
2473 1599 2789 1670 insumptos
2841 1601 3118 1654 :obeunte
3181 1600 3358 1669 primo
3407 1597 3616 1650 Miriam
3665 1595 3756 1648 dic

2164 1702 2324 1744 sexto
2363 1690 2532 1745 Nisan
2561 1691 2691 1762 (qui
2729 1699 2815 1746 est
2847 1691 3196 1761 Barmudah)
3250 1705 3426 1745 annos
3469 1700 3591 1742 nata
3627 1703 3761 1742 cen-

2166 1792 2280 1836 tum
2315 1784 2504 1852 viginti
2547 1793 2766 1853 septem
2798 1802 2811 1848 ;
2845 1785 3043 1839 deinde
3067 1783 3309 1849 Altrone,
3335 1783 3513 1850 primo
3551 1779 3758 1834 mensis

2166 1877 2248 1931 Ab
2277 1877 2388 1948 (qui
2417 1886 2501 1931 est
2525 1877 2788 1943 Mesltra),
2829 1877 2922 1947 qui
2951 1886 3007 1932 et
3034 1877 3288 1946 sepultus
3346 1883 3432 1929 est
3478 1877 3532 1927 iu
3571 1881 3760 1926 monte

2165 1972 2282 2026 Hor
2304 2014 2318 2036 ,
2353 1987 2526 2026 annos
2574 1981 2736 2026 natus
2786 1980 3007 2028 centum
3034 1969 3224 2041 viginti
3269 1979 3416 2033 tres;
3475 1966 3709 2038 [ultimo
3739 1963 3759 2035 ]

2165 2065 2313 2120 Mose
2338 2066 2412 2133 (τ’.
2447 2065 2527 2134 p.)
2564 2065 2653 2119 die
2681 2064 2917 2132 septimo
2957 2064 3123 2116 Adari
3158 2062 3276 2132 (qui
3325 2071 3407 2118 est
3438 2055 3758 2128 Bormahat]

2164 2159 2220 2212 in
2249 2160 2466 2229 regione
2497 2157 2676 2220 Moab,
2711 2157 2801 2212 ubi
2833 2165 2886 2212 et
2915 2158 2969 2210 in
3029 2156 3170 2211 valle
3217 2155 3454 2225 quodam
3506 2151 3761 2220 sepultus

2164 2259 2270 2313 ost,
2306 2265 2430 2305 cum
2489 2265 2759 2304 annorum
2815 2257 2964 2304 esset
3007 2259 3224 2303 centmn
3290 2247 3502 2316 viginti.
3544 2243 3762 2298 Mortuo

2165 2344 2334 2405 Mose,
2369 2344 2572 2412 populo
2607 2342 2842 2411 regendo
2892 2340 3186 2410 praefectus
3229 2347 3315 2394 est
3357 2337 3524 2393 Josua
3549 2376 3564 2400 ,
3610 2335 3758 2390 Νωδὶ

2167 2434 2334 2499 filius,
2367 2449 2544 2488 annos
2573 2437 2794 2502 triginta
2823 2443 2874 2488 et
2911 2448 3081 2488 unum
3117 2449 3132 2486 :
3161 2433 3253 2502 qui
3282 2447 3406 2486 cum
3459 2429 3759 2484 Iordanem

2167 2527 2498 2589 transiisset,
2539 2535 2744 2596 septem
2793 2526 2931 2592 dies
2990 2526 3057 2579 ad
3109 2523 3470 2580 obsidendam
3538 2520 3762 2575 .lericbo

2171 2612 2532 2688 109-111
2572 2619 2839 2673 substitit.
2871 2617 2966 2672 Die
2995 2618 3251 2688 septimo,
3272 2630 3395 2670 cum
3419 2615 3565 2669 tubis
3611 2613 3761 2666 circa

2167 2713 2354 2766 urbem
2386 2711 2766 2781 clangentibns
2799 2750 2814 2770 .
2840 2719 3008 2780 atque
3057 2709 3492 2764 vociferantibus
3542 2707 3767 2760 Israeli-

2168 2807 2265 2868 tis,
2307 2819 2417 2872 pra:
2445 2805 2708 2859 clamoris
2741 2812 2795 2858 et
2825 2805 3104 2874 clangoris
3135 2803 3484 2858 vehementia
3519 2800 3760 2855 cecidis-

2168 2907 2251 2952 set
2279 2897 2432 2953 urbis
2464 2897 2774 2962 munimen,
2799 2905 3070 2968 quotquot
3106 2896 3160 2950 in
3188 2895 3321 2952 urbe
3345 2895 3563 2952 fuerant
3585 2891 3759 2957 viros,
3837 2883 3850 2897 “

2168 3006 2394 3061 pueros,
2430 2989 2686 3054 feminas,
2718 2990 2837 3044 neci
2868 2989 3040 3044 dedit.

480 3083 632 3126 runt.
665 3071 730 3124 Et
766 3071 1162 3142 prophetarum
1219 3067 1570 3144 105-107
1613 3067 1666 3120 in
1707 3068 1932 3122 deserto
1967 3067 2062 3120 lilii

2241 3084 2414 3153 Capta
2446 3081 2768 3138 Jericltunte
2813 3084 2866 3137 in
2922 3082 3044 3153 ejus
3093 3081 3496 3152 campestribus
3549 3082 3756 3137 Pascha

481 3163 687 3220 Korahi
719 3176 882 3231 quem
910 3161 1186 3230 absorpsit
1209 3170 1376 3225 terra,
1399 3157 1662 3214 videlicet
1693 3158 1877 3223 Asitir,
1903 3156 2066 3213 Elka-

483 3256 618 3320 nalt,
640 3263 696 3309 et
717 3256 982 3324 Anisaplt.
1006 3255 1314 3322 Absorptus
1334 3262 1514 3306 autem
1532 3263 1616 3306 est
1638 3250 1816 3304 Koralt
1837 3249 1981 3320 quod
2006 3265 2066 3306 se

483 3361 652 3416 supra
703 3345 891 3400 Mosen
944 3345 1235 3400 extolleret
1287 3343 1450 3413 eique
1493 3343 1827 3398 convitiatus
1893 3350 2062 3407 esset,

479 3457 607 3510 quae
637 3449 691 3494 et
714 3439 1042 3509 (imperante
1091 3446 1256 3491 terrm
1307 3435 1473 3503 lllose)
1504 3435 1681 3504 ipsum
1712 3449 1837 3488 cum
1880 3436 2064 3490 tabero

485 3536 682 3588 naculo
728 3548 854 3598 suo,
900 3545 1133 3601 qttteque
1179 3530 1286 3601 ipsi
1331 3539 1488 3584 erant
1543 3530 1801 3586 omnibus
1831 3532 2063 3585 devora-

485 3630 584 3682 vit.

556 3722 726 3778 Porro
755 3718 1173 3774 numerautibus
1216 3716 1365 3773 llose
1406 3726 1462 3773 et
1509 3719 1731 3775 Ahrone
1789 3719 2064 3776 lsraelitas

479 3831 606 3870 cum
633 3815 686 3866 in
713 3814 934 3868 deserto
964 3819 1174 3877 essent,
1210 3826 1402 3866 omnes
1430 3812 1602 3866 armis
1638 3813 1918 3882 gestandis
1951 3813 2066 3866 ido-

484 3905 854 3982 neos,viginti
897 3915 952 3958 et
983 3905 1127 3974 quod
1156 3904 1405 3958 excurrit
1435 3919 1609 3958 annos
1639 3911 1814 3970 natos,
1838 3920 2066 3976 excep'a

491 4000 636 4052 tribu
670 3996 823 4060 Levi,
865 3998 1088 4053 fuerunt
1118 3996 1400 4050 hominum
1423 3997 1563 4051 ultra
1597 3997 1902 4052 sexcenties
1922 3999 2068 4052 mille

489 4091 594 4144 tria
637 4090 805 4143 millia
837 4089 1125 4160 quingenti
1160 4099 1212 4142 et
1267 4089 1686 4160 quinquaginta.
1731 4090 1930 4144 Levita:
1975 4107 2070 4144 aue

483 4191 616 4245 tem,
644 4197 768 4234 cum
800 4182 1064 4250 ipsorum,
1090 4190 1359 4250 quotquot
1384 4197 1621 4235 mensem
1651 4197 1820 4236 unum
1844 4190 1897 4237 et
1921 4183 2068 4251 quod

485 4277 628 4328 ultra
661 4285 743 4329 est
768 4277 876 4328 nati
909 4286 1114 4341 essent,
1141 4291 1425 4330 numerum
1461 4277 1761 4345 cepissent,
1794 4279 1961 4332 vicies
1985 4278 2069 4333 bis

485 4367 637 4422 mille
669 4367 891 4422 ducenti
922 4369 1268 4438 septuaginta
1302 4377 1414 4422 tres
1453 4370 1694 4424 fuerunt.
1723 4368 1796 4423 lta
1847 4369 2070 4424 fuerunt

2172 3175 2490 3232 celebravit.
2521 3173 2733 3229 Deinde
2766 3175 3072 3229 exercitum
3102 3175 3170 3230 ad
3208 3175 3400 3231 urbem
3447 3176 3549 3229 Ani
3575 3183 3630 3230 et
3663 3173 3765 3230 Be-

2173 3267 2284 3322 tbel
2319 3267 2606 3338 praemisit,
2640 3267 2731 3338 qui
2767 3267 2921 3321 urbis
2946 3276 3150 3322 statum
3177 3268 3546 3336 explorarent.
3587 3267 3767 3322 Cutn-

2171 3376 2281 3432 que
2309 3362 2590 3430 congressi
2634 3360 2737 3414 Ani
2818 3359 3011 3414 incolat
3063 3375 3094 3415 e
3147 3357 3334 3414 Josua:
3387 3361 3553 3416 sociis
3612 3359 3765 3413 viros

2177 3449 2398 3518 triginta
2437 3464 2533 3503 sex
2574 3449 3003 3515 interfecissent,
3040 3449 3210 3504 Josua
3247 3458 3440 3505 contra
3484 3465 3602 3504 eam
3657 3451 3764 3503 trl-

2175 3541 2291 3595 cies
2323 3541 2470 3596 mille
2497 3543 2700 3608 emisit,
2745 3556 2884 3612 quos
2917 3553 3140 3597 secutus
3183 3554 3269 3597 est
3320 3543 3433 3612 ipse
3461 3556 3588 3596 cum
3624 3541 3770 3597 Insi-

2175 3634 2302 3688 diis.
2336 3633 2638 3704 Progresso
2662 3650 2793 3705 ergo
2834 3649 2962 3705 rege
2989 3635 3090 3688 Ani
3123 3633 3188 3688 ad
3215 3649 3374 3689 exere
3403 3643 3513 3688 tam
3554 3631 3596 3685 J.
3621 3648 3648 3688 s
3675 3649 3765 3701 -a~,

2172 3737 2458 3782 cesserunt
2488 3726 2621 3796 ipsis
2653 3724 2911 3782 Israelita:
2944 3726 3118 3780 donec
3147 3725 3214 3778 ab
3244 3727 3378 3778 urbe
3429 3724 3643 3793 longius
3672 3723 3763 3775 di.

2175 3818 2525 3884 sccssissent,
2554 3833 2718 3888 quam
2747 3819 3031 3888 ingressus
3068 3815 3238 3874 Josua
3292 3833 3415 3872 cum
3468 3815 3802 3894 insidiatoﬁ

2178 3911 2329 3965 ribus
2361 3912 2537 3980 ipsam
2574 3919 2840 3964 vastatam
2889 3909 3013 3978 igne
3076 3907 3409 3983 absumpsit,
3456 3906 3770 3960 interfectis

2176 4001 2269 4069 qui
2297 4001 2350 4054 in
2376 4015 2438 4056 ea
2474 4001 2694 4055 fuerant
2723 4009 2833 4053 tam
2879 4000 3012 4055 viris
3046 4015 3212 4068 quam
3264 3997 3504 4052 feminis.
3557 3997 3767 4068 Regem

2177 4093 2378 4148 deinde
2401 4094 2522 4162 ejus
2546 4093 2852 4158 insecutus,
2882 4091 3063 4147 socios
3098 4092 3274 4161 ipsius
3299 4091 3522 4155 ocridit,
3559 4090 3773 4158 ipsum,

2176 4186 2272 4253 qui
2310 4183 2468 4237 vivus
2513 4193 2707 4251 captus
2758 4191 2878 4246 est,
2936 4181 3099 4236 morti
3149 4182 3408 4235 traditum
3452 4181 3774 4249 suspendit.

2179 4277 2552 4345 Ascenditque
2635 4273 2806 4329 Josua
2891 4287 3017 4329 cum
3077 4273 3341 4328 lsraelitis
3399 4275 3454 4327 in
3519 4281 3771 4340 montem

2178 4367 2388 4440 [terrae]
2415 4369 2843 4422 Cbanaaniticae.
2873 4367 3048 4422 Porro
3073 4382 3196 4421 cum
3227 4367 3484 4420 Israelita)
3510 4364 3782 4436 quadra—

439 4462 447 4472 '
483 4475 850 4530 omnes,quos
881 4471 1245 4516 numerarunt
1278 4460 1456 4516 Moses
1488 4472 1542 4518 et
1573 4463 1782 4527 Abron,
1808 4461 2063 4518 Israelita:
2103 4467 2145 4523 Ι)
2175 4465 2346 4530 ginta,
2375 4461 2578 4530 quibus
2613 4463 2664 4514 in
2713 4462 2940 4516 deserto
2998 4469 3177 4526 erant,
3232 4460 3392 4514 annis
3447 4458 3780 4514 circumcisr

487 4569 720 4609 numero
749 4556 890 4608 ultra
915 4557 1224 4610 sexcenties
1243 4556 1394 4610 mille
1414 4557 1584 4611 vicies
1605 4557 1896 4627 quinquies
1924 4559 2070 4612 mille

484 4647 784 4717 octingenti
820 4647 1006 4718 viginti
1044 4657 1174 4704 tres.
1209 4647 1379 4702 Porro
1418 4649 1695 4706 interfecit
1733 4653 1911 4706 Moses
1941 4654 2068 4706 dum

485 4742 538 4795 in
571 4744 790 4796 deserto
817 4752 986 4805 esset,
1024 4741 1288 4796 Siltonem
1324 4758 1502 4813 regem
1533 4742 1831 4807 Hcsbboni,
1856 4755 1909 4798 et
1938 4747 2070 4800 viris

483 4835 704 4898 occisis,
741 4833 1076 4903 feminisque
1103 4835 1334 4903 captivis
1370 4823 1528 4889 factis
1567 4874 1582 4898 ,
1634 4836 1876 4904 ipsorum
1902 4852 2070 4906 pagos

485 4925 744 4980 vastavit.
775 4926 939 4979 Caeso
966 4925 1130 4980 etiam
1162 4941 1286 4993 rege
1323 4926 1520 4980 Midian
1554 4968 1566 4985 .
1594 4935 1757 4997 atque
1789 4929 1920 4983 urbe
1965 4944 2072 4984 ex-

483 5017 603 5069 cisa
640 5017 790 5070 viros
823 5030 1137 5085 puerosque
1172 5017 1289 5070 neci
1329 5015 1480 5069 dedit
1510 5055 1523 5075 ,
1565 5016 1793 5071 feminas
1820 5017 2070 5087 captivas

485 5107 734 5164 abduxit.
774 5108 1088 5177 Eodemque
1119 5107 1281 5162 modo
1306 5122 1486 5176 regem
1504 5106 1586 5177 0g
1610 5123 1640 5162 e
1671 5108 1850 5161 medio
1881 5118 2071 5162 sustu-

483 5199 568 5265 lit,
611 5202 748 5256 urbe
783 5200 960 5270 ipsius
1000 5201 1272 5266 desolata,
1314 5200 1622 5255 interfectis
1655 5199 1788 5255 viris
1840 5215 1902 5256 ac
1936 5217 2072 5271 pue-

481 5294 582 5357 ris,
622 5293 839 5347 feminis
862 5292 1062 5362 captis.
1085 5291 1504 5348 Conscendente
1531 5303 1714 5346 autem
1741 5292 1888 5349 Mose
1915 5310 2070 5348 mon-

429 5455 434 5460 ,
483 5397 588 5441 tem
621 5388 766 5443 Sina:
792 5385 1017 5442 tradidit
1051 5387 1156 5456 ipsi
1207 5385 1472 5441 Dominus
1512 5386 1680 5456 legem
1733 5386 1932 5442 tabulis
1984 5389 2068 5442 in-

478 5481 739 5550 scriptam
773 5497 787 5534 :
822 5489 875 5532 at
911 5494 1034 5532 cum
1070 5478 1138 5532 de
1197 5486 1382 5532 monte
1427 5477 1804 5533 deseendisset
1860 5479 2068 5533 invenit

479 5565 777 5633 Israelitas,
805 5571 952 5639 quod
982 5585 1046 5623 ex
1085 5569 1247 5640 108
1294 5569 1432 5624 fusis
1488 5571 1780 5623 mulierum
1838 5585 2065 5626 suarum

480 5665 818 5717 ornauentis
847 5662 1166 5731 prodierat,
1195 5663 1346 5716 vituli
1399 5671 1567 5732 caput
1626 5663 1892 5720 colentes.
1934 5664 2066 5730 Qui-

485 5754 584 5804 bus
615 5755 928 5822 conspectis
957 5757 1172 5813 tabulas
1202 5774 1230 5811 c
1261 5771 1424 5810 manu
1466 5773 1562 5812 sua
1628 5759 1868 5828 abjectas
1926 5774 2054 5813 con-

2175 4568 2285 4608 nnu
2322 4555 2579 4618 fuissent,
2611 4554 2723 4616 ubi,
2751 4551 2991 4607 Iordane
3023 4561 3079 4607 et
3109 4569 3231 4622 quae
3283 4553 3677 4621 circumjecent
3709 4553 3778 4606 in

2176 4655 2501 4716 potestatem
2536 4647 2793 4712 redactis,
2823 4661 2948 4699 cum
2987 4647 3242 4716 gentibus
3273 4648 3776 4716 pet-miscerentur,

2170 4737 2339 4807 jussit
2364 4737 2626 4791 Dominus
2653 4737 2906 4802 .losuam,
2947 4739 3142 4794 cultris
3177 4752 3208 4792 e
3241 4738 3420 4808 lapide
3460 4739 3599 4792 duro
3633 4753 3780 4790 con.-

2176 4830 2336 4884 fectis
2365 4831 2516 4899 ipsos
2541 4831 2964 4894 circumcidere,
2999 4831 3144 4900 quod
3170 4841 3223 4886 et
3252 4832 3398 4886 fecit.
3427 4830 3558 4902 (Est-
3579 4839 3773 4886 autem

2177 4923 2503 4995 Aitbiopum
2535 4940 2668 4996 gens
2694 4928 2940 4996 quaedam
2973 4925 3240 4996 Al-Najab
3288 4927 3432 4981 dicta
3465 4943 3587 4998 qttze
3620 4927 3775 4982 idem

2182 5019 2361 5073 adhuc
2392 5018 2588 5088 facit.)
2616 5019 2774 5090 112
2811 5017 3111 5090 Descripsit
3131 5021 3292 5075 etiam
3328 5020 3593 5075 lsraelitis
3625 5019 3779 5075 Deu-

2176 5110 2577 5172 teronominm,
2612 5123 2846 5178 quaeque
2877 5109 2928 5162 in
2960 5124 3024 5163 ea
3054 5111 3408 5166 continentur
3427 5109 3782 5164 benedicta-

2181 5217 2279 5256 nes
2301 5211 2357 5256 et
2383 5202 2838 5257 maledic-tiones.

2249 5294 2351 5349 Ubi
2380 5303 2560 5348 autem
2601 5297 2666 5348 ad
2702 5311 2880 5364 regem
2908 5295 3173 5351 Gibeonis
3203 5297 3543 5366 pervenisset
3584 5296 3775 5351 losum:

2171 5385 2338 5451 fama,
2373 5386 2462 5440 ille
2487 5402 2582 5454 per
2628 5389 2836 5443 litteras
2900 5390 2969 5442 ab
3025 5390 3146 5458 ipso
3203 5391 3555 5445 securitatem
3611 5391 3774 5459 petiit

2174 5478 2360 5532 umltis
2393 5477 2490 5546 ipsi
2524 5477 2708 5534 missis
2734 5459 3084 5548 muneribus;
3118 5496 3290 5551 quare
3314 5483 3493 5552 ipsum
3523 5483 3578 5536 in
3600 5484 3765 5537 fidem

2172 5581 2451 5639 receptum
2502 5569 2624 5626 loco
2674 5588 2778 5628 suo
2841 5588 3161 5643 permanere
3214 5577 3488 5645 permisit.
3549 5579 3617 5630 At
3671 5593 3769 5631 rex

2171 5663 2503 5730 Jerusalem,
2541 5667 2630 5719 cui
2667 5681 2862 5722 nomen
2895 5666 3127 5722 Nisedek
3155 5709 3170 5734 ,
3214 5684 3310 5724 rex
3363 5669 3581 5725 l‘lebron
3609 5712 3624 5736 ,
3670 5685 3769 5722 rex

2173 5757 2458 5826 Yarmutlt,
2493 5773 2586 5814 rex
2623 5757 2858 5814 Lachish
2907 5769 2957 5814 et
2997 5775 3086 5815 rex
3127 5739 3408 5827 Askclon,
3445 5757 3631 5817 audito
3676 5774 3768 5814 re-

2691 5973 2720 5986 δ
