4076 6396
345 330 450 392 θ’ξτι

1792 324 2171 384 ANNALES.

3514 321 3622 386 934

325 466 444 515 gem
475 445 735 502 Gibeonis
768 459 824 500 sc
856 445 910 497 in
948 443 1126 499 losum
1153 443 1246 499 lilii
1296 443 1418 498 Non
1457 444 1616 500 tidem
1664 443 1918 506 dedisse,
1952 449 1995 504 A
2027 446 2130 499 cim
2161 458 2337 497 annos
2373 441 2667 513 insumpsit
2703 440 2902 514 [tum]
2937 442 3197 513 populum
3251 443 3304 496 in
3347 445 3621 512 tranquil-

328 540 576 594 collectis
601 538 803 608 copiis,
845 538 1033 590 urbem
1059 536 1231 592 Giben
1266 536 1506 606 aggressi
1531 552 1652 594 eam
1694 537 1922 591 obsede-

325 642 478 696 runt,
503 631 666 700 Cujus
721 633 794 686 rei
846 629 1066 684 .losnam
1133 631 1356 699 scriptis
1392 629 1459 683 ad
1497 629 1674 698 ipsum
1725 628 1922 684 litteris

322 728 617 781 certiorem
652 724 778 780 fecit
808 739 899 779 rex
933 721 1170 778 Gibeon.
1209 723 1377 779 Josua
1432 731 1734 776 convocato
1764 737 1931 776 excr-

322 819 437 874 citu
466 817 533 873 ad
565 819 714 887 ipsos
764 814 1168 886 oppugnandos
1226 814 1510 885 profectus
1565 814 1795 869 victoria
1854 815 1910 867 in

321 913 471 981 ipsos
501 911 738 964 donatus
766 917 870 969 est,
906 907 1245 977 fugientibus
1274 908 1383 963 illis
1409 923 1596 963 coram
1659 909 1779 978 ipso
1823 923 1916 961 us-

319 1017 429 1072 que
457 1002 620 1056 nrbes
647 999 829 1055 Axeka
854 1010 906 1054 et
935 999 1160 1054 Makeda
1183 1039 1200 1064 ,
1275 1001 1408 1070 quin
1469 1009 1524 1054 et
1595 1000 1918 1071 grandinem

317 1093 594 1164 lapideum
621 1107 789 1163 super
825 1094 974 1162 ipsos
1006 1094 1141 1160 pluit
1186 1091 1482 1159 Dominus,
1513 1093 1713 1163 quibus
1749 1091 1918 1147 occisi

317 1195 449 1240 sunt
487 1203 499 1238 :
530 1186 870 1241 subsistente
905 1186 1075 1240 etiam
1116 1185 1169 1239 in
1205 1183 1395 1242 Josuae
1427 1187 1662 1254 gratiam
1694 1185 1810 1241 sole
1843 1184 1918 1238 ita

317 1287 374 1332 ιιι
414 1294 514 1334 IIL'C
552 1281 819 1334 orientem
888 1295 991 1334 nec
1047 1295 1303 1335 occasum
1356 1295 1551 1336 versus
1612 1291 1920 1334 IIIOVCI‘Cllll‘

315 1371 492 1424 donec
523 1373 812 1426 victoriam
836 1372 890 1426 in
928 1373 1052 1426 illos
1075 1372 1179 1442 ipsi
1222 1375 1601 1427 concessisset
1634 1371 1914 1427 Dominus.

316 1463 615 1533 Fugientes
645 1473 827 1519 autem
853 1465 1105 1536 quinque
1137 1481 1294 1536 reges
1343 1467 1435 1521 isti
1467 1468 1725 1536 spelunca
1750 1481 1912 1519 mon-

317 1554 390 1608 tis
424 1570 589 1623 quam
624 1555 869 1625 ingressi
900 1567 1034 1611 sunt
1069 1571 1128 1611 se
1157 1555 1494 1613 abdiderunt
1524 1576 1536 1610 :
1566 1556 1712 1610 unde
1737 1564 1919 1610 extra-

315 1653 438 1698 Ctos
467 1651 520 1696 et
553 1651 726 1698 morte
765 1643 989 1700 aﬂ'eCtos
1027 1646 1321 1716 suspendit
1348 1630 1550 1702 Josual
1597 1645 1801 1700 Deinde
1849 1643 1918 1700 ab

316 1737 453 1792 urbe
482 1734 730 1790 Makkida
769 1718 834 1790 ail
864 1739 1055 1794 urbem
1094 1737 1266 1792 Libna
1297 1738 1584 1808 profectus
1613 1745 1720 1802 est,
1749 1753 1911 1807 quam

312 1829 597 1885 obsessam
622 1831 788 1900 cepit,
818 1846 942 1902 rege
967 1831 1200 1901 aliisque
1219 1833 1310 1901 qui
1333 1832 1387 1886 in
1407 1846 1470 1886 ea
1487 1841 1644 1886 erant
1662 1832 1916 1885 omnibus

311 1922 639 1977 interfectis.
663 1924 746 1978 Ab
787 1924 923 1980 urbe
946 1923 1121 1979 Libna
1155 1923 1221 1978 ad
1249 1925 1439 1978 urbem
1473 1922 1709 1979 Lachish
1738 1921 1915 1993 profe-

311 2024 434 2070 ctus
459 2023 563 2075 est,
587 2015 746 2082 cujus
766 2015 930 2069 etiam
951 2025 1124 2084 capta:
1143 2029 1318 2086 regem
1340 2030 1641 2085 omnesque
1661 2017 1918 2071 incolase

313 2105 496 2160 medio
539 2106 896 2177 113-115
921 2107 1158 2164 sustulit.
1199 2107 1322 2174 Quo
1372 2107 1561 2162 audito
1590 2107 1803 2163 scilicet
1830 2103 1915 2160 .lo-

313 2200 676 2265 Suamptrbem
701 2199 1515 2271 Lacltisltlobsedissemgressus
1526 2208 1610 2256 est
1627 2216 1717 2255 rex
1735 2200 1912 2267 Gazm,

312 2303 437 2344 cum
460 2292 706 2345 exercitu
747 2307 848 2348 suo
887 2295 998 2363 regi
1031 2293 1268 2349 Lacltislt
1289 2303 1480 2348 contra
1503 2291 1746 2349 Josuam.
1770 2291 1912 2348 Νηιιί

315 2378 508 2450 lilium,
536 2397 700 2453 Opem
753 2386 966 2442 laturus
992 2425 1008 2452 ,
1065 2387 1120 2441 in
1175 2403 1337 2456 quem
1364 2387 1528 2441 etiam
1555 2387 1784 2440 victoria
1813 2401 1912 2457 po-

313 2476 452 2530 titus
471 2473 658 2542 Josua,
686 2477 862 2548 ipsum
887 2495 1011 2534 cum
1039 2479 1371 2548 sequacibus
1393 2480 1510 2533 suis
1542 2477 1844 2534 interfecit.

383 2571 430 2626 Α
458 2571 693 2627 Lacltisb
720 2571 787 2626 ad
813 2573 1003 2627 urbem
1027 2571 1264 2628 Askelon
1291 2570 1578 2642 profectus
1602 2588 1722 2626 eam
1747 2572 1909 2627 etiam

312 2675 444 2715 cum
477 2662 768 2718 obsidione
791 2663 1054 2734 cepisset,
1089 2679 1272 2734 regem
1311 2679 1434 2718 cum
1465 2647 1685 2718 caeteris
1737 2664 1910 2734 ipsius

313 2752 514 2809 incolis
544 2756 772 2811 occidit.
809 2756 1016 2811 Deinde
1035 2755 1101 2810 ad
1135 2756 1328 2812 urbem
1362 2754 1580 2814 llebrou
1605 2756 1907 2827 profectus,

315 2843 441 2914 ejus
471 2845 636 2900 etiam
661 2848 904 2902 obsessae
919 2863 980 2900 ac
1013 2859 1183 2916 capue
1209 2863 1389 2919 regem
1415 2857 1469 2904 et
1492 2849 1700 2905 incolas
1719 2843 1911 2908 omnes

315 2935 583 3005 perdidit.
619 2935 748 2990 inde
772 2937 837 2992 ad
873 2939 1063 2992 urbem
1092 2938 1252 2994 chir
1275 2921 1576 3009 profectus,
1598 2955 1717 2996 eam
1741 2941 1906 2996 etiam

312 3025 611 3086 obsidione
641 3030 807 3098 cepit,
848 3045 1140 3099 regemque
1175 3046 1238 3086 ac
1268 3039 1496 3089 caeteros
1535 3033 1655 3104 ejus
1702 3035 1909 3089 incolas

310 3118 614 3177 interfecit.
653 3121 746 3176 His
779 3122 986 3178 auditis
1013 3124 1166 3179 misit
1200 3123 1366 3179 Gabir
1408 3123 1602 3181 llasuri
1653 3142 1742 3181 rex
1774 3169 1788 3192 ,
1840 3127 1906 3182 ad

310 3229 496 3283 regem
524 3214 736 3277 Maron.
774 3231 954 3288 regem
985 3217 1248 3273 Sltimron
1280 3262 1296 3288 ,
1331 3236 1514 3294 regem
1566 3222 1861 3291 Acltsltaph
1891 3265 1905 3286 ,

311 3320 499 3370 regem
533 3303 780 3372 Sidonis,
809 3324 990 3378 regem
1028 3308 1241 3374 Batnas,
1275 3327 1374 3366 nec
1402 3327 1512 3366 non
1536 3312 1602 3365 ad
1621 3311 1910 3376 Moabitas,

314 3394 667 3462 llarranitas,
709 3399 1011 3466 Awabitas,
1045 3400 1340 3457 Kararatos
1368 3444 1384 3470 ,
1418 3381 1704 3461 Jebusteos
1727 3447 1742 3472 ,
1773 3405 1911 3462 Sha-

311 3489 536 3543 nabteos
559 3529 575 3556 ,
612 3499 668 3545 et
696 3491 1012 3562 quicunque
1059 3508 1189 3548 oras
1227 3496 1532 3550 maritimas
1568 3495 1909 3560 incolerent,-

311 3598 430 3652 quo
463 3583 517 3639 in
552 3600 720 3639 unum
755 3587 1140 3642 convenirent.
1189 3586 1521 3659 Congregati
1573 3589 1739 3660 igitur
1779 3605 1908 3646 cum

311 3677 489 3744 copiis
523 3677 640 3732 suis
674 3692 846 3748 reges,
883 3679 1018 3733 adeo
1063 3688 1122 3733 ut
1145 3695 1373 3734 numero
1402 3681 1578 3735 instar
1609 3697 1790 3736 arenae
1820 3697 1909 3736 es-

311 3779 462 3833 sent,
504 3767 574 3822 ad
608 3767 860 3834 Josuam,
895 3769 1034 3824 Num
1069 3772 1264 3835 lilium,
1299 3773 1725 3841 oppugnandum
1777 3789 1906 3843 pro-

311 3863 440 3916 fecti
480 3871 630 3916 sunt.
661 3862 874 3927 Quibus
916 3878 1218 3918 occurrens
1247 3860 1414 3918 losua
1453 3873 1507 3918 et
1549 3865 1780 3920 victoria
1811 3881 1908 3936 po-

314 3955 470 4019 titus,
503 3955 635 4024 ipsis
682 3957 866 4018 caesis,
899 3957 1134 4010 tentoria
1162 3957 1402 4024 ipsorum
1434 3958 1555 4026 igne
1581 3957 1906 4026 combussit,

311 4057 368 4101 et
390 4045 661 4115 jumentis
713 4047 1052 4119 sullragines
1098 4048 1318 4102 incidit.
1390 4045 1504 4102 Nec
1553 4048 1763 4104 destitit
1813 4065 1908 4106 eos

311 4141 572 4210 persequi
600 4141 816 4210 gladius
842 4157 1017 4211 usque
1043 4141 1111 4196 ad
1142 4141 1308 4196 urbes
1334 4138 1522 4195 Maron
1549 4151 1602 4196 et
1625 4139 1906 4208 Sidouem,

310 4229 456 4283 adeo
482 4238 542 4285 ttt
566 4246 674 4285 non
704 4233 964 4287 evaderet
996 4247 1060 4286 ex
1096 4233 1233 4302 ipsis
1285 4233 1599 4302 quispiam;
1656 4233 1788 4302 quin
1853 4241 1906 4288 et

312 4335 477 4392 reges
526 4336 716 4393 captos
775 4325 992 4380 occidit.
1049 4325 1220 4380 Porro
1292 4340 1483 4381 omnes
1530 4341 1668 4395 quos
1705 4325 1908 4381 occidit

310 4411 506 4477 Josna,
529 4413 670 4468 Nuni
706 4401 870 4487 116
899 4417 1064 4481 filius,
1112 4431 1288 4487 reges,
1316 4432 1623 4487 eorumque
1652 4420 1906 4488 regiones

2031 538 2184 591 litate
2241 553 2303 591 ac
2367 551 2498 606 pace
2567 536 2727 589 annis
2785 535 3047 590 undecim
3103 536 3265 591 rexit.
3301 536 3624 605 Propltetit-o

2031 645 2260 683 munere
2304 629 2477 699 ipsius
2505 628 2697 682 diebus
2741 627 2918 682 functi
2954 636 3084 682 sunt
3116 629 3340 682 Eleazar
3386 629 3623 682 Altronis

2030 722 2222 784 filius,
2270 731 2322 777 et
2376 720 2614 775 Phineas
2666 722 2811 777 tilitts
2867 721 3152 786 Eleazari,
3207 721 3301 774 lilii
3359 721 3620 774 Altronis.

2016 813 2278 867 Mortuus
2301 821 2483 866 autem
2519 811 2682 866 Josua
2713 813 2857 867 Nnni
2894 811 3042 868 filius
3095 828 3222 866 cum
3279 827 3454 866 annos
3497 828 3627 865 cen-

2029 915 2140 957 tum
2176 903 2363 958 decem
2399 909 2563 960 natus
2597 914 2766 970 esset,
2801 908 3054 976 sepultus
3089 916 3175 959 est
3211 905 3265 958 in
3299 917 3480 959 monte
3531 903 3626 956 Gi-

2016 997 2178 1061 lead,
2207 1012 2427 1066 unaque
2465 1010 2588 1050 cum
2619 996 2738 1066 ipso
2771 996 2931 1049 cultri
2975 996 3178 1066 quibus
3240 996 3517 1050 lsraclitas
3567 995 3625 1048 in

2024 1086 2696 1157 Gilgalcireumcidisset.
2743 1086 2960 1142 Mortuo
3012 1086 3219 1151 Josua,
3277 1086 3420 1140 Noui
3469 1088 3621 1149 lilio,

2025 1181 2229 1250 populo
2255 1179 2475 1251 praefuit
2504 1179 2742 1236 Phineas
2774 1179 3071 1236 sacerdos:
3110 1179 3370 1233 videlicet
3389 1178 3620 1233 Phineas

2026 1275 2168 1328 filius
2208 1273 2446 1329 Eleazari
2484 1275 2577 1328 filii
2608 1274 2876 1335 Abronis;
2943 1273 3102 1343 117
3143 1273 3305 1342 119
3335 1272 3624 1342 qniannos

2023 1366 2214 1434 viginti
2245 1369 2489 1436 quinque
2522 1367 2842 1422 sacerdotio
2876 1366 3097 1420 functus
3156 1375 3274 1426 est;
3333 1372 3621 1418 autumant

2015 1474 2154 1512 vero
2185 1458 2360 1515 Judaei
2390 1461 2722 1514 Pltineasum
2756 1462 3132 1520 sacerdotem,
3180 1458 3432 1511 emndem
3494 1472 3622 1512 esse

2020 1554 2336 1623 prophetam
2366 1553 2535 1606 Eliam
2563 1567 2728 1622 quem
2758 1563 2956 1607 vocant
2977 1551 3187 1606 Arabes
3216 1551 3522 1604 Al-Cbadr.

2087 1642 2230 1701 Tum
2277 1646 2368 1700 ubi
2409 1646 2668 1716 permisti
2721 1661 2845 1701 cum
2894 1645 3152 1716 gentibus
3209 1643 3619 1698 cirtutnvicinis

2022 1739 2302 1804 Israelita,
2339 1739 2695 1794 matrimonia
2735 1755 2858 1792 curn
2888 1739 3026 1808 ipsis
3073 1737 3463 1792 contrahentes
3497 1775 3514 1799 ,
3553 1734 3615 1786 fi-

2026 1832 2240 1901 liasque
2268 1848 2399 1887 suas
2431 1831 2569 1900 ipsis
2599 1838 2833 1901 nuptum
2884 1830 3086 1884 dantes
3107 1869 3126 1894 ,
3180 1827 3322 1885 idola
3370 1831 3614 1901 ipsorum

2023 1925 2332 1981 coluissent
2366 1923 2606 1996 (quibus
2638 1923 2860 1978 nomina
2894 1922 3128 1987 Baalim,
3177 1931 3229 1976 et
3274 1922 3533 1975 Aibtarut
3563 1929 3618 1974 et

2023 2020 2194 2088 Baal)
2247 2019 2550 2088 przevalens
2609 2018 2742 2087 ipsis
2788 2017 3012 2071 Cnsltan
3059 2014 3425 2086 Rishyatltain
3456 2056 3470 2078 ,
3523 2029 3616 2066 rex

2021 2110 2216 2177 Aram,
2257 2111 2350 2180 qni
2382 2119 2437 2164 et
2465 2108 2618 2181 Tyri,
2663 2117 2716 2164 et
2754 2109 2974 2163 Sidonis
3025 2123 3122 2162 rex
3149 2147 3164 2172 ,
3197 2107 3500 2178 appellatus
3533 2113 3615 2160 est

2025 2219 2118 2257 rex
2180 2203 2420 2256 Bahrain
2472 2201 2568 2273 [id
2613 2209 2698 2256 est
2741 2202 2977 2256 duorum
3030 2200 3304 2270 marium]
3353 2199 3616 2271 populum

2020 2304 2145 2351 octo
2176 2311 2352 2349 annos
2383 2294 2518 2348 dure
2558 2303 2613 2348 et
2646 2293 2946 2348 crudeliter
2980 2293 3142 2349 rexit.
3177 2294 3248 2347 At
3292 2308 3418 2347 cum
3455 2334 3468 2358 ,
3503 2306 3616 2362 pra:

2020 2389 2275 2459 anguStia
2305 2389 2428 2456 ejus
2460 2403 2626 2457 quam
2662 2388 2812 2457 passi
2849 2398 2974 2443 sunt
3006 2386 3318 2441 alliictionis
3343 2427 3356 2451 ,
3389 2385 3455 2439 ad
3516 2388 3617 2438 Do-

2020 2482 2153 2537 mini
2187 2481 2395 2536 cultnm
2433 2479 2642 2535 reversi
2669 2489 2856 2534 essent
2889 2479 3096 2533 rel'ctis
3121 2478 3306 2546 idolis,
3332 2478 3615 2548 profectus

2017 2569 2267 2632 Otlianlel
2301 2574 2448 2628 ﬁlius
2474 2573 2714 2638 Kenani,
2743 2572 2913 2627 frater
2933 2573 3145 2638 Calebi,
3167 2573 3388 2641 juvenis
3411 2589 3441 2628 e
3465 2573 3610 2625 tribu

2015 2669 2224 2731 Jttdalt,
2260 2677 2315 2722 et
2344 2666 2565 2722 Cnshan
2597 2664 2927 2721 Risltatltain
2983 2665 3126 2719 bello
3155 2681 3448 2734 aggressus
3474 2706 3487 2728 ,
3526 2666 3610 2733 ip-

2018 2776 2140 2817 sum
2180 2759 2482 2822 interiecit,
2515 2772 2578 2811 ac
2609 2756 2871 2826 populum
2904 2771 3080 2814 annos
3129 2756 3494 2826 quadraginta
3529 2771 3614 2809 red

2019 2853 2116 2907 xit.
2151 2852 2367 2906 Mortuo
2413 2861 2595 2906 autem
2634 2849 2959 2914 Othonieie,
3015 2865 3143 2906 cum
3201 2851 3266 2904 ad
3335 2850 3608 2904 idolorum

2017 2947 2226 3002 cultum
2269 2945 2474 3000 reversi
2531 2951 2719 2999 essent
2768 2943 3068 3010 lsraelitae,
3121 2943 3412 3013 pratvaluit
3477 2943 3610 3006 ipsis

2017 3039 2190 3094 Eklon
2221 3055 2312 3094 rex
2352 3038 2532 3101 Moab,
2577 3039 2668 3108 qui
2702 3037 2971 3103 collectis,
3000 3046 3270 3107 quotquot
3298 3035 3610 3091 erantAm-

2017 3132 2238 3186 munitis
2259 3139 2314 3185 et
2342 3130 2692 3194 Amalekitis,
2710 3145 2992 3200 egressus,
3022 3129 3403 3199 superatisque
3426 3130 3601 3183 Israe-

2014 3225 2124 3279 litis
2155 3226 2342 3277 urbem
2376 3222 2512 3276 Pltik
2541 3238 2572 3277 e
2605 3238 2768 3276 manu
2819 3203 3073 3292 ip~0rnttt
3123 3221 3344 3292 eripuit.
3398 3221 3614 3275 Servie-

2015 3327 2144 3372 runt
2181 3332 2309 3389 ergo
2335 3316 2416 3371 illi
2454 3316 2916 3385 lsraeiiueujuos
2951 3329 3128 3368 annos
3148 3315 3448 3368 octodecim
3475 3310 3612 3366 dure

2013 3419 2068 3464 et
2128 3408 2436 3464 crudeliter
2494 3408 2659 3463 rexit.
2719 3407 3001 3476 Eligentes
3069 3414 3249 3460 autem
3286 3405 3612 3458 lsraelitaee

2013 3503 2128 3556 suis
2161 3501 2450 3571 quemdam
2492 3500 2716 3555 nomine
2751 3498 2903 3554 Ebnd
2942 3499 3109 3554 lilium
3146 3497 3302 3554 Gem
3330 3540 3344 3565 ,
3377 3515 3408 3553 e
3465 3499 3608 3552 tribu

2013 3592 2300 3662 Ephraim,
2340 3595 2518 3646 virum
2547 3606 2818 3658 scaevum,
2851 3591 3048 3645 robore
3093 3600 3148 3645 et
3194 3591 3420 3645 audacia
3473 3591 3611 3644 insi.

2010 3701 2194 3754 gnem,
2221 3686 2398 3750 ipsum
2425 3682 2492 3736 ad
2526 3684 2788 3752 Eglonem
2820 3682 3180 3737 Moabitarutn
3212 3697 3399 3751 regem
3458 3696 3587 3737 cum

1998 3771 2176 3847 120
2198 3775 2515 3829 muneribus
2549 3776 2836 3828 miserunt.
2874 3775 2973 3840 Qui
3007 3775 3073 3827 ad
3114 3787 3293 3843 regem
3320 3788 3448 3827 cum
3481 3790 3602 3826 tnu-

2011 3870 2238 3922 neribus
2267 3869 2578 3938 ingressus,
2633 3867 2816 3919 dixit:
2868 3867 2959 3918 Est
3015 3866 3146 3918 mihi
3191 3865 3338 3933 quod
3381 3872 3602 3918 secreto

2010 3975 2136 4015 cum
2165 3975 2290 4030 rege
2331 3975 2612 4030 peragam,
2651 3973 2782 4028 rogo
2823 3959 2991 4028 igitur
3019 3966 3076 4011 ut
3107 3973 3229 4011 cum
3279 3958 3402 4026 ipso
3448 3971 3608 4010 seco»

2009 4055 2172 4118 dam;
2210 4053 2303 4107 ubl
2335 4059 2516 4105 autem
2542 4067 2665 4106 cum
2697 4065 2826 4121 rege
2859 4051 3188 4107 secessisset
3217 4049 3396 4120 ipsum
3422 4052 3609 4103 cultro

2011 4146 2333 4200 transfixum
2364 4144 2677 4211 interfecit;
2715 4153 2830 4198 tum
2874 4144 3065 4198 clauso
3122 4145 3393 4199 cmnaculi
3455 4145 3600 4213 regis

2011 4241 2159 4296 ostio
2191 4253 2452 4309 egressus
2489 4239 2720 4294 asseclis
2751 4238 2871 4307 ejus
2926 4238 3066 4294 dixit
3101 4254 3115 4293 :
3146 4236 3321 4292 Jussit
3374 4253 3468 4292 rex
3535 4253 3610 4294 ne

2008 4331 2134 4400 quis
2157 4329 2222 4384 ad
2248 4329 2425 4398 ipsum
2444 4329 2788 4400 ingrediatur
2809 4345 2823 4396 ;
2847 4328 3171 4398 fugiensque
3187 4331 3364 4385 donec
3383 4329 3445 4382 ad
3470 4345 3606 4384 suos

2009 4424 2370 4493 pervenisset,
2403 4423 2590 4488 copias
2627 4423 2876 4492 collegit,
2919 4423 3250 4491 quibuscum
3301 4421 3368 4476 ad
3408 4425 3599 4478 urbem

311 4507 582 4574 possedit,
613 4524 844 4561 numero
891 4517 1022 4563 sunt
1063 4510 1286 4577 triginta
1322 4512 1568 4581 quinque
1600 4528 1612 4563 :
1647 4525 1678 4564 e
1706 4511 1903 4578 quibus
1936 4507 1980 4562 ι)
2011 4515 2170 4570 Moab
2200 4517 2478 4584 profectus
2500 4517 2675 4584 ipsam
2705 4525 2946 4582 captam.
2976 4507 3137 4571 eiusis
3165 4515 3330 4585 quiin
3361 4531 3422 4570 ea
3445 4525 3602 4570 erant

313 4614 409 4651 rex
442 4595 855 4662 Sanabteorum,
881 4617 967 4654 rex
991 4601 1375 4666 Moabitarum,
1409 4618 1505 4657 rex
1527 4600 1901 4657 Cltanaanitan

311 4705 460 4751 runt,
493 4707 590 4745 rex
628 4691 1039 4757 Karartcorum,
1067 4710 1160 4748 rex
1182 4695 1582 4760 Jebusaaorutn,
1610 4711 1698 4748 rex
1731 4693 1903 4747 [£ch-

311 4799 461 4845 rnm,
489 4798 582 4835 rex
617 4781 1033 4852 Gergesazurunt
1065 4824 1080 4846 ,
1114 4800 1212 4838 rex
1244 4772 1586 4850 Jerusalem,
1631 4800 1722 4840 rex
1755 4785 1854 4840 Ani
1884 4825 1902 4849 ,

312 4891 411 4930 rex
441 4876 620 4934 Sabac.
647 4891 770 4942 qua:
802 4891 965 4946 prope
997 4875 1204 4944 Betltel,
1242 4893 1336 4930 rex
1362 4877 1606 4942 chron,
1651 4894 1741 4932 rex
1775 4876 1900 4932 Jan

312 4979 434 5023 tnut
459 5008 475 5031 ,
512 4983 604 5023 rex
647 4968 885 5025 Lacltisb
917 5011 932 5034 ,
978 4986 1073 5024 rex
1103 4971 1356 5026 Adullam
1383 5011 1397 5035 ,
1437 4987 1531 5024 rex
1562 4970 1739 5023 Geder
1761 5009 1774 5028 ,
1808 4987 1902 5024 rex

307 5060 506 5126 .Debir,
543 5076 632 5116 rex
668 5059 848 5124 llasir,
884 5077 978 5116 rex
1015 5061 1240 5125 Horma,
1272 5079 1364 5117 rex
1387 5062 1554 5126 Arad,
1584 5078 1674 5116 rex
1692 5060 1900 5128 Leluta,

317 5167 413 5206 rex
442 5151 652 5217 Lalam,
695 5168 788 5206 rex
827 5153 1046 5218 Abdad,
1087 5169 1179 5208 rex
1215 5152 1460 5222 Haplter,
1501 5167 1593 5205 rex
1627 5150 1786 5212 I’ltik,
1809 5167 1899 5205 rex

315 5243 528 5298 Sadum
550 5284 564 5305 ,
602 5259 698 5298 rex
731 5246 1009 5298 Sltamrnn
1037 5283 1053 5308 ,
1081 5261 1177 5300 rex
1213 5243 1437 5298 Barmut
1458 5283 1473 5309 ,
1523 5259 1614 5297 rex
1649 5240 1855 5312 llapbir
1885 5283 1900 5310 ,

321 5350 411 5388 rex
436 5334 639 5404 Kades,
683 5353 776 5392 rex
811 5337 1021 5401 ltabeb,
1051 5354 1143 5392 rex
1179 5338 1414 5403 Mardut,
1447 5353 1540 5393 rex
1571 5335 1780 5400 Sikom,
1809 5353 1901 5392 rex

315 5426 634 5496 Batendnn,
663 5447 754 5484 rex
785 5431 992 5486 montis
1015 5431 1245 5496 Galilzci,
1271 5446 1362 5485 rex
1397 5429 1583 5484 Carsa:
1608 5470 1621 5497 ,
1655 5427 1748 5500 qui
1774 5438 1902 5484 sunt

321 5535 474 5590 reges
503 5522 726 5593 triginta
762 5524 1028 5594 quinque.
1784 5589 1788 5593 _

321 5661 326 5664 .
396 5615 712 5683 Occupatus
742 5632 872 5685 ergo
901 5616 998 5669 fuit
1030 5613 1198 5669 Josua
1245 5629 1337 5669 sex
1378 5613 1537 5668 annis
1578 5617 1632 5668 in
1683 5615 1900 5685 regibus

323 5720 378 5764 et
400 5709 658 5779 gentibus
692 5709 1058 5774 debellandis,
1086 5708 1259 5763 (tottec
1315 5709 1563 5779 regiones
1611 5711 1847 5779 cepisset
1883 5725 1898 5764 :

329 5801 530 5858 deinde
556 5803 853 5873 part'endis
884 5802 1025 5856 inter
1069 5801 1342 5856 l~raelitas
1380 5801 1541 5856 terris
1563 5800 1901 5875 quatuorde-

2003 4605 2284 4668 omnibus,
2316 4606 2539 4664 delevit.
2606 4606 2918 4673 populoque
2971 4621 3153 4659 annos
3201 4608 3604 4674 quinquaginta

2003 4699 2248 4769 quinque
2289 4697 2530 4766 prmfttit.
2573 4697 2704 4752 Post
2731 4699 2908 4766 ipsum
2938 4737 2952 4760 ,
3007 4698 3264 4767 pupulum
3311 4704 3452 4752 rexit
3495 4700 3600 4753 Sa-

2006 4789 2412 4845 rnaan.Anatlti
2453 4789 2637 4852 filios,
2695 4805 2870 4842 annos
2924 4790 3113 4859 viginti
3164 4793 3450 4858 quinque,
3497 4793 3596 4859 qui

2005 4881 2434 4944 Pltilisttcornnt,
2473 4881 2565 4949 qui
2603 4883 2782 4950 ipsum
2812 4891 3222 4950 oppugnarunt,
3270 4883 3418 4934 viros
3467 4897 3596 4935 sex-

2004 4985 2194 5029 centus
2266 4973 2562 5027 interfecit.
2623 4972 2840 5026 Mortuo
2901 4971 3176 5026 Santaano
3223 4986 3485 5026 reversos,
3525 4973 3598 5025 ad

2007 5064 2374 5120 idololatriatn
2403 5062 2686 5118 lsraelitas
2718 5061 2934 5131 subegit
2961 5059 3126 5114 Jabin
3165 5076 3262 5115 rex
3297 5059 3590 5125 Chanaan,

2005 5158 2142 5214 urbe
2175 5157 2358 5212 llazur
2399 5155 2544 5208 dicta
2582 5151 2926 5226 [oriundus]
2957 5153 3114 5222 cujus
3144 5154 3420 5208 exercitus
3452 5170 3594 5219 pra--

2007 5250 2188 5304 [ectus
2217 5249 2300 5302 vir
2327 5255 2449 5302 erat
2476 5249 2695 5301 nomine
2725 5245 2932 5311 Sisera,
2961 5246 3054 5316 qui
3087 5247 3348 5316 populum
3400 5245 3600 5310 viginti

2006 5357 2183 5408 annos
2216 5355 2340 5395 cum
2373 5338 2630 5408 angustia
2662 5349 2714 5393 et
2744 5338 2970 5393 tristitia
3008 5340 3170 5393 rexit.
3212 5336 3342 5408 Ejus
3371 5337 3594 5400 diebus,

2005 5434 2352 5503 prapbetavit
2375 5431 2628 5487 Deborab
2655 5445 2794 5484 uxor
2820 5429 3096 5485 Alkindun
3117 5427 3304 5483 etribu
3325 5426 3586 5498 Epltraim

2004 5541 2125 5593 qua:
2179 5525 2320 5578 inter
2351 5521 2560 5576 [laniati
2601 5532 2656 5578 et
2684 5520 2876 5576 Betltel
2914 5521 3195 5578 habitans.
3227 5521 3370 5574 inter
3415 5519 3594 5574 lsrae~

2007 5618 2131 5672 litas
2154 5616 2425 5684 judicium
2457 5613 2732 5670 exercuit.
2763 5614 2918 5682 Apud
2947 5614 3122 5683 ipsam
3170 5626 3299 5681 ergo
3355 5626 3588 5680 congre-

2003 5710 2137 5782 gati,
2170 5721 2367 5777 magno
2397 5721 2628 5763 numero
2668 5706 2928 5762 Israelita:
2955 5705 3250 5762 dixerunt:
3274 5704 3438 5758 Vides
3454 5703 3586 5772 quid

2007 5803 2280 5871 patiantur
2307 5799 2574 5871 angustia:
2603 5807 2657 5857 et
2683 5798 3020 5865 alDiCtionis,
3072 5811 3281 5868 nosque
3323 5797 3372 5854 in
3419 5795 3608 5862 Serti.-
