4076 6386
462 317 570 380 935

1494 312 1860 379 EUTYCl-Ill
1904 312 1944 370 A
1958 308 2211 371 LEXAN
2225 311 2445 373 DRlNl
2491 314 2712 374 PATR.

3639 311 3749 379 935

457 439 627 482 tutetn
660 426 940 494 redegisse
967 425 1225 481 labinqu
1264 427 1547 483 Cbanaani
1582 446 1761 497 regem
1792 445 1805 488 ;
1860 425 2051 495 praesis
2081 437 2124 481 Α
2157 429 2367 495 peperit
2408 428 2511 499 ipsi
2546 429 2737 493 filium,
2772 444 2932 499 quem
2969 428 3377 485 Abimetcchttm
3431 432 3745 503 appellavit.

459 536 593 589 ergo
628 520 895 575 lsraelitis
933 536 1139 590 eosque
1170 537 1199 574 e
1234 538 1396 576 manu
1449 524 1623 591 ipsius
1674 521 1898 590 eripias.
1950 520 2053 572 De-

458 613 631 665 borab
722 628 854 682 ergo
933 625 1274 682 assumptum
1356 613 1643 677 Baraknm,
1728 611 2055 666 Abi-Noami

461 706 824 775 121-123
881 705 1050 760 filium
1083 746 1098 768 ,
1167 721 1197 762 e
1239 707 1383 760 tribu
1437 705 1783 776 Ncpbtalitn,
1856 705 2055 775 populo

459 799 649 871 [juxta
700 800 849 853 aliud
902 801 1199 870 exemplar,
1274 798 1565 871 erercituij
1629 798 1869 867 regendo
1915 813 2055 865 prur-

458 889 617 947 fecit.
674 891 847 945 Barak
926 908 1057 961 ergo
1126 891 1313 944 aseitis
1416 891 1521 944 sibi
1613 889 1796 944 decies
1909 887 2057 942 mille

464 986 746 1051 lsraelitis,
777 1001 805 1039 e
838 986 963 1040 filiis
994 986 1306 1054 Neplttalim
1340 995 1394 1039 et
1426 984 1669 1039 Zabulon
1694 1021 1711 1048 ,
1758 983 2057 1037 comitante

463 1076 716 1131 Ilcborab
756 1087 993 1130 montem
1030 1076 1212 1131 Tabor
1251 1076 1613 1143 conscendit,
1657 1091 1894 1144 quorum
1927 1088 2053 1129 cum

464 1169 533 1222 ad
589 1170 827 1222 Siseratn
864 1167 1046 1223 Jabini
1075 1170 1335 1224 vicarium
1369 1168 1715 1238 pervenisset
1742 1167 1884 1220 fama
1916 1206 1930 1228 ,
1966 1166 2057 1221 ille

461 1262 528 1314 ad
567 1264 713 1331 ipsos
749 1263 919 1315 movit
953 1281 967 1329 ;
1016 1264 1082 1317 ad
1144 1277 1306 1337 quem
1353 1279 1382 1318 e
1434 1272 1621 1317 monte
1660 1259 2054 1314 descendentes

463 1352 688 1411 victoria
720 1355 771 1407 in
804 1355 984 1424 ipsum
1014 1356 1205 1410 donati
1263 1367 1434 1421 sunt,
1502 1354 1637 1408 adeo
1676 1362 1735 1406 ut
1792 1356 1883 1423 qui
1930 1366 2053 1405 cum

462 1446 647 1501 Sisera
678 1432 859 1502 labini
892 1449 1099 1503 vicario
1128 1459 1314 1504 essent
1344 1465 1561 1512 omnes,
1590 1447 1877 1502 occidione
1906 1446 2057 1500 dele-

461 1552 693 1600 rentur:
728 1542 843 1608 ipse
874 1558 1004 1595 vero
1039 1542 1258 1610 fugiens
1313 1542 1700 1612 ingrederetur
1747 1541 2050 1594 tentorium

457 1630 625 1687 Jaelis
660 1634 849 1688 uxoris
886 1633 1078 1689 lleberi
1106 1635 1291 1689 Kenaai
1325 1634 1413 1704 (id
1443 1642 1524 1687 est
1557 1634 1827 1703 eposteris
1868 1633 2053 1698 Kaini,

460 1726 551 1794 qui
582 1741 739 1780 socer
776 1725 880 1779 fuit
912 1726 1101 1791 Mosis,
1157 1727 1292 1781 alias
1322 1725 1511 1780 Jetbro
1538 1726 1848 1796 appellatus
1875 1726 1892 1791 )
1925 1740 2046 1794 qua:

460 1816 664 1885 ipsum,
690 1815 831 1885 apud
868 1832 927 1872 se
957 1817 1346 1870 abScOnditum
1371 1856 1384 1879 ,
1414 1815 1559 1885 quod
1620 1798 1826 1870 biberet
1866 1825 2055 1885 petetu-

462 1918 594 1972 tem,
628 1908 767 1962 lacte
793 1908 1037 1976 potavit,
1093 1909 1160 1962 ad
1209 1910 1384 1979 ipsum
1436 1908 1833 1977 probandum,
1891 1917 2059 1977 utque

447 1999 810 2076 .perSpieeret
851 2015 978 2053 num
1040 2015 1175 2055 sano
1240 2008 1384 2054 esset
1440 2000 1764 2063 intellectu,
1836 2016 2058 2054 necne:

463 2092 611 2163 quod
669 2092 760 2147 ille
806 2100 1040 2162 epotum
1102 2107 1299 2161 aquam
1344 2107 1467 2147 esse
1517 2093 1873 2147 existimavit.
1924 2093 2061 2147 Cum

461 2197 595 2254 ergo
625 2185 803 2252 ipsum
830 2183 1167 2239 decumbere
1187 2182 1430 2248 fecisset,
1459 2190 1704 2253 tempora
1738 2184 1837 2253 ipsi
1858 2186 2061 2254 paxillo

468 2275 696 2329 tentorii
729 2276 1007 2332 transfixit
1041 2276 1177 2332 adeo
1210 2284 1268 2330 ut
1298 2276 1540 2346 paxillus
1581 2288 1739 2330 terrae
1782 2280 2058 2346 figeretur,

463 2366 687 2436 ipseque
719 2376 1063 2433 moreretur;
1100 2367 1253 2420 illum
1278 2382 1409 2436 ergo
1456 2376 1734 2421 mortuum
1779 2382 1903 2421 cum
1958 2383 2050 2421 re-

466 2461 699 2530 petisset
738 2461 1013 2537 Deltorah,
1051 2461 1168 2531 ipsa
1200 2477 1263 2516 ac
1299 2462 1471 2516 Barac
1526 2463 1590 2515 ad
1625 2462 1881 2516 Jabinum
1916 2459 2062 2516 Cha-

467 2553 637 2606 naani
674 2567 853 2623 regem
888 2552 1117 2622 profecti
1146 2594 1161 2617 ,
1193 2554 1345 2607 illum
1397 2562 1713 2623 superatum
1768 2569 1874 2607 una
1936 2568 2059 2607 cum

464 2646 695 2700 asseclis
733 2645 908 2714 ipsius
947 2646 1203 2700 omnibus
1230 2646 1647 2701 interfecerunt.
1683 2645 1910 2701 Praefuit
1960 2660 2061 2700 au-

465 2747 575 2792 tem
600 2738 805 2807 populo
842 2737 1094 2792 Dehoralt
1125 2752 1311 2794 annos
1348 2739 1739 2810 quadraginta.

538 2827 652 2894 Qua
680 2835 899 2883 mortua
930 2843 1183 2884 reversos
1215 2829 1283 2884 ad
1311 2829 1677 2885 idololatriam
1734 2830 2015 2885 lsraelitas
2045 2870 2060 2894 ,

464 2921 521 2977 in
557 2926 885 2990 potestatem
918 2935 1073 2976 suam
1104 2923 1437 2992 redegerunt
1464 2921 1777 2977 Madianitaa
1837 2923 1979 2977 Oreb
2012 2932 2067 2976 et

465 3014 603 3083 Zeb,
640 3015 733 3086 qui
769 3016 896 3072 illos
933 3024 1144 3085 septem
1172 3015 1333 3071 annis
1359 3014 1497 3071 dure
1529 3023 1586 3070 et
1621 3015 1920 3070 crudeliter
1980 3031 2067 3068 rc-

470 3119 695 3172 xerunt,
721 3108 791 3164 ab
815 3109 949 3177 ipsis
976 3123 1171 3179 pecora
1197 3147 1214 3175 ,
1250 3106 1410 3180 124
1436 3109 1601 3164 boves
1646 3115 1700 3162 et
1746 3123 1878 3179 epes
1922 3108 2066 3163 acci-

474 3201 710 3272 pientes.
752 3203 959 3256 Contra
990 3216 1131 3271 quos
1163 3216 1425 3271 egressus
1453 3199 1665 3256 Gideon
1713 3199 1862 3257 Joasi
1895 3200 2062 3266 ﬁlius,

465 3310 497 3349 e
532 3295 676 3348 tribu
709 3292 1001 3360 Manassis,
1032 3294 1335 3364 assumptis
1370 3310 1557 3350 secum
1593 3302 1757 3349 noctu
1817 3310 1847 3349 e
1881 3294 2057 3351 servis

474 3385 595 3439 suis
633 3386 824 3440 decem
860 3384 1016 3451 viris,
1053 3384 1231 3440 Baelis
1263 3384 1393 3441 idoli
1421 3386 1684 3455 templum
1708 3386 1897 3452 diruit,
1917 3386 2063 3457 quod

471 3491 601 3531 cum
631 3474 946 3535 Madianitis
988 3476 1225 3531 innotuit
1258 3514 1278 3544 ,
1312 3477 1381 3531 ab
1425 3477 1560 3547 ipsis
1586 3477 1733 3547 fuga]
1773 3493 1833 3533 se
1895 3479 2067 3547 prori-

474 3568 636 3638 puit;
675 3567 874 3624 deinde
899 3569 1247 3639 congregatis
1280 3586 1343 3624 ex
1376 3568 1641 3624 lsraelitis
1681 3569 1814 3625 viris
1849 3577 2062 3625 trecen-

465 3659 538 3714 tis
564 3660 687 3716 illos
714 3668 879 3715 noctu
903 3661 1196 3724 accedens,
1230 3661 1318 3714 ubi
1354 3660 1419 3713 ad
1448 3659 1867 3714 Madianitarutn
1896 3674 2063 3716 exer-

465 3753 637 3807 citum
692 3755 1046 3823 pervenisset,
1102 3754 1235 3809 viris
1302 3754 1419 3807 suis
1485 3753 1695 3807 circum
1760 3755 2063 3807 exercitum

465 3844 752 3913 dispersis,
792 3854 1049 3917 tympana
1082 3846 1348 3917 pulsavit,
1386 3845 1648 3915 tubisque
1682 3845 1933 3917 clanxit(
1959 3862 2067 3915 q-to

466 3935 672 4007 pacto)
706 3937 863 3993 fracti
899 3938 1209 4007 Madianitae
1235 3977 1252 4004 ,
1318 3937 1553 4008 aliisque
1613 3936 1750 3991 alios
1796 3938 2068 3993 cazdentes

466 4044 651 4084 curam
680 4029 949 4087 lsraelitis
1012 4033 1297 4101 fugerunt.
1340 4028 1579 4101 Scripsit
1636 4039 1822 4083 autem
1859 4027 2066 4083 Gideon

468 4120 536 4174 ad
564 4118 846 4174 lsraelitas
876 4134 907 4175 e
940 4120 1088 4175 tribu
1119 4118 1416 4189 prraim,
1453 4120 1546 4189 qui
1580 4119 1632 4173 in
1660 4118 1919 4189 partibus
1940 4117 2070 4173 Jor-

468 4212 597 4266 dani
628 4212 1011 4282 adiacentibus
1040 4212 1329 4283 degerent,
1361 4218 1423 4266 ut
1452 4212 1660 4283 egressi
1709 4212 2026 4267 Madiauitis
2053 4254 2066 4278 ,

472 4311 659 4372 utpote
693 4306 745 4357 itt
772 4302 958 4373 fugam
983 4305 1288 4370 conversis,
1320 4315 1718 4360 occurrerent:
1746 4305 1840 4374 qui
1864 4307 2070 4373 egressi

472 4411 670 4465 magna
699 4395 821 4451 illos
853 4403 1037 4468 strage
1082 4405 1478 4466 peremerunt,
1540 4398 1832 4467 captisque
1887 4396 2069 4453 Orebo

2160 518 2457 589 Postquam
2499 537 2629 592 ergo
2658 524 2920 593 populum
2974 524 3335 595 quadraginta
3374 525 3537 580 annis
3571 527 3751 583 rexis-

2158 622 2240 669 set
2274 613 2484 669 Gideon
2509 654 2525 681 ,
2567 626 2819 672 mortuus
2856 625 2973 681 est,
3003 632 3065 670 ac
3088 617 3245 683 juxta
3287 618 3601 688 sepulcrum
3650 636 3749 692 pa-

2130 708 2260 762 -tris
2288 708 2372 761 sui
2397 706 2565 763 Joasb
2595 710 2649 764 in
2692 708 2875 779 Ophra
2904 709 3116 765 Azarize
3140 711 3412 782 sepultus.

2230 800 2443 855 Mettuo
2468 813 2648 857 autem
2681 801 2925 857 Gideone
2955 817 3078 857 cum
3110 804 3316 859 reversi
3356 814 3541 860 essent
3580 807 3756 864 Israe-

2160 895 2269 949 lita:
2314 894 2382 949 ad
2417 894 2626 949 cultum
2662 894 2938 949 idolorum
2994 895 3206 949 Baalim
3254 906 3309 950 et
3356 897 3657 954 Asbtarotb
3700 911 3756 956 et

2159 988 2311 1052 Bacl,
2362 987 2647 1058 profectus
2688 988 3004 1043 Abimelecb
3057 987 3411 1054 Nabelesum,
3459 991 3526 1044 ad
3573 1008 3753 1046 avun-

2159 1083 2317 1137 culos
2357 1099 2512 1150 suos,
2562 1083 2699 1137 dixit
2752 1083 3181 1153 ipsis:Fratres
3241 1086 3345 1139 mei
3399 1091 3749 1157 sepluag‘nta

2160 1177 2363 1245 pepqu
2398 1179 2669 1245 imperare
2696 1175 2945 1246 cupiunt,
2982 1191 3079 1228 vos
3100 1185 3283 1229 autem
3314 1186 3559 1232 vestrum
3597 1182 3753 1232 auxi-

2161 1270 2292 1324 lium
2331 1268 2462 1323 mihi
2502 1269 2760 1338 praebete,
2792 1284 2902 1338 quo
2936 1271 3090 1325 solus
3126 1271 3233 1324 illis
3276 1270 3567 1337 imperem,
3614 1288 3755 1326 unus

2159 1363 2304 1416 enim
2333 1362 2531 1417 tnelius
2554 1378 2715 1433 quam
2747 1364 3096 1434 septuaginta
3124 1363 3385 1432 populum
3416 1372 3586 1432 reget.
3613 1364 3751 1417 Cum

2159 1469 2291 1525 ergo
2326 1455 2671 1525 septuaginta
2718 1455 2922 1509 talenta
2968 1456 3181 1524 argenti
3217 1454 3320 1524 ipsi
3352 1469 3382 1510 e
3420 1454 3583 1509 domo
3617 1457 3750 1509 idoli

2163 1546 2288 1601 Bael
2329 1546 2710 1609 tradidissent,
2750 1547 2994 1617 acceptis
3034 1548 3123 1600 ille
3153 1562 3342 1602 secum
3392 1548 3549 1611 viris,
3602 1556 3653 1601 et
3683 1545 3755 1601 ad

2160 1639 2381 1692 domum
2436 1637 2610 1707 patris
2654 1636 2739 1690 sui
2789 1628 2975 1706 Oplira
3026 1636 3335 1704 profecms,
3399 1637 3758 1705 septuaginta

2092 1730 2368 1824 Bfratres
2401 1746 2532 1785 suos
2578 1728 2880 1794 interfecit,
2914 1745 3023 1784 uno
3076 1734 3291 1783 tantum
3324 1744 3390 1782 ex
3444 1728 3577 1795 ipsis
3627 1742 3729 1781 eva

2167 1822 2356 1887 dente,
2398 1825 2646 1877 omnium
2703 1821 2951 1885 minimo,
2998 1821 3086 1873 cui
3130 1836 3326 1874 nomen
3377 1818 3627 1881 Jotbatu,
3660 1820 3755 1888 qui

2167 1915 2394 1969 Beeram
2460 1914 2675 1984 fugiens
2721 1912 2798 1968 ibi
2861 1914 3186 1982 permansit.
3235 1912 3374 1966 Cum
3426 1913 3759 1982 imperasset

2167 2015 2348 2062 autem
2376 2006 2690 2061 Abimelecb
2712 2003 2890 2058 tribus
2912 2004 3093 2066 annis,
3115 2005 3466 2072 insurgentes
3496 2004 3549 2056 in
3576 2006 3756 2072 ipsum

2168 2100 2366 2157 incolae
2401 2096 2637 2153 Nabelcs
2674 2097 2851 2166 ipsum
2886 2092 3091 2163 pellere
3136 2092 3453 2147 voluerunt.
3499 2093 3591 2147 Ille
3617 2107 3752 2161 ergo

2167 2193 2415 2248 collectis
2451 2190 2619 2247 sociis
2652 2190 2769 2243 suis
2803 2201 3001 2257 magna
3050 2188 3204 2255 ipsos
3233 2176 3758 2253 strage'interemit,

2166 2298 2535 2357 egressusque
2582 2298 2650 2337 ex
2703 2281 2843 2335 urbe
2904 2278 3181 2349 congestis
3231 2276 3375 2331 circa
3431 2290 3551 2329 eam
3600 2273 3764 2343 lignis

2166 2381 2345 2452 ignem
2380 2380 2488 2449 ipsi
2524 2377 2736 2447 injecit,
2771 2372 2907 2428 adeo
2936 2382 3016 2435 ut,
3063 2385 3169 2425 una
3205 2386 3329 2425 eum
3371 2368 3633 2423 omnibus
3664 2366 3762 2435 qui

2169 2473 2224 2527 in
2266 2473 2384 2541 ipsa
2415 2477 2621 2535 essent,
2651 2466 3036 2533 conflagraret.
3071 2460 3209 2516 Tum
3244 2464 3313 2516 ad
3357 2469 3601 2515 montem
3648 2459 3768 2511 Na-

2169 2565 2327 2620 belesi
2360 2578 2622 2634 egressus
2660 2561 2836 2631 ipsum
2869 2559 3165 2614 obsidione
3210 2556 3405 2619 cinxit,
3445 2554 3607 2621 cujus
3654 2566 3755 2605 arx

2167 2656 2392 2731 grandis
2424 2655 2586 2725 128
2614 2652 2911 2709 admodum
2951 2652 3072 2716 fuit,
3122 2665 3153 2705 a
3184 2650 3346 2719 cujus
3379 2646 3598 2716 fastigio
3638 2661 3766 2697 tutt-

2168 2751 2270 2806 lier
2308 2748 2558 2820 tpttedam
2606 2745 2842 2817 lapidem
2894 2742 3130 2812 dejecit,
3168 2742 3263 2812 qui
3318 2741 3374 2795 in
3413 2736 3762 2793 Altimelecbi

2168 2853 2335 2916 caput
2362 2838 2714 2907 deciditglllc
2739 2847 2927 2893 autem
2960 2835 3054 2890 ubi
3101 2842 3334 2889 mortem
3365 2826 3763 2903 [ingruentem]

2169 2940 2365 3003 sensit,
2395 2948 2564 3006 puero
2592 2932 2682 3005 qui
2722 2930 2825 3002 ipsi
2855 2942 3024 3001 prope
3061 2925 3237 2982 astitit
3283 2924 3467 2980 dixit:
3502 2920 3763 2992 Jugulum

2170 3031 2305 3089 mihi
2319 3029 2497 3103 gladio
2515 3025 2683 3082 ferito
2698 3038 2809 3095 quo
2827 3022 3055 3086 moriar,
3083 3018 3382 3075 nedicatur
3396 3014 3669 3070 occidisse
3682 3026 3767 3067 me

2092 3135 2135 3197 C
2171 3128 2479 3189 mulierem;
2495 3120 2587 3192 qui
2611 3119 2787 3189 ipsum
2803 3115 2983 3186 gladio
3000 3126 3322 3183 percussum
3345 3108 3645 3164 interfecit.

2238 3221 2363 3292 Ipso
2401 3224 2619 3272 mortuo
2656 3209 2856 3283 populo
2893 3206 3182 3277 imperavit
3218 3203 3349 3259 Joas
3370 3202 3517 3257 illius
3539 3200 3764 3262 Pbudte,

2174 3315 2269 3371 lilii
2295 3312 2456 3366 llalat
2476 3324 2506 3364 e
2525 3307 2669 3363 tribu
2689 3302 2931 3365 lsachar,
2953 3314 3129 3354 annos
3148 3296 3338 3367 viginti
3355 3305 3489 3362 tres;
3507 3293 3598 3364 qui
3612 3293 3774 3348 dein-

2167 3407 2237 3464 de
2256 3415 2510 3462 mortuus
2530 3403 2584 3457 in
2620 3398 2801 3455 Samir
2820 3394 3068 3465 sepultus
3092 3401 3197 3447 est.
3236 3391 3562 3457 Postipsum
3595 3402 3776 3458 popu-

2169 3498 2221 3555 lo
2250 3497 2465 3570 praefuit
2484 3494 2600 3550 Jair
2636 3491 2825 3562 Algadi
2848 3489 2993 3543 filius
3008 3504 3038 3543 e
3056 3487 3199 3541 tribu
3215 3484 3483 3539 Manassis
3500 3497 3673 3536 annos
3692 3480 3779 3570 vi-

2178 3568 2317 3664 ginti
2345 3589 2514 3655 duos;
2535 3585 2624 3642 cui
2643 3584 2736 3639 lilii
2756 3592 2915 3638 erant
2933 3578 3154 3650 triginta
3178 3577 3286 3631 duo
3300 3575 3391 3646 qui
3412 3576 3588 3664 ipsum
3611 3568 3776 3642 equis

2170 3663 2311 3739 vecti
2379 3678 2786 3751 sequebantur;
2847 3673 3046 3729 deinde
3108 3678 3359 3727 mortuus
3417 3668 3470 3721 in
3531 3663 3772 3718 Kamara

2170 3774 2416 3844 sepultus
2455 3778 2560 3828 est.
2596 3770 2694 3825 lllo
2720 3774 2940 3823 mortuo
2966 3780 3091 3820 cum
3129 3762 3337 3819 reversi
3368 3769 3555 3816 essent
3588 3756 3772 3811 Israe-

2170 3865 2281 3921 lita!
2311 3865 2379 3921 ad
2420 3866 2633 3921 cultum
2682 3861 2955 3917 idolorum
2993 3856 3226 3919 Baalitn,
3267 3862 3321 3909 et
3367 3850 3669 3907 Aslttarotb
3712 3856 3779 3903 et.

2174 3958 2332 4025 Bael,
2385 3971 2488 4012 nec
2536 3969 2649 4010 non
2703 3954 2933 4008 deorum
2981 3948 3191 4020 Syriat,
3242 3942 3508 4007 Sidonis,
3572 3939 3771 4002 Moab,

2172 4052 2433 4116 Ammon,
2460 4056 2515 4104 et
2541 4045 2878 4109 Palaestinae,
2906 4040 3270 4112 praevalentes
3304 4035 3503 4107 populo
3534 4032 3776 4089 Ammo-

2175 4146 2322 4211 uitat,
2352 4143 2489 4211 ipsis
2516 4155 2641 4197 cum
2675 4137 2925 4203 tristitia,
2953 4133 3156 4189 duritie
3181 4140 3234 4185 et
3257 4128 3581 4185 crudelitate
3610 4126 3783 4180 annis

2173 4235 2477 4293 oetodecim
2531 4232 2871 4301 imperarunt
2911 4242 2928 4280 :
2978 4226 3113 4296 quin
3169 4229 3223 4277 et
3269 4219 3567 4274 Iordanem
3619 4225 3787 4269 tran—

2174 4329 2388 4384 sierunt
2418 4323 2488 4381 od
2512 4318 2915 4394 oppugnandos
2961 4314 3264 4375 lsraelitas,
3295 4310 3452 4366 Iudae
3474 4323 3684 4378 nempe
3716 4317 3785 4360 et

2176 4418 2517 4490 Benjaminis
2567 4415 2729 4476 filios,
2768 4411 2861 4483 qui
2899 4408 2972 4464 ob
3016 4408 3167 4478 ipsos
3204 4418 3403 4475 magno
3450 4411 3601 4457 metu
3634 4416 3782 4454 con—

470 4495 528 4540 et
560 4486 751 4554 Zeibo,
782 4485 1205 4543 Madianitarum
1232 4489 1478 4558 regibus,
1506 4488 1650 4543 Oreb
1677 4490 1729 4543 in
1762 4490 1879 4559 ripa
1902 4490 2064 4556 Oreb,
2097 4487 2146 4550 Ι]
2182 4485 2413 4568 melius,“
2447 4517 2600 4563 sum.
2628 4504 2769 4561 Cum
2812 4516 2944 4573 ergo
2970 4514 3145 4569 usque
3173 4495 3387 4551 Gileadi
3428 4494 3619 4549 urbem
3649 4506 3788 4561 pcr-

474 4576 607 4634 Zeib
642 4579 696 4633 in
734 4594 860 4634 area
896 4577 1049 4634 Zeibi
1081 4581 1397 4634 occisorum
1444 4580 1631 4650 capita
1665 4580 1732 4635 ad
1759 4578 2060 4636 Gideonem

473 4672 543 4727 ad
575 4672 766 4727 urbem
802 4672 1052 4728 Situceut
1099 4673 1419 4741 miserunt';
1474 4672 1633 4742 cujus
1687 4673 1970 4747 [incolas]
2010 4674 2069 4729 ut

474 4767 740 4823 exercitui
776 4782 883 4822 suo
916 4766 1100 4822 cibum
1135 4768 1445 4838 praeberent
1471 4783 1678 4837 eosque
1705 4769 1946 4838 hospitio
1977 4786 2072 4823 ex-

475 4860 723 4929 ciperent
752 4874 879 4915 eum
912 4871 1157 4930 rogaret,
1219 4862 1628 4931 responderunt
1685 4862 1810 4916 illi:
1859 4862 1972 4916 luto
2023 4863 2071 4917 si

476 4964 667 5010 essent
707 4965 892 5011 tecum
919 4957 1102 5027 capita
1138 4956 1305 5012 Zabai
1340 4966 1397 5012 et
1430 4956 1708 5012 Salmanai
1733 4974 1920 5029 regum
1955 4959 2074 5013 Ma-

483 5046 848 5116 dianitarum,
873 5057 989 5103 tum
1014 5051 1320 5105 exercitum
1348 5061 1502 5105 tuum
1532 5052 1654 5108 cibo
1680 5061 1733 5107 ct
1762 5067 2071 5109 commeatu

481 5140 1115 5199 reﬂect-emus..Relictis
1146 5158 1279 5216 ergo
1310 5144 1420 5199 illis
1460 5154 1654 5201 contra
1715 5146 1957 5202 Zabaum
2017 5158 2077 5202 et

481 5235 875 5303 Salmanaum,
915 5235 1338 5293 Madianitarum
1439 5254 1593 5312 reges
1629 5240 1950 5310 profectus:
1975 5242 2068 5312 qui

482 5346 610 5387 cum
649 5334 943 5404 quinquies
982 5332 1131 5387 mille
1160 5332 1306 5387 bello
1351 5332 1565 5389 idoneis
1605 5333 1865 5399 fuerunt,
1910 5347 1969 5389 et
2015 5337 2073 5391 in

485 5422 637 5492 ipsos
665 5423 897 5477 victoria
938 5422 1170 5490 potitus,
1197 5422 1347 5493 ipsos
1383 5438 1504 5479 cum
1553 5425 1783 5481 asseelis
1837 5425 1953 5480 suis
1984 5427 2074 5480 itt-

483 5514 719 5570 teremit.
751 5514 958 5569 Deinde
988 5513 1056 5568 ad
1089 5514 1335 5569 Sbuceut
1361 5531 1618 5572 reversus
1637 5532 1779 5583 eam,
1814 5519 2069 5575 onmibus

480 5608 574 5676 qui
611 5606 966 5677 125-127
1003 5607 1056 5660 in
1091 5606 1208 5676 ipsa
1239 5621 1399 5664 erant
1462 5624 1495 5666 e
1558 5610 1743 5666 medio
1791 5612 2024 5667 sublatis
2056 5652 2072 5674 ,

480 5698 701 5752 delevit.
736 5697 983 5755 Fuerunt
1020 5711 1198 5755 autem
1224 5699 1462 5756 Gideoni
1516 5703 1612 5758 filii
1680 5705 2025 5775 septuaginta
2046 5724 2070 5771 -;

488 5788 783 5846 fuitetiam
818 5795 920 5863 ipsi
953 5796 1259 5850 concubina
1293 5810 1352 5853 ex
1391 5794 1614 5872 [urbe]
1670 5799 1900 5857 Nabeles
1948 5818 2069 5874 qua:

2178 4605 2459 4659 venissent
2486 4597 2836 4661 Atnmonitte,
2872 4589 3195 4662 congregati
3248 4586 3530 4659 principes
3559 4585 3783 4655 populi,

2181 4696 2441 4751 dixerunt
2477 4710 2491 4747 :
2527 4691 2582 4746 Si
2633 4690 2761 4759 quis
2814 4685 3174 4741 Ammonitas
3212 4696 3390 4752 pugna
3427 4677 3790 4749 aggredietur

2178 4789 2286 4845 erit
2329 4784 2489 4840 nobis
2534 4783 2588 4837 in
2627 4781 2951 4850 principem.
2990 4774 3114 4832 Fuit
3178 4784 3359 4830 autem
3407 4770 3643 4841 Jeplttalt
3675 4769 3783 4824 Gi-

2183 4880 2327 4935 leadi
2364 4878 2532 4942 (ilius,
2577 4892 2608 4930 e
2637 4876 2784 4930 tribu
2830 4872 3122 4933 Manassis,
3170 4869 3255 4923 vir
3296 4868 3463 4922 fortis
3491 4876 3544 4921 et
3578 4864 3786 4919 robore

2183 4982 2491 5042 prazstans;
2520 4981 2799 5038 quemque
2822 4979 2950 5018 cum
2988 4963 3137 5017 illius
3164 4967 3313 5017 esset
3339 4959 3591 5013 mulieris
3624 4957 3788 5011 fora-

2184 5065 2287 5131 cis,
2320 5064 2643 5134 repulerunt
2692 5060 2895 5113 fratres
2928 5054 3277 5126 129-131
3323 5052 3500 5126 ipsius
3550 5049 3787 5104 abdica-

2162 5168 2413 5227 tumque
2460 5154 2527 5209 ad
2561 5151 2937 5208 hereditatem
2982 5165 3089 5206 non
3122 5148 3510 5207 admiserunt,
3548 5142 3687 5197 adeo
3717 5152 3787 5194 ut

2183 5250 2241 5304 in
2278 5257 2482 5302 terram
2516 5244 2629 5300 Tob
2666 5244 2734 5299 ab
2779 5243 2915 5315 ipsis
2948 5242 3177 5312 fugeret.
3215 5238 3297 5292 Ad
3343 5236 3495 5292 illum
3544 5247 3787 5305 congre-

2183 5339 2295 5412 gati
2323 5338 2426 5393 viri
2461 5352 2732 5408 pauperes
2771 5335 3118 5391 Ammonitas
3155 5338 3563 5401 Oppugnarunt.

2263 5434 2450 5501 Quare
2482 5431 2691 5503 egressi
2738 5430 2803 5485 ad
2832 5428 3163 5499 Jepbtaltum
3196 5424 3465 5496 primores
3497 5422 3649 5478 urbis
3677 5420 3783 5477 Gi-

2187 5526 2349 5591 lead,
2383 5525 2565 5596 ipsum
2618 5529 2882 5593 rogarunt
2926 5530 2987 5576 ut
3026 5533 3190 5574 manu
3239 5532 3341 5572 sua
3388 5518 3604 5571 firmata
3652 5529 3785 5569 cum

2187 5615 2525 5673 Ammonitis
2574 5623 2867 5686 pugnaret,
2930 5613 3178 5683 ipsisque
3230 5611 3486 5681 princeps
3551 5623 3616 5663 ac
3669 5615 3787 5660 dux

2190 5718 2360 5766 esset.
2396 5707 2614 5775 Quibus
2658 5720 2911 5760 annuens
2948 5704 3060 5770 ille,
3085 5701 3337 5758 collectis
3371 5700 3549 5772 copiis
3604 5693 3795 5768 profe-

2194 5812 2320 5859 ctus
2348 5813 2430 5860 est
2458 5799 2527 5858 ad
2557 5796 2760 5859 bellum
2782 5812 2905 5856 cum
2938 5795 3266 5873 Ammonitis
3301 5792 3621 5864 gerendum,
3655 5792 3789 5846 voto
