4076 6442
369 454 472 517 9“Π

1812 444 2181 504 ANNALES.

3515 431 3619 494 938

370 562 431 601 se
463 546 678 601 tuterim
719 546 824 599 Deo
855 544 1224 612 obstringens,
1248 556 1372 593 cum
1403 540 1503 608 ipsi
1534 542 1586 591 in
1621 538 1746 590 illos
1770 536 1945 589 victo»
1966 541 2017 599 Α
2046 538 2425 606 imposuerunt
2452 533 2684 589 Samson
2704 573 2718 587 .
2762 532 2862 589 Hic
2891 532 2999 602 jam
3031 531 3287 600 grandior
3319 530 3518 595 factus,
3554 529 3619 583 ad

373 640 510 692 riam
556 636 882 691 concederet
929 634 1211 697 Dominus,
1254 634 1492 701 primum
1544 645 1605 684 se
1654 628 1746 695 qui
1781 626 1880 696 ipsi
1912 640 1943 681 e

374 732 539 785 domo
565 745 664 784 sua
693 736 1011 783 occurreret
1042 728 1095 780 in
1138 726 1415 779 victimam
1471 722 1580 777 Deo
1606 720 1941 789 oblaturum,

379 821 677 877 Victoriam
722 829 905 875 autem
935 819 1210 874 concessit
1247 817 1353 887 ipsi
1404 815 1690 878 Dominus,
1721 813 1855 867 adeo
1887 819 1947 865 ut

376 914 718 970 Ammonitas
766 922 949 980 strage
1001 925 1193 979 magna
1236 909 1494 971 alliceret,
1538 916 1593 958 et.
1636 905 1827 974 viginti
1878 904 1947 956 ab

377 1008 513 1076 ipsis
562 1006 726 1060 urbes
774 1006 1010 1073 eriperet
1042 1017 1058 1055 :
1096 1018 1205 1072 qtto
1263 1001 1450 1053 audito
1501 1013 1720 1069 egressa
1771 996 1945 1059 ipsius

379 1095 489 1149 lilia
529 1093 595 1148 ad
638 1102 851 1162 portam
887 1107 1010 1146 cum
1060 1089 1317 1145 omnibus
1373 1088 1526 1144 lusus
1569 1084 1949 1139 instrumentis

317 1214 322 1218 —
379 1184 591 1258 [veluti]
628 1186 901 1255 tympanis
929 1190 987 1243 et
1028 1181 1312 1250 cymbalis,
1356 1180 1409 1233 in
1461 1192 1751 1232 occursqu
1781 1176 1952 1245 patris

379 1279 463 1333 sui
496 1280 662 1341 stetit,
695 1279 832 1331 adeo
867 1286 927 1330 ut
976 1277 1152 1345 primo
1181 1275 1284 1344 ipsi
1332 1273 1399 1327 ad
1441 1274 1638 1326 donius
1690 1285 1801 1324 sua:
1831 1282 1956 1337 por-

381 1379 492 1423 tam
522 1368 735 1422 obviam
780 1367 932 1421 ﬁeret
968 1366 1078 1421 lilia
1119 1366 1311 1435 ipsius,
1364 1376 1563 1433 praeter
1595 1376 1762 1433 quam
1806 1360 1951 1413 nulla

382 1460 483 1530 ipsi
520 1462 702 1530 proles
747 1458 868 1514 fuit.
905 1457 1030 1513 Visa
1060 1472 1189 1527 ergo
1236 1456 1351 1518 illa,
1384 1468 1563 1509 vestes
1608 1467 1736 1508 snas
1764 1450 1953 1512 scidit,

385 1552 589 1620 ingenti
622 1549 849 1606 affectus
872 1550 1084 1604 dolore.
1115 1548 1208 1601 Illa
1248 1556 1428 1601 autem
1460 1563 1473 1599 :
1514 1544 1589 1599 Ne
1616 1545 1825 1603 doleas,
1869 1543 1955 1596 iu-

382 1644 519 1713 quit,
556 1658 589 1697 ο
632 1653 809 1713 pater,
854 1643 948 1697 sed
981 1641 1128 1711 quod
1162 1641 1351 1694 vovisti
1389 1639 1593 1702 facias;
1630 1636 1843 1690 dimitte
1874 1651 1958 1689 me

384 1745 616 1800 tantttm,
645 1743 725 1802 ut,
753 1735 1095 1805 congregatis
1115 1733 1306 1802 puellis
1323 1733 1457 1787 meis
1481 1730 1805 1801 virginibus,
1831 1744 1956 1783 cum

386 1824 520 1894 ipsis
556 1834 795 1879 montem
842 1825 1219 1879 conscendens
1271 1823 1536 1890 meipsam
1589 1822 1841 1890 lugeam,
1903 1826 1959 1872 et

381 1917 722 1986 juventutem
755 1930 931 1970 meam
980 1913 1228 1969 deﬂeam.
1260 1913 1319 1968 In
1355 1921 1538 1967 monte
1565 1926 1695 1981 ergo
1724 1911 1962 1978 seipsam

387 2008 651 2078 plangens
683 2008 821 2061 duos
857 2022 1071 2061 incuses
1100 2005 1419 2076 permansit.
1451 2003 1707 2072 Jephtahi
1742 2002 1963 2055 interim

386 2101 546 2153 amici
577 2100 683 2169 ipsi
712 2099 1004 2154 consilium
1034 2097 1326 2163 dederunt,
1371 2105 1430 2151 ιιι
1476 2095 1814 2150 Pliineasum
1845 2108 1972 2162 pro-

391 2191 628 2259 phetam,
672 2191 829 2260 132
858 2190 1027 2243 lilium
1063 2188 1333 2254 Eleazari,
1366 2187 1465 2242 lilii
1496 2187 1760 2252 Alit-onis,
1791 2185 1967 2254 ipsum

390 2284 747 2338 consulturus
803 2283 1006 2344 adiret,
1064 2282 1159 2353 qui
1218 2283 1322 2352 ipsi
1378 2281 1563 2336 forsan
1643 2294 1968 2349 responsum

392 2376 548 2430 daret
593 2391 703 2444 quo
757 2374 1084 2429 liberaretur
1142 2374 1317 2444 ipsius
1374 2373 1505 2427 lilia.
1564 2370 1731 2425 Movit
1788 2380 1969 2423 autem

398 2469 574 2537 ipsum
622 2469 883 2535 majestas
925 2467 1072 2537 regia
1120 2482 1190 2522 ne
1224 2466 1375 2519 illum
1423 2464 1618 2529 adiret,
1653 2473 1707 2516 et
1738 2462 1973 2516 Phinea-

396 2575 516 2614 sum
561 2559 804 2629 dignitas
846 2559 1168 2629 prophetica
1218 2573 1286 2611 ne
1327 2542 1393 2611 ad
1448 2558 1624 2625 ipsum
1660 2555 1971 2609 accederet.

395 2652 525 2707 Post
549 2652 691 2707 duos
730 2658 858 2723 ergo
894 2668 1109 2706 menses
1137 2651 1485 2705 constituens
1514 2646 1745 2718 Jeplitali
1770 2648 1974 2704 Judaeis

398 2747 591 2798 l'esttuu
627 2758 915 2813 magnum,
938 2743 1126 2796 eodem
1160 2741 1247 2795 die
1273 2740 1439 2794 [illam
1468 2754 1620 2794 suam
1653 2737 1972 2801 immolavit,

397 2838 711 2907 festumque
766 2837 902 2891 illud
951 2836 1147 2891 festum
1176 2835 1428 2904 planctus
1482 2831 1788 2902 appellavit.
1829 2831 1965 2882 Tum

396 2930 463 2984 ad
491 2928 737 2999 ,Jeptitali
771 2930 1084 2999 congregati
1122 2925 1475 2996 Ephraimita:
1524 2925 1576 2977 in
1607 2923 1740 2976 urbe
1767 2920 1974 2984 Sekim,

400 3024 660 3075 dixerunt
689 3022 767 3075 illi
800 3040 815 3076 :
854 3022 1035 3085 Quare
1066 3018 1132 3071 ad
1163 3017 1361 3073 bellant
1393 3027 1583 3070 contra
1634 3014 1977 3067 Ammonitas

399 3115 676 3185 profectus
703 3129 763 3168 es
800 3112 957 3167 nobis
991 3110 1313 3165 inconsultis
1343 3149 1359 3174 ,
1390 3123 1489 3163 uec
1519 3125 1547 3163 e
1597 3107 1755 3161 nobis
1780 3123 1974 3177 qneru-

1998 1878 2038 1931 Β

2053 633 2240 684 urbem
2292 629 2668 684 Themnanam
2723 626 3025 697 profectus,
3058 624 3352 693 quamdam
3405 639 3472 678 ex
3520 622 3623 677 tri-

2051 723 2218 777 buum
2266 723 2693 793 alienigenarum
2742 721 2960 776 filiabus
2989 717 3294 789 conspexit,
3319 730 3480 787 quam
3520 715 3625 770 sibi

2053 831 2275 870 uxorem
2302 815 2478 875 duxit,
2509 825 2561 869 et
2590 815 2731 884 apud
2755 814 2926 881 ipsam
2954 810 3137 881 aliquo
3161 808 3421 877 temporis
3451 807 3631 876 spatio

2056 908 2373 977 permansit.
2431 904 2635 960 Deinde
2658 904 2846 959 relicta
2885 918 2970 967 ea,
2998 902 3062 957 ad
3109 900 3397 957 Askelonis
3448 908 3630 969 partes

2052 996 2350 1067 prolectus,
2382 998 2455 1051 ibi
2501 997 2850 1051 latrocinium
2916 993 3163 1050 exercuit
3212 1011 3227 1047 :
3281 997 3631 1046 transeuntes

2054 1107 2184 1160 ergo
2212 1092 2338 1144 illac
2365 1090 2511 1144 viros
2540 1089 2783 1160 triginta,
2826 1103 2950 1142 cum
2989 1087 3039 1141 vi
3072 1101 3361 1156 aggressus
3385 1082 3630 1140 vestibus

2058 1183 2371 1252 spoliasset,
2406 1182 2472 1233 ad
2522 1182 2711 1234 uxoris
2756 1194 2868 1233 sua)
2912 1180 3130 1233 domum
3165 1176 3539 1231 Themnanam
3573 1190 3633 1230 se

2060 1274 2311 1327 contulit.
2345 1272 2499 1326 illum
2539 1288 2673 1325 vero
2709 1273 2778 1325 ab
2808 1273 2921 1340 ipsa
2946 1270 3212 1325 .cobibuit
3246 1277 3400 1338 pater
3435 1266 3630 1337 ipsius.

2060 1366 2290 1420 diei-ns:
2331 1366 2480 1419 Illam
2537 1366 2628 1419 alii
2684 1367 2735 1418 iu
2779 1380 3002 1417 uxorem
3056 1362 3204 1428 dedi,
3240 1371 3325 1415 est
3369 1377 3502 1416 vero
3532 1361 3632 1431 ipsi

2063 1473 2218 1511 soror
2246 1465 2377 1511 natu
2398 1460 2601 1519 minor,
2632 1472 2824 1526 quam,
2871 1460 2913 1510 si
2949 1456 3188 1517 libuerit,
3229 1456 3325 1511 tibi
3357 1455 3521 1510 dabo.
3553 1454 3633 1509 lra

2063 1551 2228 1621 igitur
2258 1564 2564 1606 commotus
2593 1548 2852 1616 Samson,
2875 1550 3148 1619 profectus
3177 1550 3367 1616 vulpes
3394 1556 3477 1602 ter
3511 1564 3641 1604 cen-

2066 1650 2181 1694 tum
2235 1642 2400 1711 cepit,
2453 1657 2685 1712 quarum
2734 1642 2928 1695 caudis
2967 1655 3092 1695 cum
3134 1639 3283 1694 l'aces
3334 1639 3635 1710 alligasset,

2068 1736 2214 1805 ipsas
2242 1735 2299 1789 in
2334 1742 2573 1802 segetem
2608 1733 2771 1804 136
2802 1732 3030 1796 dimisit,
3066 1742 3229 1802 atque
3269 1733 3346 1787 ita
3386 1734 3510 1804 igne
3534 1732 3633 1788 ab-

2071 1835 2286 1896 sumpta
2339 1836 2423 1881 est
2463 1827 2644 1881 omnis
2693 1826 2939 1880 tribuum
2983 1826 3412 1895 alienigenarum
3481 1842 3637 1898 seges

2071 1934 2247 1989 usque
2270 1920 2336 1972 ad
2366 1917 2592 1974 arbores
2628 1918 2894 1988 ipsarum.
2937 1917 3043 1973 Ubi
3085 1919 3416 1974 innotuisset
3456 1928 3635 1973 autem

2072 2011 2320 2065 tribubus
2353 2009 2475 2066 istis
2517 2010 2648 2079 quid
2684 2008 2906 2065 iecisset
2955 2009 3211 2077 Samson,
3245 2010 3504 2080 profectae
3535 2010 3642 2065 illae

2072 2099 2139 2154 ad
2191 2100 2374 2155 uxoris
2431 2100 2606 2169 ipsius
2656 2099 2836 2166 aedes,
2877 2115 2972 2156 eas
3023 2116 3239 2171 unaque
3290 2102 3465 2171 ipsam
3519 2101 3646 2171 igne

2073 2194 2524 2247 r-onibusserunt.
2559 2193 2765 2248 Deinde
2793 2193 3113 2263 congregati
3143 2192 3371 2261 profecti
3422 2202 3552 2247 sunt
3578 2194 3645 2248 ad

2076 2285 2275 2339 bellum
2310 2284 2435 2340 [iliis
2467 2283 2620 2340 Inda:
2662 2283 3030 2347 inferendum,
3063 2286 3156 2355 qui
3197 2285 3418 2353 abipsis
3445 2286 3647 2340 timue-

2075 2387 2223 2431 runt.
2257 2377 2524 2434 Samsone
2555 2387 2735 2433 autem
2765 2378 2821 2433 in
2857 2393 2991 2448 rupe
3015 2377 3187 2433 Eitam
3218 2379 3462 2442 sedente,
3495 2379 3647 2433 dixe-

2077 2480 2202 2522 runt
2229 2470 2397 2539 ipsis:
2436 2468 2493 2523 Si
2529 2470 2689 2525 nobis
2721 2468 3044 2526 Samsonem
3079 2472 3438 2535 tradiderrtis,
3465 2486 3650 2528 rever-

2077 2570 2256 2616 temur
2301 2577 2479 2632 ueque
2526 2577 2626 2617 vos
2679 2562 2822 2617 bello
2869 2565 3227 2620 lacessemus.
3276 2564 3647 2620 Accesseruut

2076 2671 2204 2721 ergo
2247 2655 2313 2708 ad
2368 2655 2690 2709 Satnsonem
2747 2671 2919 2725 usque
2952 2655 3148 2723 Eitam,
3181 2672 3212 2712 e
3250 2656 3390 2711 Juda
3433 2657 3537 2712 viri
3570 2669 3654 2712 ter

2082 2748 2244 2808 mille,
2278 2745 2478 2815 quibus
2525 2746 2664 2800 dixit
2704 2746 3174 2804 ille:Promittite
3222 2750 3354 2803 mihi
3410 2765 3508 2804 vos
3560 2766 3647 2805 me

2080 2853 2187 2891 non
2236 2837 2659 2904 interfeCturos,
2707 2852 2883 2908 neque
2931 2839 3360 2909 alienigenarum
3404 2841 3655 2895 tribubus

2081 2931 2402 2987 tradituros.
2436 2928 2593 2995 Quod
2648 2944 2771 2984 cum
2810 2931 3216 2999 promisissent,
3243 2931 3436 2987 fraude
3472 2940 3651 2987 tamen

2080 3034 2321 3092 captum,
2354 3024 2605 3079 tribubus
2645 3024 3074 3093 alienigenarum
3128 3025 3372 3078 vinctam
3411 3024 3655 3078 tradide-

2084 3126 2226 3172 runt.
2264 3118 2333 3171 At
2372 3118 2484 3182 ille,
2508 3117 2701 3172 solutis
2731 3116 2987 3180 vinculis,
3034 3116 3254 3171 maxilla
3302 3116 3442 3173 asini
3489 3133 3653 3188 quam

400 3209 544 3276 piam
571 3216 748 3262 tecum
782 3203 1171 3273 assmnpsisti?
1205 3200 1316 3257 Nos
1345 3202 1512 3271 igitur
1547 3209 1599 3254 te
1646 3200 1972 3267 domumque

2080 3213 2286 3266 invenit
2324 3212 2527 3264 mortui
2560 3219 2799 3279 arrepta,
2844 3210 2993 3264 viros
3046 3209 3169 3278 plus
3213 3224 3379 3279 quam
3418 3210 3564 3264 mille
3592 3225 3659 3264 ex

399 3313 549 3355 tuam
593 3299 716 3368 igne
768 3298 1173 3352 comburemus.
1212 3292 1392 3359 Quare
1441 3305 1617 3362 pugna
1686 3291 1834 3358 ipsos
1877 3304 1973 3358 ag-

398 3405 623 3460 gressus
647 3388 880 3459 Jepbtah
903 3397 956 3441 et
977 3386 1206 3441 victoria
1234 3388 1287 3439 in
1311 3385 1458 3453 ipsos
1486 3385 1718 3454 potitus,
1743 3381 1977 3451 quadra-

400 3483 546 3552 ginta
577 3481 688 3535 duo
715 3480 881 3534 tuillia
906 3479 1148 3549 ipSorum
1177 3476 1476 3530 interfecit.
1501 3473 1734 3544 Jeplitait
1767 3478 1975 3537 antem,

402 3590 527 3628 cum
584 3575 787 3645 populo
820 3587 914 3627 sex
971 3585 1147 3625 annos
1198 3569 1546 3639 imperasset,
1585 3578 1856 3631 mortuus,
1895 3583 1983 3622 se-

404 3668 588 3736 pultus
634 3675 720 3721 est
767 3665 823 3719 in
870 3664 1082 3720 Gilead.
1132 3662 1334 3718 Eodem
1382 3675 1629 3729 tempore
1669 3660 1873 3715 accidit
1924 3662 1978 3713 in

403 3761 623 3828 regione
674 3756 989 3812 Graecorum
1042 3754 1214 3809 fames
1262 3769 1480 3824 magna,
1513 3769 1579 3807 ex
1616 3767 1723 3822 qua
1778 3752 1979 3806 mortui

403 3861 535 3905 sunt
582 3848 999 3905 hominesadeo
1031 3856 1091 3902 ut
1122 3846 1351 3901 mortuis
1398 3847 1755 3915 implerentur
1790 3845 1889 3897 via:
1922 3853 1979 3897 et

404 3948 618 4017 plateae,
645 3946 821 4013 iisque
841 3951 1194 3999 vescerentur
1215 3955 1401 3995 canes.
1426 3944 1494 3992 At
1514 3954 1637 3992 cum
1660 3938 1981 4007 frequenter

406 4043 509 4094 hac
537 4040 711 4100 ﬂeret,
748 4037 910 4092 fossis
941 4035 1211 4104 sepulcris
1247 4044 1494 4086 mortuos
1545 4041 1706 4085 terra:
1752 4031 1978 4084 manda-

404 4139 555 4196 runt,
586 4144 652 4182 ac
686 4138 796 4182 tum
831 4128 1062 4198 primum
1101 4128 1244 4181 fosSa
1269 4134 1399 4180 sunt
1430 4126 1705 4194 sepulcra.

476 4220 688 4274 Mortuo
735 4216 1024 4288 Jepbtabo,
1073 4217 1277 4286 p0pulo
1310 4224 1517 4286 septem
1558 4218 1718 4272 annis
1762 4219 1997 4287 praefuit-

407 4312 625 4383 Epltsau
664 4328 695 4366 e
756 4310 897 4365 tribu
950 4307 1106 4362 Judae
1159 4308 1552 4375 Bethlaeutita,
1610 4309 1698 4363 cui
1763 4311 1979 4381 triginta

405 4415 562 4461 erant
610 4407 727 4468 lilii,
782 4408 1001 4476 triginta
1038 4407 1182 4465 tiliae,
1219 4412 1271 4457 ct
1323 4417 1519 4456 uxores
1569 4402 1832 4471 triginta;
1867 4402 1984 4471 qui-

406 4517 533 4567 que,
556 4515 678 4554 cum
713 4511 960 4553 uini-tuus
989 4506 1154 4561 esset,
1189 4498 1244 4551 in
1269 4496 1581 4551 Betblehem
1603 4496 1853 4566 sepultus
1878 4508 1980 4550 est.

408 4593 512 4663 Ipsi
546 4593 599 4646 in
629 4593 858 4661 imperio
882 4594 1151 4647 successit
1176 4589 1346 4645 Eblan
1379 4585 1758 4650 Zabulouites,
1789 4586 1980 4643 decem

405 4676 568 4740 anuis
603 4702 616 4737 :
655 4684 1024 4755 133-135
1073 4684 1315 4753 quicum
1361 4684 1608 4744 obiisset,
1642 4682 1695 4734 in
1732 4679 1978 4735 Zabulou

405 4779 657 4847 sepultus
680 4786 786 4833 est.
816 4777 943 4832 Post
967 4778 1143 4848 ipsum
1171 4776 1312 4830 rexit
1339 4777 1598 4846 populum
1618 4773 1811 4828 Abdou
1844 4773 1988 4828 lilius

406 4870 641 4933 llillelis,
658 4886 687 4926 e
706 4872 850 4925 tribu
874 4868 1151 4938 Epitraim,
1166 4878 1293 4923 octo
1318 4883 1492 4923 annos
1515 4885 1529 4933 ;
1549 4869 1636 4921 cui
1656 4864 1748 4921 lilii
1769 4866 1990 4922 fuerunt

404 4963 793 5031 quadraginta,
814 4969 1038 5029 nepotes
1063 4961 1310 5030 triginta,
1332 4961 1425 5029 qui
1448 4960 1605 5029 equis
1628 4960 1770 5015 vecti
1807 4961 1985 5030 ipsum

406 5056 818 5121 sequebantur;
852 5057 942 5122 qui
969 5064 1023 5107 et
1060 5061 1337 5116 mortuus,
1362 5052 1613 5121 sepultus
1654 5058 1740 5105 est
1790 5051 1844 5104 in
1887 5049 1989 5104 Pa~

409 5153 629 5216 rathon,
661 5165 693 5205 e
730 5152 953 5220 regione
994 5149 1279 5219 prraim,
1308 5149 1360 5202 in
1400 5149 1683 5203 montibus
1714 5147 1994 5203 Amaleki-

408 5229 607 5299 larunt.

485 5333 579 5388 Illo
610 5345 850 5402 mortuo,
885 5350 1009 5389 cum
1055 5338 1121 5388 ad
1168 5332 1535 5389 idololatriam
1578 5331 1783 5388 reversi
1810 5340 1994 5387 essent

411 5426 691 5492 Israelitas,
727 5430 924 5498 pepnlo
966 5428 1367 5496 praevaluerunt
1416 5426 1848 5494 alienigenarum
1889 5424 1993 5478 tri-

415 5519 539 5583 bus,
570 5537 694 5590 quae
723 5523 858 5591 ipsis
888 5522 1250 5591 quadraginta
1286 5520 1447 5574 annis
1476 5520 1841 5588 imperarunt.
1869 5515 1998 5571 Fuit

416 5625 595 5669 autem
624 5634 656 5673 e
683 5620 828 5674 tribu
862 5618 975 5672 Dan
1008 5617 1090 5672 vir
1114 5618 1201 5672 cui
1245 5631 1441 5672 nomen
1474 5615 1732 5682 Mauoah,
1763 5631 1831 5670 ex
1863 5615 1999 5671 urbe

418 5706 649 5767 Soraalr.
697 5712 857 5778 cujus
895 5726 1034 5763 uxor
1074 5709 1285 5764 sterilis
1324 5719 1465 5775 erat,
1518 5708 1587 5765 ad
1619 5723 1784 5780 quam
1833 5725 1995 5764 acce-

418 5801 552 5854 dens
584 5801 638 5854 itt
691 5816 884 5856 somno
910 5804 1158 5870 angelus,
1197 5803 1494 5873 parituram
1533 5803 1705 5872 ipSam
1742 5802 1999 5872 praenuuo

420 5893 594 5949 tiavit.
645 5892 941 5949 Gravidata
990 5911 1123 5965 ergo
1179 5897 1347 5950 lilium
1402 5897 1755 5968 pepct'it,cui
1809 5910 2006 5953 nomen

692 5990 945 6051 Parnm.
1004 5994 1124 6054 Gtt.
1163 5993 1306 6057 CXI.

2083 3302 2512 3372 alienigenarum
2564 3300 2815 3356 tribubus
2864 3298 3176 3366 interfecit;
3215 3300 3412 3355 deinde
3469 3300 3662 3355 sitiens

2085 3394 2375 3448 Dominum
2429 3404 2686 3462 precatus
2716 3402 2822 3458 est,
2869 3393 2962 3463 qui
3001 3392 3105 3462 ipsi
3139 3407 3205 3447 ex
3246 3392 3386 3446 asini
3444 3392 3661 3446 maxilla

2085 3502 2279 3557 aquam
2312 3487 2594 3563 scaturire
2631 3485 2760 3540 fecit
2790 3502 2951 3556 quam
2989 3486 3227 3540 biberet.
3255 3485 3395 3538 Tum
3437 3486 3666 3541 devictis

2085 3581 2516 3649 alienigenarum
2552 3579 2829 3643 tribubus,
2871 3579 3073 3649 populo
3112 3579 3301 3647 viginti
3358 3579 3518 3634 annis
3564 3570 3667 3635 im-

2086 3676 2319 3740 peravit.
2371 3672 2573 3727 Deinde
2621 3674 2862 3726 mulieris
2909 3688 2938 3725 e
2977 3670 3134 3725 Gaza:
3182 3673 3419 3734 incolis,
3475 3686 3664 3727 amore

2086 3775 2300 3834 captus,
2332 3765 2532 3819 Gazam
2567 3763 2846 3834 profectus
2887 3773 2996 3827 est,
3022 3765 3182 3832 cujus
3216 3764 3411 3818 incola:
3439 3767 3507 3817 ab
3543 3762 3665 3832 ipso

2087 3860 2408 3913 timuerunt.
2442 3857 2533 3910 Ille
2556 3871 2687 3910 vero
2716 3856 2896 3909 media
2930 3867 3091 3910 nocte
3121 3862 3331 3925 portant
3367 3854 3511 3910 arcis
3543 3855 3666 3923 ejus

2086 3951 2295 4011 adiens,
2328 3948 2501 4018 ipsam
2537 3948 2656 4003 loco
2688 3948 2957 4003 revulsam
2985 3947 3232 4001 humeris
3263 3949 3377 4002 suis
3409 3948 3664 4018 gestavit,

2085 4042 2258 4094 donec
2311 4054 2429 4094 eam
2494 4039 2548 4092 in
2596 4037 2816 4107 fastigio
2876 4037 3080 4090 montis
3136 4050 3304 4105 prope
3356 4032 3664 4089 Hebroneni

2089 4132 2452 4201 relinqueret,
2493 4142 2548 4185 et
2592 4131 2875 4184 mulierem
2934 4127 3185 4183 abduxit.
3240 4127 3444 4182 Deinde
3496 4127 3660 4181 aliam

2092 4224 2446 4297 137-139
2481 4240 2643 4293 quam
2691 4223 2924 4293 deperiit
2983 4222 3302 4285 mulierem,
3352 4235 3418 4276 ex
3473 4220 3673 4275 incolis

2088 4321 2389 4387 Sechairre,
2455 4319 2645 4385 duxit,
2695 4318 2917 4373 nomine
2970 4315 3232 4381 Dalilam;
3284 4314 3371 4370 cui
3411 4314 3671 4369 dixerunt

2088 4413 2327 4465 tribuum
2357 4409 2787 4479 alienigenarum
2835 4408 3115 4477 principes
3149 4424 3163 4461 :
3204 4404 3402 4475 Decipe
3461 4404 3664 4474 ipsum,

2091 4514 2150 4558 ut
2180 4501 2279 4556 tibi
2316 4501 2517 4556 indicet
2552 4514 2657 4571 qua
2692 4509 2843 4568 parte
2875 4498 3127 4566 corporis
3161 4497 3325 4549 situm
3385 4493 3459 4550 sit
3489 4493 3663 4563 ipsius

2088 4599 2274 4653 robur.

2161 4689 2252 4743 Illa
2286 4701 2416 4756 ergo
2446 4684 2698 4738 Samsoni
2724 4700 2737 4735 :
2771 4683 2864 4735 Die
2899 4681 3053 4740 milii,
3081 4678 3280 4747 inquit,
3304 4676 3347 4729 si
3379 4691 3463 4728 me
3493 4689 3668 4741 ames,

2093 4796 2200 4851 qua
2258 4787 2411 4849 parte
2454 4775 2703 4843 corporis
2745 4774 2824 4827 tui
2869 4774 2986 4827 sita-
3035 4772 3148 4825 sint
3199 4771 3343 4823 vires
3381 4774 3511 4820 tuae.
3565 4765 3667 4821 Cui

2094 4873 2185 4928 ille
2218 4891 2231 4925 :
2267 4870 2321 4924 Si
2352 4885 2439 4923 me
2472 4865 2692 4936 (inquit)
2722 4871 2930 4932 septem
2965 4861 3153 4916 nervis
3182 4859 3518 4921 recentibus,
3545 4874 3666 4927 quae

2095 4964 2325 5017 necdum
2354 4956 2621 5021 aruerint,
2656 4952 2965 5024 ligaveriut,
2992 4950 3239 5004 inﬁrmus
3264 4949 3478 5004 reddar.
3515 4953 3673 5002 Attu-

2096 5056 2279 5110 lerunt
2314 5065 2443 5122 ergo
2494 5061 2701 5119 septem
2752 5060 2952 5100 nervos
2985 5055 3252 5107 recentes,
3304 5039 3506 5110 quibus
3543 5053 3670 5094 cum

2097 5148 2214 5216 ipsa
2252 5145 2407 5198 illum
2439 5142 2686 5212 ligasset,
2720 5139 2811 5194 ille
2840 5137 2908 5192 iis
2940 5135 3269 5190 incumbens
3316 5134 3522 5204 dirttpit
3553 5148 3670 5187 eos.

2097 5238 2236 5293 Tum
2264 5235 2353 5290 illa
2385 5253 2398 5287 :
2430 5232 2551 5288 Non
2580 5248 2664 5288 me
2699 5246 2876 5295 amas,
2913 5228 3124 5301 inquit;
3156 5227 3200 5281 si
3230 5229 3375 5282 enim
3407 5240 3492 5281 me
3522 5240 3675 5278 arua-

2099 5312 2209 5398 res,
2242 5330 2478 5385 dixisses
2520 5327 2650 5381 mihi
2705 5339 2814 5396 qua
2862 5322 3111 5392 corporis
3142 5328 3296 5391 parte
3330 5318 3496 5373 situm
3526 5324 3676 5371 esset

2099 5396 2269 5479 robur
2297 5432 2472 5477 tuum.
2509 5418 2652 5474 Dixit
2681 5433 2812 5489 ergo
2841 5416 2919 5470 illi
2949 5432 2965 5469 :
3000 5413 3057 5469 Si
3096 5428 3183 5469 me
3214 5419 3423 5482 septem
3452 5396 3675 5462 funibus

2099 5515 2464 5574 cannabaceis
2511 5511 2672 5567 novis
2723 5511 3036 5582 ligaveriut,
3091 5505 3342 5560 inlirmus
3375 5517 3491 5557 ero.
3520 5501 3673 5568 Quod

2100 5632 2225 5671 cum
2260 5614 2351 5668 illa
2382 5609 2490 5681 ipsi
2519 5607 2764 5670 iecisset,
2805 5605 2924 5676 ipse
2955 5602 3113 5656 funes
3145 5599 3321 5653 instar
3342 5597 3416 5650 liii
3442 5596 3675 5666 dirupit.

2103 5711 2251 5765 Dixit
2277 5722 2409 5778 ergo
2443 5706 2532 5760 illa
2565 5723 2577 5758 :
2607 5699 2726 5757 Non
2776 5715 2864 5755 me
2898 5711 3075 5764 amas,
3124 5700 3275 5750 certe
3307 5693 3456 5746 enim
3493 5690 3539 5744 si
3584 5702 3672 5742 me

2104 5815 2370 5861 amasses,
2404 5798 2708 5852 iudicasses
2741 5806 2848 5863 qua
2882 5790 2936 5845 in
2965 5796 3118 5860 parte
3140 5784 3389 5856 corporis
3427 5782 3501 5837 tui
3530 5789 3678 5839 essm

2114 5894 2281 5949 robur
2312 5902 2486 5947 tuum.
2519 5889 2655 5944 Tum
2688 5886 2778 5942 ille
2810 5899 2825 5940 :
2857 5883 2917 5941 Si
2950 5892 3182 5953 septem,
3208 5877 3409 5949 inquit,
3455 5875 3678 5946 capilla-

3316 5968 3392 6032 30
