4076 6394
458 374 560 433 939

1457 376 1827 436 EUTYCIIII
1874 378 1916 432 Λ
1930 373 2411 434 LEXANDRINI
2450 374 2670 432 I’ATli.

3594 373 3701 432 950

460 486 626 548 menti
698 502 800 538 met
863 486 1148 542 cincinnos
1211 489 1497 554 Splliialliw
1534 488 1866 556 longitudine
1903 487 2028 539 licio
2054 512 2102 557 Α
2133 495 2278 546 runt,
2313 500 2475 553 quam
2498 485 2741 537 comitati
2762 491 2890 536 sunt
2917 483 2992 536 Eli
3019 483 3326 538 sacerdotis
3351 481 3464 542 ﬁlii,
3492 477 3702 549 iloplui

458 577 720 638 terrueris,
761 576 1014 632 inlirmus
1040 579 1187 631 liam.
1213 575 1367 642 Quod
1403 589 1582 631 tamen
1623 594 1744 631 cum
1799 579 1913 645 ipsa
1949 577 2024 629 illi

457 670 703 734 fecisset,
741 668 946 740 [facile]
986 670 1246 725 excussit.
1280 671 1458 735 Quare
1504 671 1591 722 illa
1625 689 1636 722 :
1671 669 2021 738 Nequaquam

457 761 681 831 (inquit)
717 777 801 815 me
833 777 1007 826 amas,
1035 761 1082 814 si
1111 762 1255 814 enim
1291 778 1555 825 ίηὶὶὶιδδυε,
1600 771 1747 815 certe
1781 761 1912 814 mihi
1947 761 2026 813 in-

455 852 697 905 dicasses
728 866 835 919 qua
886 853 939 904 in
993 861 1144 920 parte
1187 851 1432 919 corporis
1467 850 1732 903 fortitudo
1763 859 1854 902 tua
1889 865 2020 902 cou-

457 939 694 994 sisteret.
724 938 859 994 Tum
893 940 976 995 ille
1014 941 1175 994 taedio
1221 944 1448 994 adat-tus
1476 958 1487 993 :
1519 939 1672 1002 Mihi,
1716 939 1917 1006 inquit,
1955 938 2021 990 ab

461 1040 617 1084 utero
638 1033 824 1086 matris
848 1034 1224 1086 anmmtiatum
1248 1039 1330 1086 est
1359 1046 1424 1084 ne
1444 1039 1764 1100 potestatem
1787 1033 1839 1083 in
1862 1037 2021 1097 caput

458 1139 633 1176 tnemn
666 1124 887 1178 haberet
914 1122 1153 1188 ferrum;
1183 1123 1228 1178 si
1271 1137 1396 1190 ergo
1427 1123 1648 1175 radatur
1675 1121 1804 1174 mihi
1837 1132 2018 1190 caput,

454 1216 875 1269 infirmabuntur
908 1214 1052 1270 vires
1087 1213 1245 1286 140
1279 1230 1410 1268 mea:
1450 1233 1464 1271 :
1498 1216 1695 1269 deinde
1730 1215 1780 1267 in
1811 1214 2020 1284 gremio

449 1308 567 1374 ejus
600 1306 946 1360 obdormivit.
983 1306 1077 1361 Illa
1107 1322 1233 1360 vero
1262 1307 1316 1360 in
1345 1307 1553 1376 gremio
1585 1322 1684 1361 suo
1705 1306 2019 1368 dormienti,

449 1409 652 1467 septem
685 1398 916 1452 crinium
939 1399 1229 1452 cincinnos
1253 1400 1405 1454 rasit.
1438 1398 1570 1452 Cum
1605 1413 1735 1467 ergo
1764 1415 1793 1453 e
1826 1415 2020 1452 somno

446 1500 796 1558 experrectus
833 1503 1019 1553 esset,
1054 1490 1261 1545 viribus
1307 1490 1598 1545 imbecillis
1634 1491 1754 1544 fuit.
1790 1491 1880 1544 llla
1918 1507 2016 1543 an-

447 1593 551 1635 tem
587 1580 652 1634 ad
683 1581 921 1635 tribuum
958 1582 1232 1652 principes
1259 1582 1424 1647 misit,
1455 1584 1545 1651 qui
1573 1580 1824 1638 Samsoni
1861 1596 2019 1653 capto

445 1675 633 1728 oculos
692 1685 974 1738 eruerunt,
1011 1674 1300 1745 ipsumque
1329 1684 1526 1730 catena
1572 1691 1711 1729 aerea
1751 1676 2014 1738 vinctum,

442 1775 496 1819 et
549 1765 748 1818 Gazam
795 1775 1173 1834 asportatum,
1233 1767 1443 1821 carceri
1498 1766 1870 1831 incluserunt,
1924 1769 2014 1820 tibi

2131 586 2184 631 et
2212 576 2466 630 Phineas.
2503 576 2746 644 Egressm
2788 585 2970 629 autem
3014 583 3207 630 contra
3260 575 3410 641 ipsos
3447 573 3704 640 alienige-

2132 685 2323 722 narum
2361 668 2533 723 tribus
2570 666 2730 738 lu
2758 667 2905 735 ipsos
2941 668 2992 719 in
3041 667 3222 736 fugam
3252 665 3521 719 dederunt
3555 681 3568 715 :
3599 681 3702 717 cac-
3735 681 3737 684 ‘

2129 762 2285 830 sique
2312 772 2439 814 sunt
2475 776 2538 813 ex
2591 760 2858 814 lsraelilis
2886 759 3070 812 tricies
3128 759 3296 820 mille,
3367 756 3732 824 fugientibus,

2126 852 2218 920 qui
2257 851 2513 918 fugerunt
2549 867 2654 920 qua
2704 859 2976 920 poterant.
3031 849 3169 903 Caesi
3226 858 3358 902 sunt
3412 848 3576 901 etiam
3617 845 3702 899 Eli

2129 941 2225 996 lilii
2306 940 2519 1010 llophni
2576 949 2629 994 et
2683 939 2958 1003 Phineas;
3004 953 3299 1008 areamque
3364 946 3580 1006 captam
3631 935 3701 988 ad

2131 1033 2379 1086 Yazdodo
2409 1031 2608 1085 Gazam
2645 1039 2998 1100 portaverant
3036 1030 3212 1084 tribus
3239 1028 3697 1099 alienigenarum,

2124 1124 2308 1193 ibique
2360 1125 2412 1176 in
2462 1124 2665 1188 templo
2711 1121 2947 1191 Dagonis
3005 1121 3136 1175 idoli
3177 1128 3511 1176 statuerunt.
3557 1119 3695 1172 Dum

2123 1231 2252 1284 ergo
2287 1215 2502 1268 sederet
2560 1215 2641 1268 Eli
2695 1216 2958 1267 sacerdos
2986 1215 3050 1266 ad
3091 1213 3296 1268 ostium
3362 1211 3590 1266 sacrarii
3640 1210 3694 1263 in

2124 1307 2534 1367 Shilunte,eece
2558 1306 2788 1360 accessit
2811 1309 2889 1359 vir
2914 1305 3132 1374 quidam
3155 1320 3186 1359 e
3205 1303 3349 1371 fuga.
3373 1301 3523 1354 vultu
3551 1299 3700 1355 deni-

2121 1407 2295 1466 grato.
2339 1398 2864 1460 vestibus~seissis;
2903 1398 2988 1451 cui
3049 1396 3127 1450 Eli
3182 1395 3444 1450 sacerdos
3479 1411 3493 1446 :
3529 1393 3694 1458 Quid,

2125 1494 2320 1561 inquit,
2354 1493 2428 1546 rei
2463 1500 2644 1546 tecum
2676 1491 2804 1545 est?
2840 1489 3145 1558 Respondit
3194 1488 3285 1544 ille
3333 1505 3348 1540 :
3392 1489 3450 1540 in
3511 1485 3694 1553 fugam

2121 1587 2371 1638 conversi
2404 1591 2530 1636 sunt
2573 1581 2856 1643 israelitze,
2896 1578 3056 1633 caesis
3108 1593 3297 1632 eorum
3351 1574 3692 1645 quampluri-

2123 1677 2250 1741 mis,
2288 1690 2505 1743 unaque
2537 1674 2752 1728 duobus
2789 1674 2915 1728 ﬁliis
2947 1674 3082 1737 tuis.
3127 1680 3396 1741 captaque
3421 1678 3505 1724 est
3537 1683 3689 1721 arca.

2121 1763 2221 1820 Ubi
2267 1773 2446 1818 autem
2494 1763 2796 1818 audivisset
2849 1762 2928 1816 Eli
2987 1762 3246 1817 sacerdos
3301 1767 3515 1830 captam
3567 1771 3694 1813 esse

445 1858 656 1911 renasci
680 1866 961 1924 cmperuut
981 1858 1160 1926 capilli
1180 1858 1371 1927 capitis
1393 1859 1586 1927 ipsius.
1610 1857 2014 1913 Comenienles
2047 1854 2086 1907 Β
2116 1871 2321 1920 arcam,
2359 1871 2561 1924 pronus
2590 1854 2642 1908 in
2670 1853 2863 1908 faciem
2899 1853 3097 1908 cadens
3135 1853 3280 1907 illico
3308 1861 3560 1905 mortuus
3582 1857 3691 1913 est,

443 1959 622 2000 autent
650 1949 886 2002 tribuum
919 1947 1346 2016 alienigenarum
1381 1950 1676 2018 principes,
1707 1949 1774 2002 ad
1805 1949 2010 2002 hostias

447 2040 624 2108 liagon
657 2042 757 2093 deo
783 2054 882 2094 suo
911 2040 1294 2103 immolandas,
1319 2038 1635 2094 Samsonem
1691 2041 2014 2107 eduxerunt,

446 2139 505 2182 ut
533 2131 633 2199 ipsi
672 2130 960 2186 illudentes
989 2132 1184 2186 deinde
1213 2141 1437 2186 mortem
1475 2129 1760 2185 inferrent.
1809 2131 2014 2202 Imple-

447 2230 670 2290 tnmque
695 2231 778 2275 est
815 2221 1051 2291 Dagonis
1087 2223 1346 2291 templum
1381 2223 1715 2290 heminibus,
1744 2241 1850 2293 qua
1885 2226 2015 2279 viris

443 2327 549 2381 qua
580 2312 817 2374 feminis,
849 2329 953 2366 una
988 2329 1109 2367 cum
1142 2323 1284 2368 tecto
1317 2315 1510 2384 ipsius,
1538 2317 1670 2370 adeo
1700 2315 2008 2380 confertim,

442 2413 503 2459 ut
533 2421 636 2475 non
668 2416 976 2474 superesset
1011 2407 1161 2460 locus
1187 2421 1294 2475 quo
1324 2419 1470 2461 stare
1499 2411 1621 2476 quis
1653 2417 1835 2476 posset
1858 2447 1872 2468 ,
1905 2425 2016 2477 quo

445 2497 764 2550 Samsouem
827 2499 1211 2566 conspicerent
1266 2510 1318 2552 et
1382 2500 1510 2568 quid
1573 2501 1637 2553 de
1693 2501 1786 2553 illo
1841 2500 2010 2554 fieret.

445 2588 584 2640 Dixit
632 2605 761 2658 ergo
805 2589 1032 2644 Samson
1079 2609 1249 2662 puero
1299 2593 1473 2661 ipsum
1526 2594 1793 2646 ducenti:
1835 2593 2013 2662 Dirige

443 2695 657 2732 manmn
701 2697 872 2733 meam
925 2681 990 2735 ad
1041 2684 1350 2738 columnam
1384 2701 1503 2754 quae
1543 2686 1804 2753 templum
1841 2687 2010 2747 susti-

442 2783 554 2837 net,
580 2784 913 2844 cxtensaque
945 2777 1134 2830 dextra
1165 2793 1326 2832 unant
1357 2777 1772 2848 apprehendens
1801 2779 2010 2831 colum-

439 2879 585 2926 nam,
635 2865 763 2919 lzeva
811 2867 1060 2932 alteram,
1115 2884 1210 2922 eas
1264 2870 1334 2920 ita
1396 2869 1622 2922 attraxit
1657 2880 1715 2922 ut
1770 2878 2012 2939 utraeque

439 2972 544 3008 una
573 2971 696 3010 cum
730 2958 928 3026 templo
958 2958 1306 3024 deciderent;
1354 2961 1664 3030 mortuique
1696 2973 1822 3016 sunt
1854 2963 2010 3017 Satti-

437 3063 536 3102 son
594 3063 890 3118 omnesque
919 3051 1012 3117 qui
1048 3050 1101 3104 in
1158 3053 1359 3121 templo
1391 3051 1611 3107 fuerant
1645 3055 1742 3107 riri
1787 3063 1842 3108 et
1895 3072 2012 3108 tnu-

439 3139 636 3206 lieres;
686 3141 978 3211 pluresque
1033 3141 1254 3198 fuerunt
1293 3144 1461 3199 occisi
1494 3161 1634 3215 quos
1685 3157 1861 3201 tnorte
1909 3161 2006 3201 sua

437 3231 635 3284 occidit
672 3230 928 3297 Samson,
954 3247 1116 3301 quam
1146 3249 1280 3302 quos
1332 3235 1384 3288 in
1419 3236 1528 3289 vita
1563 3251 1661 3289 sua
1710 3237 2006 3292 occiderat.

437 3319 618 3387 ipsum
659 3336 787 3374 vero
819 3323 1094 3375 sublatum
1146 3323 1477 3393 sepelierunt
1523 3327 1607 3378 sui
1665 3327 1806 3379 inter
1840 3327 2008 3380 Saata

435 3420 489 3460 et
523 3408 748 3463 Eshtaol
781 3427 902 3465 cum
952 3423 1106 3481 patre
1145 3429 1242 3467 suo
1293 3413 1549 3478 Manoah,
1601 3415 1818 3470 Mortuo
1850 3417 2006 3472 Sam-

435 3515 593 3561 soiie,
634 3513 894 3556 rcxerunt
922 3503 1184 3558 Israelita:
1218 3505 1304 3557 alii
1338 3506 1475 3560 alios
1525 3507 1579 3560 in
1611 3509 2010 3578 tranquillitate

435 3602 486 3646 et
521 3609 654 3662 pace
687 3596 846 3648 annis
881 3596 1261 3666 quadraginta.

896 3687 1097 3742 Deinde
1124 3689 1338 3756 praefuit
1369 3691 1568 3758 populo
1617 3690 1693 3743 Eli
1729 3691 2006 3756 sacerdos,

441 3796 615 3835 annos
649 3782 859 3850 viginti.
897 3783 970 3833 Eo
999 3791 1243 3851 tempore
1289 3781 1389 3835 fuit
1439 3784 1738 3838 sacrarium
1782 3785 1836 3838 in
1881 3785 2004 3840 Slti-

439 3872 607 3925 lumo.
655 3871 1008 3943 Fueruntque
1047 3875 1122 3927 Eli
1161 3873 1432 3928 sacerdoti
1472 3876 1724 3936 lilii'duo,
1773 3892 2004 3944 quorum

443 3962 534 4014 ιιιιί
587 3979 782 4018 nomen
834 3964 1096 4032 ll0phne,
1141 3968 1297 4020 :tliCl‘i
1352 3965 1606 4021 Phineas.
1673 3966 1796 4021 Fuit
1845 3970 2004 4024 etiam

438 4053 684 4119 ejusdem
751 4063 996 4124 tempore
1045 4059 1306 4126 propheta
1353 4074 1382 4111 e
1426 4056 1726 4122 Ramayain
1788 4061 2007 4112 nomine

436 4140 704 4208 lleikana,
739 4145 881 4198 filius
921 4143 1233 4199 Jeroboami
1266 4147 1332 4200 de
1375 4149 1517 4200 tribu
1551 4146 1703 4213 Levi,
1737 4149 1823 4202 cui
1867 4149 2007 4202 bina:

435 4241 593 4285 erant
639 4232 918 4304 coniuges,
952 4251 1177 4304 quarum
1212 4237 1304 4290 uni
1355 4254 1552 4292 nomen
1606 4237 1832 4293 llannah
1866 4239 2008 4310 (quae

435 4323 640 4376 sterilis
675 4321 985 4392 fuit),alteri
1024 4324 1267 4390 Henana,
1305 4327 1390 4381 cui
1441 4328 1533 4382 lilii
1559 4338 1734 4384 erant.
1758 4330 2005 4386 i’rofecta

437 4423 619 4468 autem
657 4413 886 4468 flannah
919 4418 982 4470 ad
1021 4419 1322 4472 sacrarium
1356 4418 1611 4486 Shilumi,
1647 4431 1862 4490 precata
1925 4433 2006 4478 est

2119 1963 2294 2003 annos
2325 1956 2484 2002 natus
2531 1947 2845 2016 nonaginta.
2883 1947 2977 1999 Die
3007 1955 3190 2000 autem
3245 1944 3488 1998 crastino
3527 1955 3691 1995 acce-

2118 2041 2310 2095 dentes
2333 2040 2492 2094 Gaza:
2523 2038 2713 2094 incola:
2760 2039 2825 2092 ad
2857 2038 3117 2106 templum
3165 2036 3425 2104 Dagonis,
3475 2033 3542 2086 ad
3604 2034 3690 2086 vi-

2119 2133 2351 2186 dendam
2379 2147 2584 2194 arcam,
2614 2131 2817 2185 idolum
2857 2132 3037 2200 Dagon
3081 2130 3138 2183 in
3175 2129 3366 2183 faciem
3396 2143 3548 2181 sua-n
3592 2141 3690 2180 co-

2118 2241 2232 2277 ram
2263 2239 2444 2278 arcam
2477 2232 2810 2292 prostratum
2869 2223 3217 2277 invenerunt.
3278 2221 3484 2273 Accidit
3522 2219 3688 2274 etiam

2119 2319 2170 2371 in
2207 2321 2340 2371 urbe
2391 2318 2534 2372 Gaza
2585 2318 2740 2386 plaga
2795 2315 3101 2381 mortifera,
3145 2315 3283 2384 ipsis
3335 2313 3688 2368 bJ-morrhzea

2117 2409 2405 2478 correptis,
2444 2409 2776 2478 impletaque
2813 2419 2900 2463 cst
2935 2409 3084 2476 regio
3109 2408 3354 2476 ipsorum
3391 2405 3596 2460 muscis
3635 2413 3690 2458 et

2117 2501 2486 2554 stelliouibus.
2524 2500 2786 2554 Substitit
2817 2510 2998 2554 autem
3029 2500 3169 2566 apud
3219 2501 3372 2568 ipsos
3401 2513 3526 2553 arca
3557 2513 3691 2566 qua~

2118 2603 2240 2645 tuor
2290 2608 2507 2647 menses
2547 2592 2657 2663 [vel
2704 2594 2856 2672 juxta
2923 2593 3069 2646 aliud
3121 2592 3423 2662 exemplar,
3475 2601 3686 2659 septem

2117 2683 2374 2754 menses].
2415 2684 2676 2740 Dixerunt
2715 2702 2844 2754 ergo
2885 2685 3060 2739 (Ξειιωί
3095 2683 3253 2740 :Non
3285 2685 3483 2738 accidit
3530 2684 3691 2737 nobis

2118 2776 2463 2833 hmmorrluea
2499 2779 2598 2831 ista
2629 2818 2642 2842 ,
2677 2793 2853 2845 neque
2901 2781 3102 2832 musc’s
3132 2789 3182 2831 et
3216 2777 3562 2831 stelliouibus
3595 2791 3689 2831 ve-

2116 2877 2308 2915 xamur
2332 2863 2434 2918 nisi
2462 2865 2532 2918 ob
2565 2881 2747 2920 arcam
2776 2866 2933 2920 istam
2972 2881 2985 2920 :
3014 2867 3351 2921 dimittamus
3379 2884 3507 2936 ergo
3536 2883 3564 2919 a
3591 2881 3692 2920 no-

2117 2951 2196 3005 bis
2226 2967 2406 3006 arcam
2435 2969 2450 3018 ;
2486 2969 2644 3009 secus
2671 2956 2817 3009 enim
2855 2957 3171 3024 perii-imus.
3213 2957 3475 3011 Dixerunt
3505 2965 3687 3011 autem

2115 3042 2332 3110 quidam
2377 3061 2442 3100 ex
2483 3046 2621 3115 ipsis
2657 3060 2670 3098 :
2712 3046 2825 3101 i-loc
2849 3049 3223 3116 probabimus,
3252 3047 3604 3120 155-157
3641 3049 3693 3102 si

2116 3137 2358 3205 acceptis
2419 3138 2671 3206 juvencis
2739 3139 2954 3194 duobus
3014 3140 3105 3207 qui
3161 3156 3439 3210 nunquam
3494 3143 3688 3210 jugum

2116 3229 2382 3291 tulerunt,
2416 3229 2523 3284 illis
2549 3230 2851 3298 plaustrum
2889 3247 3087 3284 novum
3127 3231 3495 3301 imponamus,
3527 3235 3691 3302 eique

2113 3335 2320 3384 arcam,
2357 3336 2577 3390 unaque
2613 3337 2737 3374 cum
2771 3337 2896 3376 arca
2929 3322 3120 3376 cistam
3157 3337 3446 3392 ponamus,
3485 3323 3540 3376 in
3579 3339 3692 3388 qua

2111 3413 2180 3464 sit
2219 3427 2528 3465 muscarum
2569 3421 2618 3466 et
2651 3413 2968 3467 stellionum
3004 3429 3070 3468 ex
3099 3428 3235 3467 auro
3257 3423 3423 3485 atque
3455 3422 3690 3482 argento

2111 3501 2335 3570 elligics,
2380 3503 2628 3556 muneris
2685 3504 2881 3564 instar.
2933 3505 3004 3560 ab
3057 3520 3392 3574 unaquaque
3448 3507 3602 3572 urbe,
3655 3521 3685 3558 a

2111 3593 2278 3656 Gaza,
2333 3596 2401 3649 ab
2463 3594 2723 3661 Askelon,
2775 3612 2804 3649 a
2839 3595 3088 3664 Rapliah,
3146 3597 3216 3652 ab
3278 3596 3557 3659 Yazdodo,
3616 3599 3692 3650 ab

2111 3684 2350 3752 Ephron.
2401 3683 2458 3736 Si
2501 3685 2647 3738 enim
2684 3694 2831 3740 recta
2879 3686 3100 3740 tendant
3130 3686 3349 3756 juvenci
3398 3687 3454 3742 in
3502 3687 3686 3756 regio-

2112 3790 2230 3826 nem
2265 3773 2648 3840 lsraeliticam,
2687 3792 2870 3831 arcam
2903 3778 3262 3844 dimittemus,
3308 3780 3543 3834 scientes
3584 3780 3686 3849 dy-

2109 3865 2402 3919 senteriam
2428 3865 2610 3931 istam,
2638 3883 2851 3922 necnon
2879 3885 3097 3925 muscas
3129 3879 3182 3924 et
3205 3871 3510 3933 stelliones,
3545 3887 3688 3926 arca:

2110 3971 2275 4010 causa
2303 3958 2570 4027 obtigisse
2601 3975 2621 4024 ς
2650 3960 2736 4014 sin
2773 3960 2954 4015 minus
2986 3962 3043 4015 in
3075 3970 3276 4016 terram
3323 3963 3685 4016 lsvaeliticant

2111 4048 2344 4117 profecti
2398 4049 2624 4116 fuerint,
2671 4053 2910 4108 sciemus
2961 4053 3063 4109 hoc
3113 4055 3370 4109 accidens
3420 4054 3614 4118 fuisse,
3655 4073 3688 4108 e

2109 4142 2240 4194 vitio
2267 4141 2410 4196 aeris
2445 4151 2497 4196 et
2529 4145 2841 4211 pestilentia
2871 4155 3074 4200 ortum.

2184 4233 2294 4287 lloc
2322 4234 2487 4304 igitur
2521 4251 2643 4290 cum
2670 4235 2953 4302 fecissent,
2987 4249 3130 4291 recta
3159 4237 3412 4293 abierunt
3461 4237 3685 4306 juvrnci

2110 4325 2160 4377 iu
2188 4325 2560 4380 lsraelitarum
2596 4329 2870 4399 regionem
2897 4345 2914 4388 ;
2949 4329 3158 4398 ipsique
3215 4330 3543 4400 dysenteria,
3575 4345 3680 4399 qua

2107 4415 2286 4470 affecti
2316 4416 2551 4484 fuerant,
2574 4419 2790 4473 liberati
2827 4427 2955 4473 sunt
2985 4419 3404 4484 ;recedentibus
3425 4422 3587 4474 etiam
3613 4422 3683 4474 ab

437 4507 725 4561 Dominum
761 4521 960 4577 rogans
994 4519 1050 4562 υι
1073 4508 1173 4578 ipsi
1212 4509 1381 4563 ﬁlium
1413 4511 1724 4580 largiretur,
1782 4514 1993 4581 pollici.
2040 4528 2081 4580 ι)
2111 4509 2245 4578 ipsis
2270 4510 2679 4565 stellionibuset
2702 4514 2925 4566 muscis.
2952 4510 3089 4564 Cum
3111 4522 3290 4566 autem
3307 4515 3686 4583 pervenissent

436 4611 602 4669 taque
633 4598 864 4654 Domino
889 4615 946 4654 se
984 4600 1159 4670 ipsmn
1195 4602 1507 4655 ministrum
1555 4604 1755 4672 templo
1795 4605 2006 4659 dicatu~

433 4704 578 4746 ram.
605 4689 900 4744 Gravidata
928 4704 1054 4760 ergo
1087 4688 1393 4744 Samuelem
1419 4692 1734 4760 prophetam
1759 4696 2004 4762 peperit;

431 4793 612 4844 quem,
646 4793 772 4832 cum
808 4777 920 4846 jam
963 4786 1074 4832 tres
1104 4793 1279 4833 annos
1333 4790 1497 4833 natus
1547 4791 1712 4844 esset,
1764 4781 2005 4834 abduxe-

434 4880 558 4922 runt
596 4880 750 4938 pater
793 4869 968 4938 ipsius
1022 4867 1298 4924 l‘lelkanah
1350 4879 1403 4923 et
1449 4881 1622 4923 mater
1673 4870 1900 4923 ilanuah
1935 4871 2003 4924 ad

434 4963 732 5013 sacrarium
775 4961 1122 5027 deumum,
1172 4963 1574 5031 innnolatisque
1629 4963 1858 5014 Domino
1909 4967 2004 5014 ho-

431 5052 572 5112 stiis,
601 5052 765 5106 filium
791 5069 951 5108 suum
979 5053 1286 5108 Samuelem
1335 5052 1410 5106 Eli
1441 5054 1707 5107 sacerdoti
1767 5054 2004 5108 tradide-

434 5155 581 5199 runt.
616 5145 960 5199 Ministrabat
991 5162 1120 5215 ergo
1165 5145 1386 5200 Samuel
1439 5150 1492 5198 in
1544 5147 1809 5200 sacrario.
1864 5147 2000 5200 Gum

429 5248 610 5291 autem
639 5248 978 5308 congregata:
1011 5239 1439 5306 alienigenarum
1473 5237 1647 5290 tribus
1692 5239 1756 5292 ad
1797 5237 2001 5291 bellum

432 5329 696 5384 lsraelitis
721 5330 1087 5390 inferendum,
1126 5345 1312 5382 eorum
1339 5329 1490 5384 viros
1529 5341 1722 5398 quater
1767 5329 1911 5382 mille
1944 5329 1998 5382 in

432 5421 616 5490 prwlio
643 5422 996 5485 cecidissent,
1026 5421 1282 5473 dixerunt
1313 5423 1502 5490 populi
1528 5421 1814 5474 lsraelitiei
1847 5420 2000 5488 prin-

431 5530 583 5583 c:pes
641 5532 654 5567 :
710 5515 1071 5581 Deportemus
1125 5515 1409 5567 nobiscum
1470 5528 1650 5567 arcam
1697 5513 1919 5567 fwderis
1971 5531 1998 5564 a

431 5607 705 5666 Sliilumo,
740 5616 798 5659 ut
828 5608 881 5660 in
924 5606 1101 5659 medio
1133 5608 1307 5659 nostri
1350 5605 1421 5660 sit
1450 5605 1594 5658 inter
1621 5604 1994 5673 prtuliandum,

427 5712 537 5763 quo
583 5697 702 5764 ejus
755 5713 856 5766 Ope
905 5697 1098 5766 eripiat
1145 5713 1246 5753 nos
1298 5698 1561 5752 Dominus
1613 5712 1641 5748 e
1692 5713 1852 5748 manu
1903 5698 1998 5748 ho-

429 5789 592 5837 stium
627 5797 954 5841 nostrorum.
998 5789 1192 5842 Art-am
1226 5805 1352 5858 ergo
1388 5804 1414 5840 ιι
1468 5786 1715 5840 Shilaino
1761 5790 1997 5841 sustule-

2109 4599 2332 4666 juvenci
2367 4600 2433 4652 ad
2467 4599 2623 4655 Beith
2659 4601 2907 4665 Shemes,
2939 4603 3097 4672 cujus
3120 4603 3312 4659 incola:
3345 4620 3408 4659 eo
3444 4615 3685 4674 tempore

2113 4693 2388 4743 metebant
2416 4693 2467 4744 in
2503 4707 2636 4762 agro
2668 4692 2833 4757 Usizc,
2863 4695 2938 4746 illi
2964 4705 3177 4764 recepta
3211 4711 3338 4749 arca
3374 4697 3681 4767 plaustrum

2109 4785 2516 4852 conl'regerunt,
2551 4794 2602 4837 et
2629 4784 2896 4853 juvcncos
2925 4787 3234 4843 immolatos
3271 4791 3321 4840 in
3349 4791 3682 4842 sacrificium

2110 4874 2471 4936 obtulerunt;
2528 4878 2806 4944 capsulam
2840 4886 3004 4930 etiam
3048 4878 3101 4930 in
3139 4895 3241 4945 qtta
3303 4881 3525 4932 inerunt
3573 4897 3686 4933 mu~

2108 4980 2322 5017 scarum
2369 4973 2422 5018 et
2458 4967 2772 5020 stellionum
2813 4969 3020 5038 effigies
3060 4986 3238 5024 aurea:
3288 4980 3342 5024 et
3388 4982 3680 5041 argenteae.

2109 5067 2465 5124 acceperunt.
2508 5059 2705 5110 Arcam
2740 5073 2920 5112 autent
2951 5073 3222 5129 receptam
3257 5062 3681 5115 introduxerunt

2110 5149 2300 5200 incola:
2326 5150 2428 5200 vici
2459 5150 2550 5217 qui
2601 5151 2782 5203 Klriat
2810 5154 2962 5205 Auab
2996 5155 3167 5215 audit,
3197 5154 3248 5206 in
3280 5154 3500 5207 domum
3550 5153 3684 5206 Abi-

2110 5241 2309 5292 nadabi
2345 5241 2518 5307 patris
2555 5242 2758 5308 Gazai;
2797 5261 3026 5312 eamque
3051 5246 3104 5298 in
3142 5247 3262 5298 loco
3292 5248 3436 5300 dicto
3470 5245 3682 5309 Gabaa,

2107 5332 2198 5400 qui
2238 5347 2334 5385 arx
2365 5343 2503 5396 erat,
2526 5337 2820 5402 repositam
2854 5335 3033 5390 Gazae
3065 5345 3118 5390 et
3141 5337 3333 5391 Ahnoo
3365 5339 3681 5392 custodien-

2105 5424 2230 5477 dam
2266 5425 2635 5477 tradiderunt.

2177 5515 2388 5568 Mortuo
2407 5518 2482 5570 Eli
2504 5520 2805 5581 sacerdote,
2833 5521 3083 5587 populum
3113 5521 3250 5573 rexit
3269 5518 3486 5574 Samuel
3515 5516 3676 5587 148

2105 5612 2370 5678 propheta
2407 5611 2570 5662 annis
2600 5611 2811 5677 viginti.
2857 5611 2990 5665 Cum
3019 5625 3198 5664 autem
3234 5611 3510 5670 Israelita',
3547 5611 3675 5660 reli-

2104 5705 2208 5754 (‘llS
2246 5701 2428 5765 idolis,
2474 5703 2538 5753 ad
2582 5701 2788 5755 cultum
2847 5703 3059 5754 Domini
3121 5709 3317 5756 reversi
3360 5712 3561 5762 essent,
3609 5700 3678 5750 ti-

2103 5805 2360 5846 muerunt
2396 5809 2542 5863 Ipsos
2576 5793 2751 5848 tribus
2794 5797 3149 5864 alienigenw;
3189 5812 3217 5848 a
3256 5798 3450 5865 quibus
3488 5795 3672 5844 abstu-
