4076 6390
400 374 500 439 9H

1839 374 2205 435 ANNALES.

3559 373 3665 438 9i?

401 495 579 547 lerunt
623 492 881 546 lsraelitae
911 506 1102 545 omnes
1134 508 1270 562 quas
1304 500 1667 560 superassent
1726 493 1889 545 urbes
1926 491 1990 543 ad
2020 496 2068 555 Α
2098 491 2236 546 dixit
2263 489 2483 545 Samuel
2517 489 2779 559 propheta
2816 488 2968 544 Sauli
3006 491 3116 561 regi
3151 508 3166 545 :
3207 488 3285 546 Ad
3331 487 3660 548 Amalekita-

403 584 621 653 lt'phron
671 598 845 653 usque
887 582 1165 652 Hapbaclt,
1208 583 1451 638 Fuerunt
1507 592 1690 636 autem
1730 582 1972 637 Samueli

402 677 495 730 tilii
536 677 667 740 duo,
708 691 941 744 quorum
977 686 1110 730 natu
1154 677 1348 746 majori
1378 691 1578 731 nomen
1606 674 1747 740 Joel,
1773 675 1971 729 minori

400 767 557 829 Abia,
586 767 677 837 qui
713 767 972 836 populum
1026 767 1318 837 tranquille
1348 776 1402 821 et
1435 769 1661 838 pacilice
1710 776 1975 822 rexerunt

373 870 377 875 '
399 860 454 912 iu
487 859 815 915 Beersheha.

468 953 537 1007 At
562 971 689 1010 eum
739 958 1013 1013 senuisset
1047 957 1293 1022 Samuel,
1330 958 1646 1027 congregati
1687 956 1754 1010 ad
1797 955 1972 1024 ipsum

396 1042 660 1100 lsraelitzc
691 1046 744 1100 iu
782 1047 989 1102 Ramah
1032 1047 1291 1103 dixerunt
1325 1066 1338 1103 :
1371 1049 1662 1105 Constitue
1698 1048 1856 1104 nobis
1889 1062 1977 1101 re-

395 1150 516 1203 gem
549 1135 638 1206 qui
667 1151 767 1191 nos
796 1150 967 1208 regal,
1005 1139 1149 1193 sicut
1193 1138 1419 1207 reliquze
1451 1148 1644 1208 gentes
1676 1152 1833 1208 reges
1877 1137 1975 1190 ha-

398 1232 550 1284 bent.
596 1229 738 1283 Dixit
780 1244 912 1299 ergo
943 1230 1051 1285 illis
1090 1230 1311 1286 Samuel
1356 1231 1623 1301 propheta
1669 1249 1684 1285 :
1716 1230 1854 1285 Cum
1888 1245 1976 1285 rc-

397 1336 518 1391 gem
570 1320 729 1377 vobis
777 1319 1160 1391 praefeceritis,
1216 1322 1328 1384 ille,
1358 1322 1512 1377 vobis
1565 1323 1617 1374 in
1660 1321 1975 1375 servitutem

398 1413 656 1478 redactis,
702 1414 759 1468 in
798 1428 931 1484 opes
957 1421 1174 1469 vestras
1205 1420 1530 1481 potestatem
1562 1412 1665 1469 sibi
1691 1419 1888 1475 sumet,
1924 1418 1977 1463 et

393 1505 638 1560 omnium
668 1520 792 1575 quae
840 1504 1134 1577 possidetis
1165 1505 1407 1560 decimas
1438 1504 1689 1573 accipiet.
1738 1503 1980 1574 Respon-

394 1596 659 1652 dentibus
691 1596 800 1652 illis
835 1614 849 1651 :
885 1594 999 1651 Hoc
1071 1596 1232 1652 nobis
1277 1597 1476 1665 placet,
1524 1597 1659 1650 dixit
1713 1594 1975 1650 Samuel:

397 1687 529 1744 Novi
579 1703 680 1758 ego
735 1688 910 1742 virum
968 1704 998 1743 e
1059 1689 1202 1743 tribu
1263 1687 1545 1757 Beniamin
1597 1689 1822 1743 nomine
1857 1688 1974 1751 Cis.

399 1781 640 1836 Anbielis
698 1779 891 1848 ﬁlium,
957 1781 1046 1837 cui
1095 1780 1241 1837 ﬁlius
1302 1790 1385 1836 est
1440 1782 1663 1836 nomine
1703 1780 1853 1845 Saul,
1896 1782 1979 1835 vir

2086 599 2204 638 rum
2238 583 2428 660 urbem
2460 583 2762 651 profectus,
2805 588 3004 653 Ipsam,
3035 584 3190 638 caesis
3219 584 3314 654 qui
3357 585 3412 639 in
3445 600 3508 640 ea
3537 594 3664 647 sunt

2083 674 2338 729 omnibus
2369 672 2521 739 viris,
2543 671 2782 736 feminis,
2821 672 3026 743 pueris,
3054 673 3403 738 animalibus,
3433 675 3665 730 exscin-

2083 766 2202 821 das.
2238 764 2370 819 Saul
2412 779 2567 832 ergo,
2600 765 2899 830 assumptis
2951 779 3139 843 secum
3190 780 3222 820 e
3281 765 3467 836 Galgal
3529 765 3665 820 viris

2084 869 2322 928 quatuor
2349 857 2518 922 mille,
2548 856 2920 927 lsraelitisque
2949 872 2981 913 e
3010 856 3158 912 tribu
3194 856 3350 913 .ludze
3380 867 3463 913 ter
3491 858 3663 921 mille,

2084 960 2276 1005 contra
2300 949 2622 1006 Amalekum
2675 951 2977 1019 profectus,
3032 950 3369 1006 Amalekitas
3420 952 3488 1005 ab
3532 952 3666 1006 ttrbe

2087 1037 2247 1094 lliula
2278 1056 2452 1111 usque
2482 1040 2673 1095 urbem
2709 1040 2819 1095 Snr
2848 1041 3088 1106 caedens,
3144 1044 3353 1112 Aagum
3414 1042 3663 1111 ipsorum

2086 1147 2268 1202 regem
2288 1132 2472 1186 vivum
2502 1132 2680 1201 cepit;
2707 1145 2872 1202 agros
2908 1142 3092 1187 autem
3117 1140 3170 1186 et
3196 1131 3383 1188 vineas
3418 1134 3662 1203 ipsorum

2087 1237 2195 1278 non
2228 1223 2484 1287 vastavit,
2518 1238 2697 1292 neque
2726 1223 2931 1279 bestias
2983 1223 3197 1293 aliquas
3233 1223 3485 1291 peremit,
3531 1223 3661 1279 dum

2087 1315 2349 1385 pecudes,
2383 1316 2565 1370 boves
2596 1323 2649 1369 et
2712 1316 2963 1385 jumenta
3032 1330 3225 1370 eorum
3287 1316 3667 1386 praedarentur

2085 1408 2317 1462 comites
2343 1406 2541 1475 ipsius.
2570 1406 2708 1462 Cum
2748 1421 2879 1479 ergo
2906 1422 2938 1461 a
2973 1407 3120 1462 bello
3149 1406 3432 1477 Galgalum
3469 1408 3666 1462 rediis-

2086 1508 2189 1560 set,
2231 1499 2372 1554 dixit
2412 1498 2490 1553 illi
2542 1498 2763 1554 Samuel
2814 1499 3079 1569 propheta
3121 1516 3135 1552 :
3175 1499 3371 1553 Annon
3417 1498 3556 1567 jussi
3612 1507 3664 1553 te

2084 1603 2306 1658 pecora,
2342 1591 2529 1654 boves,
2556 1596 2611 1642 et
2637 1589 2880 1657 jumenta
2925 1604 3114 1643 eorum
3154 1590 3386 1652 caedere,
3434 1597 3667 1644 terram-

2086 1698 2195 1750 que
2230 1690 2447 1737 vastare
2472 1681 2497 1735 Ἰ
2525 1681 2673 1751 quod
2698 1695 2825 1735 cum
2864 1696 2972 1735 non
3014 1680 3212 1735 feceris
3240 1697 3442 1751 nngam
3476 1696 3579 1751 ego
3608 1679 3664 1734 in

2088 1776 2365 1833 lsraelitas
2393 1790 2578 1845 regem
2637 1791 2670 1830 a
2718 1784 2773 1830 te
2816 1776 3007 1830 alium.
3067 1775 3205 1830 Tum
3261 1775 3662 1846 apprehensum

396 1874 535 1929 facie
569 1874 785 1937 decora,
818 1888 1098 1942 procerus,
1131 1873 1452 1929 fortitudine
1506 1874 1781 1944 insignis;
1821 1874 1973 1928 illum
2013 1873 2051 1927 Β
2086 1873 2323 1940 Aagum,
2359 1869 2791 1924 Amaleltitarum
2845 1883 3051 1939 regem,
3103 1868 3394 1925 decollavit
3442 1867 3664 1922 Samuel

398 1967 551 2021 vobis
593 1982 773 2034 regem
838 1967 1190 2020 constituam.
1255 1965 1393 2021 Cum
1465 1966 1731 2033 deperditi
1799 1977 1998 2025 autem,

398 2065 584 2112 essent
653 2059 804 2122 Ciso,
863 2056 1045 2113 Saulis
1100 2059 1265 2128 patri,
1310 2057 1472 2123 asini,
1511 2056 1650 2111 dixit
1715 2057 1806 2112 ille
1871 2058 1981 2111 lilio

396 2167 497 2205 suo
528 2151 676 2205 Sauli
715 2152 1039 2222 :Assumpto
1066 2160 1249 2206 tecum
1277 2166 1307 2205 e
1340 2151 1515 2207 servis
1540 2150 1648 2205 tuis
1682 2151 1883 2221 aliquo,
1914 2150 1979 2204 ad

398 2243 725 2314 quaerendos
750 2244 943 2299 asinos
976 2243 1370 2313 proficiscaris.
1406 2241 1695 2309 Profectus
1725 2258 1856 2314 ergo
1890 2243 1979 2297 ille

399 2351 522 2390 cum
555 2351 583 2388 a
618 2337 736 2390 vico
768 2335 834 2389 ad
860 2337 1038 2390 vicum
1075 2335 1142 2390 ad
1167 2336 1494 2404 quterendos
1523 2336 1710 2390 asinos
1748 2335 1981 2390 transis-

399 2434 500 2492 set,
538 2427 675 2481 dixit
706 2427 807 2497 ipsi
842 2442 977 2497 puer
1000 2424 1117 2494 ejus
1145 2446 1158 2481 :
1191 2427 1272 2481 Ad
1327 2426 1516 2481 urbem
1548 2426 1818 2481 Samuelis
1853 2441 1979 2496 pro-

399 2518 575 2587 phetae
598 2519 952 2583 accedamus,
980 2519 1072 2573 ille
1099 2518 1371 2589 siquidem
1400 2533 1510 2588 quo
1537 2519 1656 2573 loco
1692 2518 1802 2571 sint
1837 2517 1978 2571 asini

399 2610 556 2665 nobis
590 2610 873 2665 indicabit.
910 2610 989 2663 Ad
1042 2609 1351 2676 Samuelem
1391 2624 1520 2677 ergo
1555 2609 1785 2677 profecti
1827 2617 1980 2675 sunt,

398 2703 488 2772 qui
547 2703 612 2757 iis
645 2702 826 2757 cibum
864 2711 1161 2772 potumque
1193 2699 1538 2773 159-151
1568 2700 1855 2771 apposuit;
1890 2700 1984 2755 dc-

398 2791 541 2857 inde,
568 2803 795 2864 accepto
831 2808 1003 2849 cornu
1060 2792 1207 2862 quod
1282 2792 1404 2847 oleo
1452 2794 1727 2863 impletum
1787 2791 1982 2855 fuerat,

399 2885 531 2940 illud
566 2886 749 2939 Saulis
783 2886 950 2953 capiti
975 2884 1283 2949 aﬂuadens,
1304 2885 1593 2955 ipsumque
1612 2884 1981 2951 eoinungens,

396 2977 535 3031 dixit
568 2994 581 3029 :
619 2978 761 3032 Dens
801 2984 854 3031 te
880 2976 1042 3031 hodie
1072 2990 1255 3046 regem
1284 2975 1338 3028 in
1368 2973 1646 3028 lsraelitas
1669 2973 1981 3037 constituit,

397 3071 557 3139 cujus
597 3068 674 3123 rei
705 3068 944 3139 signum,
986 3069 1134 3137 quod
1167 3066 1228 3120 ad
1259 3073 1471 3136 patrem
1518 3073 1673 3120 tuum
1726 3080 1984 3121 reversus

397 3161 577 3232 ipsum
611 3161 800 3218 asinos
833 3162 1113 3217 invenisse
1155 3162 1430 3231 reperies;
1474 3160 1689 3229 fuitque
1726 3157 1872 3212 sicut
1900 3157 1986 3211 di-

398 3230 477 3310 xit
514 3254 736 3310 Samuel
769 3256 1063 3325 propheta;
1117 3230 1364 3325 regnavit
1395 3266 1530 3321 ergo
1562 3249 1693 3306 Saul
1723 3250 1778 3304 in
1806 3248 1978 3306 lsrae-
2011 3230 2052 3284 ο

400 3350 546 3411 litas,
567 3352 657 3419 qui
690 3350 899 3419 primus
928 3348 1171 3417 ipsormu
1210 3362 1303 3402 rex
1337 3343 1459 3399 fuit.

467 3440 795 3511 Congregati
831 3450 1013 3493 autem
1042 3441 1144 3493 viri
1196 3439 1414 3495 urbium
1454 3437 1616 3494 Jabin
1665 3446 1723 3493 et
1777 3435 1984 3493 Galaad

398 3532 465 3585 ad
521 3532 845 3588 Mabeshum
903 3533 1320 3598 Ammonitam,
1393 3532 1692 3586 noluerunt
1751 3544 1984 3597 regnare

399 3622 651 3680 Saulem.
680 3624 826 3679 Exiit
854 3639 986 3695 ergo
1018 3623 1240 3679 Maltesh
1268 3624 1333 3677 ad
1366 3621 1798 3693 oppugnandum
1830 3619 1974 3674 Sau-

402 3717 505 3770 lem
565 3732 691 3771 cum
750 3731 946 3788 magna
1004 3715 1293 3771 hominum
1341 3714 1730 3779 multitudine;
1792 3722 1985 3767 contra

397 3819 559 3875 quem
584 3805 851 3859 auxilium
885 3821 914 3859 a
951 3803 1063 3859 Deo
1094 3814 1428 3859 consecutus
1460 3804 1613 3870 Saul,
1637 3805 1984 3859 Ammonitas

400 3908 586 3969 strage
614 3913 812 3969 magna
867 3897 1168 3952 interfecit.
1220 3896 1359 3952 Tum
1404 3897 1624 3951 Samuel
1678 3898 1982 3967 propheta,

399 3991 698 4062 assumptis
725 4005 913 4047 secum
942 3990 1108 4046 Saule
1132 4001 1188 4046 et
1210 4004 1240 4045 e
1273 3989 1583 4045 senioribus
1612 3988 1981 4046 lsraelitarum

400 4092 570 4151 C(Bltt,
622 4083 903 4154 profectus
971 4082 1183 4154 Galgal,
1245 4090 1580 4153 acceptoque
1645 4096 1818 4137 cornu
1878 4084 1980 4137 olei

401 4177 586 4246 pleno,
618 4173 836 4231 Saulem
877 4163 1077 4231 iterum
1110 4190 1297 4230 coram
1334 4175 1536 4246 populo
1558 4176 1612 4229 in
1642 4172 1829 4245 Galgal
1862 4177 1982 4231 oleo

401 4270 643 4326 inunxit.
674 4266 978 4338 Laetatique
1009 4266 1265 4322 homines
1294 4268 1363 4320 ob
1402 4281 1630 4337 regnum
1671 4266 1874 4334 Saulis,
1906 4268 1986 4322 vi-

403 4363 597 4416 ctiinas
628 4361 832 4415 multas
859 4359 1095 4414 Domino
1128 4359 1501 4414 immolarunt.
1542 4358 1827 4431 Elegitque
1853 4359 1984 4414 Saul

401 4469 468 4508 ex
502 4453 768 4510 lsraclitis
822 4454 969 4507 viros
1014 4461 1096 4507 ter
1128 4451 1275 4507 mille
1316 4452 1410 4521 qui
1456 4466 1580 4505 cum
1624 4452 1718 4506 illo
1772 4462 1982 4508 essent.

2085 1964 2387 2032 propheta;
2418 1960 2616 2016 deinde
2673 1961 2902 2014 Ramam
2932 1976 3189 2017 reversus
3217 1970 3341 2026 est;
3376 1960 3507 2014 Saul
3565 1974 3664 2013 au-

2085 2061 2189 2106 tem
2221 2051 2451 2106 domum
2522 2067 2676 2105 suain
2729 2051 2783 2105 in
2832 2050 2998 2107 Cibea
3058 2051 3210 2106 adiit.
3240 2050 3488 2121 ‘Aliquot
3538 2058 3665 2118 post

2083 2142 2278 2197 diebus
2315 2140 2599 2212 profectus
2630 2139 2848 2195 Samuel
2884 2141 3322 2204 Bethlebemum,
3357 2142 3667 2211 apprehen-

2084 2249 2206 2288 sum
2263 2234 2524 2288 Davidem
2572 2233 2740 2286 lilium
2786 2232 2943 2289 Jesse
2991 2237 3113 2288 oleo
3168 2235 3322 2288 unxit
3370 2235 3424 2290 in
3486 2250 3667 2304 regem

2082 2326 2866 2399 lxraelitarum,~153-155
2893 2341 3014 2382 eam
3044 2328 3255 2396 iuvenis
3288 2327 3465 2382 adhuc
3499 2336 3666 2384 esset.

2158 2422 2350 2475 Postea
2411 2422 2654 2475 collectae
2727 2437 2920 2477 rursus
2976 2422 3409 2491 alienigenarum
3487 2420 3668 2475 tribus

2089 2514 2308 2568 Saulem
2355 2514 2500 2567 bello
2544 2514 2843 2576 lacessere,
2896 2521 3089 2568 contra
3120 2528 3260 2584 quas
3305 2513 3374 2568 ad
3432 2527 3665 2586 pugnam

2086 2619 2343 2675 egressus
2374 2613 2460 2659 est
2488 2618 2612 2657 cum
2665 2606 2782 2659 suis
2819 2604 2972 2668 Saul,
3025 2621 3185 2675 quem
3228 2607 3282 2659 in
3322 2607 3523 2661 bellum
3574 2621 3671 2661 eo-

2087 2698 2264 2752 mitati
2308 2706 2439 2751 sunt
2474 2696 2697 2751 Davidis
2728 2686 2948 2752 fratres.
2982 2695 3141 2752 Jesse
3189 2711 3344 2768 ergo,
3394 2699 3669 2753 accercito

2088 2789 2198 2840 lilio
2226 2802 2329 2841 suo
2370 2786 2602 2851 Davide,
2640 2788 2820 2857 ipsum
2872 2796 3183 2843 commeatu
3234 2790 3564 2845 instructum
3601 2791 3668 2845 ad

2087 2878 2285 2933 fratres
2313 2894 2446 2934 suos
2479 2881 2532 2934 in
2562 2882 2874 2936 exercitum
2910 2881 3091 2949 misit;
3130 2882 3196 2936 ad
3222 2896 3364 2953 quos
3385 2898 3508 2939 cum
3544 2899 3671 2954 per-

2085 2970 2353 3036 venisset,
2386 2971 2703 3026 remittente
2740 2981 2852 3025 tum
2886 2986 3089 3043 pugna,
3115 2975 3402 3043 conspexit
3432 2974 3611 3028 virum
3638 2991 3670 3029 e

2088 3062 2339 3117 tribubus
2389 3062 2849 3133 alienigenarum,
2908 3064 3130 3118 nomine
3183 3062 3521 3131 Goliathum,
3574 3064 3669 3132 qui

2090 3154 2413 3210 inclamaret
2449 3171 2465 3216 ;
2507 3151 2684 3220 Heus,
2723 3152 3004 3219 Israelitze,
3036 3163 3192 3211 estne
3234 3157 3327 3226 qui
3368 3155 3458 3227 [ad
3492 3165 3670 3211 certa-

2087 3246 2238 3319 men]
2268 3247 2546 3318 prodeat?
2578 3247 2724 3302 Dixit
2750 3248 2916 3318 igitur
2962 3247 3130 3302 David
3182 3249 3445 3305 lratribus
3501 3251 3619 3305 suis
3652 3266 3667 3302 :

2086 3342 2198 3412 Ego
2225 3342 2401 3396 virum
2449 3343 2615 3396 istum
2669 3341 3022 3397 interficiant.
3076 3343 3438 3412 lncreparunt
3486 3352 3668 3398 autem

2089 3435 2267 3503 ipsum
2307 3434 2508 3489 fratres
2543 3435 2668 3500 sui;
2723 3443 2779 3488 at
2831 3450 2958 3489 cum
2998 3436 3103 3489 hoc
3167 3435 3470 3492 audivisset
3538 3433 3668 3489 Saul

2087 3530 2229 3599 ipse,
2268 3529 2544 3583 accersito
2576 3527 2799 3592 Davide,
2832 3528 3003 3583 lorica
3063 3527 3317 3582 indutum
3379 3528 3672 3597 gladioque

2089 3622 2426 3685 accinctum,
2464 3621 2519 3674 in
2573 3635 2865 3676 occursum
2911 3618 3149 3674 Goliathi
3220 3620 3439 3689 prodire
3482 3619 3669 3688 jussit.

2091 3713 2256 3767 David
2284 3723 2494 3776 autem,
2542 3727 2666 3768 cum
2703 3713 2848 3766 inter
2875 3713 3024 3767 acies
3054 3721 3221 3776 esset,
3264 3711 3445 3766 exutis
3501 3710 3668 3764 lorica

2087 3812 2140 3859 et
2166 3804 2356 3868 armis,
2392 3804 2718 3874 abjectoque
2755 3802 2955 3873 gladio,
3016 3801 3238 3857 fundam
3280 3816 3445 3872 quam
3480 3816 3668 3855 secum

2091 3894 2284 3947 habuit
2311 3893 2605 3962 arripiens,
2626 3891 2676 3946 ei
2706 3892 2944 3961 lapidem
2979 3891 3262 3962 imposuit,
3290 3905 3402 3961 quo
3432 3906 3671 3947 excusso

2089 4001 2213 4040 cum
2242 3984 2481 4041 Goliathi
2510 3986 2750 4041 frontem
2786 3985 3175 4055 percussisset,
3228 3985 3344 4055 ipse
3378 3986 3430 4039 in
3466 3993 3669 4041 terram

2087 4076 2315 4144 decidit,
2354 4092 2514 4147 quem
2542 4076 2711 4133 David
2748 4077 3023 4148 prehenso
3051 4077 3225 4148 ipsius
3259 4077 3441 4147 gladio
3495 4077 3671 4133 inter-

2091 4171 2261 4239 fecit;
2323 4172 2755 4243 alienigenarum
2796 4183 2978 4247 autem
3033 4172 3310 4228 exercitus
3377 4173 3431 4227 in
3490 4170 3672 4240 fugam

2097 4278 2397 4319 conversus
2437 4274 2542 4329 est,
2583 4270 2768 4333 strage
2808 4265 3054 4335 ipsorum
3088 4264 3290 4335 insigni
3333 4261 3500 4319 facta.
3528 4264 3677 4320 Con-

2088 4356 2272 4411 stituit
2300 4370 2433 4427 ergo
2466 4354 2600 4411 Saul
2644 4356 2903 4414 Davidem
2955 4358 3008 4411 in
3064 4359 3314 4413 exercitu
3367 4372 3468 4412 suo
3526 4356 3676 4411 mille

2089 4451 2292 4506 ducum
2335 4449 2676 4518 praefectum,
2714 4465 2955 4519 eumque
2996 4449 3063 4502 ad
3116 4450 3363 4519 praelium
3424 4440 3683 4503 tribubus

403 4544 528 4600 Fuit
558 4557 739 4601 autem
783 4544 936 4599 Sauli
974 4545 1118 4597 filius
1150 4546 1373 4598 nomine
1401 4543 1700 4611 Jonathan,
1752 4545 1845 4614 qui
1899 4559 1980 4599 as-
2020 4575 2064 4632 Β
2092 4543 2782 4610 alienigenisinferendum
2817 4543 2985 4595 misit.
3034 4542 3297 4611 Egressus
3326 4555 3455 4608 ergo
3484 4540 3670 4606 David,

404 4639 637 4710 sumptis
674 4653 866 4692 eorum
902 4637 1055 4690 mille
1088 4637 1221 4692 viris
1248 4634 1497 4701 Nasimo,
1527 4636 1619 4706 qui
1673 4636 1725 4691 in
1759 4634 1982 4691 Yumnu

405 4733 602 4797 fuerat,
669 4746 907 4801 pugnam
968 4728 1232 4791 inferens,
1270 4732 1441 4797 ipsum
1494 4729 1855 4798 multosquee
1892 4729 1988 4781 tri-

404 4826 585 4882 bubus
647 4821 970 4892 alienigenis
1038 4821 1260 4876 occidit.
1308 4818 1446 4903 9am
1502 4836 1633 4891 ergo
1704 4821 1988 4875 audissent

406 4918 581 4972 tribus
615 4916 732 4970 istae
774 4915 908 4984 quid
941 4912 1166 4970 fecisset
1224 4911 1533 4979 Jonathan,
1560 4908 1565 4913 ’
1590 4913 1986 4968 convenientes

404 5025 469 5064 ex
510 5008 644 5079 ipsis
674 5008 886 5078 pedites
938 5006 1124 5060 tricies
1158 5005 1306 5060 mille
1343 5005 1702 5074 equitumque
1735 5020 1829 5060 sex
1865 5004 1989 5057 mil-

408 5102 497 5164 lia,
533 5101 599 5156 ad
626 5116 864 5171 pugnam
896 5108 1090 5155 contra
1138 5097 1422 5153 lsraelitas
1460 5099 1513 5150 in
1546 5096 1737 5166 Galgal
1775 5096 1990 5165 prodie-

408 5204 570 5262 runt;
602 5210 836 5265 quorum
871 5196 1073 5248 timore
1131 5192 1370 5262 perculsi
1410 5190 1569 5260 152
1623 5191 1884 5245 Israelita:
1932 5191 1988 5243 in

408 5298 664 5354 montes,
705 5286 874 5342 valles
921 5295 977 5341 et
1038 5285 1258 5342 deserta
1305 5283 1690 5354 confugerunt.
1758 5281 1991 5353 Fuitque

407 5381 538 5435 Saul
566 5382 622 5435 in
653 5380 883 5451 Galgal;
920 5378 1212 5434 Ionatham
1243 5392 1397 5440 vero,
1431 5383 1713 5445 assumpta
1763 5372 1988 5429 Israeli-

408 5488 587 5530 tarum
622 5476 870 5539 cohorte,
911 5474 977 5528 ad
1026 5472 1334 5528 exercitum
1377 5470 1811 5540 alienigenarum
1864 5480 1992 5537 pro-

411 5556 584 5622 fectus
606 5577 711 5632 est,
739 5578 792 5622 et
817 5582 1006 5622 eorum
1029 5579 1212 5621 coram
1241 5565 1360 5633 ipso
1382 5561 1707 5631 fugientium
1735 5572 1988 5628 magnam

410 5658 701 5712 admodum
735 5667 972 5728 stragem
1002 5656 1194 5712 edidit.
1227 5655 1347 5722 Quo
1377 5653 1593 5719 audito,
1624 5651 1755 5706 Saul
1804 5652 1856 5705 iu
1892 5650 1993 5704 tri-

413 5753 575 5801 buum
613 5750 844 5802 istarum
877 5750 1154 5804 exercitus
1187 5758 1352 5800 noctu
1405 5745 1642 5807 irruens,
1678 5757 1773 5797 eos
1817 5741 1992 5796 inter-

412 5834 565 5907 fecit,
620 5838 757 5895 adeo
782 5846 841 5894 ut
870 5853 939 5894 ne
976 5854 1123 5895 unus
1171 5836 1397 5908 quidem
1450 5835 1731 5892 evaderet.
1785 5833 1989 5890 Deinde

2092 4638 2246 4691 caesis
2280 4650 2467 4689 eorum
2492 4644 2713 4689 centum
2748 4633 3008 4703 praeputia
3063 4633 3198 4703 ipsis
3247 4635 3475 4701 praecisa
3514 4630 3670 4687 Sauli

2090 4728 2295 4793 attulit,
2353 4726 2445 4796 qui
2496 4725 2661 4778 filiam
2718 4741 2870 4781 suam
2936 4724 3135 4778 Michol
3184 4724 3284 4793 ipsi
3338 4725 3391 4776 in
3447 4738 3671 4778 uxorem

2091 4819 2260 4884 dedit,
2280 4819 2366 4872 cui
2405 4817 2567 4887 156
2599 4817 2862 4886 praeputia
2899 4817 3002 4870 ista
3032 4817 3134 4870 dos
3162 4823 3340 4871 erant.
3378 4814 3671 4885 Nunquam

2091 4925 2270 4969 autem
2314 4912 2464 4966 misit
2493 4910 2625 4965 Saul
2655 4909 2913 4964 Davidem
2950 4910 3015 4962 ad
3051 4908 3302 4976 pr:elium
3338 4909 3469 4977 quin
3505 4915 3678 4983 victo-

2092 5007 2177 5059 ria
2218 5006 2510 5074 potiretur.
2542 5001 2699 5069 Quod
2730 5001 2922 5057 videns
2976 5000 3105 5055 Saul
3138 4999 3322 5054 timuit
3380 5013 3449 5054 ne
3477 5008 3532 5053 et
3572 5000 3687 5069 ipsi,

2095 5112 2321 5168 regnum
2364 5098 2645 5168 eriperet;
2689 5078 2861 5162 quare
2918 5109 3041 5149 cum
3104 5094 3174 5149 ab
3226 5093 3320 5148 illo
3364 5080 3671 5153 metueret,

2094 5189 2273 5259 ipsum
2307 5203 2338 5243 e
2372 5187 2552 5242 medio
2584 5187 2772 5242 tollere
2803 5186 3034 5241 studuit.
3078 5185 3241 5256 Fugit
3298 5199 3431 5256 ergo
3482 5181 3687 5248 Dav-id,

2093 5287 2147 5333 et
2174 5279 2240 5333 ad
2274 5277 2449 5348 ipsum
2472 5275 2787 5347 congregati
2818 5282 2948 5330 sunt
2968 5275 3071 5330 viri
3092 5273 3502 5345 quadringenti.
3538 5271 3679 5325 illor-

2096 5381 2224 5426 tuus
2253 5377 2436 5426 autem
2467 5378 2552 5424 est
2583 5366 2810 5425 Samuel
2844 5370 3134 5439 propheta,
3170 5366 3430 5437 domique
3468 5378 3582 5420 sua:
3623 5364 3678 5418 in

2095 5463 2307 5518 Ramah
2337 5462 2609 5531 sepultus.
2639 5459 2848 5517 Deinde
2882 5474 3142 5531 egressus
3163 5458 3295 5514 Saul
3326 5458 3391 5514 ad
3426 5454 3688 5529 przelia'n»

2097 5557 2225 5610 dum
2249 5570 2372 5610 cum
2411 5553 2758 5624 alienigenis,
2791 5552 2847 5607 in
2885 5554 3067 5622 fugam
3110 5567 3302 5607 versus
3337 5561 3390 5606 et
3433 5552 3678 5606 vulneri-

2098 5651 2200 5705 bus
2262 5645 2576 5709 confossus,
2613 5659 2736 5699 cum
2786 5643 2843 5699 in
2904 5655 3102 5699 terram
3146 5644 3435 5714 prolapsas
3489 5656 3676 5705 esset,

2097 5755 2270 5812 puero
2302 5755 2428 5803 suo,
2459 5739 2554 5810 qui
2580 5738 2821 5809 armiger
2852 5726 3025 5807 ipsius
3054 5734 3339 5803 fuit,dixit
3375 5750 3393 5789 :
3420 5733 3689 5819 Jugnlttttn

2103 5834 2237 5890 mihi
2278 5832 2449 5890 ferias
2481 5847 2552 5889 ne
2575 5846 2665 5889 me
2692 5831 2877 5890 vivum
2901 5833 3121 5902 capiant
3145 5831 3333 5889 hostes
3360 5831 3466 5888 mei
3499 5834 3677 5901 :qqu
