4076 6394
442 365 550 430 913

1453 361 1814 423 EUTZCHH
1850 367 1889 418 .\
1907 361 2259 418 l.E.\'.\.\'Dli
2277 360 2376 417 IN!
2408 362 2630 421 P.\Tii.

3592 357 3697 420 9M

440 493 564 535 cum
594 476 682 529 ille
720 490 826 527 non
864 473 1233 542 faceret,ipse,
1262 460 1530 542 preltcnso
1557 472 1760 541 gladio,
1784 481 2009 523 mortem
2045 477 2085 527 Α
2117 469 2393 536 cedentes,
2433 473 2749 537 facibusque
2797 471 2917 540 igne
2964 472 3226 536 accensis,
3261 470 3487 542 ingressi
3526 470 3695 538 ipsius

440 570 546 645 sibi
594 566 884 627 conscivit,
909 579 1017 635 quo
1050 565 1190 626 viso,
1222 580 1281 617 se
1340 565 1499 618 etiam
1565 561 1834 615 interfecit
1879 576 2014 630 puer

438 661 633 731 ipsius.
669 658 811 714 Cresi
844 666 973 712 sunt
1002 659 1162 711 etiam
1206 658 1258 710 in
1302 657 1488 725 prarlio
1541 654 1797 709 Israelitte
1832 664 2013 723 strage

441 754 671 823 ingenti,
707 752 909 806 occisis
955 753 1178 819 insuper
1214 749 1542 809 Jonatltane,
1585 746 1927 801 Abiuadamo
1959 753 2012 799 ct

424 845 709 903 .Melbislto
733 844 881 899 Sauli
913 843 1057 896 ﬁliis.
1112 841 1206 895 Die
1235 849 1416 894 autem
1447 840 1714 898 crastino.
1746 854 1870 893 eum
1927 839 2010 891 lu-

440 943 680 992 strarent
721 935 894 990 tribus
929 934 1246 1002 alienigena:
1304 947 1499 995 crcsos,
1558 931 1770 985 sublata
1826 930 2006 984 Saulis

442 1028 787 1097 ﬁliorumque
818 1026 988 1094 ipsius
1027 1025 1204 1093 capita
1241 1023 1293 1076 in
1327 1023 1557 1092 patriam
1622 1038 1779 1077 suam
1846 1024 2011 1076 mise-

441 1127 590 1180 runt,
614 1116 937 1186 corporibus
968 1115 1210 1185 ipsorum
1248 1129 1416 1185 super
1458 1129 1583 1168 arce
1619 1113 1834 1167 Bauiasi
1890 1129 2010 1165 Stis-

440 1211 640 1281 pensis.
676 1208 832 1274 Quod
876 1223 1000 1263 cum
1053 1208 1397 1262 audivissent
1462 1209 1753 1278 populares
1811 1206 2008 1275 ipsius,

438 1301 659 1367 profecti
679 1316 911 1371 corpora
933 1303 1172 1370 ipsorum
1191 1310 1409 1370 accepta
1433 1300 1643 1354 Iianiasi
1663 1300 2009 1366 sepelierunt.

435 1391 559 1446 Fuit
595 1402 778 1447 autem
815 1394 980 1447 David
1012 1394 1062 1447 in
1123 1392 1331 1455 Siltlaa,
1364 1392 1431 1447 ad
1466 1407 1626 1460 quem
1656 1406 1782 1446 cum
1819 1407 2008 1446 acceso

433 1485 595 1540 sisset
618 1486 837 1556 quidam
878 1487 1026 1541 vultu
1058 1487 1327 1554 squalido,
1359 1485 1605 1540 vestibus
1633 1484 1844 1548 scissis,
1870 1484 2010 1539 dixit

432 1581 535 1650 ipsi
583 1580 747 1633 David
780 1597 793 1633 :
834 1578 977 1646 Quid
1013 1579 1107 1633 tibi
1141 1577 1342 1633 accidit
1383 1577 1722 1631 infortunii?
1751 1578 2005 1647 liespon-

428 1674 510 1727 dit
541 1674 631 1727 ille
662 1687 676 1723 :
709 1670 939 1727 Occisus
969 1679 1049 1724 cst
1079 1670 1132 1723 in
1174 1669 1359 1740 pradio
1400 1667 1551 1733 Sattl,
1587 1684 1693 1722 una
1727 1684 1851 1723 eum
1887 1668 2011 1723 ﬁliis

433 1765 606 1833 ipsius
636 1763 967 1826 Jonatbane,
995 1760 1355 1827 Abinadamo,
1386 1758 1743 1830 157-159
1784 1768 1837 1813 et
1881 1758 2011 1812 Mel-

432 1858 615 1920 liislio,
642 1865 809 1925 atque
833 1870 935 1925 ego
955 1871 1073 1908 sunt
1100 1855 1190 1923 qui
1227 1855 1374 1922 ipsos
1408 1853 1678 1908 interfeci.
1718 1852 2011 1906 Sciderttnt
2047 1844 2085 1900 Β

429 1965 558 2016 ergo
597 1948 763 2002 David
793 1957 846 2001 et
881 1948 1108 2002 comites
1135 1948 1306 2017 ipsius
1340 1957 1518 2000 vestes
1555 1961 1704 2011 suas,
1726 1947 2012 2014 tribusque

431 2040 623 2094 diebus
652 2038 1024 2094 subsistentes
1057 2052 1251 2109 panem
1282 2052 1389 2092 non
1424 2044 1714 2107 gustarunt
1775 2051 1883 2106 pra:
1917 2036 2012 2088 tri-

432 2130 601 2192 stitia,
634 2132 705 2184 ob
735 2130 956 2186 Saulem
992 2140 1045 2184 et
1073 2133 1165 2199 qni
1201 2145 1322 2185 cum
1349 2145 1416 2183 eo
1454 2128 1579 2184 carsi
1607 2136 1762 2191 sunt,
1793 2126 2011 2181 Israeli-

434 2231 539 2276 tas.
566 2220 703 2275 Tum
737 2222 1002 2277 accersito
1023 2224 1142 2276 vim
1176 2222 1267 2293 qui
1311 2221 1565 2274 nuntium
1633 2221 1738 2289 ipsi
1804 2219 2008 2281 attulit,

422 2314 700 2371 cervicem
728 2314 994 2384 prmcidit,
1025 2314 1080 2367 in
1119 2312 1400 2383 prmmium
1432 2312 1729 2367 testimonii
1766 2312 1834 2366 de.
1866 2312 2012 2366 crede

431 2416 666 2476 patrata,
697 2404 843 2475 quod
875 2413 1068 2459 contra
1119 2420 1179 2459 se
1211 2404 1583 2474 perliibuerat.
1654 2400 1782 2456 Fuit
1830 2415 2009 2457 autem

354 2502 361 2507 ’
431 2515 658 2571 regnum
686 2499 871 2552 Saulis
924 2512 1196 2552 annorum
1228 2496 1445 2565 viginti,
1481 2497 1566 2551 cui
1596 2497 1649 2550 in
1682 2511 1848 2566 regno
1882 2510 2008 2549 sne-

430 2593 597 2648 cessit
625 2591 794 2646 David
823 2593 963 2646 ﬁlius
988 2591 1162 2646 Jesse.
1198 2589 1315 2644 lam
1347 2589 1413 2643 ad
1444 2604 1668 2659 regnum
1700 2589 1918 2644 Davidis
1946 2590 2013 2642 ab

427 2685 578 2739 exitu
613 2685 985 2740 lsraelitaruut
1033 2699 1095 2736 cx
1131 2681 1360 2752 {Egypto
1410 2682 1538 2734 anni
1595 2690 1722 2733 sunt
1769 2682 2009 2734 sexcenti

429 2796 522 2836 sex
548 2796 563 2844 ;
594 2779 664 2833 ab
724 2774 1037 2831 Abrahamo
1069 2773 1215 2829 mille
1247 2782 1467 2828 centum
1524 2782 1578 2826 et
1637 2771 1900 2826 tredecim
1929 2790 1943 2835 ;
1981 2789 2008 2824 a

430 2866 671 2925 Pltaleko
698 2866 848 2921 mille
874 2863 1118 2920 sexcenti
1170 2864 1570 2932 quinquaginta
1632 2872 1869 2931 quatuor
1900 2905 1915 2929 ,
1980 2881 2008 2916 a

429 2960 637 3015 diluvio
686 2958 775 3014 bis
808 2956 960 3012 mille
993 2956 1213 3011 centttiu
1259 2956 1544 3025 octoginta
1608 2958 1891 3024 qttittque,
1941 2958 2009 3007 ab

430 3050 641 3107 Adamo
702 3056 943 3120 quatuor
1009 3044 1157 3100 mille
1202 3044 1583 3116 quadringenti
1649 3046 2008 3115 quadraginta

414 3159 592 3199 unus.

2117 564 2390 619 interfecti
2436 575 2601 632 caput
2655 564 2931 618 sublatum
2986 566 3051 615 ad
3105 540 3358 617 Davidem
3409 540 3732 715 tulernntzj

2119 655 2286 709 David
2313 672 2440 711 vero
2477 655 2647 715 ipsos.
2685 655 2938 709 manibus
2966 654 3304 715 pedibusque
3329 663 3610 708 trum-atus
3634 669 3680 703 ac

2119 655 2286 709 David
2313 672 2440 711 vero
2477 655 2647 725 ipsos,
2685 655 2938 709 manibus
2966 654 3304 723 pedibusque
3329 663 3610 708 trum-atus
3634 669 3680 703 ac

2116 747 2435 809 decollatos,
2464 746 2789 814 suspendit;
2823 755 2877 799 at
2926 746 3283 808 lsbbosbeth,
3343 744 3527 800 Saulis
3579 730 3727 884 tibi!

2121 849 2285 884 eannt
2311 839 2365 884 in
2396 841 2650 884 sennlmn
2694 839 2892 884 Alznori
2929 838 3214 884 .senelivil-
3252 837 3423 884 Porro
3451 839 3666 884 condidi

2121 849 2286 909 caput
2311 839 2365 893 in
2396 841 2650 907 sepulcro
2691 839 2892 893 Alrneri
2929 838 3214 905 sepelivit.
3250 837 3423 892 Porro
3451 839 3666 893 condidi

2118 932 2287 985 David
2315 931 2507 986 urbem
2539 930 2711 992 Usba.
2748 946 2914 1000 quam
2946 930 3167 984 Davidis
3194 930 3472 985 civitatem
3502 930 3692 998 appel-

2116 1025 2289 1088 lavit;
2341 1032 2533 1093 estque
2569 1024 2758 1078 eadem
2798 1025 2997 1077 Silton.
3032 1023 3170 1078 Cum
3207 1032 3392 1078 autem
3441 1023 3699 1076 audirent

2115 1115 2549 1185 alienigenarum
2582 1130 2744 1185 reges
2779 1115 3037 1168 Davidem
3085 1130 3253 1185 regno
3282 1116 3514 1184 potitum
3548 1127 3696 1169 esse.

2116 1208 2428 1276 congregati
2461 1218 2592 1261 sunt
2619 1210 2685 1262 ad
2716 1207 2915 1262 bellmn
2952 1207 3053 1275 ipsi
3101 1206 3473 1268 inferendum,
3503 1215 3695 1261 contra

2117 1314 2259 1369 quos
2285 1300 2400 1368 ipse
2432 1314 2553 1354 cum
2589 1299 2832 1355 exercitu
2880 1298 3227 1370 161-163
3263 1313 3366 1353 suo
3397 1298 3695 1366 profectus.

2114 1405 2209 1444 eos
2251 1392 2626 1446 internecione
2677 1390 2918 1449 delevit:
2958 1394 3147 1459 itaque
3203 1390 3562 1457 tranquillum
3611 1389 3694 1442 fa-

2113 1491 2259 1535 ctum
2292 1493 2376 1535 est
2408 1498 2637 1551 regnum
2678 1482 2889 1550 ipsius;
2936 1482 3147 1552 fuitque
3178 1480 3485 1535 consiliarii
3523 1481 3697 1551 ipsius

2116 1590 2313 1629 nomen
2337 1573 2664 1643 Josbaphat,
2698 1574 2908 1629 Achliei
2955 1573 3121 1630 ﬁlius.
3168 1573 3342 1628 Porro
3384 1574 3532 1628 dono
3591 1575 3695 1644 ipsi

2116 1666 2266 1719 misit
2318 1664 2526 1726 lliram.
2563 1665 2671 1719 Siri
2731 1681 2846 1727 rex,
2903 1666 3048 1735 ligna
3107 1665 3334 1719 eedrina
3360 1674 3414 1716 et
3467 1662 3696 1732 abiegua

2115 1757 2315 1827 quibus
2346 1755 2565 1809 domum
2611 1756 2901 1812 aediﬁcavit
2934 1757 3125 1813 David.

2187 1847 2390 1899 Omnes
2447 1855 2629 1898 autem
2695 1845 3065 1900 Israelitarum
3139 1845 3414 1915 principes
3472 1845 3696 1899 domum

2116 1936 2414 1990 Abinadabi
2449 1935 2697 2005 profecti,
2725 1937 2994 1992 sublatam
3024 1938 3150 1992 inde
3185 1953 3392 2001 arcam,
3426 1939 3700 2006 plaustro-

2115 2044 2221 2098 que
2253 2029 2583 2097 impositam,
2610 2038 2930 2101 gestarum;
2968 2030 3111 2086 Uzza
3161 2041 3217 2086 et
3273 2032 3437 2093 Abiit,
3484 2033 3693 2084 Διιίηειν

2115 2119 2237 2173 dabi
2274 2120 2417 2183 ﬁliis,
2452 2136 2482 2176 θ
2516 2123 2749 2190 posteris
2794 2121 2989 2176 Kaltati
3029 2124 3121 2176 ﬁlii
3177 2122 3327 2186 Levi,
3389 2123 3697 2194 plaustrum

2115 2212 2428 2277 agentibus,
2449 2227 2572 2267 cum
2609 2228 2715 2268 non
2738 2215 2924 2270 liceret
2948 2216 3208 2271 Israelita:
3235 2216 3472 2283 cuipiam
3502 2227 3701 2285 printer

2119 2305 2257 2357 titios
2284 2303 2415 2357 Levi
2448 2318 2630 2357 arcam
2667 2304 2829 2360 ferre.
2861 2305 3059 2360 Arcam
3109 2316 3315 2371 autem,
3354 2310 3483 2360 dum
3523 2309 3697 2376 ipsam

2116 2396 2168 2447 in
2196 2395 2441 2465 plaustro
2474 2394 2699 2461 ferrent,
2728 2398 2972 2451 vestibus
2998 2398 3338 2466 operierunt,
3373 2398 3567 2453 relicto
3608 2401 3661 2453 iu
3683 2429 3696 2442 ι

2115 2496 2199 2542 ter
2224 2489 2395 2554 ipsam
2426 2504 2490 2542 ac
2519 2490 2781 2557 populum
2807 2491 3119 2544 cubitorum
3154 2491 3240 2546 bis
3285 2492 3519 2545 millium
3567 2507 3695 2561 spa-

2116 2581 2215 2635 tio.
2251 2579 2501 2650 Dumque
2534 2582 2704 2651 ipsam
2737 2583 2788 2636 itt
2818 2583 3062 2651 plaustro
3096 2582 3431 2637 deducerent
3467 2582 3615 2638 Uzza
3643 2594 3700 2636 et

2119 2674 2255 2726 -\liin
2297 2671 2526 2745 [factum
2555 2673 2662 2745 est]
2696 2682 2755 2727 tit
2794 2674 3104 2729 labantibus
3129 2676 3493 2743 iuvencorum
3543 2677 3699 2743 peds-

2116 2767 2237 2827 |.us,
2275 2780 2443 2833 prope
2475 2778 2621 2820 eSset
2651 2773 2710 2817 ιιι
2738 2775 3020 2818 corrueret
3050 2779 3217 2828 arca;
3254 2780 3418 2835 quam
3450 2764 3694 2821 retinens

2116 2853 2285 2921 Uzza,
2327 2863 2578 2910 mortuus
2619 2855 2875 2926 procidit.
2918 2854 3298 2910 Extimesccns
3329 2871 3460 2925 ergo
3502 2854 3698 2915 David,

2113 2963 2295 3000 aream
2326 2949 2380 3002 in
2412 2947 2724 3002 Obededom
2769 2946 2950 3001 ilittaei
2980 2946 3200 3001 domum
3239 2945 3566 3013 introduxit,
3603 2947 3696 3000 ubi

2112 3039 2288 3095 tribus
2305 3041 2588 3095 mensibus
2617 3042 2937 3107 permansit.
2964 3038 3171 3095 Deinde
3198 3039 3447 3095 eamdem
3470 3054 3502 3094 e
3528 3038 3698 3095 dom;

2058 3199 2076 3216 η
2112 3131 2440 3187 Obededomi
2476 3130 2701 3186 abduxit
2730 3131 2925 3197 David,
2960 3142 3169 3202 septem
3210 3132 3484 3197 buceinis,
3515 3132 3696 3195 tibiis,

505 3234 753 3307 Regnum
784 3241 967 3288 autem
1030 3230 1268 3286 obtinuit
1330 3228 1495 3284 David
1548 3229 1692 3284 ﬁlius
1751 3229 1904 3284 Jcs~e
1954 3232 2004 3282 in
2034 3200 2077 3256 (δ
2112 3223 2474 3293 omnibusque
2493 3223 2729 3277 musices
2753 3224 3042 3293 speciebus
3063 3225 3379 3280 canentium
3405 3225 3695 3279 ordinibus

431 3341 625 3384 omnes
648 3323 1023 3380 lsraelitarum
1059 3322 1233 3376 tribus
1268 3335 1441 3374 annos
1468 3332 1628 3374 natus
1655 3320 1898 3390 triginta,
1932 3338 2007 3374 re.-

432 3418 731 3491 gnavitque
760 3427 933 3469 annos
966 3410 1356 3482 quadraginta,
1386 3425 1601 3464 menses
1632 3424 1749 3475 sex,
1798 3422 2005 3480 septem

437 3510 655 3566 scilicet
700 3520 875 3561 annos
905 3518 1027 3557 cum
1054 3518 1148 3555 sex
1184 3500 1465 3555 mensibus
1494 3499 1754 3564 ilebroni,
1781 3501 2005 3569 triginta

432 3614 544 3657 tres
577 3597 989 3667 Hierosolymis.
1029 3592 1328 3649 Prcefectus
1358 3600 1538 3646 autem
1566 3593 1836 3646 exercitus
1870 3590 2010 3645 Sau-

433 3693 498 3748 lis
538 3698 657 3745 erat
684 3688 869 3743 Abner
897 3686 1044 3740 ﬁlius
1075 3683 1213 3748 Ner;
1246 3683 1338 3752 qui
1369 3698 1489 3736 cum
1518 3681 2003 3745 Asltacleui,Joabi

431 3786 679 3843 fratrem,
715 3778 1100 3843 interfecisset,
1132 3774 1310 3847 protei
1330 3784 1419 3829 tus
1447 3784 1638 3828 eontra
1668 3775 1847 3844 ipsum
1877 3789 1999 3828 cum

428 3875 606 3943 copiis
663 3869 822 3933 10ab,
853 3884 883 3924 e
922 3866 1220 3923 comitibus
1281 3866 1456 3933 ipsius
1497 3865 1645 3919 viros
1700 3874 2002 3918 tercentum

428 3966 709 4035 semgiuta
737 3962 860 4017 neci
895 3959 1081 4026 dedit;
1115 3957 1315 4012 dc‘nde
1349 3956 1570 4011 fratrem
1597 3972 1757 4009 suum
1779 3956 2003 4010 ,Λαιαν-

431 4062 533 4115 lem
564 4053 898 4111 Bt-tltlehetni
927 4050 1162 4123 sepeliit.
1181 4048 1349 4104 Porro
1376 4064 1497 4103 cum
1524 4048 1841 4102 interfectus
1863 4058 2007 4103 esset

429 4149 577 4207 Sat-.1.
632 4145 810 4198 Abner
842 4150 1124 4211 acceptum
1187 4139 1533 4207 lsblmslieth,
1572 4138 1753 4193 Saulis
1810 4141 2003 4202 lilium,

431 4256 611 4311 regem
653 4238 709 4293 in
760 4237 949 4292 Gilead
1009 4249 1172 4306 super
1218 4234 1496 4305 Epitraim,
1551 4243 1607 4287 et
1636 4233 1796 4304 160
1842 4248 2005 4302 super

433 4331 704 4387 Israelitas
745 4328 1074 4393 constituit;
1112 4326 1323 4396 fuitque
1364 4324 1689 4380 lsltboslteth
1732 4338 2003 4378 annorum

430 4423 787 4497 quadraginta
811 4436 919 4492 quo
947 4430 1191 4490 tempore
1222 4435 1313 4473 rex
1338 4418 1667 4473 constitutus
1696 4426 1801 4471 est.
1835 4414 2003 4469 Multa

431 4528 611 4571 autem
655 4516 796 4570 inter
821 4511 1120 4568 exercitum
1157 4510 1247 4564 ﬁlii
1287 4510 1490 4574 Saulis,
1512 4519 1675 4577 atque
1698 4506 1998 4561 exercitum

433 4607 652 4663 Davidis
687 4605 1006 4661 acciderunt
1070 4602 1278 4674 przelia,
1333 4602 1573 4671 czcsique
1637 4608 1765 4653 sunt
1821 4599 2000 4652 multi.

433 4699 557 4755 Fuit
611 4709 793 4753 autem
859 4696 1014 4751 Sauli
1084 4695 1392 4749 concubina
1463 4694 1686 4746 nomine
1734 4690 2001 4760 Risplialt,

431 4806 597 4862 quam
686 4805 809 4843 cum
877 4787 1150 4855 acciperet
1210 4786 1414 4847 Alner,
1462 4782 1750 4853 .proltibuit
1818 4782 1995 4850 ipsum

432 4880 753 4934 isitb0>ltelh
785 4877 970 4931 Saulis
1004 4875 1188 4941 ﬁlius;
1220 4874 1576 4943 quamobrem
1612 4871 1785 4925 iratus
1821 4870 2003 4922 Aliner

431 4973 500 5027 ad
559 4970 843 5034 Davidem,
886 4969 1009 5038 ejus
1068 4968 1190 5021 ﬁdei
1230 4984 1288 5021 se
1340 4967 1707 5031 committens,
1762 4964 2000 5027 transiit,

429 5077 592 5134 quem
616 5069 766 5118 veste
798 5059 1048 5115 indutum
1080 5057 1246 5112 David
1283 5057 1450 5112 libere
1476 5056 1713 5111 demisit.
1745 5056 1813 5109 At
1840 5053 2000 5117 Joab,

431 5153 634 5209 Serviae
690 5152 856 5218 ﬁlius,
898 5152 1177 5208 exercitus
1238 5149 1457 5204 Davidis
1510 5148 1819 5219 praifectus,
1876 5162 2001 5216 pre-

428 5246 600 5305 benso
629 5245 849 5299 Abnero
874 5252 1037 5313 caput
1069 5241 1293 5297 abstulit
1325 5249 1547 5311 propter
1579 5239 1864 5294 Ashaelem
1897 5237 2002 5290 fra-

427 5346 565 5393 trem
596 5353 779 5393 Sttttztt.
814 5335 989 5403 Quam
1036 5334 1107 5389 ob
1151 5349 1373 5388 causam
1404 5335 1578 5387 iratus
1628 5330 1794 5386 David
1823 5339 1997 5385 totum

423 5431 752 5492 exercitum,
794 5428 1041 5484 veStibus
1083 5425 1296 5489 scissis,
1346 5426 1650 5490 Abnerutn,
1704 5438 1864 5493 quem
1898 5421 2004 5477 lle-

428 5520 584 5573 broni
612 5517 850 5587 sepeliit,
881 5514 1285 5583 tleﬁcrcjussit.
1315 5514 1482 5567 l‘orro
1505 5512 2003 5567 fuerunteducibus

425 5613 609 5667 Saulis
659 5610 857 5666 fratres
894 5611 1025 5675 duo,
1060 5622 1296 5680 quorum
1350 5608 1441 5662 ttni
1496 5622 1693 5661 nomen
1759 5605 2000 5668 Rechab,

427 5703 583 5757 alteri
611 5701 812 5766 Baana,
842 5720 871 5758 e
904 5703 1182 5765 Rimnton,
1225 5698 1562 5770 Beujamitat,
1588 5701 1680 5770 qui
1716 5700 2002 5753 interfecto

429 5795 535 5863 iam
563 5794 779 5848 Almcro
804 5802 966 5847 noctu
994 5793 1057 5845 ad
1094 5793 1435 5859 lsliliosltetb,
1471 5791 1651 5848 Saulis
1696 5792 1890 5854 ﬁlium,
1912 5806 2000 5846 ac-

2111 3316 2345 3369 cinctam
2371 3332 2390 3379 ;
2421 3316 2538 3385 ipse
2568 3316 2759 3382 David,
2805 3316 3053 3373 vestibus
3080 3316 3572 3375 diversicolorilius
3606 3318 3693 3371 in-

2108 3409 2295 3468 dutus.
2332 3424 2519 3464 coram
2558 3424 2687 3464 arca
2721 3411 2959 3466 saltabat
2991 3421 3044 3465 et
3082 3410 3438 3481 tripudiabat.
3487 3411 3687 3464 Arcam

2109 3515 2238 3569 ergo
2268 3502 2321 3555 in
2367 3500 2602 3555 medium
2640 3503 2979 3556 tabernaculi
3010 3502 3161 3573 quod
3201 3504 3395 3557 ﬁxerat
3427 3502 3592 3557 David
3634 3502 3692 3555 in

2112 3593 2284 3648 Sinon
2335 3595 2778 3657 introduxerunt,
2844 3596 3164 3651 immolante
3197 3595 3400 3652 Davide
3438 3611 3689 3666 magnam

2105 3685 2471 3751 iuvencorum
2514 3693 2681 3755 atque
2739 3687 2977 3740 arietum
3031 3686 3267 3756 copiam.
3329 3688 3456 3741 lirat
3504 3695 3688 3740 autem

2107 3791 2234 3829 arca
2266 3791 2295 3829 e
2329 3777 2486 3845 lignis
2514 3776 2773 3841 cedrinis,
2808 3776 2968 3850 164
2993 3778 3355 3848 longitudine,
3403 3778 3691 3832 iatitndiue

2108 3878 2155 3920 et
2199 3870 2565 3923 crassitudine
2589 3872 3057 3939 sesquicubitalis,
3085 3886 3222 3926 auro
3241 3882 3518 3938 cooperta.
3548 3871 3690 3925 Tum

2107 3973 2328 4027 egresso
2355 3968 2545 4013 contra
2575 3960 2833 4014 Davidem
2871 3962 2937 4014 al
2975 3963 3175 4016 bellum
3207 3962 3309 4032 ipsi
3338 3961 3453 4016 infe
3485 3962 3690 4016 endum

2111 4064 2235 4115 rege
2268 4047 2426 4104 Subze
2460 4052 2680 4106 nomine
2721 4053 2908 4106 "adad
2946 4052 3101 4118 Ezer,
3148 4053 3353 4106 ltelioln
3389 4055 3518 4115 ﬁlio,
3563 4068 3692 4122 pro-

2112 4140 2289 4194 fectus
2320 4140 2422 4210 ipsi
2460 4141 2513 4196 in
2544 4156 2837 4198 occursum
2879 4145 3044 4200 Dutid
3083 4155 3133 4200 et
3163 4146 3390 4200 victoria
3424 4148 3475 4200 in
3507 4147 3686 4216 ipsum

2110 4229 2336 4299 petitus,
2359 4246 2389 4284 e
2411 4232 2707 4289 comitibus
2748 4234 2868 4304 ejus
2911 4237 3129 4305 equites
3160 4237 3557 4307 septingentos,
3594 4251 3692 4304 pe-

2109 4321 2254 4376 dites
2286 4323 2453 4377 vicies
2495 4326 2644 4379 mille
2686 4326 2984 4381 interfecit.
3021 4326 3164 4394 Quin
3199 4338 3251 4381 et
3300 4328 3546 4399 proferto
3582 4327 3689 4380 Su-

2111 4428 2235 4467 raso
2266 4430 2390 4483 rege
2434 4415 2682 4472 Damasci
2726 4419 2791 4470 ad
2829 4419 3093 4473 auxilium
3157 4418 3340 4473 lladad
3396 4417 3565 4472 Ezt-ro
3612 4418 3689 4470 fe-

2112 4509 2364 4573 retnlum,
2399 4511 2674 4564 interfecit
2713 4510 2879 4565 David
2916 4528 2945 4567 e
2977 4513 3271 4567 eumitibus
3295 4513 3470 4582 ipsius
3494 4512 3688 4584 viginti

2111 4598 2217 4651 duo
2253 4600 2457 4664 millia;
2495 4600 2785 4670 factusque
2815 4612 2900 4656 est
2927 4602 3098 4657 Suras
3148 4604 3399 4658 Damasci
3455 4620 3549 4659 rex
3581 4604 3687 4657 Da-

2108 4690 2214 4743 vidi
2246 4691 2419 4746 inatar
2441 4693 2618 4757 servi;
2655 4696 3046 4764 transtulitque
3097 4695 3265 4748 David
3312 4695 3686 4767 Hierosolyma

2105 4796 2317 4856 omnes,
2350 4798 2472 4851 qua:
2495 4784 2788 4839 comitibus
2831 4785 3164 4841 Hadadczeri
3224 4787 3465 4848 fuerunt,
3516 4804 3688 4841 zonas

2105 4890 2324 4934 aureas.
2354 4883 2517 4944 atque
2548 4888 2855 4946 argenteas,
2905 4894 3027 4931 cum
3053 4881 3390 4934 ornamentis
3424 4896 3685 4950 perquam

2108 4966 2317 5024 multis.
2351 4981 2471 5033 quae
2518 4968 2744 5020 abstulit
2800 4967 2960 5021 Sisak
3016 4969 3232 5041 IEgypti
3291 4986 3407 5033 tex,
3463 4971 3687 5039 quando

2106 5053 2480 5128 Hierosolyma
2541 5060 2713 5118 venit,
2754 5072 3014 5129 regnante
3046 5060 3399 5118 Rbcoitoamo
3433 5061 3684 5119 Salomo-

2108 5146 2193 5200 nis
2227 5147 2355 5202 ﬁlio.
2412 5150 2607 5204 Attulit
2630 5151 2793 5205 etiam
2828 5153 2993 5206 David
3034 5170 3063 5207 e
3088 5154 3275 5223 proelio
3307 5155 3685 5225 Hierosolyma

2108 5254 2356 5307 magnam
2402 5243 2527 5297 teris
2553 5243 2789 5311 copiam,
2824 5260 2853 5299 e
2883 5260 2991 5314 quo
3035 5246 3272 5300 confecit
3305 5244 3564 5301 Salomon
3588 5261 3686 5300 eo-

2107 5331 2343 5393 lumnas,
2378 5330 2537 5386 bases
2567 5343 2619 5386 et
2677 5342 2894 5401 portas,
2942 5350 3052 5402 quo
3112 5344 3360 5403 tempore
3417 5336 3683 5405 templum

2105 5424 2394 5477 exstruxit.
2434 5425 2559 5477 I‘ust
2592 5426 2701 5478 Iuer
2745 5424 2908 5477 David
2944 5426 3229 5479 mulivretn
3281 5428 3501 5482 nomine
3556 5426 3684 5482 Ber-

2106 5514 2315 5575 Strbam,
2346 5513 2496 5566 Elialt
2524 5516 2711 5574 ﬁliam,
2768 5514 2911 5570 Utiil‘.
2946 5533 3199 5580 uxorem,
3262 5518 3518 5571 feminam
3562 5516 3684 5587 pul-

2105 5606 2292 5659 cltram
2322 5614 2374 5659 ct
2400 5605 2722 5669 formosam,
2751 5618 3098 5676 conspectam
3151 5610 3404 5677 deperiit,
3446 5621 3684 5676 cumque

2105 5698 2294 5751 eadem
2327 5700 2595 5753 accersita
2633 5714 2743 5753 rem
2781 5700 2990 5763 habuit,
3029 5702 3166 5753 adeo
3187 5713 3243 5754 nt
3277 5718 3340 5755 ex
3369 5719 3434 5755 eo
3459 5701 3680 5770 gravida

2109 5790 2283 5855 ﬁeret,
2337 5790 2533 5846 marito
2579 5793 2699 5858 eius
2738 5790 2886 5856 Uria,
2920 5808 3040 5846 cum
3074 5792 3242 5847 .loalio
3274 5796 3325 5848 in
3366 5770 3503 5849 bello
3548 5809 3681 5847 cou—
