4076 6388
399 361 507 427 945

1833 365 2206 428 ANNALES.

3559 338 3662 416 946

400 485 485 529 tra
506 474 849 548 alienigenas
878 484 1012 534 tunc
1043 473 1294 536 abse’nte.
1333 479 1469 533 Cum
1500 492 1633 549 ergo
1682 492 1800 533 eam
1827 495 1890 533 ex
1921 494 1982 534 se
2016 493 2056 549 Α
2089 478 2469 550 Hierosolyma
2503 489 2756 530 reversus
2788 479 2890 529 est.
2935 469 3289 546 169-171
3327 467 3452 523 Fuit
3481 476 3662 521 autem

402 567 726 639 concepisse
793 581 1000 637 nosset,
1054 572 1271 637 Uriam,
1321 573 1506 628 missis
1567 573 1662 642 qui
1714 570 1866 624 illum
1919 570 1982 624 ad

406 659 587 728 ipsum
641 660 1001 728 adducerem,
1053 679 1114 719 ea
1183 677 1343 720 nocte
1386 665 1532 721 domi
1580 681 1691 722 sua:
1743 665 1986 720 dormire

398 751 606 822 jussit;
647 752 773 810 Uria
812 764 992 811 autem
1045 772 1111 812 ea
1166 767 1329 814 nocte
1386 758 1609 813 domum
1668 773 1819 812 suam
1873 772 1977 812 non

401 848 704 912 concessit,
737 863 925 904 verum
961 865 1086 905 cum
1139 849 1497 923 165-167
1542 848 1875 920 janitoribus
1924 850 1975 902 in

400 940 604 1011 palatio
629 940 916 998 dormivit.
958 942 1115 999 Mane
1142 960 1272 1014 ergo
1301 944 1368 998 ad
1396 944 1697 999 exercitum
1742 959 1865 999 eum
1900 960 1983 999 rc-

401 1030 556 1087 tuisit
582 1029 774 1096 David,
808 1032 989 1103 ipsum
1024 1034 1169 1089 domi
1227 1051 1341 1090 sua!
1393 1036 1758 1090 obdormiisse
1789 1044 1979 1099 ratus;

400 1123 547 1193 quod
583 1139 651 1180 eo
687 1125 795 1180 ﬁne
825 1126 1006 1182 facere
1042 1128 1219 1197 ipsum
1258 1129 1430 1183 voluit
1460 1127 1625 1182 David
1661 1139 1716 1183 ttt
1756 1128 1826 1182 ita
1858 1144 1979 1181 cunt

400 1230 575 1272 uxore
595 1231 697 1271 sua
731 1218 1162 1283 concumberet;
1200 1234 1332 1288 quo,
1383 1235 1505 1274 cum
1564 1221 1783 1291 gravida
1839 1220 1980 1275 facta

395 1317 572 1376 esset,
603 1308 738 1363 nihil
773 1309 1002 1365 haberet
1031 1311 1191 1381 cujus
1225 1312 1401 1381 ipsum
1426 1312 1729 1369 incusaret.
1761 1314 1829 1368 At
1857 1330 1979 1369 cum

393 1399 545 1454 domi
571 1414 686 1454 sua
709 1414 816 1454 non
849 1399 1222 1464 dormivisset,
1257 1401 1483 1471 scripsit
1516 1401 1582 1456 ad
1609 1400 1843 1458 Joabum
1880 1403 1982 1459 Da-

399 1489 491 1544 vid
541 1497 602 1544 ut
635 1487 827 1544 Uriam
886 1497 1023 1544 ante
1078 1504 1264 1544 arcam
1322 1491 1378 1543 in
1437 1488 1622 1560 praelio
1666 1490 1977 1546 collocaret.

396 1578 555 1646 Quod
586 1592 713 1634 cum
736 1578 980 1645 fecisset,
1011 1578 1337 1635 interfectus
1355 1587 1440 1636 est
1469 1578 1596 1635 Uria
1635 1595 1820 1636 coram
1853 1596 1978 1636 arca

400 1671 457 1726 in
488 1671 705 1742 praelio.

469 1760 728 1832 [lloergo
755 1762 962 1829 occiso,
994 1761 1149 1817 duxit
1176 1760 1343 1817 David
1376 1761 1499 1829 ejus
1529 1763 1816 1836 coniugem
1851 1763 1981 1818 Bar-

2087 570 2443 636 Absltalomo,
2474 568 2695 623 Davidis
2734 567 2867 629 ﬁlio,
2924 565 3180 622 caesaries
3212 562 3435 632 copiosa
3469 560 3664 615 admu-

2086 663 2243 726 dum,
2277 662 2413 716 adeo
2442 669 2504 715 ut
2552 660 2771 731 quoties
2805 657 3129 730 capillitium
3162 670 3324 711 suum
3360 668 3388 707 a
3419 663 3665 721 tempore

2087 753 2155 808 ad
2196 761 2420 825 tempus
2452 754 2787 818 retunderet,
2832 750 3002 807 siclos
3053 749 3326 802 ducentos
3379 744 3661 812 penderet.

2086 844 2260 901 Porro
2281 845 2682 916 prophetarunt
2707 855 2955 914 tempore
2979 840 3222 903 Davidis.
3250 838 3491 898 Nathan,
3524 833 3662 899 Gad,

2085 937 2256 990 Achia
2288 935 2586 1001 Shilonita,
2619 936 2826 1002 Asaplt,
2860 933 3093 987 Haiman
3128 939 3184 987 et
3216 928 3526 985 Yadutltun
3560 926 3663 982 Lc-

2083 1030 2220 1096 vita,
2261 1038 2316 1085 et
2345 1029 2486 1086 Joab
2522 1031 2748 1095 Sen-iac,
2782 1031 2989 1082 sororis
3016 1027 3239 1081 Daviilis
3274 1026 3436 1086 ﬁlius.
3489 1022 3581 1092 qui
3612 1031 3666 1076 et

2085 1121 2260 1190 ipsius
2291 1123 2535 1177 vicarius
2569 1122 2690 1175 fuit.

2155 1216 2531 1269 Numerarunt
2556 1224 2739 1269 autem
2774 1214 2938 1267 David
2974 1224 3023 1267 et
3061 1213 3302 1265 vicarius
3334 1209 3507 1279 ipsius
3528 1205 3668 1260 Joab

2083 1303 2458 1359 lsraelitarum
2522 1305 2722 1361 tribus.
2758 1304 3034 1360 Numerus
3066 1312 3251 1358 autem
3288 1300 3663 1356 Israelitarum

2082 1410 2242 1464 quem
2275 1406 2651 1466 supputarunt
2685 1396 2851 1452 David
2883 1406 2935 1452 et
2967 1396 3132 1457 Joab,
3160 1402 3280 1449 erat
3333 1390 3666 1460 quadragies

2085 1489 2289 1546 millies
2342 1491 2491 1544 mille
2531 1499 2585 1546 et
2639 1500 2859 1547 centum
2915 1491 3084 1544 mille.
3150 1489 3262 1560 [At
3304 1487 3459 1557 juxta
3516 1484 3664 1536 aliud

2083 1582 2390 1652 exemplar,
2424 1591 2620 1653 quater
2675 1584 2876 1637 millies
2915 1582 3062 1636 mille
3104 1590 3159 1633 et
3192 1588 3416 1634 centum
3450 1573 3665 1645 mille]

2082 1673 2323 1740 Quorum
2357 1689 2388 1729 e
2421 1674 2548 1732 ﬁliis
2595 1672 2747 1729 Iudae
2797 1675 3200 1744 quadringenta
3232 1686 3285 1728 et
3317 1670 3668 1741 septuaginta

2084 1765 2273 1831 millia,
2312 1764 2638 1835 Benjamitaa
2671 1773 2857 1821 autem
2910 1775 2963 1820 ct
3014 1765 3227 1821 Levitae
3261 1779 3368 1818 non
3402 1776 3668 1817 numera-

398 1854 656 1920 shebam,
687 1870 810 1925 qua:
848 1854 1020 1909 ﬁlium
1078 1855 1182 1926 ipsi
1216 1855 1450 1926 peperit.
1513 1855 1746 1912 Veniens
1800 1865 1978 1911 autem
2013 1864 2057 1922 Β
2088 1854 2308 1909 bantur.
2376 1852 2652 1909 Numerus
2721 1863 2903 1910 autem
2977 1854 3419 1924 reicetaneorum
3493 1850 3587 1922 qui
3636 1865 3668 1905 e

400 1945 473 2002 ad
506 1947 686 2018 ipsum
715 1945 935 2002 Natban
962 1949 1252 2019 propheta.
1287 1950 1468 2006 dixit:
1528 1949 1646 2006 Duo
1690 1962 1849 2008 erant
1881 1952 1980 2006 tiri

402 2042 461 2096 in
515 2040 672 2106 urbe,
725 2057 960 2113 quorum
1020 2058 1164 2099 unus
1223 2042 1403 2110 dives,
1462 2045 1552 2099 cui
1609 2044 1877 2115 pecudum
1929 2053 1983 2100 et

401 2132 567 2188 boum
607 2147 803 2202 magna
863 2142 983 2189 erat
1034 2135 1242 2205 copia;
1281 2135 1420 2189 alter
1456 2150 1585 2190 vero
1614 2150 1846 2205 pauper,
1893 2136 1981 2190 cui

404 2234 605 2294 prater
630 2238 790 2280 ovem
828 2240 994 2280 unam
1022 2240 1134 2280 non
1168 2236 1311 2284 erat.
1340 2227 1498 2296 cujus
1535 2229 1617 2281 lac
1649 2243 1714 2282 ac
1750 2228 1870 2282 lana
1907 2228 1983 2280 vi-

402 2323 553 2373 ctum
589 2316 691 2386 ipsi
742 2316 1101 2387 praebebant;
1154 2316 1487 2374 adveniente
1522 2328 1705 2373 autem
1744 2319 1810 2374 ad
1844 2319 1982 2375 divi-

404 2417 513 2464 tem
546 2410 764 2478 bospite
796 2408 1063 2479 quodam,
1116 2412 1211 2467 ille
1248 2413 1518 2483 prehensa
1574 2413 1833 2482 pauperis
1882 2429 1984 2469 ove

404 2516 525 2556 eam
556 2501 864 2571 jugulatam
896 2503 1097 2574 hospiti
1138 2518 1242 2560 suo
1279 2505 1561 2576 apposuit.
1601 2505 1747 2561 Dixit
1773 2507 1980 2563 David:

404 2593 651 2650 Pessime
707 2594 858 2661 fecit,
914 2596 1283 2667 quadruplum
1343 2599 1418 2652 illi
1482 2615 1580 2669 pro
1635 2616 1737 2655 ove
1769 2601 1983 2657 reddet.

402 2683 699 2754 lucrepans
726 2689 1087 2758 ergo~ipsum
1120 2686 1337 2742 Nathan
1377 2690 1644 2758 propheta
1673 2707 1686 2742 :
1739 2688 1820 2744 Tu
1854 2690 1982 2758 (in-

401 2778 562 2848 quit)
592 2793 652 2832 es
690 2781 774 2833 vir
805 2779 920 2836 ille.
960 2779 1175 2837 Scissis
1203 2796 1336 2849 ergo
1371 2782 1560 2836 statim
1596 2783 1840 2837 restibus
1868 2783 1983 2838 suis

401 2884 467 2924 ac
496 2869 676 2925 cilicio
707 2872 956 2938 indutus,
985 2882 1192 2942 septem
1216 2873 1410 2929 diebtts
1440 2873 1554 2943 jeju
1575 2875 1725 2928 navit
1748 2913 1764 2938 ,
1798 2874 1982 2928 Domi-

403 2977 537 3016 num
568 2979 733 3018 suum
769 2979 969 3033 rogans
999 2975 1059 3020 ut
1108 2980 1339 3035 puerum
1393 2976 1570 3021 morte
1619 2966 1890 3029 afﬁceret;
1931 2974 1984 3019 at

401 3055 490 3111 die
508 3057 740 3126 septimo
759 3065 1009 3112 mortuus
1029 3066 1112 3112 est
1134 3072 1285 3126 puer.
1305 3056 1435 3111 Post
1465 3059 1579 3112 haec
1610 3073 1803 3113 rursus
1832 3074 1860 3113 e
1883 3057 1987 3112 Da-

407 3147 531 3204 vide
567 3150 846 3218 gravidata
895 3149 1037 3204 Uria;
1082 3164 1239 3216 uxor,
1260 3147 1608 3205 Salomonem
1632 3149 1733 3220 ipsi
1755 3151 1977 3220 peperit.

2086 1946 2262 2017 stirpe
2289 1946 2483 2002 Jacobi
2515 1962 2623 2002 non
2658 1955 2841 2012 erant,
2886 1946 3034 2002 mille
3070 1948 3192 2000 fuit.
3229 1945 3378 1999 Dixit
3402 1960 3534 2014 ergo
3562 1943 3668 1996 Du-

2090 2038 2277 2092 tnitttts
2313 2037 2468 2093 Gado
2503 2039 2784 2110 propheta:
2816 2057 2830 2092 :
2873 2038 3133 2107 Displicet.
3198 2039 3329 2092 mihi
3384 2038 3531 2107 quod
3569 2036 3672 2088 Da-

2086 2128 2176 2185 vid
2230 2127 2514 2186 lsraelitas
2592 2131 3001 2197 numeraverit;
3078 2130 3364 2201 profectus
3410 2145 3543 2199 ergo
3604 2129 3670 2181 ad

2089 2221 2268 2286 ipsum
2299 2221 2497 2287 iubeas
2550 2224 2728 2292 ipsum
2765 2239 2936 2278 unum
2974 2240 3004 2277 e
3033 2226 3213 2279 tribus
3267 2223 3391 2278 istis
3443 2222 3670 2292 eligere,

2087 2318 2170 2366 Vel
2206 2325 2263 2368 ttt
2294 2317 2366 2369 sit
2397 2332 2492 2385 per
2531 2325 2700 2370 totum
2737 2318 2911 2387 ipsius
2968 2332 3193 2387 regnum
3247 2325 3455 2387 Septem
3496 2331 3672 2369 anuo-

2090 2422 2209 2459 rum
2248 2405 2587 2479 fames;_vel
2628 2417 2710 2472 ttt,
2769 2410 3191 2478 praevalentibus
3226 2409 3330 2480 ipsi
3389 2409 3691 2485 hostibus,-

2090 2498 2267 2552 tribus
2296 2498 2579 2555 mensibus
2608 2500 2903 2565 vincatur;
2946 2501 3029 2556 vel
3068 2512 3148 2564 ut,
3211 2501 3276 2555 ad
3335 2500 3577 2556 triduum
3611 2502 3663 2554 in

2091 2591 2354 2645 universo
2384 2592 2558 2660 ipsius
2611 2609 2781 2664 regno
2833 2604 3118 2666 grassetur
3170 2595 3361 2665 pestis.
3418 2594 3668 2666 Eligente

2084 2695 2218 2751 ergo
2255 2680 2461 2738 Davide
2509 2693 2745 2754 pestem,
2777 2686 2985 2740 mortui
3014 2696 3147 2741 sunt
3189 2686 3258 2741 ad
3315 2696 3524 2741 sextam
3558 2685 3667 2739 diei

2088 2774 2278 2827 horam
2313 2777 2626 2846 septuagies
2660 2778 2833 2833 mille.
2866 2778 3047 2843 Quare
3078 2793 3237 2848 opem
3270 2793 3297 2832 a
3326 2777 3481 2833 Gado
3511 2776 3668 2848 petiit

2088 2864 2281 2927 David,
2319 2869 2411 2938 qui
2447 2885 2573 2924 cum
2603 2871 2766 2925 simul
2801 2870 2866 2925 ad
2903 2870 3071 2925 Deum
3122 2886 3317 2940 preces
3367 2870 3666 2929 fudissent.

2088 2956 2349 3014 misertus
2390 2960 2506 3028 ipse
2540 2978 2766 3027 eorum,
2803 2974 3008 3032 pestem
3046 2965 3204 3034 1'72
3237 2964 3486 3020 abstulit.
3525 2963 3670 3020 Fue-

2088 3059 2219 3105 runt
2270 3062 2451 3108 autem
2502 3066 2746 3124 tempore
2815 3057 3036 3113 Davidis
3092 3059 3411 3114 sacerdotes
3465 3061 3668 3114 summi

2088 3143 2377 3207 Abiatbar,
2422 3147 2729 3202 Abimalehi
2794 3150 2962 3214 ﬁlius,
3003 3150 3082 3205 Eli
3134 3151 3439 3207 sacerdotis
3492 3151 3670 3205 aliinis

403 3240 650 3295 Fuerunt
674 3249 855 3295 autem
881 3240 1069 3297 Davidi
1095 3242 1253 3296 liberi
1284 3243 1474 3312 viginti
1494 3251 1750 3310 quatuor.
1776 3243 1977 3321 Deinde
2008 3233 2051 3290 (Ξ
2084 3243 2140 3289 et
2171 3236 2371 3290 Sadok.
2421 3237 2558 3293 Cum
2629 3250 2812 3295 autem
2864 3241 2976 3307 jam
3030 3245 3420 3300 consenuisset
3474 3245 3664 3306 David.

401 3333 616 3388 Amnon
659 3331 881 3387 Davidis
921 3332 1090 3397 ﬁlius,
1113 3333 1416 3388 liberorum
1444 3334 1613 3402 ipsius
1635 3342 1764 3386 natu
1801 3333 1979 3387 maxi-

402 3440 546 3491 mus,
596 3425 763 3495 168
817 3441 1065 3481 sororem
1121 3441 1279 3481 suam
1330 3441 1395 3482 ex
1432 3436 1591 3497 parte
1640 3428 1833 3496 patris,
1891 3426 1980 3480 cui

403 3532 597 3572 nomen
624 3517 885 3583 Thamar,
938 3527 1289 3588 conspectam
1339 3520 1650 3589 depcrieus,
1706 3535 1828 3575 cum
1865 3519 1981 3587 ipsa

402 3622 730 3678 congressus
758 3620 880 3676 est;
909 3625 1071 3680 quam
1102 3611 1173 3666 ob
1192 3626 1309 3666 rem
1334 3612 1505 3666 iratus
1534 3610 1700 3665 frater
1723 3612 1843 3678 ejus
1864 3620 1986 3665 utc-

403 3701 574 3765 rinus,
615 3702 703 3755 cui
738 3717 931 3757 nomen
970 3702 1378 3766 Abishalomus,
1412 3701 1630 3756 Davitlis
1666 3702 1832 3767 ﬁlius,
1873 3701 1982 3757 fra-

404 3800 541 3846 trem
574 3809 735 3847 suum
764 3794 980 3848 Amnon
1013 3793 1324 3859 interfecit;
1352 3793 1552 3849 deinde
1575 3795 1639 3849 ad
1668 3794 1979 3859 Tltalmani,

400 3882 621 3937 Amiudi
665 3882 860 3946 ﬁlium,
891 3881 1120 3937 Gesburi
1155 3900 1336 3954 regem
1368 3884 1526 3954 fugit,
1564 3885 1651 3936 ubi
1690 3900 1813 3938 cum
1847 3899 1985 3939 con-

402 3976 609 4045 gregali
639 3987 823 4051 essent
854 3977 921 4030 ad
955 3977 1134 4046 ipsum
1166 3993 1233 4030 ex
1280 3976 1549 4032 lsraclitis
1586 3977 1687 4030 viri
1725 3978 1974 4038 ducenti,

406 4076 599 4122 contra
632 4076 843 4136 patrem
876 4084 1036 4124 suum
1071 4068 1315 4132 rebellis,
1353 4068 1636 4139 profectus
1666 4068 1979 4124 Hebroncm

401 4160 715 4230 occupavit.
782 4160 982 4214 Audito
1030 4175 1164 4231 ergo
1216 4161 1397 4231 ipsum
1453 4161 1762 4216 liebronem
1817 4178 1983 4216 occu-

403 4266 586 4323 passe.
639 4260 896 4308 metuens
949 4254 1019 4307 ab
1076 4255 1197 4323 ipso
1254 4252 1445 4319 David,
1483 4253 1553 4307 ab
1588 4253 1978 4325 Hierosolymis

406 4343 541 4399 urbe
588 4343 804 4398 deserta
840 4342 1020 4415 fugit;
1073 4359 1184 4414 quo
1217 4344 1545 4413 perveniens
1606 4345 1750 4400 ﬁlius
1784 4345 1981 4414 ipsius,

405 4435 709 4504 urbemque
745 4438 1054 4506 ingressus,
1108 4437 1397 4506 prehensis
1430 4438 1603 4506 patris
1657 4436 1742 4491 sui
1775 4452 1981 4492 concu-

2092 3327 2374 3384 Salomoni
2411 3331 2522 3386 filio
2555 3348 2657 3389 suo
2692 3337 3040 3404 prtccipiens,
3103 3338 3374 3408 quidquid
3410 3339 3464 3394 in
3497 3354 3669 3410 regno

2089 3432 2192 3473 suo
2224 3419 2418 3477 habuit
2450 3438 2615 3491 opum
2646 3442 3010 3494 gemmarum,
3041 3430 3160 3482 auri
3217 3439 3273 3485 et
3319 3432 3533 3498 argenti
3564 3432 3666 3502 ipsi

2089 3511 2334 3567 tradidit.
2368 3513 2621 3569 Mortuus
2655 3529 2739 3573 est
2772 3533 2905 3589 ergo
2941 3520 3113 3577 David
3171 3525 3460 3593 propheta,
3492 3540 3669 3580 annos

2088 3613 2254 3659 natus
2288 3608 2668 3678 septuaginta,
2701 3625 2937 3680 quorum
2996 3614 3361 3685 quadraginta
3395 3619 3665 3688 regnavit.

2087 3692 2220 3749 Post
2254 3696 2432 3766 ipsum
2468 3715 2697 3770 regnum
2751 3703 2994 3758 obtinuit
3027 3705 3172 3762 ﬁlius
3207 3706 3379 3776 ipsius
3404 3707 3664 3765 Salomon

2088 3802 2267 3841 annos
2305 3799 2466 3845 natus
2518 3791 2832 3858 duodecim,
2885 3799 3243 3868 regnavitque
3288 3808 3410 3869 post
3456 3809 3665 3867 patrem

2090 3895 2254 3934 suum
2307 3895 2483 3938 annos
2532 3886 2944 3955 quadraginta:
3000 3902 3030 3942 a
3063 3905 3172 3959 quo
3221 3898 3473 3947 metuens
3505 3891 3665 3955 Joab,

2091 3970 2312 4030 Davidis
2366 3975 2632 4041 vicarius,
2692 3979 2745 4032 in
2801 3981 3061 4050 templum
3119 3983 3337 4039 Domini
3396 3986 3666 4057 confugit.

2087 4063 2234 4120 Misit
2284 4081 2416 4137 ergo
2467 4067 2730 4123 Salomon
2783 4070 3082 4143 Benayam,
3134 4072 3418 4130 Jcltoiadai
3469 4076 3662 4141 ﬁlium,

2086 4158 2178 4228 qui
2214 4158 2392 4229 ipsum
2445 4160 2631 4231 gladio
2668 4162 2949 4219 interfecit
2983 4174 3039 4222 et
3074 4167 3128 4220 in
3163 4168 3380 4224 deserto
3429 4172 3666 4240 sepeliit.

2085 4249 2600 4321 (Ionlirmatuutque
2645 4263 2732 4309 est
2790 4270 3019 4328 regnum
3074 4260 3386 4317 Salomonis
3442 4262 3582 4319 adeo
3612 4279 3672 4317 ut

2089 4344 2345 4398 timerent
2381 4343 2560 4414 ipsum
2614 4361 2809 4405 omnes
2839 4349 2934 4419 qui
2968 4351 3115 4406 circa
3148 4353 3327 4423 ipsum
3360 4365 3547 4413 essent
3581 4374 3665 4413 rc-

2086 4450 2203 4501 ges,
2240 4437 2542 4507 missisque
2574 4441 2640 4494 ad
2671 4456 2797 4496 eum
2830 4444 3158 4501 muneribus
3185 4462 3309 4501 cum
3341 4449 3462 4517 ipso
3493 4447 3672 4506 foedus

405 4527 552 4583 binis
581 4543 704 4582 cum
738 4529 1041 4598 ipsisquod
1080 4537 1238 4598 turpe
1291 4538 1377 4583 est
1407 4529 1727 4584 commisit:
1783 4529 1980 4585 deinde
2015 4568 2059 4625 υ
2088 4525 2311 4581 inirent.
2347 4526 2520 4584 Porro
2562 4529 2819 4586 Salomon
2851 4532 3231 4607 Hierosolyma
3270 4554 3430 4593 muro
3465 4541 3666 4599 cinxit:

406 4619 474 4674 ad
506 4626 713 4690 patrem
761 4636 922 4675 suum
982 4620 1241 4674 Davidem
1294 4621 1654 4688 quaerendum
1706 4623 1981 4691 profectus

402 4721 508 4778 est,
529 4713 621 4780 qui
657 4713 727 4767 ab
759 4710 879 4782 ipso
904 4711 1027 4782 fuga
1049 4728 1108 4767 se
1139 4714 1444 4782 proripiens
1473 4711 1765 4769 Jnrdanem
1795 4726 1983 4770 trans-

404 4804 505 4870 iit;
560 4814 617 4859 at
671 4802 809 4859 Joab
840 4802 1058 4859 Davidis
1120 4805 1434 4875 deputatus,
1468 4806 1696 4859 collecta
1758 4822 1981 4862 suorum

406 4893 781 4958 multitudine,
818 4901 1013 4947 contra
1064 4893 1482 4949 Abishalomum
1526 4894 1745 4948 Datidis
1804 4896 1973 4948 ﬁlium

402 4985 667 5057 perrexit,
713 4984 1183 5052 commissumque
1208 4992 1291 5039 est
1328 4985 1474 5038 inter
1530 4985 1679 5051 ipsos
1738 4985 1981 5054 praelium

404 5079 459 5132 in
488 5075 772 5148 Ephraimi
828 5075 1052 5142 ﬁnibus,
1086 5076 1141 5130 in
1177 5091 1289 5146 quo
1325 5075 1497 5130 Occisi
1552 5085 1683 5130 sunt
1715 5093 1745 5129 c
1770 5076 1984 5131 duobus

403 5168 744 5224 exercitibus
778 5169 951 5221 vicies
981 5167 1151 5230 mille,
1176 5182 1303 5221 cum
1335 5165 1626 5222 conflictus
1661 5167 1803 5221 inter
1835 5170 1985 5239 ipsos

403 5261 700 5317 vehemens
743 5269 910 5316 esset.
968 5259 1324 5314 Abishalomo
1374 5266 1553 5313 autem
1606 5260 1755 5313 tnulo
1808 5270 1984 5329 vecto,

403 5366 530 5407 cum
565 5351 746 5420 capilli
800 5352 1000 5422 capitis
1028 5352 1204 5421 ipsius
1238 5351 1530 5407 terebinthi
1570 5367 1724 5404 ramo
1765 5353 1980 5408 cuidam

409 5441 629 5513 implexi
689 5453 897 5502 essent.
958 5443 1241 5498 confracta
1274 5450 1357 5498 est
1392 5444 1577 5497 cervix
1605 5462 1619 5509 ;
1653 5442 1793 5499 Joab
1816 5446 1981 5499 etiam

413 5533 516 5589 tria
566 5534 696 5598 tela,
728 5537 931 5605 quibus
991 5537 1172 5606 ipsum
1237 5537 1539 5607 percussit,
1596 5538 1748 5591 cordi
1808 5540 1983 5608 ipsius

408 5624 607 5690 inﬁxit,
645 5644 897 5698 unusque
928 5646 957 5684 c
987 5628 1110 5684 Jobi
1173 5630 1472 5685 comitibus
1528 5630 1711 5700 gladio
1761 5647 1983 5700 percus-

408 5734 528 5774 sum
561 5710 855 5778 interfecit.
900 5725 967 5779 At
1002 5741 1127 5780 cum
1163 5727 1386 5780 allatum
1420 5735 1569 5781 esset
1599 5726 1666 5781 ad
1722 5725 1980 5782 Davidem

408 5813 685 5878 nuntium,
740 5816 939 5885 ingenti
995 5818 1085 5871 ille
1138 5833 1371 5872 tttmrorc
1424 5817 1650 5874 allectus
1684 5819 1747 5873 ad
1792 5819 1979 5874 urbem

2088 4634 2346 4690 annoque
2380 4623 2531 4693 regni
2560 4624 2642 4678 sui
2673 4624 3004 4680 duodecimo
3039 4642 3330 4697 aggressus
3362 4640 3447 4685 est
3482 4635 3668 4700 templi

2087 4720 2450 4768 structuram.
2488 4712 2659 4769 Multa
2692 4724 2875 4770 autem
2932 4717 3035 4787 ipsi
3067 4717 3209 4772 dona
3276 4720 3427 4774 misit
3459 4719 3668 4787 iliram,

2088 4806 2215 4878 Tyri
2256 4822 2377 4869 rex,
2411 4806 2694 4877 multaque
2729 4808 2874 4879 ligna
2914 4808 3160 4874 cedrina,
3196 4810 3376 4879 pinea,
3412 4812 3666 4884 abicgna,

2090 4900 2222 4964 quin
2254 4909 2308 4954 ct
2336 4913 2471 4969 opes
2498 4901 2706 4956 multas
2739 4918 2859 4971 quae
2889 4903 2990 4970 ipsi
3028 4903 3094 4957 ad
3146 4905 3410 4973 templum
3448 4917 3663 4961 exstru-

2089 4993 2294 5045 endum
2343 4989 2905 5069 adiumento'essent,
2957 4992 3201 5048 donante
3255 4994 3362 5064 ipsi
3425 4995 3668 5051 vicissim

2089 5082 2386 5138 Salomone
2417 5084 2716 5152 quotannis
2746 5098 2908 5139 curos
2941 5085 3109 5139 tritici
3145 5086 3316 5141 vicies
3347 5088 3513 5153 mille,
3539 5107 3669 5143 uva-

2089 5190 2321 5244 rumque
2357 5191 2644 5245 passerum
2699 5176 2953 5232 totidem.
3010 5176 3186 5233 Porro
3219 5179 3423 5234 dicitur
3456 5180 3668 5245 Hiram,

2052 5262 2215 5334 ‘Tyri
2253 5280 2460 5335 regem,
2493 5265 2733 5335 primum
2788 5281 2978 5336 regum
3038 5283 3338 5339 purpuram
3400 5270 3666 5329 induisse.

2088 5355 2247 5423 cujus
2280 5357 2355 5410 rei
2411 5372 2583 5410 causa
2626 5356 2749 5422 fttit,
2808 5359 2953 5427 quod
3007 5375 3132 5415 cum
3185 5360 3445 5430 opilionis
3483 5363 3673 5435 173-

2091 5446 2250 5518 175
2280 5447 2567 5516 cujusdam
2605 5448 2782 5515 canis,
2816 5450 2910 5520 qui
2942 5451 3120 5520 ipsum
3156 5451 3246 5507 die
3278 5452 3516 5522 quodam
3551 5471 3662 5523 quo

2086 5556 2218 5595 oves
2247 5541 2300 5595 in
2332 5542 2501 5596 maris
2538 5542 2728 5597 littore
2753 5551 3024 5614 pasceret.
3065 5545 3363 5602 comitatus
3392 5556 3499 5613 cst;
3536 5565 3663 5603 tnu-

2088 5634 2254 5687 ricem
2283 5632 2485 5688 coloris
2517 5635 2779 5706 purpurei
2830 5636 2884 5691 in
2917 5635 3101 5692 littore
3156 5646 3464 5708 reptantem
3497 5641 3670 5709 οίΐεςιιτ

2087 5727 2245 5790 dens,
2289 5725 2470 5796 ipsum
2503 5725 2715 5793 ederet,
2768 5727 2906 5784 adeo
2945 5738 3003 5783 ttt
3038 5731 3310 5801 sanguine
3347 5735 3573 5790 muricis
3602 5753 3667 5790 os

2087 5817 2259 5886 ipsius
2318 5818 2669 5889 impleretur;
2702 5837 2767 5873 eo
2793 5821 2932 5889 viso,
2991 5816 3194 5891 ῃηςῑδγ,
3251 5836 3473 5896 accepta
3522 5828 3667 5891 lana,
