4076 6406
395 327 504 392 947

1408 331 1783 393 EUTYCHII
1827 335 1865 390 Α
1879 332 2363 396 LEXANDRINI
2396 336 2610 396 PATR.

3555 337 3661 402 918

398 443 554 501 canis
585 458 648 498 os
699 441 982 507 abstersit,
1009 457 1045 496 e
1073 456 1178 511 qua
1214 456 1337 495 cum
1369 439 1674 496 confectam
1717 442 1976 496 eoi-ollam
2009 446 2053 502 Α
2087 444 2489 514 peperissemus
2531 460 2631 508 ego
2679 454 2733 498 et
2779 446 2972 501 mulier
3012 446 3112 501 ista
3160 448 3212 503 in
3249 450 3437 507 eadem
3474 452 3661 506 dnnm.

395 536 560 606 capiti
609 549 712 590 suo
761 533 1140 604 imposuisset,
1222 534 1424 589 factum
1475 542 1557 589 est
1613 543 1671 588 ut
1723 534 1975 604 quisquis

397 629 579 698 ipsum
611 625 666 681 in
710 624 827 680 sole
878 625 1252 680 ambulantem
1308 624 1671 695 conspiceret,
1724 640 1754 678 e
1801 625 1979 695 capite

407 719 583 789 ipsius
618 716 762 787 ignis
813 714 1080 786 fulgorem
1142 715 1364 784 prodire
1417 715 1800 770 existimaret:
1868 729 1979 779 quo

403 809 623 878 audito,
658 811 846 863 Hiram
879 806 1005 880 Tyri
1058 824 1173 870 rex,
1200 807 1383 862 missis
1415 808 1510 877 qui
1568 815 1849 877 pastorem
1883 822 1979 861 ac-

402 912 706 966 cerserent,
782 916 903 957 cum
968 900 1229 956 corollam
1287 899 1693 968 conspexisset,
1773 898 1979 953 coloris

406 993 871 1064 pttlchritudinem
954 993 1204 1056 miratus,
1264 992 1531 1046 tinctores
1583 991 1817 1044 similem
1876 989 1978 1044 sibi

362 1071 368 1077 ’
406 1087 617 1157 tingere
642 1085 811 1154 jussit
840 1102 853 1140 :
897 1087 987 1150 qui
1047 1084 1115 1139 ad
1150 1083 1305 1139 littus
1339 1082 1594 1151 profecti,
1628 1082 1981 1154 quaesitisque

406 1193 472 1233 ac
506 1179 739 1247 repertis
789 1175 1119 1242 muricibus,
1189 1190 1493 1245 purpuram
1530 1175 1606 1230 illi
1674 1175 1977 1230 tinxerunt.

404 1268 585 1338 Atque
619 1269 736 1322 lnec
769 1268 1005 1323 iuventte
1035 1283 1296 1339 purpurae
1326 1268 1467 1321 ratio
1498 1267 1626 1322 fuit.

473 1362 596 1417 Fuit
629 1369 810 1415 autem
845 1360 1026 1428 templi
1052 1359 1194 1428 quod
1226 1360 1424 1413 struxit
1451 1359 1723 1415 Salomon.
1761 1358 1980 1412 Davidis

404 1453 570 1517 tilius,
605 1452 888 1522 longitudo
942 1450 1252 1512 cubitorum
1287 1452 1593 1521 sexaginta,
1641 1451 1870 1506 latitudo
1904 1451 1983 1506 vi-

403 1547 561 1617 ginti,
605 1546 839 1601 altitudo
902 1553 1150 1612 centum,
1205 1546 1362 1615 cujus
1412 1554 1623 1615 partem
1661 1544 1979 1599 interiorem

401 1646 570 1692 totam
601 1653 738 1693 auro
777 1637 1053 1700 obduxit;
1108 1637 1239 1707 quin
1294 1645 1347 1692 et
1406 1637 1551 1692 intra
1589 1637 1850 1706 templum
1890 1649 1982 1691 sa-

406 1730 647 1783 crarium
682 1744 713 1784 e
747 1729 910 1799 lignis
969 1729 1219 1799 abiegnis
1280 1730 1504 1793 struxit,
1539 1729 1756 1785 cubitos
1785 1727 1978 1798 viginti

2087 550 2151 589 ac
2182 546 2437 590 mortuus
2471 548 2607 592 esset
2648 546 2808 592 noctu
2850 540 2991 593 (ilius
3015 540 3212 607 ipsius,
3246 558 3330 597 me
3355 542 3666 601 dormiente

2087 622 2177 676 illa
2217 624 2384 677 lilium
2422 641 2582 680 suum
2618 636 2893 680 mortuum
2929 630 3260 696 prehensum
3296 635 3498 700 pectori
3544 651 3668 689 men

2088 715 2404 778 admovens,
2434 718 2498 769 ad
2528 734 2587 772 se
2614 718 2785 774 lilium
2810 720 2979 775 istum
3012 737 3193 777 meum
3224 727 3445 794 recepit.
3476 729 3665 782 Altera

2087 816 2266 862 autem
2305 826 2318 863 :
2365 807 2463 863 llic
2503 810 2727 879 (inquit)
2774 826 2931 881 puer,
2969 829 3126 868 meus
3176 823 3263 870 est
3306 817 3496 883 Illius;
3546 820 3668 886 ejus

2088 907 2293 962 autem,
2330 910 2603 957 mortuus.
2631 902 2889 958 Salomon
2918 920 3049 976 ergo
3083 907 3323 973 gladium
3349 909 3452 965 sibi
3484 910 3666 965 afferri

2083 990 2307 1061 jubens,
2349 1010 2689 1064 puerumque
2742 1012 2903 1051 manu
2954 1013 3053 1052 sua
3094 999 3437 1068 prehendens
3470 1020 3484 1059 :
3517 1004 3669 1059 Divi-

2087 1084 2235 1148 dam,
2263 1084 2460 1154 inquit,
2491 1086 2544 1140 in
2572 1086 2708 1142 duas
2740 1095 2923 1155 partes
2953 1104 3206 1158 puerum,
3238 1108 3471 1160 quarum
3503 1109 3668 1149 unam

2088 1177 2307 1246 utrique
2356 1189 2597 1233 vestrum
2651 1179 2882 1233 tradam.
2940 1179 3076 1234 Tum
3125 1192 3297 1238 mater
3331 1185 3509 1253 pueri,
3561 1184 3669 1239 Do-

2089 1270 2239 1323 mine
2278 1270 2374 1333 mi,
2408 1270 2609 1339 inquit,
2642 1289 2711 1329 ne
2736 1272 2951 1329 dividas
2983 1275 3188 1343 ipsum,
3220 1277 3316 1331 sed
3354 1278 3405 1331 ei
3440 1277 3664 1350 [totum]

2089 1362 2314 1429 tradas;
2360 1364 2575 1419 dicente
2621 1367 2790 1421 altera
2836 1385 2850 1421 :
2903 1368 3124 1440 [Quin]
3176 1370 3412 1435 dividas,
3462 1382 3519 1425 ut
3565 1388 3667 1426 nec

2091 1452 2223 1507 mihi
2257 1454 2349 1519 sit,
2397 1471 2497 1511 nec
2546 1456 2644 1510 illi.
2689 1457 2847 1513 Dedit
2888 1474 3020 1529 ergo
3047 1459 3309 1516 Salomon
3357 1477 3586 1531 puerum
3613 1464 3664 1518 ei

2089 1558 2209 1612 quae
2232 1559 2298 1598 ne
2323 1543 2661 1600 divideretur
2684 1548 2860 1615 petiit,
2891 1559 3232 1618 perspectum
3260 1550 3467 1605 habens
3490 1552 3667 1621 ipsam

2090 1645 2319 1692 matrem
2366 1638 2491 1707 ejus
2520 1655 2668 1699 esse.
2701 1656 2764 1696 ex
2800 1657 2865 1696 eo
2898 1642 2991 1711 qui
3040 1642 3295 1710 apparuit
3340 1657 3467 1711 erga
3514 1642 3668 1699 illum

2091 1728 2316 1787 alfectu,
2347 1731 2538 1799 ipsius.
2594 1731 2886 1799 Miratique
2931 1742 3061 1789 sunt
3115 1733 3370 1791 homines
3404 1734 3667 1805 judicium

408 1821 650 1893 longum,
685 1821 876 1888 viginti
911 1820 1105 1884 latum,
1166 1835 1230 1874 ac
1289 1820 1517 1875 totidem
1577 1822 1784 1885 altum;
1838 1818 1985 1889 quod
2020 1805 2057 1858 Β
2090 1821 2284 1893 ipsius.
2337 1821 2585 1878 Fuerunt
2615 1833 2795 1879 autem
2831 1825 3148 1880 Salomonis
3187 1841 3390 1882 uxores
3421 1826 3677 1896 ingenue

407 1921 518 1964 tam
556 1912 707 1965 inttts
731 1925 893 1978 quam
928 1909 1064 1964 loris
1093 1924 1230 1965 auro
1259 1908 1513 1971 obduxit,
1551 1908 1696 1964 facta
1730 1925 1897 1976 super
1925 1923 1989 1962 eo

405 2000 833 2053 cherubinorum
914 1998 1111 2063 forma,
1187 2014 1420 2069 quorum
1502 2008 1731 2068 uterque
1802 1998 1986 2052 decem

405 2103 526 2145 erat
560 2092 780 2147 eubitos
830 2093 1047 2160 longus,
1086 2107 1152 2146 ac
1193 2092 1440 2161 quinque
1492 2092 1655 2155 latus,
1708 2108 1772 2146 ex
1828 2106 1988 2154 auro.

409 2200 552 2239 unus
584 2185 649 2239 a-l
683 2186 907 2239 Sacrarii
940 2186 1082 2239 latus
1110 2186 1384 2248 dextrum,
1414 2185 1553 2237 alter
1581 2183 1647 2239 ad
1673 2183 1985 2249 sinistrum,

404 2285 460 2329 et
500 2275 717 2345 utrique
750 2291 844 2330 sex
866 2276 987 2339 alae,
1021 2276 1226 2345 quibus
1254 2291 1419 2344 super
1448 2291 1514 2328 eo
1536 2275 1778 2329 extensis
1811 2275 1986 2343 ipsum

404 2368 754 2439 nbtcgehant.
808 2366 938 2421 Dein
999 2382 1182 2420 arcam
1231 2382 1262 2421 e
1320 2367 1542 2420 civitate
1602 2366 1764 2437 176
1814 2367 1985 2420 Sibon

405 2460 696 2514 deductam
735 2459 787 2513 in
825 2457 991 2512 domo
1031 2458 1134 2512 ista
1172 2457 1374 2526 posuit.
1433 2456 1662 2525 Quin‘et
1692 2466 1820 2511 ante
1852 2466 1990 2510 tem-

408 2553 558 2621 plum
593 2551 738 2607 istud
775 2551 911 2605 duas
949 2550 1238 2603 columnas
1269 2564 1450 2602 a-ncas
1482 2549 1735 2619 ingentes
1771 2549 1985 2610 statuit,

407 2661 640 2715 quarum
675 2655 908 2713 utraque
941 2643 1162 2713 triginta
1191 2642 1410 2698 cubitus
1456 2642 1614 2711 longa
1669 2640 1793 2705 fuit,
1829 2643 1987 2710 quin-

408 2753 514 2803 que
542 2737 691 2803 lata;
727 2736 930 2805 quibus
970 2734 1150 2789 velum
1205 2733 1530 2788 coccineum
1583 2733 1726 2800 quod
1784 2731 1989 2787 fecerat

407 2827 644 2884 diversis
700 2843 1043 2898 gemmarum
1109 2825 1404 2892 speciebus
1462 2833 1776 2880 consertum
1839 2840 1870 2877 e
1907 2839 1991 2877 re-

409 2920 570 2987 gione
602 2921 786 2989 templi
822 2919 1107 2991 appendit.
1141 2918 1385 2973 Mensam
1416 2919 1579 2973 etiam
1613 2932 1822 2972 aeneam
1858 2915 1989 2971 fecit

412 3017 465 3067 in
518 3030 625 3081 qua
683 3027 976 3085 poneretur
1029 3014 1188 3083 panis
1240 3013 1577 3082 oblationis;
1614 3012 1773 3082 cujus
1813 3012 1989 3079 longi-

411 3107 545 3161 tudo
580 3107 772 3176 viginti
805 3116 924 3161 erat
959 3107 1296 3170 cubitorum,
1353 3121 1417 3159 ac
1472 3106 1698 3160 totidem
1732 3104 1982 3167 latitudo,

412 3199 695 3254 crassities
724 3198 912 3253 decem
942 3215 958 3263 ;
994 3212 1157 3270 quam
1193 3206 1248 3253 et
1277 3214 1411 3251 auro
1446 3197 1785 3266 gemmisque
1815 3195 1988 3249 obdu-

411 3293 511 3345 xit.
550 3291 747 3346 Omnia
778 3292 944 3347 etiam
982 3306 1112 3345 vasa
1153 3306 1344 3355 aurea,
1376 3298 1635 3360 argentea
1670 3298 1725 3343 et
1759 3288 1992 3358 gemmis

412 3382 668 3437 confecta
720 3382 775 3435 in
811 3382 1074 3451 templum
1132 3381 1473 3453 importavit.
1535 3380 1750 3435 Struxit
1828 3378 1991 3431 etiam

413 3474 519 3528 sibi
553 3473 837 3543 palatium,
903 3472 1048 3541 quod
1121 3487 1277 3537 auro,
1349 3480 1689 3541 argentoque
1753 3469 1991 3534 oblevit;

413 3565 574 3634 cujus
609 3564 663 3618 in
702 3563 884 3619 medio
917 3564 1235 3632 praetorium
1287 3563 1582 3631 exstruxit,
1622 3561 1838 3616 cubitos
1869 3575 1997 3614 cen«

415 3667 529 3707 tum
556 3655 803 3723 longum,
854 3654 1255 3724 quinquaginta
1310 3653 1498 3717 latum,
1529 3654 1699 3706 altum
1730 3650 1992 3721 triginta;

414 3745 646 3803 interius
701 3746 857 3815 quasi
910 3744 1282 3799 ambientibus
1334 3756 1570 3813 quatuor
1615 3742 1992 3796 columnarum

414 3836 763 3893 cedrinarum
821 3851 960 3892 auro
1019 3833 1386 3890 obductarum
1464 3834 1775 3895 ordinibus,
1832 3847 1997 3902 super

419 3930 617 3996 quibus
692 3939 851 3983 erant
920 3936 1154 3999 quatuor
1197 3935 1338 3982 tecta
1376 3942 1520 3981 auro
1557 3935 1772 3981 ornata.
1842 3922 1998 3999 Fecit

415 4021 578 4077 etiam
611 4023 868 4077 thronum
924 4033 1183 4087 magnum
1225 4018 1560 4079 eburneum,
1623 4029 1760 4068 auro
1816 4013 1996 4085 varie-

418 4123 627 4183 gatam,
655 4112 997 4185 gemmisque
1028 4109 1374 4173 distinctum,
1408 4110 1552 4179 quod
1588 4110 1639 4162 in
1672 4106 1836 4175 hujus
1863 4121 1999 4173 prae—

421 4207 544 4260 torii
602 4204 783 4259 medio
843 4203 1056 4269 statuit,
1105 4202 1193 4256 cui
1249 4200 1513 4255 insideret
1549 4200 1685 4269 ipse,
1747 4214 1871 4252 cum
1932 4198 1999 4250 de

421 4297 699 4351 hominum
728 4294 896 4350 rebus
930 4301 1312 4364 cognosceret.
1346 4291 1558 4360 Templi
1595 4299 1779 4345 autem
1820 4299 1874 4342 ct
1906 4303 2000 4357 pa-

354 4409 360 4415 ·
421 4387 537 4443 latii
617 4394 958 4442 structuram
1023 4392 1227 4454 septem
1298 4383 1458 4438 annis
1515 4382 1767 4437 absolvit.
1820 4378 1997 4434 Jama

424 4493 594 4549 regno
629 4477 851 4531 Davidis
883 4476 949 4530 ad
987 4475 1253 4531 fabricam
1307 4474 1498 4544 templi
1531 4474 1833 4529 absolutam
1870 4473 1997 4526 anni

424 4579 554 4625 sunt
585 4570 1035 4639 undesexaginta.
1068 4568 1304 4637 Fuitque
1352 4582 1556 4622 census
1589 4581 1810 4620 animus
1843 4564 2003 4618 Salo-

433 4665 633 4729 mOnis,
689 4663 784 4718 lilii
826 4661 1066 4724 Davidis,
1127 4661 1458 4716 talentorum
1522 4661 1639 4713 auri
1697 4658 2003 4712 sexcenties

424 4761 671 4829 sexagies
698 4760 875 4810 sexies
912 4755 1080 4821 mille,
1119 4754 1259 4807 ultra
1307 4770 1366 4807 et
1398 4769 1520 4822 qua:
1555 4763 1862 4806 mercatura
1916 4766 2006 4803 ac-

424 4849 802 4918 quirebantur.
862 4846 1180 4901 Dimensum
1240 4834 1597 4915 177-179
1648 4842 1771 4919 ejus
1823 4842 2006 4910 quoti-

424 4943 674 4999 dianum,
707 4938 902 4992 similae
939 4937 1054 4991 cori
1109 4936 1359 5005 triginta,
1418 4934 1610 4987 farina!
1663 4934 1776 4987 cori
1841 4947 2006 4985 sexa-

426 5031 599 5098 ginta,
626 5028 846 5097 juvenci
868 5029 1083 5091 decem,
1112 5027 1279 5082 bows
1308 5025 1502 5095 viginti
1542 5024 1675 5087 duo,
1712 5039 1841 5076 oves
1875 5037 2006 5076 con-

427 5133 567 5189 tum,
626 5128 823 5193 praeter
853 5135 1068 5183 cervos,
1111 5119 1401 5190 capreolos
1428 5128 1483 5193 et
1539 5120 1811 5173 volucres.
1870 5116 2009 5172 Fue—

432 5221 559 5267 runt
588 5212 752 5267 etiam
788 5211 841 5265 in
876 5211 1076 5280 palatio
1137 5208 1451 5264 Salomonis
1519 5218 1743 5264 centum
1804 5196 2009 5263 mensm

430 5319 609 5360 aurete
640 5313 696 5358 et
723 5303 777 5356 in
803 5317 992 5356 earum
1028 5300 1265 5369 singulis
1292 5311 1510 5355 centum
1540 5302 1885 5369 paropsides,
1910 5314 2009 5354 nec
2045 5312 2056 5324 '

431 5412 540 5451 non
575 5404 815 5450 trecenta
859 5393 1100 5457 vasaria,
1136 5392 1188 5445 in
1218 5407 1453 5461 quorum
1492 5392 1726 5462 singulis
1761 5400 2009 5447 trecenta

431 5501 591 5547 erant
620 5489 814 5559 poeula
847 5501 1034 5541 aurea.

504 5582 852 5635 Salomonem
895 5588 1076 5633 autem
1112 5578 1200 5633 die
1243 5577 1479 5649 quodam
1535 5579 1585 5631 in
1622 5580 1874 5648 prtetorio
1922 5595 2010 5635 se-

436 5673 653 5727 dentem
690 5661 1047 5727 accesserunt
1100 5671 1314 5725 femina:
1356 5671 1477 5725 dum
1510 5672 1840 5741 quibuscum
1893 5681 2011 5725 erat

444 5778 577 5831 puer
611 5778 799 5820 recens
842 5771 1027 5830 natus,
1073 5780 1305 5834 quarum
1347 5780 1452 5817 una
1495 5765 1631 5819 dixit
1670 5782 1682 5819 :
1720 5762 1844 5819 lleri
1885 5779 2009 5819 cum

2093 1914 2472 1984 septingentre,
2504 1925 2556 1968 et
2582 1925 2665 1969 ter
2692 1926 2912 1970 centum
2943 1917 3109 1987 ιω
3132 1918 3478 1974 concubinae.
3510 1917 3674 1974 Duxit

2090 2006 2253 2062 etiam
2283 2007 2538 2062 Salomon
2568 2006 2887 2067 Pharaonis,
2913 2008 3132 2080 IEgypti
3159 2011 3320 2079 regis,
3342 2010 3435 2064 cui
3466 2024 3670 2065 nomen

2093 2097 2314 2162 Shisak,
2346 2098 2533 2162 tiliam,
2584 2114 2819 2170 eamque
2848 2099 3228 2172 Hierosolyma
3257 2101 3506 2156 adduxit.
3542 2099 3676 2157 Post

2090 2205 2211 2258 quae
2242 2193 2520 2257 profectus
2563 2192 2800 2256 Pharao,
2845 2191 3063 2263 JEgypti
3102 2207 3219 2259 rex,
3264 2200 3453 2248 urbem
3494 2195 3676 2249 Aaaar

2089 2288 2453 2349 expugnatam
2482 2282 2604 2348 igne
2637 2282 2944 2337 succendit.
2976 2284 3099 2351 lgne
3127 2284 3294 2337 etiam
3317 2282 3676 2337 Chanaanitis

2090 2370 2312 2425 Maraab
2337 2372 2701 2427 incolentibus
2733 2372 3005 2432 immisso,
3039 2388 3169 2441 opes
3192 2388 3383 2426 eorum
3420 2387 3560 2441 quas
3585 2371 3676 2425 di-

2091 2464 2256 2534 ripuit
2290 2466 2355 2518 ad
2410 2466 2572 2518 ﬁliam
2625 2480 2780 2520 suam
2829 2466 3143 2521 Salomonis
3174 2465 3463 2536 coniugem
3501 2466 3673 2520 misit.

2091 2554 2297 2625 Regina
2345 2557 2509 2612 etiam
2561 2555 2737 2615 Sabze.
2791 2557 2979 2612 audito
3030 2572 3261 2627 regnare
3298 2555 3673 2619 Salomonem,

2092 2647 2158 2701 ad
2209 2648 2386 2717 ipsum
2441 2650 2625 2703 multis
2669 2663 2795 2704 cum
2834 2649 3156 2705 muneribus
3207 2649 3498 2711 accedens,
3526 2648 3679 2703 dedit

2092 2740 2199 2809 ipsi
2237 2740 2355 2793 auri
2392 2741 2594 2795 talenta
2626 2751 2847 2797 centum
2882 2742 3128 2812 triginta.
3160 2741 3407 2810 Cumque
3430 2741 3481 2797 ei
3512 2740 3677 2795 vicis-

2093 2831 2196 2883 sim
2247 2830 2495 2885 dedisset
2548 2830 2806 2885 Salomon
2859 2832 3232 2900 quodcunque
3282 2832 3553 2900 petiisset,
3605 2833 3674 2885 ab

2091 2922 2211 2991 ipso
2234 2936 2449 2976 reversa
2478 2931 2584 2977 est.
2608 2922 2773 2978 Duxit
2807 2924 2936 2993 quin
2968 2925 3131 2978 etiam
3159 2924 3440 2986 Salomon,
3460 2924 3678 2978 Davidis

2093 3010 2256 3075 lilius,
2303 3012 2541 3065 tribuum
2601 3013 3031 3080 alienigenarum
3070 3014 3228 3074 filias,
3261 3016 3365 3068 vii.
3396 3014 3679 3069 Ammoni-

2092 3114 2294 3163 tarum,
2349 3103 2801 3171 Amalekitarum,
2862 3104 3243 3171 Moabitarum,
3293 3106 3680 3170 aliarumque;

2095 3210 2230 3263 quas
2260 3209 2383 3248 cum
2418 3202 2648 3256 amaret,
2676 3210 2785 3264 prae
2814 3195 3021 3250 amoris
3044 3210 3151 3266 quo
3180 3197 3326 3265 ipsas
3358 3196 3682 3266 complexus

2093 3295 2181 3342 est
2236 3286 2608 3349 vehementia,
2663 3287 2841 3355 ipsum
2882 3287 3220 3357 impulerunt
3264 3288 3368 3342 sibi
3418 3288 3680 3358 templum

2095 3378 2354 3443 condere,
2388 3377 2441 3431 in
2477 3393 2584 3448 quo
2614 3378 2755 3433 idola
2788 3395 2910 3449 quae
2942 3379 3207 3446 colerent,
3244 3380 3558 3451 quibusque
3589 3395 3682 3435 sa-

2099 3469 2428 3527 crificarent.
2477 3469 2743 3539 reposuit.
2782 3471 2959 3539 Atque
3009 3471 3148 3525 hanc
3187 3472 3257 3525 ob
3295 3486 3516 3525 causam
3579 3470 3678 3525 de-

2094 3562 2271 3631 jectus
2300 3573 2383 3617 est
2412 3561 2697 3625 Salomon,
2737 3561 2954 3616 Davidis
2974 3561 3207 3634 liliuslde
3237 3563 3409 3634 gradu
3443 3563 3683 3633 prophe-

2100 3654 2232 3707 tico.
2269 3652 2439 3707 Porro
2472 3652 2695 3707 fuerunt
2723 3653 2775 3708 in
2804 3655 3050 3709 exercitu
3080 3653 3256 3723 ipsius
3289 3654 3556 3725 equitum,
3588 3654 3687 3723 qui

2099 3761 2272 3815 equas
2306 3747 2774 3810 conscenderent,
2804 3746 3132 3817 quadragies
3163 3746 3330 3813 mille,
3365 3746 3458 3815 qui
3489 3760 3682 3815 equos,

2098 3836 2269 3891 vicies
2295 3836 2463 3891 mille.
2489 3835 2616 3891 Fuit
2642 3834 2919 3891 Salomoni
2948 3852 3140 3891 servus
3172 3836 3387 3891 nomine
3420 3835 3691 3903 Reboam,

2103 3908 2293 3981 Nabati
2341 3926 2510 3990 (ilius,
2556 3939 2586 3979 e
2614 3924 2762 3979 tribu
2810 3923 3096 3995 Ephraim,
3143 3923 3301 3995 cujus
3344 3925 3526 3991 matri,
3562 3939 3684 3994 quae

2103 4017 2298 4071 mulier
2329 4027 2446 4070 erat
2480 4015 2661 4080 furax,
2703 4030 2903 4070 nomen
2940 4014 3142 4081 Sisera,
3176 4032 3340 4086 quem
3377 4031 3501 4069 cum
3546 4030 3685 4084 pne-

2109 4112 2329 4164 feeisset
2367 4109 2626 4162 Salomon
2662 4109 2826 4163 tribui
2848 4107 3073 4177 Ioseph,
3106 4110 3438 4179 ipsejjurbem
3476 4108 3596 4163 Sair
3628 4108 3683 4159 in

2104 4201 2387 4269 Ephraimi
2425 4199 2694 4254 limitibus
2726 4199 2994 4260 condidit,
3030 4200 3237 4267 fuitque
3268 4198 3447 4264 fortis,
3489 4199 3684 4253 robore

2104 4293 2334 4362 pollens.
2370 4291 2452 4345 llli
2493 4306 2794 4345 occurrens
2827 4290 2966 4344 Abta
2999 4289 3351 4361 181-183
3396 4292 3683 4360 pmpheta,

2104 4393 2421 4453 vestemque
2445 4397 2599 4437 suam
2632 4389 2905 4452 arreptam
2945 4381 2998 4435 in
3033 4381 3317 4436 duodecim
3349 4389 3532 4450 pirtes
3558 4397 3683 4435 cum

2027 4489 2079 4547 D
2107 4476 2389 4553 scidisset,’
2418 4475 2699 4530 ltabaamo
2745 4472 2935 4527 Nahati
2983 4472 3093 4527 ﬁlio
3132 4475 3319 4528 decem
3350 4488 3538 4528 earu'n
3569 4481 3683 4526 tra-

2108 4569 2267 4631 dens,
2295 4566 2478 4621 dixit:
2518 4565 2867 4637 Regnaturus
2905 4584 2964 4621 es
3003 4578 3055 4619 tu
3101 4567 3154 4620 in
3189 4566 3373 4620 decem
3411 4566 3688 4620 Israelita-

2109 4677 2226 4714 rum
2275 4660 2472 4715 tribus.
2505 4659 2563 4712 ln
2593 4661 2776 4715 animo
2803 4670 2981 4716 autem
3028 4659 3305 4714 Salomoni
3343 4659 3444 4712 fuit
3474 4656 3685 4713 Rabaa-

2110 4766 2254 4803 mum
2287 4759 2464 4803 morte
2497 4750 2731 4804 allicere.
2786 4751 2878 4806 Ille
2916 4766 3046 4820 ergo
3078 4750 3146 4804 ab
3206 4750 3326 4816 ipso
3361 4748 3489 4820 fuga
3525 4766 3584 4804 se
3616 4749 3686 4803 ad

2110 4840 2467 4910 Shishakum,
2503 4840 2723 4914 Egypti
2760 4841 3126 4908 Pharaonem,
3175 4842 3507 4911 proripiens,
3540 4841 3685 4912 apud

2112 4934 2290 5002 ipsum
2327 4936 2570 5001 mansit;
2609 4934 2701 5004 qui
2738 4936 2791 4989 in
2830 4951 3054 4989 uxorem
3090 4938 3138 4990 ei
3169 4935 3421 5006 conjugis
3461 4950 3576 4989 suae
3605 4951 3691 4989 so-

2113 5040 2293 5079 rorem
2338 5025 2508 5089 dedit,
2550 5028 2637 5080 cui
2685 5042 2885 5082 nomen
2925 5028 3052 5091 Atti,
3087 5044 3318 5098 quaeque
3366 5028 3535 5081 filium
3585 5028 3688 5096 ipsi

2114 5117 2345 5185 peperit,
2378 5134 2538 5187 quem
2575 5119 2795 5174 nomine
2841 5120 3010 5189 patris
3063 5121 3146 5174 sui
3196 5120 3510 5189 appellavit.
3552 5120 3687 5174 Pro-

2113 5211 2407 5278 phetarnnt
2460 5218 2702 5280 tempore
2761 5209 3106 5274 Salomonis,
3158 5213 3372 5264 Nathan
3425 5220 3479 5265 et
3516 5207 3688 5264 Achia

2116 5299 2407 5363 Shilouita,
2438 5299 2645 5368 fuitque
2670 5300 2929 5355 sacerdos
2980 5318 3227 5357 summus
3256 5302 3456 5358 Sadoc.
3483 5302 3689 5357 Eodem

2117 5400 2360 5458 tempore
2388 5389 2442 5444 in
2470 5388 2681 5444 Grmcia
2727 5390 2913 5444 ﬂoruit
2945 5389 3216 5446 llonierus
3256 5404 3411 5460 po:ta
3439 5392 3685 5447 Graecus.

2187 5481 2336 5538 Obiit
2387 5491 2567 5535 autent
2623 5482 2879 5536 Salomon
2930 5499 3053 5537 cum
3096 5499 3276 5562 anqos
3329 5483 3689 5553 quadraginta

2117 5574 2417 5649 regnasset,
2458 5587 2514 5633 et
2559 5579 2611 5631 in
2660 5578 2875 5633 Davidis
2929 5579 3092 5634 domo
3155 5581 3399 5648 sepultus
3437 5590 3539 5633 est.
3586 5579 3688 5646 ipsi

2119 5672 2172 5723 iu
2207 5685 2370 5740 regno
2417 5667 2687 5723 successit
2734 5669 2878 5723 filius
2928 5669 3104 5738 ipsius
3140 5670 3481 5729 llehoboam,
3518 5684 3690 5721 annos

2120 5776 2279 5819 natus
2318 5761 2617 5821 si'xtlerim,
2650 5763 2739 5824 qui
2778 5761 3051 5832 lllCiOSt'ti)
3070 5764 3169 5817 mis
3190 5779 3361 5819 anulos
3381 5759 3685 5831 septemde-
