4076 6394
419 348 527 412 949

1872 358 2241 421 ANNALES.

3596 369 3700 432 930

418 460 528 515 cim
585 461 855 531 regnavit.
913 462 1085 519 Porro
1135 465 1368 521 audiens
1421 463 1712 521 Jeroboam
1739 507 1753 529 ,
1815 467 2007 523 Nabati
2042 475 2084 530 Α
2116 470 2433 529 Rehoboam
2463 473 2773 530 Salomonis
2800 476 2942 532 ﬁlius
2969 492 3171 535 uxores
3193 479 3521 547 octodecim,
3557 483 3702 537 mul-

422 555 593 620 ﬁlius,
639 563 921 611 mortuum
965 571 1089 613 esse
1126 557 1504 626 Salomonem,
1550 576 1615 615 ex
1665 559 1906 631 Egypto
1946 562 2014 617 ad

421 644 614 702 urbem
645 647 773 723 Sair
805 644 1075 705 ascendit.
1118 649 1381 707 lsraehtze
1414 663 1595 708 autem
1625 653 1691 706 ad
1727 651 2015 708 Rehoboa-

422 755 576 796 mum
603 738 919 798 Salomonis
944 742 1116 798 tilium
1148 745 1494 816 congregati.
1523 745 1782 803 dixerunt
1811 764 1827 801 :
1853 746 2016 800 Pater

422 845 555 893 tuus
588 836 732 893 male
766 837 1064 893 admodum
1115 854 1217 894 nos
1257 838 1604 910 gubernavit,
1647 848 1706 896 tu
1750 847 1932 895 autem
1969 840 2014 893 si

422 930 564 985 bene
617 944 720 987 nos
769 932 1168 1001 gubernaveris
1226 933 1372 987 servi
1430 933 1531 988 tibi
1578 932 1752 989 futuri
1798 948 2020 1007 sunms._

427 1020 645 1089 Quibus
705 1023 799 1078 ille
837 1040 852 1075 :
891 1024 1053 1080 Abite
1086 1023 1312 1096 (inquit)
1382 1034 1436 1082 et
1480 1027 1823 1097 postriduum
1859 1027 2015 1082 vobis

424 1129 750 1185 responsum
784 1115 1037 1172 reddam.
1074 1117 1211 1174 Cum
1244 1134 1376 1189 ergo
1417 1135 1449 1176 e
1480 1120 1599 1176 suis
1629 1120 1838 1190 aliquot
1883 1132 2016 1175 cou-

426 1196 717 1276 suluisset,
751 1210 1012 1266 dixerunt
1050 1212 1126 1267 illi
1174 1230 1189 1267 :
1242 1211 1405 1271 Dicas
1444 1213 1555 1268 illis
1595 1230 1609 1266 :
1645 1212 1703 1267 Si
1741 1214 1883 1268 mala
1921 1229 2016 1268 vos

427 1300 643 1356 ratione
676 1302 821 1356 rexit
860 1310 1016 1372 pater
1067 1320 1246 1367 meus,
1281 1318 1382 1374 ego
1415 1319 1515 1361 vos
1549 1304 1755 1374 Optima
1797 1319 1859 1358 ac
1893 1307 2014 1371 pul-

422 1392 726 1458 cherrima,
752 1410 982 1465 quaeque
1014 1397 1168 1452 vobis
1201 1397 1482 1452 levissima
1521 1394 1710 1451 futura
1748 1396 1819 1453 sit
1853 1394 2016 1468 18E.

423 1490 481 1536 et
511 1483 910 1553 placidissima,
962 1494 1217 1542 recturus
1262 1496 1413 1542 sum.
1465 1486 1623 1555 Quod
1657 1502 1783 1541 cum
1825 1485 2017 1540 audire

426 1575 620 1636 nollet,
647 1577 714 1630 ad
758 1578 1019 1634 mulieres
1048 1594 1182 1635 suas
1215 1579 1500 1648 ingressus
1536 1578 1679 1634 idem
1719 1578 1827 1632 illis
1853 1576 2015 1637 dixit,

425 1683 550 1738 quae
580 1668 873 1724 consilium
904 1670 1008 1738 ipsi
1043 1669 1314 1726 dederunt
1345 1677 1405 1724 ut
1438 1671 1543 1724 hoc
1566 1668 1729 1723 modo
1751 1667 2017 1723 lsi-acidis

427 1762 788 1828 responderet
826 1781 842 1817 :
892 1761 950 1817 Si
989 1763 1131 1818 male
1170 1778 1269 1818 vos
1313 1763 1453 1817 rexit
1502 1769 1656 1833 pater
1703 1775 1880 1823 mens,
1915 1775 2016 1829 ego

2117 574 2311 633 tosqne
2339 564 2527 636 genuit
2561 566 2783 623 liberos.
2824 567 2988 623 Duxit
3024 570 3190 626 etiam
3222 572 3488 639 Macham,
3527 575 3702 631 Abso-

2120 657 2282 713 lomis
2329 657 2519 722 ﬁliam,
2555 672 2678 728 quae
2717 658 2820 729 ipsi
2859 659 3055 715 Ahiam
3100 660 3409 733 fratresque
3437 664 3560 733 ejus
3603 682 3698 736 pe—

2117 752 2259 821 perit
2305 769 2319 806 :
2371 750 2597 808 fuerunt
2651 753 2877 824 insuper
2919 754 3021 823 ipsi
3057 756 3382 811 concubinae
3429 760 3699 829 triginta;

2118 857 2310 899 omnes
2338 854 2520 900 autem
2552 846 2725 916 ipsius
2761 847 2920 903 liberi
2946 858 3054 903 tam
3089 864 3265 905 mares
3290 866 3454 921 quam
3487 852 3705 907 feminae

2120 932 2342 988 fuerunt
2382 935 2567 1006 viginti
2616 946 2765 994 octo.
2820 938 2984 1010 188
3003 938 3413 1012 Prophetarum
3458 950 3707 1014 tempore

2123 1025 2454 1082 ilehoboami
2502 1028 2816 1087 Salomonis
2871 1031 2965 1085 ﬁlii
3016 1030 3271 1089 Semaiah
3326 1034 3703 1100 Machlamita,

2119 1127 2172 1170 et
2207 1120 2374 1174 Achia
2415 1118 2711 1187 Shilonita,
2756 1124 3121 1194 prophetante
3159 1127 3323 1181 etiam
3361 1125 3552 1183 Obedu
3583 1126 3707 1184 Bei-

2122 1211 2254 1265 theli
2292 1212 2482 1268 ﬁssum
2527 1222 2613 1270 est
2644 1215 2837 1270 altare.
2862 1216 2999 1271 Cum
3030 1216 3265 1274 obiisset
3300 1227 3480 1274 autem
3514 1218 3703 1275 Reho-

2122 1304 2305 1370 lmam,
2346 1304 2660 1391 Salomonis
2711 1308 2879 1371 ﬁlius,
2926 1322 3051 1364 cum
3103 1317 3260 1381 patre
3307 1326 3410 1366 suo
3445 1310 3501 1365 in
3543 1311 3708 1365 domo

2122 1395 2342 1453 D-lVidiS
2365 1396 2612 1469 sepultus
2637 1409 2745 1461 est,
2771 1407 2890 1469 post
2914 1399 3092 1471 ipsum
3125 1410 3390 1470 regnante
3419 1404 3472 1457 in
3503 1401 3702 1458 Iudam

2119 1499 2176 1542 ct
2222 1487 2598 1562 Hierosolyma
2649 1491 2759 1546 ﬁiio
2795 1492 2968 1562 ipsius
3012 1492 3151 1549 Abia
3182 1509 3278 1550 sex
3324 1495 3506 1559 annis,
3540 1496 3706 1563 idque

2122 1593 2264 1634 anno
2298 1579 2514 1635 decium
2551 1588 2745 1635 octavo
2777 1578 2929 1651 regni
2971 1577 3305 1648 lcroboami,
3343 1581 3536 1637 Nahati
3583 1584 3699 1643 lilii,

2122 1671 2265 1741 regis
2308 1671 2550 1728 lsraelis.
2602 1673 2942 1728 Acciderunt
2989 1674 3156 1728 etiam
3201 1675 3351 1729 inter
3387 1673 3581 1729 Abiam
3617 1690 3719 1729 rc-.

2122 1780 2241 1835 gem
2268 1763 2442 1828 Iudae,
2469 1773 2524 1820 et
2551 1763 2840 1820 Jeroboam
2867 1765 3088 1822 lsraelis
3122 1780 3302 1837 regem
3336 1766 3476 1822 bella
3508 1768 3697 1820 multa.

427 1865 526 1903 vos
574 1850 651 1905 ita
700 1866 887 1921 regam
935 1859 994 1905 ut
1040 1859 1346 1907 conventus
1380 1861 1592 1908 vestros
1641 1850 1929 1919 dissipem,
1962 1857 2016 1902 et
2054 1823 2091 1876 Β
2125 1858 2303 1927 ipsum
2339 1858 2393 1912 in
2431 1856 2614 1927 fugam
2656 1865 3014 1914 convertente
3057 1855 3190 1913 Abia
3231 1874 3357 1931 rege
3395 1857 3572 1921 indm,
3610 1874 3696 1912 oc-

422 1948 607 1997 coetus
640 1954 855 1999 vestros
887 1943 1240 2017 dispergam;
1285 1945 1393 2000 hoc
1442 1946 1746 2017 (dixerunt)
1793 1945 1900 2001 illis
1934 1945 2017 1998 di-

428 2050 527 2090 cas
565 2050 631 2089 ne
681 2044 734 2091 te
774 2051 872 2105 pro
926 2052 1101 2106 puero
1139 2037 1413 2102 habeant,
1457 2045 1513 2093 et
1556 2038 1802 2106 ipsorum
1863 2038 1930 2091 de
1970 2046 2019 2090 te

428 2127 787 2196 praesumptio
816 2128 1195 2188 conﬁrmetur.
1238 2131 1484 2196 Quarum
1522 2130 1814 2186 consilium
1857 2144 2018 2184 secu—

428 2227 542 2280 tus,
572 2231 635 2271 ea
671 2216 940 2273 lsraclitis
972 2217 1113 2273 dixit
1144 2235 1267 2289 quae
1298 2219 1432 2289 ipsa;
1470 2219 1547 2273 illi
1600 2229 2017 2287 suggesserant.

425 2304 509 2361 illi
561 2322 714 2375 ergo,
753 2309 957 2362 auditis
1005 2309 1126 2378 ejus
1178 2310 1386 2375 verbis,
1428 2326 1458 2365 a
1510 2313 1800 2380 praesentia
1848 2312 2022 2382 ipsius

426 2397 656 2467 egressi.
700 2402 1021 2455 tuiuultuati
1071 2410 1220 2457 sunt.
1267 2397 1530 2470 Egressus
1564 2418 1696 2473 ergo
1751 2403 1816 2456 ad
1870 2404 2021 2470 ipsos

431 2490 770 2555 Rehoboam,
804 2492 949 2548 misit
978 2494 1045 2548 ad
1082 2495 1231 2564 ipsos
1260 2495 1654 2550 Adoniramum
1689 2494 2018 2549 tributorum

433 2582 953 2655 p'mfectum,quem
989 2587 1065 2641 illi
1101 2587 1237 2641 adeo
1274 2594 1332 2641 ut
1357 2597 1666 2642 moreretur
1688 2586 2017 2656 lapidarunt,

432 2676 676 2748 fugiente
726 2679 794 2733 ab
842 2678 978 2747 ipsis
1028 2678 1383 2735 Belioboamo
1434 2678 1837 2751 Hierosolyma.
1882 2680 2025 2734 Con-

428 2771 635 2841 gregati
673 2785 806 2841 ergo
844 2771 1107 2827 lsraelitte
1135 2788 1316 2843 regem
1353 2774 1459 2829 sibi
1499 2773 1899 2828 constituerunt
1927 2771 2021 2825 Je-

430 2862 795 2929 roboamum,
826 2861 1016 2919 Nabati
1075 2865 1267 2929 ﬁlium,
1309 2877 1472 2934 atque
1528 2864 1599 2917 ita
1660 2863 1894 2919 divisum
1944 2873 2022 2917 est

437 2970 689 3024 regnum.
733 2956 1115 3026 Reguavilque
1155 2955 1474 3022 Jcroboam,
1521 2956 1715 3011 Nahati
1769 2955 1934 3020 ﬁlius,
1971 2956 2023 3009 in

434 3046 629 3103 decem
661 3049 882 3115 tribus;
919 3059 973 3104 et
1005 3049 1228 3112 Nablcs,
1260 3052 1312 3103 in
1339 3066 1447 3118 qua
1483 3058 1537 3103 et
1568 3050 1858 3110 habitavit.
1896 3065 2026 3101 con-

2122 1951 2362 2020 cisisqne
2392 1949 2761 2005 lsraclitarum
2787 1950 3149 2019 quingenties
3182 1949 3349 2014 mille,
3381 1949 3516 2005 adeo
3548 1957 3606 2002 ut
3639 1947 3704 2002 ab

2132 2043 2266 2096 Allia
2306 2057 2430 2112 rege
2464 2040 2617 2096 indic
2655 2043 2871 2097 timeret
2895 2039 3139 2096 Roboam
3172 2040 3389 2096 lsraelis
3418 2054 3531 2093 rex.
3567 2038 3684 2091 Mor

2123 2143 2250 2189 tuus
2294 2144 2475 2190 autem
2514 2135 2648 2190 Abia
2699 2135 2853 2190 .Iudte
2900 2150 2992 2189 rex
3046 2133 3297 2204 sepultus
3345 2142 3427 2186 est
3478 2131 3530 2185 in
3578 2132 3710 2183 urbe

2125 2229 2421 2290 Davidica;
2460 2236 2722 2299 regnante
2775 2237 2893 2295 post
2924 2228 3103 2297 ipsum
3139 2228 3191 2281 in
3240 2226 3378 2280 Juda
3420 2233 3472 2280 cl.
3524 2222 3712 2277 liii-ro-

2127 2320 2350 2391 solymis
2380 2320 2496 2375 ﬁlio
2534 2320 2709 2389 ipsius
2745 2322 2849 2374 Asa
2895 2320 3052 2375 anuis
3081 2321 3441 2392 quadraginta
3476 2327 3529 2372 et
3573 2305 3708 2382 uno,

2128 2416 2292 2479 idque
2355 2429 2500 2469 anno
2556 2414 2704 2483 regni
2757 2412 3109 2476 Jeroboami,
3161 2412 3356 2467 Nahati
3412 2413 3503 2466 ﬁlii
3567 2411 3710 2481 regis

2129 2506 2365 2570 Israelis,
2411 2507 2673 2561 vicesimo
2720 2515 2937 2574 quarto.
2986 2503 3141 2560 Matri
3188 2516 3369 2561 autem
3412 2506 3533 2559 Asm
3569 2505 3710 2571 regis

2125 2599 2278 2655 Iudae
2321 2614 2518 2655 nomen
2554 2607 2681 2655 erat,
2721 2597 2961 2653 Nacmah
2994 2584 3314 2654 Abshalomi
3366 2597 3497 2652 ﬁlia.
3538 2597 3711 2650 Porro

2129 2699 2380 2746 mortuus
2414 2698 2496 2743 est
2541 2688 2832 2744 Jeroboam
2881 2687 3075 2743 Nabati
3117 2687 3279 2749 ﬁlius,
3332 2686 3548 2742 lsraclis
3593 2703 3709 2747 rex,

2129 2792 2416 2851 postquam
2466 2796 2642 2836 annos
2689 2782 2875 2852 viginti
2925 2789 3163 2851 quatuor
3210 2778 3494 2850 regnasset
3523 2820 3536 2840 ,
3589 2786 3713 2846 post

2128 2888 2292 2943 quem
2323 2889 2491 2943 regno
2530 2872 2749 2929 Israelis
2776 2871 2980 2942 potitus
3016 2879 3099 2927 est
3129 2868 3275 2925 ﬁlius
3317 2871 3491 2939 ipsius
3534 2869 3712 2923 Nahat

2130 2967 2288 3021 anuis
2338 2966 2576 3028 duobus,
2622 2965 2783 3036 idque
2824 2979 2969 3019 anno
3002 2964 3154 3034 regni
3202 2962 3322 3018 Asae
3370 2962 3516 3032 regis
3561 2959 3714 3015 Ju'fte

2135 3056 2399 3111 secundo.
2448 3056 2718 3110 Nabatum
2767 3066 2948 3110 autem
3000 3056 3230 3109 adortus
3274 3054 3508 3115 Baasha,
3565 3053 3715 3105 Allia:

436 3138 599 3205 didit,
627 3156 840 3196 necnon
868 3142 1134 3199 Phanuel.
1170 3143 1439 3211 Regnavit
1469 3151 1654 3198 autem
1685 3140 2025 3202 Rehoboam,
2057 3185 2100 3240 ϐ
2136 3150 2301 3212 ﬁlius,
2325 3149 2651 3204 Gibbcthoni
2700 3149 2877 3218 ipsum
2919 3146 3215 3210 interfecit,
3247 3159 3577 3215 omnemque
3608 3160 3714 3198 una

435 3236 749 3291 Salomonis
777 3238 939 3303 ﬁl’us,
973 3240 1025 3292 in
1050 3239 1252 3295 tribum
1282 3237 1437 3294 Iudae
1462 3247 1518 3294 et
1539 3239 1847 3310 Beniamin.
1884 3235 2025 3291 Ραθ-

435 3339 676 3397 rumque
718 3328 1095 3394 Rchoboamo,
1145 3330 1460 3385 Salomonis
1504 3329 1652 3393 ﬁlio,
1727 3329 2024 3383 bellatores

438 3419 651 3474 centies
696 3420 863 3473 vicies
906 3422 1075 3486 mille,
1129 3423 1440 3491 multasque
1483 3421 1727 3490 possedit
1763 3421 1949 3484 urbes,
1995 3438 2025 3473 e

434 3511 637 3578 quibus
664 3511 1003 3578 Bcthlehcm,
1036 3515 1294 3574 Batshur.
1323 3513 1484 3586 Zipb,
1521 3516 1746 3577 Laliish,
1779 3516 1941 3581 Gath,
1973 3524 2026 3572 et

436 3601 631 3667 Azika,
656 3619 781 3658 cum
810 3606 1068 3662 omnibus
1102 3616 1263 3662 terrae
1290 3607 1535 3663 Judaicre
1567 3618 1619 3660 et
1653 3609 2025 3678 Benjamiticze

438 3695 694 3751 urbibus.
725 3696 851 3752 Fuit
879 3702 1038 3753 matri
1073 3699 1248 3769 ipsius
1281 3715 1481 3755 nomen
1516 3700 1722 3764 Nanak,
1752 3716 1782 3753 e
1815 3699 2027 3755 filiabus

440 3787 903 3850 Aiuiuonitarum,
940 3804 1063 3858 quin
1099 3788 1278 3858 ipsum
1312 3788 1378 3841 ad
1416 3786 1558 3842 idola
1606 3788 1836 3842 colenda
1885 3786 2019 3841 inci-

438 3883 599 3934 tavit.
646 3880 713 3935 At
755 3878 1073 3946 Jeroboam,
1124 3880 1318 3935 Nabati
1381 3880 1544 3946 ﬁlius,
1591 3881 1789 3934 timens
1836 3879 2028 3953 185-

442 3973 605 4045 187
630 3990 699 4028 ne
728 3973 1014 4039 lsraelitte,
1045 3974 1087 4027 si
1121 3989 1245 4028 cum
1282 3973 1524 4028 victimis
1560 3973 1933 4044 Hierosolyma
1962 3973 2025 4027 ad

438 4070 663 4120 domum
715 4065 933 4120 Domini
981 4065 1363 4131 ascenderem,
1413 4079 1538 4119 cum
1575 4065 1836 4133 templum
1882 4064 2029 4118 vide-

444 4167 586 4220 rent.
617 4160 671 4212 in
699 4158 876 4228 ipsum
900 4159 1247 4220 rebellarent,
1278 4155 2028 4226 Rehoboamoque,Salomo-

444 4250 531 4305 nis
567 4249 700 4315 ﬁlio,
747 4248 903 4304 ιυιιυε
935 4249 1046 4321 regi
1081 4249 1380 4314 traderent,
1409 4249 1550 4305 duos
1588 4251 1791 4303 vitulos
1832 4263 2031 4303 aureos

442 4342 708 4409 confecit,
740 4356 980 4412 quorum
1024 4355 1194 4395 unum
1234 4341 1288 4394 in
1321 4337 1537 4404 Bethel,
1571 4339 1801 4394 alterum
1836 4340 1889 4393 in
1926 4338 2028 4392 Ba-

445 4435 562 4490 nias
596 4435 798 4504 posuit,
834 4433 1146 4503 iisdemque
1177 4432 1497 4488 sacerdotes
1522 4448 1551 4486 e
1586 4430 1791 4487 Levitis
1823 4434 2029 4487 consti-

2132 3241 2467 3307 Jeroboami,
2522 3241 2714 3295 Nahati
2768 3239 2900 3300 ﬁlii.
2948 3239 3285 3310 prageniem.
3343 3237 3718 3308 Regnavitqtt‘.

2132 3336 2343 3391 Baasha
2385 3336 2541 3390 Aliiae
2590 3334 2755 3400 ﬁlius,
2811 3335 2864 3388 in
2904 3333 3164 3388 lsraelcm
3216 3332 3271 3386 in
3325 3329 3484 3385 Tirsa
3543 3343 3719 3387 annos

2131 3426 2324 3496 viginti
2350 3434 2626 3494 quatuor;
2661 3426 2829 3495 idque
2871 3439 3019 3479 anno
3053 3424 3207 3493 regni
3241 3426 3362 3476 Asm
3393 3423 3539 3492 regis
3565 3419 3719 3475 ludas

2130 3520 2314 3575 tertio.
2365 3518 2554 3585 Porro,
2592 3518 2756 3573 inulla
2793 3514 2956 3588 189
2989 3513 3145 3587 191
3192 3514 3333 3569 inter
3364 3514 3527 3570 Asam
3566 3512 3722 3569 Iudae

2132 3626 2335 3677 regem,
2369 3621 2422 3665 ct
2450 3611 2713 3665 Baasliani
2750 3608 2971 3663 lsraelis
3001 3621 3179 3674 regem
3213 3605 3527 3660 acciderunt
3557 3604 3717 3660 belia.

2203 3700 2502 3756 iuvadcnte
2554 3710 2734 3754 autem
2794 3699 3007 3752 Baasha
3066 3698 3287 3752 lsraelis
3339 3712 3465 3766 rege
3515 3705 3719 3751 terram

2131 3793 2304 3857 Judm,
2338 3793 2640 3860 urbemque
2673 3792 2840 3845 Rama
2865 3799 3209 3853 exstrucnte,
3238 3791 3407 3844 multa
3438 3788 3588 3843 misit
3610 3788 3720 3842 Asa

2131 3885 2195 3939 ad
2222 3882 2431 3949 Iladad,
2457 3882 2690 3938 Jazaclis
2716 3882 2905 3945 ﬁlium,
2938 3880 3188 3936 Damasci
3221 3894 3425 3949 regem,
3463 3865 3715 3938 munera.

2132 3988 2437 4044 omnesque
2471 3988 2612 4044 quos
2655 3973 2803 4028 demi
2840 3987 2955 4027 sua:
2988 3970 3180 4026 habuit
3211 3966 3354 4034 auri,
3385 3972 3617 4040 argenti.
3658 3985 3722 4023 ac

2133 4081 2468 4140 gemmarum
2510 4066 2826 4126 thesauros.
2876 4078 3035 4134 opem
3085 4063 3154 4119 ab
3198 4064 3320 4134 ipso
3354 4071 3545 4118 contra
3582 4063 3720 4116 Βηπ-

2134 4163 2312 4223 sham,
2344 4159 2564 4216 lsraelis
2592 4174 2772 4230 regem
2812 4166 3044 4229 petens;
3081 4170 3252 4225 quare
3286 4156 3433 4211 misit
3460 4156 3566 4226 ipsi
3611 4154 3720 4209 lla-

2133 4254 2236 4307 dad
2257 4251 2491 4309 Jazaelis
2514 4253 2680 4317 ﬁlius,
2715 4253 3021 4308 exercitum
3050 4265 3305 4323 magnum
3330 4248 3385 4304 in
3419 4249 3719 4310 auxilium;
3754 4280 3760 4285 -

2134 4361 2373 4416 quocum
2408 4361 2664 4416 egressus
2690 4345 2881 4399 urbem
2916 4343 3151 4398 fontium
3184 4354 3237 4398 et
3273 4341 3390 4409 Bal,
3428 4342 3723 4404 omniaque

2136 4438 2462 4503 repositoria
2494 4447 2810 4506 terramque
2846 4436 3162 4505 Naphtalim
3202 4436 3523 4490 universam
3563 4436 3720 4489 deva-

446 4526 568 4585 tuit.
603 4526 794 4581 dicens
825 4526 1001 4596 ipsis:
1028 4524 1090 4579 lli
1117 4532 1248 4581 sunt
1271 4526 1345 4580 dii
1377 4529 1543 4580 vesui
1569 4527 1661 4595 qui
1690 4542 1788 4580 vos
1817 4542 1848 4579 e
1869 4541 2031 4579 manu
2071 4539 2112 4594 ί)
2143 4532 2327 4586 slavit.
2360 4530 2515 4596 Quod
2539 4546 2664 4584 cum
2698 4529 2963 4583 atullisset
2994 4527 3229 4589 Baasha,
3260 4526 3478 4581 Israelis
3510 4542 3625 4586 rex.
3657 4526 3723 4577 ab

449 4619 1105 4679 Pharaonisliberarunt,
1141 4619 1307 4672 colite
1325 4618 1649 4689 ergoipsos,
1675 4634 1798 4672 cum
1821 4635 1929 4673 non
1968 4622 2039 4675 sit

448 4727 585 4782 opus
604 4719 664 4766 ut
680 4710 1060 4783 Hierosolyma
1077 4712 1390 4767 ascendatis
1410 4727 1425 4777 ;
1449 4711 1580 4780 quin
1601 4720 1655 4764 ct
1682 4711 1881 4766 festum
1921 4727 2037 4765 ma-

450 4819 618 4873 gnum
661 4804 769 4859 illis
789 4802 1218 4869 instituit,sicnt
1248 4802 1299 4856 in
1322 4811 1466 4857 terra
1485 4801 1640 4857 Judte
1660 4802 1774 4856 ﬁcri
1806 4804 2035 4856 solebat.

521 4894 692 4950 Porro
738 4909 865 4951 cum
913 4908 1061 4948 anno
1121 4892 1489 4956 Rehoboami,
1545 4891 1862 4946 Salomonis
1919 4892 2037 4957 ﬁlii,

449 4987 667 5056 quinto,
695 4987 1024 5042 ascenderet
1053 4984 1253 5040 Shisak
1276 4984 1494 5038 Pharao
1523 4980 1884 5052 Egyptiacus
1914 4983 2039 5036 llic-

451 5080 729 5150 rosolyma
761 5095 886 5135 cuni
917 5079 1050 5132 viris
1079 5079 1247 5132 vicies
1276 5086 1328 5130 et
1360 5079 1444 5132 his
1477 5076 1625 5131 tuille
1658 5079 1914 5147 (quorum
1948 5096 2033 5132 se-

452 5174 591 5242 pties
639 5172 786 5227 mille
829 5172 1046 5243 equites
1077 5168 1257 5240 erant)
1305 5168 1547 5237 fugiente
1592 5169 1661 5223 ab
1693 5168 1814 5237 ipso
1854 5168 2036 5222 llelio-

452 5268 672 5333 boaino,
708 5267 853 5336 cepit
898 5263 1135 5320 Shishak
1182 5278 1373 5318 omnes
1403 5262 1520 5316 auri
1567 5271 1623 5317 et
1657 5263 1870 5332 argenti
1919 5264 2035 5317 the-

452 5373 649 5415 sauros
672 5359 770 5429 qui
811 5359 866 5413 in
894 5358 1060 5414 domo
1100 5354 1313 5411 Domini
1345 5354 1611 5419 fuerunt;
1645 5369 1859 5409 necnon
1887 5363 2038 5410 scuta

458 5469 622 5508 aurea
658 5463 714 5508 et
737 5465 1016 5524 argentea.
1044 5468 1167 5523 quae
1202 5453 1257 5505 in
1291 5466 1417 5506 arce
1451 5451 1620 5521 regia.
1655 5465 1892 5520 quorum
1920 5450 2041 5507 loco

454 5547 562 5600 alia
607 5561 673 5601 ex
708 5561 817 5601 aere
855 5544 1093 5600 confecit
1135 5544 1473 5604 Rchohoaui,
1530 5542 1842 5595 Salomonis
1876 5540 2040 5596 ﬁlius.

462 5637 628 5693 Multa
659 5646 843 5693 autem
872 5636 1198 5693 acciderunt
1229 5638 1373 5691 inter
1410 5635 1848 5701 Rehoboamum,
1888 5634 2040 5689 Salo-

459 5730 638 5785 monis
672 5728 867 5795 ﬁlium,
899 5737 949 5782 et
980 5725 1395 5791 Jeroboamnm,
1427 5723 1625 5779 Nabati
1658 5723 1850 5788 ﬁlium,
1876 5723 2037 5789 bella,

458 5820 727 5892 quamdiu
779 5819 834 5875 in
882 5819 1019 5875 vivis
1071 5829 1213 5873 esst't
1270 5815 1604 5872 llehoboam.
1662 5814 1830 5870 Porro
1885 5815 2041 5872 duxit

2143 4617 2462 4672 :ediﬁcauda
2496 4614 2666 4669 Roma
2715 4617 2992 4671 desistens
3042 4615 3258 4671 Tirsam
3294 4631 3556 4670 reversus
3600 4625 3722 4676 e5t;

2146 4706 2250 4761 Asa
2305 4717 2489 4760 autem
2544 4706 2701 4760 Judze
2756 4721 2877 4774 rex,
2936 4704 3623 4777 comportatis'lapidibos
3671 4716 3726 4759 ct

2146 4800 2307 4867 lignis
2352 4800 2554 4868 quibus
2604 4797 2829 4851 Romam
2863 4804 3147 4854 exstruere
3196 4797 3443 4851 voluerat
3491 4797 3726 4864 Baasha,

2146 4890 2361 4945 lsraelis
2399 4905 2516 4954 rex,
2565 4890 2632 4945 iis
2671 4904 2864 4943 omnes
2908 4904 3066 4943 arces
3110 4904 3175 4943 ac
3213 4888 3434 4943 castella
3478 4889 3532 4944 in
3582 4899 3723 4945 terra

2145 4981 2499 5053 Benjamitit-a
2526 4982 2816 5036 exstruxit.
2844 4980 3159 5051 Contraque
3182 4983 3360 5052 ipsum
3390 4994 3512 5036 cum
3539 4996 3726 5053 egres-

2144 5090 2239 5130 sus
2282 5083 2429 5129 esstt
2470 5072 2670 5136 Zarah,
2723 5073 3081 5128 Cushaeorum
3135 5075 3250 5145 (qui
3307 5083 3442 5129 sunt
3479 5073 3723 5143 Nigritrel

2147 5181 2263 5232 rex,
2290 5180 2415 5220 cum
2446 5163 2711 5219 militibus
2733 5163 2933 5219 millies
2964 5164 3134 5231 tuille,
3161 5180 3461 5221 occurrens
3489 5166 3590 5235 ipsi
3620 5169 3724 5220 ASa

2146 5256 2302 5311 Iuda:
2339 5269 2432 5309 rex
2465 5270 2589 5307 cum
2638 5257 2901 5310 trecentis
2947 5256 3013 5309 de
3046 5254 3185 5310 Juda
3239 5257 3526 5317 militibus,
3572 5267 3627 5310 et
3662 5257 3727 5308 de

2146 5350 2466 5418 Benjamine
2500 5346 2896 5419 quinquaginta
2930 5347 3151 5404 duobus
3184 5349 3452 5410 millibus.
3487 5347 3727 5419 Nigritai

2148 5444 2200 5498 in
2249 5442 2433 5513 fugam
2478 5439 2772 5505 convertit,
2818 5454 3012 5508 magna
3045 5442 3288 5509 ipsorum
3331 5448 3515 5510 strage
3557 5439 3725 5498 edilu.
3796 5463 3800 5467 ~

2145 5536 2435 5606 captisque
2469 5548 2590 5605 quae
2624 5546 2813 5588 secum
2856 5530 3117 5586 attulerat
3150 5529 3434 5587 omnibus.
3477 5529 3725 5586 Mortuus

2146 5636 2327 5683 autem
2362 5627 2597 5691 Baasha,
2638 5623 2863 5681 lsraelis
2886 5619 3021 5687 'rex,
3060 5622 3114 5677 in
3148 5620 3306 5677 Tirsa
3342 5623 3586 5694 sepultus
3620 5634 3724 5676 cst.

2146 5718 2274 5776 Post
2323 5736 2495 5790 quem
2541 5722 2595 5775 iu
2650 5719 2927 5774 lsraelltas
2978 5716 3192 5770 duobus
3242 5715 3405 5771 anuis
3458 5717 3511 5770 in
3567 5716 3725 5770 Tirsa

2149 5815 2396 5885 regnavit
2443 5814 2586 5868 ﬁlius
2628 5814 2799 5882 ipsius
2840 5811 2950 5878 Ela,
2996 5810 3158 5879 idque
3206 5823 3351 5864 anno
3396 5810 3541 5879 Asan,
3587 5809 3726 5880 regis
