4076 6394
413 186 513 251 951

405 413 657 513 princeps
688 420 787 475 fuit
825 424 994 487 Otnri,
1027 430 1118 497 qui
1158 432 1308 488 Elam
1344 413 1785 513 adortugvip-snm
1815 413 1986 504 inter;

407 502 553 573 fecit,
612 526 829 582 unaque
880 528 1044 574 totam
1096 522 1341 592 Baashaa,
1379 533 1523 601 regis
1568 536 1810 605 lsraelis,
1861 558 1986 612 pro-

404 600 637 668 sapiam.
670 604 836 662 Erant
868 608 1023 682 [tunc
1057 622 1346 694 temporis]
1380 600 1639 683 lsraelitae
1666 600 1982 705 congregati

405 692 458 744 in
505 693 776 753 Gibethon
828 704 894 756 ad
940 705 1139 761 bellum
1192 692 1512 784 alienigenis
1566 692 1981 802 [infereiiduin],

404 800 663 854 quorum,
700 807 826 847 cum
861 795 929 851 de
961 801 1107 854 caede
1158 803 1264 856 Elm
1299 810 1440 877 regis
1477 814 1562 865 sui
1596 819 1844 872 ntmtium
1893 795 1985 875 ac-

403 879 701 947 cepissent,
760 888 1051 944 voluerunt
1102 895 1271 958 aliqui
1323 910 1379 951 ιιι
1432 918 1598 969 regno
1647 910 1983 973 praeficerem

403 967 540 1063 ipsis
585 969 777 1040 Omri;
827 979 916 1033 alii
970 981 1155 1045 Tibni.
1203 988 1458 1046 Gaiuathi
1498 967 1706 1063 "ﬁlium,
1758 1002 1861 1056 sibi
1914 1006 1979 1059 ad

404 1056 565 1114 breve
609 1071 872 1134 temporis
918 1076 1154 1141 spatium
1196 1082 1558 1148 praefecerunt
1603 1105 1617 1142 :
1657 1102 1780 1158 post
1812 1096 1979 1163 quod,

403 1160 620 1208 mortuo
658 1157 840 1225 Tibni,
898 1169 1151 1234 regnavit
1202 1171 1254 1223 in
1310 1173 1568 1231 lsraelem
1607 1157 1759 1236 Oinri
1807 1200 1980 1243 annos

400 1241 710 1314 duodecim,
738 1250 899 1321 idque
922 1272 1067 1312 anno
1097 1263 1246 1329 regni
1279 1266 1422 1325 Asre.
1466 1272 1609 1339 regis
1634 1271 1814 1337 Judre,
1834 1279 1982 1331 vice-

400 1334 543 1391 simo
569 1341 835 1410 septimo;
870 1363 1101 1415 quorum
1140 1369 1235 1409 sex
1268 1357 1319 1410 in
1345 1359 1500 1414 Tirsa
1529 1334 1797 1435 regnavit,
1832 1368 1981 1441 [qni-

399 1425 525 1500 bus]
554 1439 607 1483 et
650 1432 838 1489 urbem
885 1440 1132 1497 condidit
1165 1462 1329 1514 quam
1372 1425 1663 1521 appellavit
1925 1462 1977 1514 in

399 1530 583 1575 Inontc
620 1523 852 1596 Samer;
894 1547 990 1587 sex
1031 1534 1088 1590 in
1141 1537 1410 1598 Samaria.
1460 1543 1664 1602 Deinde
1707 1560 1978 1619 mortuus,

398 1609 659 1672 Samaria:
684 1624 933 1692 sepultus
977 1638 1081 1683 est.
1124 1629 1257 1688 Post
1292 1637 1305 1688 i

395 1702 671 1777 Samaria,
696 1719 944 1784 regnatit
985 1722 1133 1779 ﬁlius
1164 1726 1335 1794 ipsius
1374 1729 1551 1795 Ahab.
1587 1750 1761 1791 annos
1793 1702 1982 1805 viginti

397 1812 585 1866 unum,
620 1800 784 1873 idque
821 1823 967 1863 anno
998 1817 1148 1885 regni
1177 1819 1298 1873 Asae
1336 1823 1479 1892 regis
1511 1823 1663 1880 Iudae
1704 1832 1984 1887 tricesimo

395 1899 611 1947 octavo.
644 1895 885 1956 Affectus
917 1912 1002 1957 est
1023 1915 1207 1962 autem
1241 1910 1370 1976 Asa,
1396 1929 1516 1968 cum
1554 1922 1852 1988 senuisset,
1884 1941 1982 1993 po-

394 1984 564 2053 dagra
596 2005 611 2053 ;
642 2004 742 2045 nec
769 1992 935 2048 desiit
965 1997 1019 2050 in
1052 2002 1456 2071 tranquillitate
1486 2018 1540 2063 et
1572 2025 1706 2079 pace
1735 1984 1980 2083 regnare.

398 2074 532 2144 Ejus
563 2088 810 2152 tempore
845 2090 1243 2156 prophetat-unt
1274 2094 1508 2164 Hanani,
1542 2113 1595 2156 et
1624 2104 1770 2161 filius
1802 2107 1980 2177 ipsius

394 2167 557 2237 .lebu,
590 2182 807 2230 net-non
846 2180 1064 2247 Azaria,
1101 2182 1268 2242 Ohedi
1316 2191 1479 2259 ﬁlius,
1518 2167 1976 2265 prophetae-Cum

395 2262 630 2320 obiisset
665 2278 847 2324 autem
878 2272 1008 2337 Asa,
1050 2274 1205 2331 Juda:
1238 2296 1354 2345 rex,
1393 2284 1444 2337 in
1475 2291 1607 2340 m-I'e
1641 2287 1859 2347 Davidis
1889 2311 1978 2350 sc-

397 2354 581 2421 pultus
615 2369 721 2412 est.
773 2359 905 2438 Post
936 2365 1115 2434 ipsum
1149 2370 1202 2423 in
1236 2371 1429 2428 Judam
1465 2376 1862 2449 Hierosolymis
1895 2401 1980 2439 re—

393 2446 580 2513 gnavit
615 2449 764 2506 ﬁlius
799 2451 1105 2525 Joshapbat
1142 2476 1319 2516 annos
1361 2475 1522 2523 natus
1561 2446 1781 2541 triginta
1814 2478 1976 2543 quin-

393 2555 541 2606 que;
597 2547 954 2616 regnavitque
1001 2565 1178 2608 annos
1230 2555 1421 2627 viginti
1468 2562 1753 2633 quinque;
1811 2568 1976 2638 idque

391 2647 538 2686 anno
570 2636 717 2705 regni
758 2638 950 2705 Ahahi,
997 2644 1138 2712 regis
1174 2645 1388 2702 lsraelis
1418 2693 1431 2713 ,
1471 2666 1691 2721 quarto.
1734 2636 1976 2727 lnclyius

395 2728 577 2775 autem
609 2726 784 2780 evasit
820 2744 910 2783 rex
947 2728 1271 2803 Joshaphat,
1302 2739 1614 2811 opibusque
1644 2756 1695 2800 et
1729 2726 1971 2805 exercitu

394 2811 625 2906 pollens.
683 2815 1036 2893 193ο195
1074 2823 1223 2894 Ejus
1283 2830 1529 2899 tempore
1580 2838 1975 2906 praphetarunt

392 2901 568 2957 Micha
613 2906 745 2967 Elaz.
790 2908 929 2964 Jehn
977 2911 1211 2981 llanani,
1252 2917 1467 2974 Eliazar
1510 2901 1745 2998 Dtiilavfe
1781 2930 1971 2999 illius;

391 2993 624 3093 Dhadia,
658 2998 774 3054 Elia
811 3003 925 3070 (qui
955 3007 1244 3064 Al-Clmdr
1273 3017 1404 3082 est),
1437 3027 1490 3070 et
1529 2993 1701 3087 ipsius
1733 2993 1972 3093 disciptt;

392 3081 479 3173 ius
516 3088 725 3147 Elisha.
765 3091 887 3150 Fuit
920 3098 1111 3152 eodem
1163 3081 1408 3171 tempore
1435 3081 1597 3161 etiam
1643 3081 1965 3183 pseudopro-

392 3166 552 3248 pbeta
586 3186 806 3242 nomine
844 3189 1099 3257 Sedekia,
1130 3166 1445 3251 Citati-uanae
1485 3166 1654 3254 ﬁlius:
1693 3166 1974 3259 Ahab'au-

392 3284 523 3334 tem.
559 3274 779 3331 lsraelis
832 3296 947 3345 rex,
982 3299 1210 3339 uxorem
1263 3290 1418 3342 duxit
1466 3296 1687 3347 nomine
1722 3296 1974 3361 lzbelem,

391 3365 701 3433 'l‘halmani,
753 3371 894 3441 regis
933 3371 1177 3441 Sidonis,
1228 3377 1436 3445 filiam;
1484 3386 1686 3436 struxit
1733 3386 1894 3439 etia'n
1923 3390 1974 3442 in

393 3454 639 3513 Samaria
694 3464 976 3529 templum,
1033 3466 1088 3519 in
1141 3484 1252 3536 quo
1303 3473 1537 3539 positum
1588 3475 1790 3529 idolum
1851 3481 1974 3534 Bnel

396 3549 593 3604 coluit.

465 3642 636 3698 Porro
693 3646 867 3703 Ahabi
927 3653 1069 3721 regis
1124 3655 1341 3711 lsraelis
1408 3665 1671 3726 tempore,
1730 3663 1973 3719 lsraelita

390 3734 613 3800 quidam
650 3736 772 3802 fuit,
807 3744 1027 3797 notuiue
1053 3744 1292 3811 Nabuth,
1315 3748 1400 3803 cui
1436 3751 1629 3805 h0rtus
1684 3755 1973 3810 admodum

389 3826 611 3897 elegans
669 3829 795 3894 fuit,
854 3850 1013 3904 quem
1064 3852 1188 3891 cum
1239 3850 1468 3907 cuperet
1530 3859 1621 3899 rex
1678 3848 1852 3909 Ahab,
1906 3850 1970 3903 ad

390 3916 698 3975 Nabothum
752 3926 999 3990 mittens,
1056 3937 1114 3983 ut
1162 3931 1267 3987 sibi
1298 3932 1452 3986 illum
1487 3938 1747 3992 venderet
1796 3941 1971 4008 petiit,

394 4021 581 4078 utpote
615 4015 825 4071 a'dibns
854 4020 971 4073 suis
1008 4021 1272 4079 vicinum.
1334 4024 1579 4093 Negante
1611 4028 1881 4095 Nabutho,
1911 4049 1973 4084 ac

394 4106 659 4161 dicente:
700 4110 903 4165 llortus
945 4114 1046 4166 iste
1080 4114 1209 4168 mihi
1247 4114 1595 4171 haareditario
1624 4120 1747 4187 jure
1799 4138 1827 4175 a
1881 4140 1974 4191 pa-

391 4200 571 4253 tribus
611 4208 776 4268 atque
824 4203 941 4255 avis
985 4203 1230 4268 obvutit,
1282 4207 1516 4277 ideoque
1569 4211 1747 4278 ipsum
1799 4228 1972 4282 neque

393 4287 650 4355 vendam,
683 4305 862 4359 neque
888 4292 1034 4346 dono
1082 4296 1248 4350 dabo.
1283 4295 1421 4351 Cum
1451 4315 1592 4368 aegre.
1648 4301 1751 4355 hoc
1805 4303 1972 4357 ferret

393 4379 548 4433 Λιιςώ
575 4381 715 4436 adeo
742 4395 800 4436 ut
829 4383 907 4437 ira
936 4395 988 4439 et
1023 4387 1215 4440 dolore
1249 4389 1578 4457 alﬁceretur,
1621 4394 1867 4462 ingressa
1900 4396 1968 4451 ad
2001 4386 2049 4444 Β

391 4477 568 4534 ipsum
603 4474 745 4528 lzbel
784 4493 924 4531 uxor
956 4477 1095 4531 dixit
1132 4497 1143 4532 :
1174 4479 1312 4546 Quid
1340 4481 1445 4537 hoc
1490 4486 1566 4538 rei
1601 4497 1685 4541 est
1716 4489 1861 4556 quod
1917 4499 1968 4543 te

393 4577 651 4620 intestum
716 4584 779 4619 ac
846 4572 1056 4623 tristem
1138 4574 1523 4639 (‘0!lSpiCiillli?
1581 4577 1969 4648 Respondente

393 4659 530 4712 nlo:
566 4658 703 4712 Cum
756 4676 785 4713 a
841 4660 1095 4716 Nabotlio
1139 4665 1386 4732 petierim
1438 4674 1498 4720 ut
1550 4669 1680 4722 mihi
1751 4672 1965 4723 hortum

390 4750 671 4816 venderet,
709 4761 872 4820 atquc
906 4754 996 4807 ille
1031 4757 1335 4824 negaverit,
1369 4758 1476 4828 hoc,
1502 4773 1587 4812 me
1636 4760 1774 4814 male
1805 4762 1968 4814 habet

388 4842 535 4906 quod
570 4858 655 4897 me
689 4845 976 4912 repulerit,
1023 4862 1200 4915 neque
1234 4850 1380 4915 quod
1426 4850 1571 4904 volui
1625 4855 1962 4919 praestiterit.

394 4935 626 5003 Egressa
657 4950 786 5006 ergo
817 4936 960 4991 lzbel
1012 4939 1082 4991 ab
1133 4939 1326 4993 Λιιδὶιο
1379 4957 1525 5007 rege,
1589 4942 1964 5023 lsra‘elitarum

391 5026 744 5091 quibusdam.
777 5028 869 5096 qui
902 5030 1002 5096 ipsi
1053 5031 1434 5086 contradicere
1491 5038 1787 5099 nesrireut,
1835 5052 1967 5090 con-

389 5118 622 5182 vocatis,
648 5119 789 5172 dixit
817 5119 1251 5177 :Testimouium
1276 5124 1407 5177 mihi
1435 5135 1624 5178 contra
1657 5124 1963 5181 Nabmhum

390 5210 702 5280 perhibete,
730 5212 908 5279 ipsum
944 5211 1112 5267 Deum
1144 5216 1469 5286 ahnegasse,
1514 5225 1570 5271 et
1601 5216 1736 5272 Μοδί
1775 5221 1957 5273 convi-

386 5309 589 5359 cialum
617 5319 774 5365 esse;
816 5306 960 5372 quod
995 5321 1118 5359 cum
1154 5306 1232 5359 illi
1270 5309 1322 5360 in
1362 5307 1525 5378 196
1556 5309 1732 5377 ipsum
1782 5310 1966 5364 testati

385 5407 599 5463 essent,
630 5396 787 5464 jussu
819 5395 1013 5453 lzhelis
1042 5398 1315 5468 lapidatus
1355 5410 1466 5466 est,
1505 5401 1644 5455 adeo
1671 5412 1728 5454 ιιι
1786 5418 1966 5455 more-

388 5500 563 5544 retur.
595 5488 734 5543 Tum
762 5488 1009 5559 ingressa
1066 5491 1132 5543 ad
1167 5490 1447 5563 Ahabum,
1497 5508 1681 5563 regem
1727 5494 1965 5561 lsraelis,

387 5577 563 5633 lzebel
603 5600 617 5635 :
655 5580 733 5634 Ne
775 5582 1001 5650 angaris
1033 5582 1281 5652 (inquit),
1319 5583 1495 5639 occidi
1552 5585 1824 5655 siquidem
1859 5584 1968 5640 Na-

390 5672 653 5740 botltutn;
688 5675 875 5746 accipe
905 5691 1036 5745 ergo
1091 5677 1332 5733 hortum.
1384 5679 1667 5736 Accedens
1711 5696 1843 5751 ergo
1898 5679 1966 5734 ad

1430 213 1736 284 EU'PYCH
1750 225 1804 284 Π
1845 226 1883 284 Α
1899 228 2381 303 LEXANDRINI
2421 247 2641 315 PATR.

405 320 580 390 Iudae,
615 326 878 387 vicesimo
917 345 1094 393 sexto.
1143 339 1252 397 Elae
1299 352 1480 401 autem
1517 351 1676 423 192
1710 360 1975 416 exercitus

2103 350 2377 423 Ahabum,
2432 377 2612 435 regem

2668 370 2908 439 lsraelis,
2958 376 3102 435 Elias
3160 388 3447 455 proliheta,
3486 394 3660 461 ipsum

2094 447 2383 519 increpans
2418 473 2434 509 :
2467 457 2611 513 Cave
2642 461 2864 534 (inquit)
2890 465 3125 526 Nabothi
3154 447 3366 534 borium
3402 447 3662 555 accipias,

2093 550 2189 635 ant
2215 547 2280 601 ad
2322 549 2496 616 ipsum
2535 562 2964 630 appropinques.
2998 563 3171 625 Iratus
3203 573 3415 630 scilicet
3445 547 3537 634 est
3563 547 3662 635 tibi

2095 633 2381 699 Dominus.
2419 652 2533 697 tum
2568 653 2711 714 qttod
2743 650 2883 706 idola
2935 658 3107 720 colas,
3142 670 3252 717 tum
3299 669 3439 735 quod
3488 633 3665 726 izebei.

2092 742 2231 781 uxor
2254 738 2345 784 tua
2380 733 2689 794 Nabothum
2727 744 2930 808 injuste
2976 751 3276 820 occiderit;
3319 733 3661 827 potestatem

2088 833 2220 888 ergo
2273 828 2538 882 concedet
2594 833 2860 892 Dominus
2913 840 2965 894 in
3027 851 3100 908 te,
3160 856 3211 901 et
3270 848 3321 901 in
3379 852 3663 915 lzehelem.

2090 908 2255 986 [alii]
2285 917 2458 984 quiet
2494 931 2546 975 te
2599 936 2651 977 et
2698 927 2871 995 ipsam
2929 922 3241 992 interficiet.
3294 943 3451 997 Ahab
3500 908 3667 1016 igitur

2087 1020 2206 1069 rex,
2256 1011 2448 1066 audito
2504 1014 2634 1072 Eliae
2681 1034 2959 1092 sermone,
3015 1031 3382 1096 perterritus.
3444 1036 3662 1091 hortum

2086 1097 2350 1166 deseruit,
2381 1120 2484 1160 nec
2519 1109 2584 1163 ad
2621 1112 2798 1182 ipsum
2835 1123 3091 1175 accessit.
3121 1122 3191 1178 At
3224 1126 3425 1193 lzebel,
3471 1133 3667 1184 audito

2090 1189 2261 1247 Eiiam
2303 1199 2622 1266 prophetam
2674 1222 2857 1277 regem
2897 1211 3183 1280 impediise
3212 1232 3279 1272 ne
3316 1219 3535 1275 hortum
3568 1238 3662 1276 ae-

2089 1285 2317 1354 riperet,
2382 1292 2533 1347 misit
2589 1309 2713 1364 post
2765 1314 2888 1354 eum
2941 1304 3038 1372 qui
3092 1306 3270 1375 ipsum
3328 1311 3664 1365 occiderent.

2088 1375 2337 1437 Metuens
2370 1397 2503 1453 ergo
2532 1388 2599 1442 ab
2632 1388 2747 1458 ipsa
2789 1393 2933 1449 Elias
2982 1394 3273 1452 Dominum
3316 1403 3539 1471 supplex
3579 1420 3666 1457 ro-

2084 1470 2233 1535 gavit
2264 1474 2407 1528 nein
2442 1483 2642 1531 terram
2682 1482 2922 1548 pluviam
2956 1487 3300 1554 dimitteret;
3335 1470 3451 1557 ipse
3478 1504 3659 1548 autem

2089 1575 2183 1626 per
2208 1560 2468 1621 Iordanis
2522 1570 2756 1624 confinia
2804 1573 2857 1627 in
2901 1586 3137 1631 montem
3191 1577 3372 1635 lioreb
3419 1582 3534 1652 (qni
3578 1596 3661 1637 est

1312 1651 1471 1703 psum
1523 1641 1576 1695 in
1614 1642 1893 1707 lsraelem.
1925 1647 1977 1701 in
2012 1675 2057 1734 Β
2088 1669 2246 1708 mons
2277 1656 2435 1727 Sina)
2476 1659 2714 1730 fugiens,
2746 1665 2819 1717 ibi
2860 1666 2911 1719 in
2943 1665 3107 1724 fontis
3150 1671 3346 1726 ﬁssura
3375 1673 3663 1733 habitavit.

2086 1760 2116 1796 e
2149 1761 2254 1814 qua
2287 1757 2341 1802 et
2387 1765 2583 1818 aquam
2634 1755 2796 1820 bibit,
2855 1774 3022 1813 corvo
3072 1762 3177 1832 ipsi
3227 1765 3467 1832 quotidie
3507 1782 3668 1819 mane

2090 1851 2310 1899 panem.
2361 1844 2577 1909 vesperi
2635 1861 2859 1901 carnem
2921 1866 3085 1918 quam
3141 1852 3328 1907 ederet
3382 1854 3662 1908 afferente.

2086 1929 2208 1984 Fuit
2243 1944 2428 1989 autem
2463 1937 2609 1992 Elias
2636 1942 2897 2007 propheta
2939 1945 3082 1997 ﬁlius
3110 1945 3290 2011 Arbae,
3321 1944 3617 2003 Gileatlites
3645 1966 3661 2002 :

2086 2021 2295 2079 Arabes
2332 2027 2508 2094 ipsum
2544 2031 2786 2085 Alchadr
2810 2036 3107 2103 appellant.
3157 2037 3294 2092 Cum
3328 2048 3508 2093 autem
3540 2050 3667 2108 post

2084 2117 2203 2174 dies
2239 2122 2444 2189 aliquot
2474 2123 2735 2180 deficeret
2765 2143 2794 2182 e
2820 2131 2964 2183 clivo
2997 2147 3163 2199 aqua,
3199 2133 3477 2200 prolectus
3522 2134 3667 2187 Elias

2083 2212 2351 2280 prapheta
2414 2216 2479 2269 ad
2537 2218 2726 2271 urbem
2789 2221 3136 2291 Sarephiah,
3192 2224 3435 2290 Sidonis,
3488 2228 3669 2283 vidua:

2082 2304 2299 2359 cuidam
2356 2308 2500 2376 ligna
2542 2312 2820 2382 colligenti
2871 2318 3151 2383 occurrit;
3201 2334 3230 2373 a
3274 2336 3381 2389 qua
3430 2336 3554 2375 cum
3610 2331 3663 2373 nt

2083 2394 2186 2460 ipsi
2240 2397 2423 2450 cibum
2477 2412 2778 2470 potumque
2834 2403 3024 2475 197-
3046 2406 3212 2477 199
3261 2411 3525 2475 praeberet
3564 2430 3666 2480 βυ·-

2081 2486 2281 2551 tiissct,
2322 2491 2439 2559 ipsa
2470 2491 2626 2545 illum
2678 2495 2902 2548 domum
2941 2512 3095 2551 suam
3146 2498 3372 2556 deduxit
3425 2504 3515 2558 ubi
3562 2511 3666 2575 ipsi

2081 2578 2276 2633 farina:
2319 2592 2483 2649 atque
2511 2586 2615 2637 olei
2650 2584 2938 2652 aliquanto
2966 2608 2995 2638 ιι
3024 2590 3147 2651 fuit,
3192 2608 3222 2646 e.
3255 2610 3366 2662 quo
3397 2612 3523 2650 cum
3558 2599 3663 2668 ipsi

2078 2685 2276 2738 panem
2330 2675 2756 2731 snbcineritium
2794 2693 3070 2748 parasset,
3125 2684 3200 2737 illi
3256 2703 3479 2756 unaque
3539 2690 3667 2744 liliis

2082 2762 2199 2816 suis
2241 2764 2512 2820 edendum
2548 2770 2803 2837 praebuit.
2844 2771 3208 2829 Benediceute
3256 2793 3386 2846 ergo
3420 2781 3535 2836 Elia
3588 2782 3667 2836 fa-

2083 2855 2215 2911 riute
2268 2859 2484 2929 oleique
2517 2864 2687 2926 vasis,
2732 2865 3009 2934 impletum
3064 2878 3147 2923 est
3173 2869 3362 2928 farina:
3410 2890 3505 2929 vas
3538 2875 3661 2928 fari-

2082 2960 2170 3001 na.
2197 2946 2303 2999 olei
2330 2946 2472 3002 oleo.
2512 2948 2836 3017 Egrotante
2891 2953 3092 3009 deinde
3141 2957 3317 3013 vidua:
3360 2960 3470 3013 {ilio
3526 2962 3669 3016 adeo

2002 3034 2047 3096 C
2083 3044 2196 3089 uta
2234 3054 2409 3096 morte
2462 3058 2633 3110 prope
2677 3044 2918 3111 abesset,
2977 3063 3100 3102 cum
3149 3053 3482 3119 supplicaret
3545 3054 3662 3110 Elia

2086 3127 2340 3195 Domino,
2382 3135 2613 3188 salutem
2648 3137 2725 3190 illi
2761 3140 3041 3194 concessit
3076 3140 3219 3194 Dens
3264 3153 3321 3196 ut
3357 3148 3583 3201 viveret.

2154 3220 2379 3278 Exactis
2432 3234 2622 3293 postea
2683 3228 2861 3283 tribus
2911 3232 3073 3287 annis
3133 3242 3183 3286 et
3227 3250 3321 3289 sex
3375 3238 3665 3294 mensibus

2080 3312 2364 3383 profectus
2410 3315 2526 3369 Elia
2579 3320 2844 3386 propheta
2896 3322 3146 3377 Ahabum
3206 3340 3383 3394 regem
3444 3328 3666 3383 lsraelis

2082 3406 2261 3473 petiit,
2313 3424 2424 3476 quo
2476 3417 2591 3461 toto
2645 3412 2909 3480 temporis
2961 3416 3138 3483 spatio
3203 3434 3308 3470 non
3363 3418 3665 3475 demiserat

2081 3497 2285 3550 cmlnm
2326 3499 2588 3567 pluviam.
2623 3502 2760 3555 adeo
2796 3511 2855 3555 ut
2887 3520 2998 3573 prae
3028 3503 3191 3560 famis
3227 3518 3281 3559 et
3329 3509 3452 3563 sitis
3497 3512 3662 3566 vehe-

2081 3590 2285 3643 mentia
2332 3601 2680 3647 morerentur
2714 3594 2988 3650 homines.
3046 3596 3181 3653 Dum
3228 3601 3394 3667 igitur
3427 3601 3660 3669 Obadia,

2078 3678 2253 3733 Ahabi
2308 3679 2629 3749 deputatus,
2687 3682 2756 3736 ad
2813 3685 3164 3753 quaerendam
3230 3704 3429 3758 aquam
3491 3692 3661 3747 valles

2079 3770 2367 3836 rircuiret,
2420 3787 2550 3828 ecce
2581 3777 2825 3827 occurrit
2875 3776 2976 3844 ipsi
3028 3776 3163 3838 Elia.
3215 3797 3375 3845 quem
3417 3798 3540 3834 cum
3592 3787 3670 3836 ad-

2078 3861 2333 3916 Ahabum
2384 3862 2730 3923 deduxisset.
2778 3865 2917 3918 dixit
2966 3866 3069 3935 ipsi
3121 3869 3276 3924 Ahab
3331 3888 3422 3925 rex
3455 3891 3468 3926 :
3501 3872 3660 3926 Tune

2079 3955 2281 4006 malum
2316 3954 2615 4009 cohibuisti
2652 3972 2718 4009 ne
2750 3972 2845 4023 per
2881 3968 3055 4011 totum
3086 3961 3188 4013 hoc
3221 3965 3484 4031 temporis
3529 3980 3661 4032 spa-

2078 4048 2214 4099 tium
2268 4047 2519 4115 plueret?
2552 4049 2651 4100 (Tui
2714 4050 2994 4116 respondit
3052 4050 3163 4104 Elia
3217 4056 3478 4123 propheta
3525 4055 3656 4110 :Tn

2079 4140 2281 4192 emtum
2321 4155 2388 4194 ne
2419 4142 2633 4208 [ιΙιιτιι-ιδι
2663 4140 2955 4194 cohibuisti
2993 4142 3134 4195 idola
3153 4144 3404 4213 colendo,
3437 4159 3486 4201 et
3512 4149 3668 4201 caule

2079 4232 2372 4295 immerita,
2409 4247 2515 4300 qua
2556 4248 2690 4286 uxor
2713 4242 2805 4287 tua
2841 4233 3015 4287 lzebcl
3063 4233 3374 4291 Nabothum
3410 4241 3655 4301 sustulit,

2084 4340 2184 4379 nec
2243 4341 2348 4378 non
2416 4327 3016 4394 psemloprophetarum
3076 4344 3386 4383 sermonem
3446 4332 3653 4399 ample-

2076 4415 2296 4468 ctendo.
2323 4413 2663 4469 Convocavit
2702 4416 2868 4484 igitur
2920 4418 3076 4471 Ahab
3110 4435 3201 4472 rex
3238 4434 3431 4475 Omnes
3487 4420 3678 4476 lsrae—

2078 4508 2228 4572 litas,
2286 4523 2503 4574 unaque
2560 4524 2750 4561 omnes
2806 4510 3337 4579 pseudoprophetas.
3412 4511 3657 4567 Fuerunt

2074 4611 2257 4653 autem
2319 4599 2453 4652 idoli
2506 4600 2681 4653 Baelis
2736 4602 3020 4667 prophetae
3078 4605 3463 4674 quadringenti
3495 4607 3658 4674 quin-

2074 4693 2333 4761 quaginta
2362 4693 2446 4744 vel
2484 4691 2673 4761 [juxta
2711 4692 2859 4745 aliud
2911 4696 3211 4762 exemplar,
3266 4696 3653 4766 quadringenti

2074 4784 2390 4855 octoginta]
2443 4794 2490 4836 et
2545 4785 2827 4850 prophetae
2885 4785 3097 4840 Asterae
3129 4786 3271 4857 (qua)
3312 4789 3490 4856 palma
3537 4803 3656 4843 erat

2074 4893 2237 4945 quam
2266 4877 2538 4942 colebant)
2575 4876 2737 4946 200
2762 4876 3172 4946 quadringenti.
3201 4879 3347 4932 Dixit
3376 4895 3505 4948 ergo
3540 4879 3651 4933 Elia

2075 4965 2570 5035 pseudoprophetis
2606 4983 2621 5020 :
2659 4966 2826 5020 Binos
2873 4983 3155 5021 sumamus
3192 4967 3482 5036 juveucos,
3519 4986 3656 5039 quu-

2076 5075 2193 5112 rum
2255 5059 2488 5126 primum
2550 5075 2647 5113 vos
2698 5058 2854 5112 vobis
2922 5059 3191 5127 eligentes
3246 5071 3537 5114 mactatum
3596 5062 3651 5114 in

2075 5150 2414 5203 oblationem
2462 5149 2570 5202 diis
2603 5149 2801 5202 vestris
2859 5149 3069 5211 afferte,
3114 5166 3277 5217 quem
3338 5150 3383 5203 si
3434 5167 3464 5204 e
3511 5152 3654 5204 cwlo

2073 5242 2338 5310 delapsus
2387 5241 2529 5309 ignis
2570 5241 3003 5308 consumpserit,
3054 5240 3294 5292 seietnus
3335 5254 3495 5292 veros
3529 5255 3653 5294 esse

2072 5334 2205 5387 deos
2236 5347 2485 5390 vestros;
2544 5333 2627 5385 sin
2678 5332 2883 5391 minus.
2927 5346 3027 5399 ego
3073 5332 3223 5385 solus
3275 5332 3378 5384 hoc
3431 5332 3648 5395 faciam,

2073 5440 2184 5492 quo
2217 5423 2564 5489 cognoscatis
2600 5437 2690 5475 vos
2727 5423 2777 5474 in
2821 5436 3009 5474 errore.
3056 5438 3201 5485 esse,
3233 5437 3320 5475 me
3363 5424 3648 5475 veritatem

2071 5514 2246 5583 sequi.
2289 5512 2626 5567 Prchensum
2683 5528 2813 5582 ergo
2869 5513 3166 5581 juvencum
3225 5528 3347 5564 cum
3413 5521 3649 5566 tuac-tas-

2073 5616 2213 5669 sent,
2238 5606 2481 5674 deosque
2497 5620 2626 5658 suos
2656 5603 2865 5660 Baclcm
2901 5613 3236 5664 caeterosque
3285 5620 3313 5656 a
3371 5620 3526 5658 mane
3579 5606 3644 5657 ad

2072 5714 2354 5761 vesperam
2397 5715 2571 5763 usque
2610 5700 2980 5759 ίιινικλςδριιι,
3016 5699 3146 5751 nihil
3179 5699 3405 5752 omnino
3440 5697 3642 5750 factum
