4076 6400
410 322 516 384 953

1841 320 2213 382 ANNALES.

3561 319 3669 388 954

412 445 522 494 est.
553 434 668 490 Elia
700 449 837 505 ergo
872 437 1116 505 acceptis
1160 435 1450 493 duodecim
1493 438 1765 508 lapidibus
1816 437 1984 490 altare
2015 434 2057 487 Α
2088 434 2233 489 Dixit
2276 442 2458 488 autem
2497 433 2654 488 Abab
2698 432 3021 504 Josapbato.
3070 434 3182 505 regi
3233 434 3388 490 Judaa
3419 452 3432 489 :
3459 434 3664 492 Urbem

411 528 709 590 exstruxit.
747 528 895 582 circa
937 529 1079 598 quod
1134 529 1336 585 fossam
1363 529 1573 591 eﬂodit.
1602 530 1799 583 deinde
1846 529 1990 599 ligna

415 618 696 689 lapidibus
729 618 1039 687 imponens.
1079 620 1446 690 etjuvencum
1482 628 1784 673 mactatum
1826 635 1993 689 super

414 707 693 779 lapidibus
728 719 783 762 et
834 709 997 778 lignis
1050 724 1273 780 parans.
1336 711 1626 779 eidemque
1698 710 1986 765 duodecim

417 816 574 871 aqua?
624 800 849 871 bydrias
890 801 1323 871 superfundens.
1370 804 1594 874 impleta
1630 805 1794 858 etiam
1845 802 1991 858 fossa

415 907 537 962 qum
572 892 776 948 circum
807 891 978 946 altare
1008 907 1173 961 aqua,
1196 894 1487 947 Dominum
1547 910 1709 950 suum
1739 910 1867 949 cum
1902 895 1989 948 in-

415 980 1122 1049 vocasset,descemlcns'e
1153 986 1296 1040 ctelo
1350 987 1494 1056 ignis
1557 1002 1802 1051 carnem,
1859 987 1993 1055 lapi-

413 1076 534 1143 des,
567 1084 624 1131 et
653 1091 848 1143 aquam
874 1077 1178 1140 devoravit.
1214 1078 1352 1132 adeo
1396 1088 1455 1132 ut
1506 1078 1781 1147 ingentem
1826 1079 1989 1133 etiam

384 1169 469 1235 \iu
502 1175 648 1222 terra
682 1166 884 1223 fossam
918 1176 1179 1229 cavaret;
1227 1167 1376 1237 quod
1420 1169 1697 1224 lsraelitas
1749 1172 1802 1223 in
1872 1180 1991 1224 stu-

416 1274 602 1328 porem
644 1261 779 1329 egit.
828 1259 1215 1331 Interfecitque
1284 1261 1400 1315 Elia
1483 1263 1991 1332 pseudoprophetas

413 1352 621 1422 gladio.
655 1353 708 1406 in
739 1361 984 1407 torrente
1013 1353 1205 1408 Kison.
1243 1354 1442 1408 Deinde
1493 1355 1783 1410 Dominum
1839 1355 1992 1410 invo-

413 1444 579 1504 cavit.
610 1459 720 1514 quo
773 1444 829 1498 in
878 1444 1031 1514 ipsos
1081 1444 1318 1515 pluviam
1371 1446 1733 1513 demittente,
1773 1448 1986 1502 sublata

415 1544 500 1591 est
528 1536 721 1605 pestis.
751 1536 928 1591 lzebel
983 1547 1184 1600 autem.
1212 1537 1386 1592 Ababi
1415 1539 1557 1605 regis
1586 1540 1805 1596 lsraelis
1830 1556 1987 1605 uxor,

416 1629 604 1681 audito
655 1628 786 1696 quid
822 1627 1323 1697 pseudoprOpbetis
1379 1628 1600 1684 fecisset
1650 1630 1790 1697 Elia,
1846 1633 1992 1687 misit

414 1720 480 1773 ad
515 1718 936 1789 ipsum,c:edem
962 1719 1040 1773 illi
1074 1720 1475 1782 interminans;
1510 1722 1602 1790 qui
1633 1737 1764 1791 ergo
1790 1725 1858 1777 ab
1899 1724 1988 1779 illa

416 1820 665 1866 metuens
684 1810 914 1882 aufugit.
945 1809 1286 1867 Occurrente
1310 1812 1529 1867 interim
1557 1814 1658 1883 ipsi
1682 1813 1865 1870 Elisba
1896 1815 1986 1869 Ju-

415 1899 666 1968 sbapbati
688 1900 820 1964 ﬁlio.
835 1900 927 1969 qui
952 1901 1127 1955 bobus
1143 1902 1258 1956 suis
1274 1901 1630 1973 201-203
1648 1918 1785 1972 quas
1802 1920 1989 1973 pasce-

417 1993 508 2043 bat
529 1991 753 2051 relictis.
776 1991 945 2046 Eliam
962 2001 1212 2055 secutus,
1230 1991 1413 2048 factus
1434 2003 1520 2048 est
1543 1994 1641 2063 ipsi
1664 1995 1987 2065 discipulus.

487 2077 624 2133 Tum
694 2081 809 2134 Eb'n
873 2078 1089 2144 lladad,
1144 2081 1395 2137 Damasci
1462 2098 1579 2145 rex,
1642 2086 1989 2153 congregatis

415 2172 651 2227 subditis
702 2173 840 2234 suis.
872 2174 1202 2242 regibusque
1251 2175 1470 2244 triginta
1521 2176 1737 2231 duobus
1783 2179 1837 2231 in
1889 2194 1992 2232 au-

415 2265 603 2318 xilium
664 2266 893 2329 vocatis,
954 2281 1077 2319 cum
1136 2267 1369 2336 ingenti,
1430 2270 1633 2337 quique
1695 2284 1986 2324 numerum

413 2357 726 2419 excederet.
766 2360 1005 2413 exercitu
1043 2358 1317 2428 profectus
1340 2369 1394 2413 et
1443 2362 1726 2415 adbellu-u
1764 2362 1977 2426 Ababo,

415 2450 636 2505 Israelis
672 2451 807 2520 regi,
852 2450 1207 2506 inferendum
1237 2468 1518 2522 egressus,
1575 2454 1721 2507 misit
1761 2454 1828 2508 ad
1861 2471 1986 2509 eum

416 2540 675 2613 |dicens]
712 2557 728 2595 :
760 2540 1035 2612 Quidquid
1077 2543 1333 2611 possides
1383 2545 1498 2597 auri
1557 2555 1721 2614 atque
1775 2547 1985 2614 argenti

417 2649 593 2686 incum
618 2643 721 2687 est.
756 2635 902 2688 servi
936 2633 1098 2686 etiam
1138 2635 1239 2699 tni,
1269 2636 1590 2702 ancillreque
1612 2651 1675 2689 ac
1711 2637 1987 2701 mulieres,

417 2732 592 2777 totum
637 2724 781 2793 quod
814 2725 1060 2794 possides
1095 2741 1276 2781 meum
1316 2739 1425 2781 est.
1471 2727 1718 2784 Metuens
1766 2744 1893 2798 ergo
1920 2730 1990 2784 ab

414 2815 534 2883 ipso
573 2814 730 2868 Abab
780 2824 950 2871 totum
983 2816 1127 2886 quod
1160 2816 1461 2884 postulavit
1507 2818 1580 2871 illi
1634 2820 1849 2877 annuit.
1899 2818 1991 2873 ln-

423 2914 567 2958 terea
609 2918 791 2960 autem
824 2907 951 2961 dum
1004 2906 1150 2961 inter
1184 2907 1336 2977 ipsos
1375 2908 1523 2964 ultro
1574 2910 1821 2978 citroque
1858 2926 1989 2964 cur-

414 2996 648 3048 sitareut
679 2995 864 3066 legati,
923 3012 1054 3052 ecce
1112 3000 1318 3065 egressi
1356 3000 1507 3068 pueri
1547 3001 1766 3069 quidam
1800 3017 1830 3055 e
1862 3001 1989 3056 ﬁliis

2098 525 2329 580 Ramotb
2375 524 2585 592 Cileaal,
2620 542 2740 595 qna:
2802 535 2985 580 nostra
3026 524 3152 589 fuit,
3213 527 3443 580 abstulit
3507 528 3665 582 nobis

2096 634 2187 673 rex
2220 617 2414 689 Syriae,
2442 633 2471 671 a
2505 633 2637 684 quo.
2677 618 2722 671 si
2759 628 2813 671 tu
2837 618 2953 685 ipse
2981 616 3114 670 mibi
3156 616 3421 671 auxilium
3451 618 3664 684 tuleris,

2096 712 2242 765 illam
2278 709 2494 764 auferre
2537 708 2858 777 poterimus.
2909 710 3199 763 Anuuente
3247 707 3581 776 Josbapbato
3618 712 3666 764 ei

2094 803 2239 874 quod
2289 801 2465 870 petiit,
2516 800 2761 855 collectis
2827 801 2961 855 viris
3010 803 3124 855 suis
3197 799 3427 853 llamotb
3478 801 3666 855 Gileail

2094 893 2324 964 profecti
2357 903 2508 948 sunt.
2539 891 2658 958 Quo
2715 891 2901 945 audito
2949 907 3041 945 rex
3107 892 3278 962 Syrize
3330 894 3447 947 S'lis
3505 895 3666 945 etiam

2094 986 2438 1055 congregatis
2462 985 2526 1038 ad
2582 987 2733 1053 ipsos
2769 999 3026 1054 egressus
3058 994 3162 1039 εει.
3213 984 3361 1038 Dixit
3402 1001 3533 1055 ergo
3573 981 3671 1036 Jo-

2095 1080 2364 1147 sbapbato
2416 1078 2570 1130 Abab
2609 1094 2622 1130 :
2671 1076 2892 1131 Mutatis
2936 1079 3278 1141 ornamentis
3325 1078 3435 1132 tuis
3492 1085 3672 1133 vestes

2097 1188 2250 1226 meas
2300 1170 2498 1224 induas
2551 1184 2621 1223 ne
2672 1170 2725 1223 in
2767 1170 2950 1238 prmlio
2981 1170 3345 1238 dignosearis.
3403 1170 3557 1235 Quod
3617 1178 3673 1222 ιιι

2097 1262 2244 1317 fecit.
2285 1259 2399 1315 Rex
2438 1268 2619 1314 autem
2652 1260 2825 1330 Syriae
2868 1260 2986 1314 suis
3031 1266 3089 1312 ut
3128 1275 3307 1329 regem
3363 1258 3583 1313 lsraelis
3615 1259 3668 1310 in

2096 1352 2280 1424 pra-lio
2335 1361 2582 1422 peterent
2651 1351 2994 1422 praecipiens,
3040 1350 3177 1419 ipsis
3237 1353 3495 1404 vestitum
3548 1350 3671 1419 ejus

2094 1446 2480 1514 descripserat.
2537 1443 2618 1497 llli
2665 1459 2818 1514 ergo,
2851 1445 3165 1506 conspectis
3223 1441 3508 1511 Josapliati
3579 1457 3672 1495 ve-

2096 1537 2529 1606 stibus.ipsum.
2583 1536 2854 1599 Ababum,
2906 1535 3125 1590 lsraelis
3177 1548 3355 1603 regem
3406 1533 3536 1596 rati,
3575 1548 3670 1603 pc-

2096 1635 2271 1683 tcntes
2288 1626 2643 1697 205-207
2665 1625 3185 1692 circumdederunt;
3216 1640 3355 1695 quos
3382 1626 3472 1679 ille
3499 1625 3673 1678 inela-

2098 1736 2252 1775 maus
2277 1720 2346 1773 ab
2379 1720 2511 1789 ipsis
2533 1719 2731 1773 evasit.
2761 1717 3009 1772 Ababum
3037 1729 3212 1771 autem
3240 1731 3418 1784 regem
3452 1715 3673 1770 lsraeli-

2096 1812 2258 1865 ticum
2282 1826 2407 1865 cum
2436 1810 2796 1880 percussisset
2823 1810 3039 1881 sagitta,
3060 1809 3112 1860 in
3134 1807 3315 1879 fugam
3336 1822 3519 1861 coram
3546 1823 3672 1873 rege

2095 1903 2266 1974 Syriae
2297 1902 2545 1957 conversi
2584 1912 2734 1965 sunt,
2775 1902 3039 1956 redeunte
3068 1899 3441 1969 Hierosolyma
3477 1897 3669 1952 Josba-

2094 1996 2281 2065 pbato,
2307 1994 2618 2061 Ababojam
2643 1993 2932 2046 vulnerato
2953 1994 3005 2045 iu
3033 1993 3211 2045 locum
3244 2007 3403 2043 suum
3429 2003 3671 2045 reverso.

2166 2085 2410 2140 Mortuus
2445 2095 2625 2139 autem
2665 2084 2816 2138 Abab
2843 2085 3066 2137 vulnere
3095 2082 3241 2149 quod
3299 2082 3373 2135 illi
3405 2080 3672 2133 inllictnm

2093 2185 2199 2239 est.
2232 2175 2495 2230 Samaria:
2523 2177 2772 2245 sepultus
2800 2184 2904 2230 est.
2937 2174 3069 2228 Post
3100 2175 3282 2243 ipsqu
3315 2174 3370 2226 in
3422 2170 3673 2224 Samaria

2093 2270 2309 2323 duobus
2339 2269 2499 2322 annis
2531 2269 2781 2333 regnavit
2829 2268 2972 2321 filius
3020 2267 3193 2335 ipsius
3240 2266 3466 2328 Abazia,
3503 2264 3668 2330 itiqtt-z

2093 2374 2237 2412 anno
2267 2358 2417 2428 regni
2465 2356 2786 2427 Josbapbati
2859 2359 3001 2426 regis
3053 2355 3208 2411 Judze
3239 2356 3453 2411 decimo
3502 2369 3669 2407 nouo.

2099 2448 2336 2519 Fuitquc
2359 2447 2702 2504 conversatio
2748 2446 2922 2517 ipsin's
2950 2445 3221 2515 ejusmodi
3251 2460 3372 2515 quae
3403 2452 3457 2499 et
3502 2442 3673 2511 patris

2093 2543 2267 2613 ipsius
2295 2542 2440 2611 quod
2479 2542 2543 2595 ad
2595 2541 2920 2610 nequitiam.
2966 2548 3022 2594 et
3054 2539 3353 2603 idolorum,
3404 2551 3511 2591 una
3546 2550 3670 2589 cum

2097 2646 2271 2691 matre
2317 2634 2529 2690 lzebele
2576 2649 2700 2702 qua:
2741 2630 3050 2686 Nabotbnm
3082 2630 3386 2693 occiderat,
3438 2629 3667 2681 Cttltttttt.

2090 2733 2225 2788 Cum
2252 2741 2432 2785 autem
2468 2728 2663 2781 morbo
2702 2725 2851 2794 gravi
2886 2723 3160 2776 laboraret
3189 2720 3415 2781 Abazia;
3459 2719 3675 2773 lsraelis

2091 2841 2209 2887 rex.
2240 2824 2376 2877 adeo
2407 2829 2464 2873 ut
2499 2818 2605 2874 sibi
2635 2818 2872 2878 timeret.
2922 2814 3173 2869 nuntium
3210 2813 3361 2867 misit
3390 2811 3456 2864 ad
3498 2811 3675 2864 idolo-

2090 2932 2213 2970 rum
2259 2913 2575 2970 sacerdotes
2610 2909 2706 2979 qui
2746 2909 2813 2962 ab
2847 2907 2978 2967 illis.
3035 2905 3228 2959 morbo
3274 2919 3377 2959 suo
3425 2902 3675 2957 convall-

2093 3020 2249 3065 turus
2310 3015 2458 3061 esset
2504 3019 2717 3066 necne,
2784 3000 3238 3062 sciscitarentur;
3298 2997 3385 3051 cui
3453 2995 3671 3048 obviam

414 3089 613 3141 ducum
666 3088 934 3159 Syrorum
970 3091 1276 3145 exercitum
1312 3093 1629 3158 circumire,
1677 3109 1820 3162 quos
1853 3110 1955 3147 con
2016 3106 2057 3160 ο
2094 3099 2269 3153 factus
2303 3098 2415 3153 Elia
2448 3094 2708 3166 propheta
2744 3089 2879 3145 dixit
2916 3109 2929 3144 :
2970 3090 3130 3146 Dicas
3171 3090 3325 3157 regi:
3359 3087 3520 3142 Certo
3558 3100 3675 3135 nio-

414 3178 708 3247 spicientes
738 3180 999 3251 Syrorum
1046 3181 1320 3235 exercitus
1365 3183 1628 3252 suspicati
1660 3194 1788 3237 sunt
1821 3185 1989 3240 Israe-

416 3272 542 3325 litas
576 3271 724 3338 ipsos
752 3273 979 3327 adortos
1012 3273 1205 3333 fuisse.
1265 3273 1402 3327 adeo
1429 3285 1487 3328 ut
1530 3276 1581 3327 in
1622 3274 1803 3345 fugam
1860 3294 1991 3330 cosi-

413 3365 558 3416 versi
591 3363 683 3418 alii
721 3365 859 3419 alios
891 3365 1286 3433 opprimerent,
1323 3380 1491 3435 seque
1544 3378 1735 3421 mutuo
1769 3370 1991 3423 occide-

415 3465 559 3510 rent.
619 3456 791 3526 Cujus
849 3458 926 3511 rei
982 3456 1127 3511 fama
1186 3472 1311 3512 cum
1375 3459 1442 3512 ad
1501 3459 1751 3513 Aliabmn
1808 3476 1990 3529 νει-ιιι

415 3543 640 3603 Israelis
675 3552 1035 3618 pervenisset,
1076 3552 1192 3619 ipse
1222 3566 1344 3604 cum
1388 3552 1506 3607 suis
1536 3568 1634 3606 eos
1684 3553 1991 3616 insecutus,

412 3649 593 3693 caSIra
621 3655 832 3702 eorum,
867 3642 1125 3703 tentoria,
1151 3642 1399 3709 iumenta
1443 3650 1498 3696 et
1522 3644 1799 3713 quidquid
1855 3645 1992 3713 ipsis

412 3738 584 3793 esset,
615 3729 859 3797 diripuit.
921 3730 1037 3785 Ebn
1073 3730 1260 3786 lladad
1315 3742 1498 3787 autem
1561 3732 1812 3790 Damasci
1871 3752 1989 3798 rex,

414 3819 567 3873 solus
599 3819 665 3873 ad
718 3821 908 3874 urbem
960 3820 1289 3877 Damascum
1322 3823 1518 3887 evasit,
1568 3823 1660 3878 ubi
1703 3824 1769 3878 ad
1810 3824 1989 3893 ipsmn

412 3915 726 3986 congregati
762 3915 890 3969 sunt
925 3930 955 3969 e
980 3916 1272 3969 comitibus
1312 3916 1434 3985 ejus
1464 3916 1780 3987 quicunque
1806 3932 1994 3971 evase-

415 4015 559 4060 rant.
588 4005 845 4062 Collectis
870 4023 998 4076 ergo
1027 4008 1203 4077 copiis
1229 4022 1482 4077 egressus
1512 4020 1596 4063 εει
1618 4009 1690 4064 ob
1717 4010 1819 4063 hoc
1844 4010 1990 4078 quod

414 4100 520 4152 sibi
545 4098 824 4153 acciderat
870 4100 1131 4154 ultionem
1165 4110 1509 4169 sumpturus.
1562 4099 1790 4155 Obviam
1812 4117 1989 4155 autem

414 4191 492 4244 illi
547 4189 826 4259 profectus
874 4191 1050 4254 Altab,
1088 4190 1308 4245 lsraelis
1364 4207 1476 4251 rex.
1522 4192 1642 4261 ipso
1698 4191 1752 4245 in
1807 4193 1990 4262 fugam

416 4278 547 4335 dato
583 4298 613 4337 e
646 4284 945 4338 comitibus
973 4282 1145 4352 ipsius
1190 4284 1340 4337 viros
1366 4284 1538 4337 vicies
1590 4284 1797 4352 septies
1846 4285 1994 4339 mille

416 4373 713 4435 interfecit.
755 4376 1021 4427 esazlente
1076 4372 1191 4428 Ebn
1240 4373 1465 4427 lladado
1503 4374 1621 4427 solo
1665 4375 1990 4428 Damascum

2100 3191 2281 3245 rieris.
2303 3188 2581 3244 Reversus
2617 3202 2747 3257 ergo
2778 3184 3004 3240 nuntius
3043 3197 3167 3238 cum
3193 3183 3299 3235 boc
3340 3179 3451 3247 regi
3482 3186 3670 3232 notum

2094 3281 2315 3336 fecisset
2352 3297 2368 3334 :
2419 3278 2707 3333 Describas
2755 3274 2913 3336 mibi.
2958 3274 3137 3342 inquit
3187 3288 3278 3327 rex
3305 3312 3321 3335 .
3369 3271 3547 3323 virum
3580 3268 3675 3337 qui

2096 3373 2198 3427 tibi
2227 3371 2445 3426 obviam
2481 3369 2659 3423 factus
2686 3375 2790 3424 est.
2818 3365 2938 3431 Quo
2970 3364 3191 3418 dicente
3226 3379 3241 3415 :
3285 3359 3381 3414 Vir
3414 3366 3533 3415 erat
3560 3359 3676 3410 nir-

2098 3474 2258 3520 stt-tus
2291 3477 2425 3517 zona
2459 3461 2687 3533 pellicea
2720 3457 3173 3513 circumcinctus.
3205 3453 3327 3520 Hic,
3352 3452 3529 3519 inquit
3557 3464 3674 3511 rex,

2097 3555 2211 3609 Elia
2261 3563 2348 3610 est
2393 3553 2677 3624 propheta.
2704 3552 2911 3606 Ducem
2942 3567 3074 3620 ergo
3102 3544 3501 3617 quinquaginta
3539 3542 3675 3596 viris

2094 3648 2412 3702 comitatum
2454 3647 2520 3700 ad
2547 3646 2727 3715 ipsum
2777 3644 2945 3711 misit,
2980 3644 3205 3699 sedeate
3236 3639 3348 3691 Elia
3380 3639 3434 3690 in
3469 3637 3676 3689 vertice

2095 3738 2297 3793 montis
2349 3736 2562 3791 Carmel
2595 3753 2608 3789 :
2652 3733 2751 3789 Cui
2806 3735 2916 3788 dux
2950 3751 2965 3789 :
3001 3731 3145 3787 Heus
3180 3732 3194 3784 ι
3226 3727 3491 3798 prapheta
3557 3724 3673 3789 Dei.

2094 3824 2387 3882 descende.
2422 3823 2659 3875 accersit
2704 3830 2756 3875 te
2794 3836 2908 3874 rex.
2942 3816 3244 3887 Respondit
3283 3814 3396 3868 Elia
3431 3832 3446 3867 :
3481 3813 3537 3868 Si
3568 3812 3673 3866 sint

2095 3928 2196 3981 ego
2224 3911 2487 3979 pl'Opltela
2538 3909 2629 3961 Dei
2661 3907 2957 3961 descendat
2999 3922 3028 3960 ε
3063 3905 3205 3959 εωιο
3248 3901 3416 3971 ignis,
3461 3902 3555 3969 qni
3594 3908 3670 3961 te,

2096 4018 2300 4072 eosque
2333 4002 2425 4070 qui
2477 4008 2659 4054 tecum
2692 4010 2823 4053 sunt
2856 3999 3103 4053 devoret.
3147 3995 3494 4049 Descendens
3541 4006 3675 4057 ergo

2095 4095 2236 4162 ignis
2282 4092 2433 4160 ipsos
2480 4090 2846 4157 consumpsit.
2904 4086 3071 4157 208
3124 4086 3262 4139 Tum
3318 4098 3411 4137 rex
3474 4082 3671 4134 ducem

2096 4186 2260 4237 alimn
2289 4198 2415 4237 cum
2444 4182 2840 4252 quinquaginta
2874 4181 3005 4235 viris
3051 4178 3223 4239 misit,
3264 4176 3357 4246 qui
3398 4183 3455 4230 et
3487 4174 3628 4229 dixit
3656 4189 3672 4225 :

2095 4276 2242 4331 lleus
2283 4276 2589 4345 iprOpbeta
2614 4273 2732 4337 Dei,
2783 4271 3125 4332 descendas;
3153 4271 3389 4326 accersit
3434 4270 3576 4321 enim
3625 4274 3679 4319 te

2100 4387 2213 4426 rex.
2240 4370 2340 4426 Cui
2375 4370 2489 4424 Elia
2533 4386 2546 4420 :
2597 4366 2656 4422 Si
2697 4368 2796 4421 sim
2830 4382 2929 4439 ego
2963 4366 3228 4437 prOpbeta
3271 4364 3388 4423 Dei.
3420 4362 3677 4431 delapsus

416 4482 610 4534 usque.
641 4464 1193 4536 20h'Consulentes
1227 4476 1408 4519 autem
1436 4468 1534 4536 ipsi
1559 4476 1611 4521 et
1638 4467 1995 4534 sociisipsius
2030 4465 2071 4515 Ι)
2101 4464 2239 4518 curio
2271 4464 2413 4531 ignis
2450 4469 2580 4521 te_et
2619 4460 2709 4527 qui
2758 4468 2934 4514 tecum
2969 4469 3099 4513 sunt
3153 4464 3481 4518 consumat;
3530 4454 3676 4524 quod

416 4557 665 4611 nonnulli
714 4557 972 4611 dixerunt
1012 4574 1026 4611 :
1070 4574 1160 4611 rex
1218 4557 1443 4612 lsraelis
1508 4558 1822 4612 misericors
1871 4570 1988 4623 est;

414 4656 745 4705 accedentes
780 4666 910 4720 ergo
953 4651 1129 4718 ipsum
1178 4650 1494 4720 rogabimus
1536 4660 1591 4703 ut
1622 4666 1650 4703 a
1688 4651 1847 4704 nobis
1881 4650 1912 4702 d
1939 4665 1994 4704 s-

416 4743 594 4805 ccdat,
622 4743 760 4796 alias
819 4744 963 4796 enim
1002 4742 1286 4811 periimus.
1321 4741 1578 4797 Vestibus
1618 4759 1748 4811 ergo
1799 4742 1992 4797 laceris

416 4835 619 4901 induti,
646 4835 923 4896 Ababum,
946 4834 1159 4891 Israelis
1187 4852 1366 4905 regem
1402 4837 1667 4890 adeuntes
1693 4836 1953 4889 dixerunt
1977 4852 1993 4888 :

421 4928 561 4982 Dicit
597 4943 797 4984 servus
820 4935 950 4982 tuus
985 4927 1098 4982 Ebn
1134 4927 1346 4986 llailad.
1384 4945 1450 4981 ne
1483 4928 1616 4980 mibi
1666 4943 1994 4983 succenseas

416 5024 485 5074 ob
517 5022 643 5075 illud
681 5020 829 5090 quod
878 5019 975 5073 tibi
1007 5021 1190 5074 intuli.
1242 5020 1453 5086 Quibus
1489 5020 1771 5088 respondit
1815 5022 1992 5087 Abab,

422 5130 512 5165 rex
558 5112 772 5167 Israelis
811 5131 823 5165 :
871 5110 986 5164 Non
1019 5120 1102 5165 est
1129 5113 1217 5165 ille
1241 5113 1383 5165 alius
1415 5127 1577 5180 quam
1618 5111 1785 5163 frater
1815 5128 1989 5164 meus.

415 5205 553 5260 Tum
583 5206 655 5259 illi
696 5224 709 5260 :
748 5206 800 5261 Si
840 5206 1006 5260 frater
1066 5217 1191 5258 tuus
1229 5204 1317 5267 sit,
1350 5204 1625 5272 inquiunt,
1660 5202 1838 5258 fmzlus
1869 5220 1991 5257 tum

416 5299 509 5350 illo
539 5298 605 5353 de
630 5297 894 5351 Damasco
918 5312 1155 5364 pangas,
1191 5295 1371 5363 sitque
1412 5296 1554 5348 inter
1607 5305 1658 5349 te
1705 5306 1758 5347 et
1812 5295 1993 5361 ipsum

416 5403 516 5450 pax
560 5386 658 5441 Cui
689 5386 774 5439 ille
801 5385 1013 5439 annuit.
1034 5383 1232 5437 Tribus
1257 5392 1379 5453 post
1418 5385 1598 5445 anuis,
1625 5384 1993 5437 descendente

415 5473 775 5545 Jusbapbato,
817 5478 968 5530 .luila:
1002 5490 1149 5545 rege.
1194 5474 1261 5527 ad
1310 5475 1583 5539 Ababum,
1640 5474 1853 5527 lsraeiis
1906 5491 1991 5526 re-

416 5584 558 5637 gcm,
590 5569 963 5631 salutandum,
997 5568 1210 5622 obviam
1256 5568 1331 5621 illi
1368 5568 1543 5621 factus
1576 5567 1729 5620 Abab
1760 5566 1901 5635 apud
1933 5582 1992 5619 se

419 5660 658 5729 hospitio
703 5659 937 5727 excepit.
1003 5657 1306 5728 Junxitqnc
1360 5656 1660 5726 Jusbapbat
1709 5656 2004 5729 connubio

416 5752 585 5806 filium
622 5768 779 5807 suum
814 5750 1090 5807 Joramum
1124 5752 1332 5816 Audiat,
1388 5751 1561 5806 Ababi
1599 5750 1744 5819 regis
1779 5750 1974 5806 sorori.

2098 4566 2152 4610 et
2187 4554 2391 4609 factum
2420 4562 2521 4608 est.
2555 4551 2694 4606 Tum
2728 4552 2922 4606 ducem
2958 4552 3179 4605 tertium
3226 4549 3375 4604 misit
3404 4548 3685 4615 quinqua-_

2096 4644 2245 4714 ginta
2288 4643 2452 4697 etiam
2507 4638 2641 4696 viris
2690 4642 3052 4704 comitatum;
3093 4655 3254 4708 quem
3308 4654 3430 4692 cum
3482 4639 3676 4694 eodem

2099 4739 2261 4791 modo
2314 4736 2583 4789 allocutus
2617 4741 2764 4788 esset
2807 4733 3067 4802 propheta
3112 4746 3223 4798 quo
3274 4730 3491 4798 priores
3537 4730 3677 4783 allo-

2097 4839 2261 4884 cutus
2296 4835 2401 4891 est,
2438 4826 2580 4880 idem
2613 4826 2661 4879 ei
2697 4823 2844 4893 quod
2893 4822 3022 4886 illis,
3056 4822 3235 4891 iisque
3260 4820 3352 4890 qni
3394 4836 3517 4874 cum
3556 4821 3676 4889 ipso

2100 4920 2578 4989 fueruntcontigit.
2600 4919 2738 4973 Tum
2765 4916 3008 4985 profecto
3036 4916 3101 4969 ad
3156 4915 3333 4984 ipsum
3367 4930 3546 4983 regem
3574 4913 3673 4967 de-

2098 5018 2370 5068 scendens
2402 5010 2515 5064 Elia
2548 5010 2685 5075 dixit
2716 5026 2730 5061 :
2765 5008 3117 5077 Nequaquam
3139 5021 3169 5059 a
3198 5002 3385 5059 moﬂio
3417 5014 3511 5059 tuo
3540 5019 3675 5059 con-

2095 5105 2361 5165 valesmes,
2394 5102 2487 5156 sed
2520 5102 2823 5153 moriturus
2855 5114 2914 5152 cs
2947 5096 3092 5167 quod
3134 5096 3278 5150 idola
3320 5097 3589 5159 colueris,
3621 5107 3676 5150 et

2096 5198 2239 5264 quo!
2292 5198 2493 5249 malum
2538 5202 2623 5248 est
2664 5207 2848 5246 coram
2892 5191 3002 5245 Deo
3042 5190 3403 5260 omnipotenti
3454 5189 3671 5244 feceris.

2095 5288 2269 5342 Porro
2298 5288 2493 5342 diebus
2535 5285 2757 5339 Aliaziac
2787 5284 2932 5354 regis
2987 5284 3209 5340 israelis
3257 5292 3311 5338 et
3351 5281 3659 5349 Joshapliat

2099 5380 2241 5445 regis
2265 5375 2439 5442 Judm,
2471 5376 2718 5431 sublatus
2742 5384 2828 5429 est
2859 5373 2976 5428 Elia
3005 5374 3166 5445 quasi
3196 5375 3250 5428 in
3283 5375 3506 5429 caelum.
3538 5371 3679 5425 Mor-

2098 5479 2224 5522 tuus
2252 5480 2430 5521 autem
2462 5468 2666 5521 Abazia
2697 5482 2786 5520 rex
2821 5465 3039 5520 lsraelis
3072 5468 3208 5520 morl
3228 5482 3263 5521 o
3287 5481 3388 5520 suo
3418 5482 3520 5519 una
3547 5480 3671 5517 cum

2098 5572 2250 5629 patre
2283 5575 2385 5614 suo
2419 5558 2663 5629 sepultus
2699 5566 2801 5617 est.
2837 5565 3099 5627 regnante
3128 5565 3251 5624 post
3284 5557 3461 5624 ipsum
3507 5552 3675 5607 fratre

2100 5652 2270 5722 ipsius
2297 5650 2519 5706 Joramo
2546 5651 2721 5705 Ahabi
2765 5648 2873 5702 filio
2916 5647 2972 5702 in
3014 5646 3292 5702 lsraelitas
3322 5648 3375 5701 in
3418 5646 3670 5701 Samaria

2097 5767 2269 5805 annos
2299 5749 2608 5805 duodecim.
2640 5747 2805 5818 quue
2833 5762 2978 5801 anno
3004 5745 3153 5815 regni
3182 5743 3501 5813 Josliapbati
3530 5742 3672 5811 regis
