4076 6418
344 418 353 430 ,
393 383 539 469 955.
1412 384 1781 445 EUTYCHII
1825 385 2590 451 ALEXANDRINII‘ATR.
3516 424 3525 433 ί
3582 399 3688 467 ‘55
3752 434 3759 439 -

392 496 552 553 Juda:
574 494 843 551 vicesimo
869 493 1135 549 secundo.
1156 491 1427 548 Proiectis
1447 495 1645 550 deinde
1677 506 1868 548 contra
1902 494 1995 547 .lo-
2027 498 2073 553 Α
2101 499 2302 566 posito,
2336 500 2400 553 ad
2435 501 2676 556 Elisham
2732 501 3047 570 prophetam
3081 504 3302 560 ιιιῑιιρης,
3323 543 3338 565 ,
3370 502 3505 557 dixit
3533 504 3635 572 ipsi
3669 526 3682 561 ε

394 590 722 661 shaphatum
737 587 766 643 J
774 587 891 643 udae
905 602 1083 656 regem
1102 588 1428 643 Ammonitis
1442 596 1494 641 et
1506 587 1824 643 Amalekitis
1858 602 1984 639 cum

397 693 594 749 magna
628 679 910 733 hominum
933 676 1286 738 nultitudine,
1310 685 1458 729 metu
1483 691 1675 731 eorum
1703 676 1992 745 perculsus

405 770 837 842 estJoshaphat,
865 780 925 825 ut
959 771 1182 825 suborto
1210 769 1264 823 in
1306 768 1742 822 Ammonitarum
1772 768 1991 823 Amale-

398 862 639 918 kitarum
692 864 937 917 exercitu
989 864 1250 923 clamore,
1294 861 1550 916 aliialios
1589 863 1903 917 occidentes
1935 863 1988 915 in

403 958 586 1025 fugam
616 970 801 1009 coram
833 954 953 1021 ipso
981 952 1237 1008 c0uvcrsi
1273 960 1423 1007 sunt.
1470 953 1610 1007 Cum
1640 968 1770 1023 ergo
1795 952 1992 1008 Josha-

401 1048 551 1118 phati
582 1047 812 1103 comites
848 1045 1028 1100 tribus
1055 1045 1251 1101 diebus
1287 1046 1354 1099 ad
1399 1054 1583 1101 castra
1612 1062 1830 1108 eorum.
1865 1056 1987 1102 ten-

399 1142 541 1196 toria
573 1151 630 1195 et
660 1154 788 1194 vasa
820 1130 1151 1207 diripienda,
1196 1136 1600 1202 substitissent,
1641 1139 1758 1208 ipse
1792 1137 1987 1193 Hiero-

399 1235 610 1304 solyma
654 1231 1008 1302 209-211
1066 1246 1320 1285 reversus
1365 1241 1469 1286 est.
1526 1230 1724 1286 Postea
1760 1246 1986 1301 egresso

398 1340 525 1396 rege
573 1323 744 1379 tloabi
778 1333 969 1379 contra
994 1321 1277 1376 Joramum
1344 1321 1566 1379 lsraelis
1599 1338 1807 1393 regem,
1857 1323 1986 1376 mit-

399 1428 517 1472 tens
550 1416 642 1472 ille
686 1414 754 1470 ad
800 1413 1198 1483 Joshaphatum
1247 1414 1403 1469 Indae
1460 1430 1673 1483 regem,
1716 1430 1877 1485 opem
1914 1416 1982 1471 ab

396 1513 518 1580 ipso
543 1519 737 1565 contra
763 1510 944 1564 Moabi
979 1523 1158 1578 regem
1186 1511 1360 1578 petiit.
1404 1508 1549 1564 Misit
1577 1511 1743 1564 etiam
1779 1510 1846 1564 ad
1875 1509 1984 1564 lto-

398 1602 656 1657 mzeorum
692 1616 875 1672 regem
924 1601 1016 1669 qui
1040 1608 1173 1654 tunc
1205 1602 1473 1670 temporis
1515 1601 1569 1655 in
1603 1601 1816 1657 Sharah
1858 1602 1980 1667 l'uit,

397 1697 574 1764 ipsum
611 1695 667 1748 in
704 1693 967 1747 auxilium
996 1705 1275 1747 vocatum.
1321 1693 1653 1764 Cangregati
1691 1709 1824 1764 ergo
1872 1706 1982 1750 tres

2072 593 2294 648 Annon
2349 594 2533 649 dixist—i
2597 595 2882 650 Dominum
2938 610 3024 650 me
3074 597 3303 651 victoria
3357 599 3412 652 in
3465 598 3678 652 hostem

2093 702 2274 744 meum
2323 689 2675 753 donaturum,
2715 690 3071 761 213-215
3104 692 3346 760 quandiu
3383 705 3515 761 ergo
3565 693 3673 746 erit

2093 781 2236 836 hoc?
2264 781 2569 852 Respondit
2594 783 2777 838 Elisha
2805 785 3066 852 propheta
3094 786 3288 838 nuntio
3313 800 3328 836 :
3358 785 3517 838 Dicas
3538 785 3676 848 regi.

2094 888 2219 928 cras
2272 875 2375 930 hac
2425 875 2644 929 circiter
2694 876 2849 940 hora,
2883 876 3172 931 victoriam
3213 876 3309 930 tibi
3363 877 3415 929 iu
3451 873 3670 931 hostem

2097 973 2249 1017 tuum
2281 979 2646 1021 concessurus
2669 974 2752 1020 est
2785 967 3070 1031 Dominus,
3107 977 3161 1021 et
3183 969 3249 1020 ad
3275 978 3489 1037 portam
3517 969 3670 1022 urbis

2092 1056 2355 1111 Samaria:
2372 1058 2565 1112 simihe
2587 1060 2827 1122 modius,
2855 1059 3044 1114 hordei
3072 1059 3183 1114 duo
3214 1061 3377 1115 modii
3403 1062 3665 1116 drachma

2092 1150 2412 1205 vendeutur.
2443 1151 2666 1207 Dicente
2708 1151 2900 1206 nuntio
2940 1150 3142 1206 Elisha:
3182 1153 3466 1221 prephetas
3501 1169 3519 1207 :
3550 1151 3666 1206 Hoc

2090 1242 2205 1296 lieri
2259 1258 2368 1297 non
2414 1252 2615 1311 potest,
2666 1244 2947 1314 respondit
3002 1242 3183 1299 Elisha
3226 1241 3546 1299 :Futurum
3578 1252 3664 1300 est

2090 1335 2215 1397 hoc,
2252 1346 2307 1391 te
2333 1337 2573 1401 vidente,
2606 1346 2661 1391 at
2687 1336 2754 1391 de
2787 1352 2853 1391 eo
2900 1350 3242 1406 nequaquam
3277 1336 3623 1391 comedente.

2156 1426 2400 1482 Fuerunt
2423 1444 2554 1499 ergo
2590 1427 2657 1481 ad
2686 1436 2990 1483 extremam
3023 1428 3163 1482 muri
3188 1437 3397 1496 partem
3433 1438 3678 1498 quatuor

2083 1522 2187 1576 viri
2226 1519 2484 1575 Israelita;
2518 1521 2664 1591 lepra
2700 1520 2901 1583 aﬂ‘ceti,
2943 1520 3036 1589 qui
3072 1520 3161 1573 alii
3198 1520 3322 1574 aliis
3371 1519 3629 1575 dixerunt
3662 1537 3677 1575 :

2085 1615 2421 1670 Adveniente
2456 1622 2617 1670 nocte
2647 1629 2746 1668 nos
2775 1614 2844 1670 de
2875 1629 3037 1668 muro
3078 1613 3433 1669 demittentes
3467 1617 3529 1666 ad
3562 1612 3637 1684 Sy
3658 1645 3681 1654 -

2086 1722 2273 1763 rormn
2315 1715 2495 1762 castra
2532 1708 2857 1772 tendamus,
2899 1706 2991 1775 qui
3047 1720 3146 1761 nos
3187 1705 3273 1759 vel
3327 1704 3676 1760 interfectori

399 1802 554 1859 reges
586 1803 651 1842 ac
682 1794 876 1842 contra
912 1802 1095 1856 regem
1129 1787 1293 1843 Moab
1319 1788 1548 1858 profecti
1590 1788 1732 1841 viam
1776 1789 1979 1844 deserti

2094 1811 2235 1861 sunt.
2278 1801 2356 1857 vel
2379 1816 2574 1869 panem
2608 1801 2770 1855 nobis
2798 1799 3098 1866 prsebituri.
3127 1799 3283 1865 Quod
3317 1808 3370 1852 et
3398 1798 3669 1855 fecerunt.

397 1888 694 1935 tenuerunt
719 1892 829 1947 quo
864 1877 1046 1948 ipsum
1085 1879 1460 1943 adorirentur,
1508 1886 1564 1932 at
1604 1892 1730 1932 cum
1771 1886 1979 1947 septem

2094 1895 2157 1948 At
2195 1910 2317 1950 cum
2369 1895 2433 1947 ad
2471 1901 2652 1947 castra
2700 1892 3101 1962 pervenissent,
3149 1892 3378 1947 tentoria
3411 1904 3463 1947 et
3499 1893 3683 1947 taber-

398 1973 612 2027 dierum
661 1971 765 2025 iter
819 1971 876 2025 in
927 1971 1149 2027 deserto
1202 1971 1577 2027 confecissent
1621 1969 1795 2026 defuit
1846 1971 1981 2039 ipsis

399 2078 541 2133 aqua
571 2079 735 2133 quam
767 2063 1043 2127 biberent,
1091 2062 1232 2119 adeo
1261 2074 1317 2118 ut
1349 2079 1540 2129 parum
1586 2064 1808 2120 abesset
1844 2063 1980 2132 quin

401 2156 493 2209 siti
544 2155 810 2226 perirent.
859 2153 985 2208 Fuit
1034 2163 1213 2210 autem
1268 2171 1391 2210 cum
1447 2155 1582 2224 ipsis
1628 2155 1807 2209 Elisha
1857 2169 1984 2224 pro-

404 2248 604 2316 pheta,
651 2247 744 2317 qui
799 2248 939 2302 dixit
998 2247 1134 2317 ipsis
1203 2246 1412 2305 :Mane
1461 2246 1774 2317 implebitur
1830 2249 1984 2303 vallis

402 2342 508 2395 ista
536 2339 896 2404 torrentibus,
928 2339 1191 2408 vobisque
1220 2338 1505 2394 victoriam
1539 2339 1595 2394 iu
1629 2341 1817 2395 hostes
1849 2355 1981 2396 cono

401 2446 658 2487 cessurus
718 2443 802 2485 est
847 2431 1013 2487 Deus.
1062 2428 1406 2500 Factumque
1446 2437 1533 2485 est
1597 2431 1673 2484 uti
1729 2431 1984 2500 praedixit

401 2523 688 2592 propheta,
722 2521 831 2577 Deo
859 2522 995 2591 ipsis
1026 2521 1079 2576 in
1102 2521 1293 2578 hostes
1318 2523 1604 2578 victoriam
1625 2525 1983 2590 concedente,

403 2606 543 2669 adeo
568 2622 628 2669 ut
668 2614 814 2685 regis
855 2615 1138 2671 Moabitici
1178 2617 1443 2671 comitum
1477 2632 1677 2687 magna
1723 2617 1871 2671 edita
1915 2618 1986 2673 sit

404 2717 637 2779 strages.
669 2706 884 2762 Vit-tum
913 2723 1045 2779 ergo
1073 2723 1131 2762 se
1160 2723 1286 2763 eum
1322 2708 1545 2764 vidisset
1587 2724 1680 2765 rex
1706 2708 1865 2766 Moab
1895 2725 1988 2765 ar-

401 2813 520 2854 cem
567 2799 873 2869 ingressus,
920 2800 1088 2855 lilium
1130 2816 1290 2855 suum
1326 2812 1457 2856 natu
1507 2803 1809 2856 maximum
1865 2819 1990 2873 pre.

400 2893 634 2949 hensum
666 2908 732 2948 ac
761 2909 926 2960 super
962 2909 1145 2949 arcem
1180 2894 1355 2950 Moahi
1382 2895 1692 2966 iugulatum
1725 2897 1777 2951 in
1806 2897 1985 2951 sacri-

401 2986 586 3040 licium
643 2987 864 3041 obtulit.
913 2987 1087 3058 Cujus
1142 2988 1373 3044 horrore
1425 2990 1665 3060 perculsi
1723 2989 1987 3046 lsraelilae

399 3079 600 3134 bellmn
635 3080 735 3149 ipsi
770 3080 973 3135 inferre
1006 3089 1294 3136 cessantes
1320 3082 1530 3136 reversi
1561 3093 1712 3136 sunt.

2086 1989 2209 2043 cula
2257 1988 2390 2042 viris
2441 2001 2675 2057 prorsus
2720 1999 2893 2041 vacua
2952 1987 3249 2048 invenere,
3308 1985 3470 2055 idque
3529 1987 3675 2056 quod

2086 2081 2303 2145 oborto,
2354 2088 2518 2136 nocte
2567 2080 2698 2144 ista,
2737 2080 2793 2133 in
2845 2079 3090 2134 exercitu
3131 2065 3395 2150 Syrorum
3431 2092 3682 2141 rumore,

2086 2173 2413 2229 convenisse
2454 2171 2696 2243 .‘Egypti,
2731 2172 2952 2228 lsraelis
2997 2177 3053 2227 et
3088 2169 3243 2226 Iudae
3304 2185 3482 2240 reges,
3516 2180 3684 2241 caue:

2087 2280 2286 2335 rosque
2313 2281 2504 2321 omnes
2542 2279 2652 2333 quo
2681 2266 2827 2334 ipsos
2866 2273 3030 2320 noctu
3065 2264 3439 2329 adorirentur,
3478 2264 3531 2318 in
3591 2265 3682 2319 l’u-

2088 2375 2208 2428 gam
2241 2360 2493 2414 conversi
2527 2359 2877 2415 tabernacula
2901 2367 2955 2413 et
2987 2358 3221 2413 tentoria
3258 2373 3381 2412 cum
3438 2357 3675 2427 impedi-

2089 2450 2309 2512 mentis,
2349 2449 2614 2511 sarcinis,
2647 2464 2876 2518 quasque
2933 2449 3207 2504 habebant
3254 2449 3510 2504 omnibus
3556 2451 3684 2503 re'i.

2086 2551 2347 2607 querunt.
2405 2540 2630 2598 Reversi
2688 2543 2859 2614 igitur
2919 2543 3151 2611 leprosi,
3208 2557 3335 2597 cum
3396 2544 3500 2597 hoc
3568 2545 3681 2611 regi

2096 2633 2315 2690 lsraelis
2355 2635 2726 2700 nuntiassent,
2787 2634 2938 2691 misit
2995 2634 3085 2689 ille
3145 2642 3266 2705 post
3302 2635 3473 2707 ipsos,
3529 2636 3678 2688 viros

2087 2727 2177 2793 qni
2210 2741 2398 2781 eorum
2432 2727 2661 2790 vestigia
2701 2733 3067 2793 sectarentur,
3094 2729 3335 2798 quicum
3386 2725 3685 2783 Iordanem

2091 2833 2264 2888 usque
2301 2820 2698 2888 pervenissent.
2755 2832 2860 2874 nec
2912 2819 3085 2873 ullum
3136 2833 3328 2874 eorum
3363 2817 3680 2887 ivestigium

2087 2911 2456 2974 invenissent,
2499 2912 2675 2981 aperit
2712 2925 2803 2966 rex
2856 2910 3008 2966 urbis
3061 2918 3311 2980 portam,
3365 2908 3686 2977 egressique

2090 3005 2342 3061 homines
2373 3005 2557 3059 omnia
2589 3020 2707 3073 qua-
2743 3004 2796 3057 in
2830 3001 3091 3076 Syrorum
3138 3001 3341 3057 castris
3373 3010 3553 3066 erant,
3588 3000 3678 3055 di-

2096 3100 2398 3169 ripuerunt,
2448 3099 2589 3153 adeo
2626 3105 2684 3151 ut
2726 3099 2914 3152 statim
2965 3095 3165 3153 similae.
3218 3095 3467 3161 modius,
3519 3093 3687 3165 216

474 3169 725 3226 Mortuus
754 3180 935 3225 autent
966 3169 1271 3241 Joshaphat
1301 3170 1458 3226 Judte
1486 3187 1582 3227 rex
1614 3172 1668 3226 in
1713 3175 1848 3227 urbe
1888 3172 1988 3225 Da-

2096 3192 2282 3245 hordei
2316 3190 2483 3245 modii
2543 3190 2653 3245 duo
2689 3190 2954 3244 drachma
2989 3187 3265 3244 venirent.
3318 3185 3557 3242 Nuntius
3587 3202 3689 3241 au-

403 3265 544 3318 vidis
590 3267 845 3332 sepultus
889 3274 997 3327 est,
1058 3264 1149 3319 cui
1201 3262 1257 3318 in
1311 3279 1482 3336 regno
1527 3268 1799 3321 successit
1846 3268 1987 3321 Iilins

403 3358 578 3422 ipsius
624 3357 842 3422 Joram,
895 3373 1072 3412 annos
1118 3365 1284 3413 natus
1338 3359 1565 3430 triginta
1617 3369 1750 3415 tres.
1782 3361 1886 3426 Qui
1931 3363 1987 3415 in

400 3450 599 3505 ludam
648 3450 1042 3521 Hierosolymis
1086 3461 1213 3506 octo
1264 3467 1440 3507 annos
1486 3453 1775 3522 regnavit;
1825 3453 1992 3523 idque

403 3560 549 3600 anno
574 3544 765 3614 quinto
792 3544 944 3614 regni
975 3543 1182 3599 Jorami
1235 3545 1333 3598 lilii
1365 3544 1541 3599 Ahabi
1570 3546 1716 3617 regis
1746 3544 1988 3602 lsraelis.

403 3639 582 3708 Ipsius
602 3649 847 3709 tempore
867 3638 1266 3709 prophetarum
1288 3638 1477 3694 Elisha
1506 3640 1810 3708 discipulus
1834 3641 1988 3707 Elite,

403 3744 458 3788 et
488 3732 719 3788 Obadia.
759 3732 928 3785 Porro
977 3746 1236 3800 egressus
1271 3730 1569 3787 Benhndad
1602 3735 1764 3804 212
1816 3735 1992 3807 Syriae

402 3841 499 3880 rex
544 3838 668 3879 cum
711 3825 885 3886 coniis
938 3825 1056 3880 suis
1099 3823 1383 3880 Joramum
1432 3823 1652 3880 Israelis
1706 3843 1887 3898 regem
1937 3829 1991 3882 in

406 3918 655 3972 Samaria
704 3918 845 3971 bello
881 3932 1170 3987 aggressus
1197 3930 1300 3976 est.
1335 3922 1378 3972 Α
1406 3934 1517 3989 quo
1552 3935 1674 3973 cum
1727 3930 1996 3976 metueret

401 4012 615 4080 .loram,
644 4014 782 4068 dixit
805 4015 909 4082 ipsi
939 4013 1120 4070 Elisha
1151 4034 1164 4070 :
1191 4015 1270 4070 Ne
1300 4016 1519 4075 timens,
1565 4015 1659 4069 sed
1686 4028 1744 4069 se
1776 4024 1989 4069 tantum

404 4110 461 4159 in
511 4107 644 4161 urbe
683 4118 774 4161 tua
811 4109 1067 4175 munias;
1105 4109 1252 4163 Deus
1287 4109 1431 4162 enim
1466 4108 1564 4162 tihi
1618 4109 1903 4163 victoriam
1939 4112 1992 4164 itt

407 4199 621 4254 hostem
686 4206 842 4253 tuum
880 4215 1249 4255 concessurus
1299 4213 1404 4256 est.
1451 4201 1549 4257 llle
1581 4216 1712 4272 ergo
1755 4218 1878 4257 cum
1936 4217 1996 4256 se

407 4293 465 4347 in
501 4294 633 4349 urbe
660 4294 1006 4357 munivisset,
1036 4295 1361 4351 accedentes
1401 4294 1666 4366 Syrorum
1699 4296 1877 4364 copia:
1913 4278 2001 4348 in:

408 4391 530 4439 star
581 4398 759 4439 arente
811 4386 1002 4449 maris,
1054 4384 1260 4440 Jorami
1306 4385 1524 4445 urbem,
1564 4384 1995 4453 universumque

411 4473 680 4531 Samaria:
709 4477 990 4546 regionem
1019 4480 1332 4534 cinxerunt.
1356 4477 1607 4547 Cumque
1637 4477 1809 4533 tribus
1834 4478 1996 4532 annis

2093 3292 2197 3336 teut
2227 3282 2318 3350 qui
2371 3281 2612 3335 Elisham
2651 3283 2972 3352 prophetam
3009 3280 3279 3337 mendacii
3313 3280 3515 3350 arguit,
3575 3279 3682 3332 hoc

2092 3375 2311 3443 quidem
2345 3373 2498 3434 vidit,
2539 3384 2595 3428 at
2634 3374 2690 3427 in
2722 3375 2874 3427 urhis
2907 3385 3063 3444 porta
3100 3388 3211 3443 prae
3264 3387 3463 3443 magna
3505 3372 3680 3426 turba:

2092 3465 2505 3535 rontpressi'ute
2545 3474 2795 3520 mortuus
2830 3474 2931 3520 est.
2977 3466 3226 3520 Posthmc
3280 3480 3541 3532 egressus
3584 3464 3683 3519 Jo-

2093 3568 2210 3606 ram
2260 3566 2354 3606 rex
2394 3552 2546 3609 Judre
2577 3554 2644 3608 ad
2704 3551 2981 3614 Ronanos,
3017 3554 3110 3622 qui
3161 3553 3215 3606 in
3257 3553 3470 3607 Sharab
3527 3561 3689 3607 erant

2097 3658 2345 3712 magnam
2371 3660 2561 3699 eorum
2600 3655 2841 3712 stragem
2876 3645 3065 3699 edidit.
3096 3644 3342 3699 Mortuus
3375 3655 3557 3700 autem
3598 3656 3685 3701 est

2092 3739 2274 3793 .lcram
2318 3738 2473 3795 Judae
2527 3755 2654 3802 rex,
2707 3748 2754 3793 et
2816 3740 2869 3793 in
2922 3740 3057 3794 urbe
3121 3739 3343 3794 Davidis
3397 3741 3689 3807 sepultus,

2099 3840 2356 3898 regnante
2402 3836 2525 3899 post
2559 3830 2742 3900 ipsum
2781 3845 2985 3884 annum
3023 3846 3190 3884 unum
3238 3832 3292 3884 in
3329 3827 3526 3885 Iudam
3560 3830 3688 3883 llic-

2099 3923 2411 3994 rosolymis,
2447 3923 2558 3978 lilio
2592 3923 2770 3992 ipsius
2819 3923 3048 3988 Ahazia,
3098 3937 3274 3978 annos
3308 3930 3438 3977 nato
3492 3922 3689 3991 viginti

2096 4016 2269 4081 duos;
2295 4014 2460 4085 idque
2490 4016 2636 4086 regni
2658 4014 2864 4070 Jorami
2896 4014 3069 4070 Ahabi
3116 4013 3251 4078 lilii,
3283 4016 3427 4086 regis
3462 4013 3691 4070 Israelis

2097 4107 2442 4162 duodecimo.
2480 4107 2652 4163 Mater
2671 4107 2791 4179 ejus
2812 4109 3035 4162 nomine
3062 4106 3276 4162 Athalia
3308 4106 3508 4168 Ahabi,
3540 4110 3690 4164 regis

2100 4198 2337 4265 Israelis,
2372 4198 2526 4255 Omri
2564 4199 2661 4255 lilii
2696 4214 2875 4256 soror.
2912 4199 3042 4267 Ejus
3079 4208 3329 4268 tempore
3379 4200 3685 4268 propheta-

2100 4300 2227 4346 rnut
2277 4290 2461 4347 Elisha
2506 4300 2558 4347 et
2605 4289 2875 4347 Ohatliab.
2927 4290 3217 4346 Profectus
3262 4300 3445 4346 autem
3502 4290 3690 4345 Joram

2066 4394 2070 4397 '
2099 4386 2317 4440 lxl‘ill’lis
2348 4401 2462 4447 rex,
2494 4384 2725 4439 Ramam
2761 4400 2884 4439 cum
2915 4383 3146 4439 llaztele
3192 4384 3433 4438 tribuum
3470 4400 3595 4455 rege
3621 4384 3690 4438 ad

2103 4477 2298 4529 lcitum
2331 4490 2456 4530 cum
2490 4473 2645 4546 Syris
2672 4474 2994 4546 gerendum,
3028 4489 3153 4527 cum
3196 4474 3246 4527 in
3281 4473 3471 4542 proelio
3494 4476 3690 4528 vulne-

409 4568 703 4624 obsidione
733 4567 982 4641 [inclusi]
1013 4570 1383 4640 perstitissent
1418 4570 1701 4633 lsraelitze,
1739 4569 1883 4625 facta
1914 4578 1998 4625 est
2032 4552 2072 4604 ί)
2105 4580 2254 4622 ratus
2302 4577 2449 4622 esset
2491 4565 2559 4621 ad
2618 4566 2809 4622 urbem
2860 4567 3157 4622 chrrclem
3213 4583 3465 4621 reversus
3494 4577 3579 4621 est
3629 4580 3691 4621 ιιι

410 4662 468 4717 in
497 4662 744 4718 Samaria
794 4662 964 4718 fames
1026 4680 1254 4731 magna,
1297 4664 1436 4720 adeo
1493 4673 1553 4719 ut
1607 4665 1674 4719 ad
1723 4663 1994 4720 cadavera

407 4756 619 4811 edenda
662 4756 1016 4827 adigerentur
1060 4757 1309 4812 homines
1333 4796 1348 4820 ,
1387 4772 1488 4812 nec
1525 4771 1633 4812 non
1663 4766 1878 4812 stercus
1907 4771 1999 4809 co-

408 4847 720 4905 lumbinum
749 4849 1124 4914 romederent,
1153 4844 1594 4918 vendereturque
1638 4857 1805 4919 caput
1854 4848 1996 4903 asini

408 4940 613 4993 mortui
645 4940 925 5011 octoginta
955 4939 1257 5007 drachmis,
1283 4942 1660 5009 stercorisque
1696 4940 1996 4994 colmnhini

408 5028 581 5084 cabus
627 5031 869 5098 quinque
917 5011 1211 5084 drachmis.
1274 5029 1584 5099 Dum-ergo
1636 5044 1804 5098 super
1845 5030 1999 5085 urbis

410 5122 712 5176 munimine
760 5122 1040 5176 incederet
1070 5122 1278 5184 Joram,
1319 5119 1540 5177 lsraelis
1586 5136 1706 5187 rex,
1738 5137 1868 5175 ecce
1898 5137 1997 5176 oc-

407 5215 582 5268 currit
643 5215 748 5284 ipsi
810 5215 1007 5268 mulier
1062 5229 1184 5283 qua-
1237 5213 1401 5267 aliam
1463 5222 1656 5268 tenens
1713 5215 1996 5269 mulierem

407 5322 564 5376 opem
595 5322 622 5359 τι
654 5322 777 5377 rege
800 5307 976 5377 petiit,
1008 5307 1202 5362 dicens
1236 5323 1252 5360 :
1284 5305 1427 5358 Dixit
1458 5306 1593 5359 mihi
1633 5306 1829 5360 mulier
1870 5306 1997 5370 ista,

411 5398 575 5453 hodie
605 5398 775 5452 lilium
808 5404 962 5452 tuum
1015 5404 1225 5450 mactes
1250 5410 1360 5464 quo
1394 5410 1703 5461 vescamur,
1758 5411 1827 5449 ne
1859 5396 2001 5450 [alite

409 5488 733 5553 moriamur,
775 5500 902 5542 cras
948 5501 1050 5556 ego
1102 5498 1285 5539 meum
1334 5486 1623 5548 mactabo,
1677 5496 1737 5539 ut
1787 5496 1843 5541 et
1877 5488 2001 5557 ipso

410 5595 721 5636 vescamur.
778 5579 892 5647 Ego
927 5579 1094 5649 igitur
1141 5578 1311 5632 lilium
1344 5593 1525 5631 meum
1570 5579 1686 5633 beri
1728 5579 1997 5649 jugttlavi,

413 5688 575 5741 quem
606 5672 857 5738 edimus;
886 5670 978 5726 illa
1014 5683 1200 5726 autem
1238 5669 1399 5724 hodie
1440 5670 1612 5724 lilium
1666 5686 1825 5727 suum
1873 5688 1999 5741 prc-

419 5766 653 5818 liensum
690 5763 1002 5819 abscondit.
1054 5760 1442 5817 Tremefactus
1498 5777 1589 5816 rex
1642 5762 1728 5816 his
1771 5765 1997 5828 auditis,

418 5852 666 5908 vestibus
706 5855 821 5908 suis
861 5853 1076 5919 scissis,
1135 5853 1471 5924 pulvcrcquc
1514 5856 1682 5923 capiti
1730 5859 2001 5927 superim-

2104 4659 2175 4713 ibi
2213 4665 2523 4719 sanaretur,
2572 4671 2681 4724 quo
2725 4657 3020 4713 salutatum
3075 4674 3142 4712 eu
3171 4678 3200 4711 η
3263 4658 3541 4728 profectus
3603 4669 3691 4714 est

2101 4750 2308 4805 Ahazia
2343 4750 2548 4804 Jorauti
2584 4750 2753 4804 illius.
2791 4749 2977 4804 Elisha
3009 4759 3188 4803 autem
3221 4751 3490 4821 propheta
3527 4751 3692 4805 disci-

2103 4844 2227 4914 pulo
2254 4858 2354 4897 suo
2384 4841 2535 4895 .lome
2579 4840 2766 4895 Mittaai
2807 4842 2919 4896 lilio
2949 4841 3063 4912 (qui
3103 4843 3242 4895 idem
3277 4853 3361 4898 est
3411 4843 3509 4897 Dul
3538 4840 3689 4906 Non,

2103 4935 2153 4987 id
2190 4943 2275 4988 est
2313 4928 2570 4988 Dominus
2606 4935 2785 5002 piscis,
2818 4950 2978 5005 quem
3011 4934 3298 5005 deglutivit
3332 4936 3523 5004 piscis)
3561 4952 3693 5005 pre-

2104 5029 2298 5088 h:-nso,
2337 5041 2509 5081 rornu
2539 5026 2593 5081 in
2630 5042 2741 5095 quo
2772 5035 2892 5081 erat
2919 5026 3124 5089 oleum,
3165 5027 3390 5081 tradens
3430 5045 3445 5081 :
3495 5026 3690 5081 Profe-

2102 5128 2239 5176 rtus,
2277 5117 2476 5185 inquit,
2526 5118 2591 5170 ad
2647 5117 2838 5171 urbem
2896 5115 3090 5169 Ramot
3124 5114 3338 5178 Gilead,
3369 5132 3493 5171 cum
3542 5117 3615 5171 ibi
3658 5135 3690 5170 υ

2103 5210 2335 5265 ducibus
2389 5210 2680 5280 quemdam
2735 5209 2956 5263 nomine
3008 5206 3169 5269 Jebu,
3231 5207 3442 5264 |Nimshi
3495 5211 3690 5271 lilimu,

2104 5305 2403 5368 inveneris,
2437 5305 2615 5371 ipsum
2647 5302 2766 5357 oleo
2792 5303 2898 5356 isto
2925 5317 3106 5371 ungas
3137 5303 3191 5356 in
3227 5318 3407 5372 regem
3445 5303 3689 5358 lsraclis.

2104 5397 2306 5449 Abiens
2352 5410 2484 5461 ergo
2524 5392 2695 5448 Jonas
2752 5391 2959 5448 Elisha:
3016 5392 3324 5462 discipulus
3374 5395 3518 5464 quoi
3579 5395 3689 5462 ipsi

2104 5491 2416 5543 utamiatum
2447 5486 2625 5541 fuerat
2654 5486 2799 5549 fecit,
2828 5486 2973 5555 quod
3001 5501 3124 5540 cum
3160 5487 3327 5542 sociis
3359 5486 3475 5541 suis
3501 5484 3694 5556 217—

2103 5580 2270 5652 219
2303 5581 2582 5635 retulisset
2615 5579 2777 5642 Jehu,
2814 5579 2948 5649 ipsis
2990 5580 3344 5648 congregatis
3379 5579 3445 5632 ad
3495 5580 3688 5633 urbem

2101 5669 2425 5736 Jezraelem,
2451 5664 2730 5722 Joramum
2766 5666 2990 5723 lsraclis
3027 5680 3208 5734 regem
3242 5666 3535 5734 quaesitum
3562 5681 3691 5737 pro-

2107 5768 2284 5818 l‘ectns
2315 5771 2421 5817 est.
2458 5760 2707 5830 Cumque
2750 5759 2970 5815 obviam
3006 5754 3108 5826 ipsi
3158 5760 3539 5826 procederent,
3595 5761 3692 5816 Jo-

2116 5871 2253 5923 ram,
2289 5852 2527 5920 Israelis,
2576 5861 2630 5908 et
2664 5850 2903 5907 Achazia
2949 5850 3100 5913 Juda‘
3132 5867 3248 5920 rex,
3297 5849 3436 5909 Jehu
3491 5854 3689 5926 sagitta
