4076 6416
415 318 517 381 957

1864 325 2248 389 ANNALES.

3584 340 3691 402 958

418 433 561 503 regis
601 446 697 487 cor
725 435 1015 502 percussit,
1066 435 1464 509 interfectoque
1505 446 1669 509 caput
1719 438 1986 506 abstulit;
2018 444 2061 500 Α
2083 450 2281 498 contra
2316 440 2496 513 ipsum
2529 444 2750 508 Hazael.
2782 441 2952 515 Syria:
2978 461 3100 513 rex,
3137 450 3324 503 urbem
3348 450 3452 506 Gat
3480 454 3540 508 ei
3564 455 3694 509 abs-

418 525 660 593 fngirnte
683 524 919 580 Acltazia
945 525 1100 583 ludar.
1137 542 1285 599 rege,
1314 546 1478 601 quem
1510 531 1676 586 etiam
1709 530 1997 586 insecutus

414 616 555 672 Jcbu
588 617 905 675 vulneribus
932 619 1176 677 confodit
1206 641 1220 677 :
1253 625 1348 693 qui
1389 633 1570 679 tamen
1618 626 1686 678 ab
1720 625 1839 694 ipso
1866 639 1998 679 eva-

415 707 576 775 dens.
605 711 796 769 urbem
823 713 1090 784 Mageddo
1121 715 1422 787 ingressus,
1456 718 1529 773 ibi
1562 726 1812 773 mortuus
1839 728 1950 774 est.

487 799 734 860 Mortuus
769 819 901 875 ergo
928 806 1170 863 Acbazia
1217 807 1375 865 Iudae
1399 825 1516 874 rex,
1572 826 1601 864 a
1653 814 1828 866 servis
1878 812 1997 866 suis

415 896 793 969 Hierosolyma
822 901 1146 967 translatus,
1174 904 1229 958 in
1258 904 1480 960 civitate
1524 905 1697 960 David
1742 905 1994 975 sepultus

413 996 533 1056 est;
568 990 962 1062 imperavitque
982 993 1137 1052 Judae
1163 994 1557 1066 Hierosolymis
1586 998 1837 1052 Achaziae
1876 1011 1994 1050 ma-

413 1088 520 1147 ter,
563 1083 782 1139 nomine
809 1085 1048 1149 Athalia.
1079 1088 1238 1144 annis
1281 1097 1514 1157 septem.
1548 1088 1781 1159 Scripsit
1806 1099 1988 1144 autem

412 1174 552 1232 Jebu
591 1176 658 1231 ad
695 1179 988 1248 optimates
1017 1181 1279 1237 Samaria:
1313 1199 1329 1237 :
1367 1183 1425 1237 Si
1462 1182 1595 1237 mihi
1623 1182 1992 1251 obsequentes

416 1265 651 1332 fueritis,
688 1269 946 1337 praeﬁcite
981 1270 1138 1327 vobis
1167 1287 1199 1326 e
1231 1272 1357 1327 ﬁliis
1396 1272 1593 1336 Ababi,
1627 1274 1784 1343 .regis
1825 1273 1994 1328 Israe-

413 1360 501 1423 lis,
554 1376 756 1430 regem.
806 1362 1265 1420 Rescribentibus
1311 1364 1496 1435 ipsis:
1546 1366 1659 1421 Non
1695 1377 1779 1422 est
1837 1368 1990 1421 nobis

413 1460 611 1516 praeter
648 1460 702 1506 te
752 1469 869 1519 rex,
902 1455 1122 1524 scripsit
1151 1474 1166 1512 :
1209 1455 1412 1514 Omnes
1444 1473 1576 1520 ergo
1605 1457 1749 1514 ﬁlios
1787 1460 1995 1522 Ababi,

414 1542 560 1610 regis
604 1543 848 1609 lsraelis,
913 1561 943 1600 e
1000 1547 1182 1602 medio
1236 1549 1434 1604 tollite.
1496 1548 1985 1623 Fuerunt‘autem

389 1622 587 1688 'Ahabi
621 1637 713 1692 ﬁlii
745 1648 799 1691 et
837 1648 1064 1708 nepotes
1096 1640 1194 1694 viri
1229 1642 1600 1711 septuaginta,
1639 1622 1872 1712 quorum
1900 1643 1985 1696 in-

411 1727 763 1783 terfectnrtt'n
831 1732 1010 1800 capita
1057 1731 1123 1786 ad
1177 1732 1313 1788 Jehu
1362 1737 1651 1790 miserunt.
1699 1735 1985 1792 Profectus

411 1835 542 1888 ergo
568 1819 707 1877 Jclm
774 1823 1108 1889 Samariam,
1160 1826 1434 1880 neminem
1485 1843 1549 1880 ex
1605 1826 1775 1879 Ababi
1822 1828 1991 1896 stirpe

409 1912 682 1980 reliquum
732 1912 882 1979 fecit,
916 1929 1079 1983 quem
1120 1931 1229 1970 non
1281 1916 1635 1972 interﬁceret.
1677 1919 1992 1974 Occurrens

411 2016 594 2059 autem
640 2008 693 2061 in
739 2008 824 2061 via
873 2009 1009 2064 viris
1063 2009 1426 2078 quadraginta
1478 2009 1716 2075 duobus,
1766 2010 1989 2078 quinam

410 2106 599 2153 essent
651 2099 1050 2168 interrogavit.
1103 2101 1460 2171 dieenlesque
1506 2121 1520 2157 :
1573 2101 1685 2159 Nos
1740 2102 1992 2158 Achaziae

396 2188 553 2255 regis
586 2187 740 2245 Judae
789 2190 1025 2256 fratres,
1067 2191 1360 2262 jugulavit.
1420 2193 1598 2249 Baetis
1641 2204 1825 2249 autem
1862 2195 1989 2250 idoli

409 2281 667 2348 templum
732 2281 785 2335 in
850 2281 1098 2338 Samaria
1163 2282 1367 2349 diruit,
1438 2282 1865 2353 sacerdotesque
1924 2300 1993 2340 ac

407 2371 688 2442 principes
724 2373 840 2427 lteri
874 2373 1060 2439 dedit;
1092 2375 1448 2444 regnavitqne
1478 2375 1532 2430 in
1570 2373 1850 2431 lsraelitas
1885 2392 1988 2431 an-

407 2480 509 2519 nos
545 2465 731 2535 viginti
765 2475 910 2520 ortu.
937 2466 1101 2537 220
1123 2465 1525 2538 Egressamque
1550 2467 1727 2523 Ahabi
1763 2483 1989 2523 uxorem

408 2559 695 2622 izebelem,
723 2574 843 2629 qum
867 2575 926 2614 se
953 2560 1006 2614 in
1036 2558 1174 2615 Jebn
1209 2575 1499 2615 occursum
1541 2571 1856 2622 ornaverat.
1903 2562 1990 2617 in-

408 2651 648 2714 ter”ecit,
696 2667 897 2718 quam,
928 2667 1052 2706 cum
1097 2653 1294 2709 diebus
1351 2654 1551 2724 aliquot
1616 2655 1857 2725 projceta
1906 2655 1991 2723 ja-

407 2744 634 2808 cuisset.
693 2747 1052 2801 comederunt
1096 2762 1279 2802 canes.
1324 2747 1526 2801 Deinde
1572 2750 1822 2814 corporis
1866 2749 1989 2818 ejus

406 2837 671 2904 reliquias
716 2837 937 2905 sepeliri
966 2837 1157 2904 jussit.
1204 2838 1373 2892 Porro
1422 2838 1663 2901 Athalia,
1702 2853 1827 2893 cum
1864 2849 1987 2909 post

406 2927 578 2983 ﬁlium
620 2929 675 2984 in
720 2926 915 2984 Judam
968 2928 1363 3001 Hierosolymis
1414 2939 1686 3000 regnaret,
1737 2931 1828 2986 ﬁlii
1899 2933 1986 2990 sui

403 3020 657 3077 Achaziae
717 3022 918 3077 liberos
970 3021 1280 3086 interfecit,
1335 3023 1596 3078 familiam
1671 3023 1989 3081 Davidicam

2105 535 2249 598 tulit,
2284 534 2405 605 ipso
2447 535 2589 605 apud
2626 535 2771 590 illam
2798 537 3049 603 devicto;
3089 540 3285 595 deinde
3311 542 3691 615 Hierosolyma

2101 627 2400 683 ascendere
2445 626 2500 682 in
2557 628 2743 683 animo
2785 630 2999 685 habuit.
3049 630 3373 700 Magnopere
3420 634 3587 703 igitur
3617 637 3687 689 ab

2100 721 2221 789 ipso
2254 731 2505 778 metuens
2537 719 2708 777 Joasb
2744 738 2937 779 omnes
2969 725 3261 780 thesauros
3282 725 3374 794 qui
3410 727 3462 780 in
3491 728 3692 796 templo

2101 817 2274 879 fuere,
2309 829 2447 885 quos
2498 823 2865 885 reposuerant
2900 826 3088 887 patres
3145 818 3330 886 ipsius
3359 816 3688 887 Jusbapbat.

2097 907 2284 963 Joram
2334 917 2391 963 et
2429 908 2692 973 Achazia,
2739 923 2994 978 quosque
3051 909 3167 977 ipse
3214 910 3550 970 contulerat,
3595 924 3692 965 ac-

2096 1010 2307 1069 ceptos,
2341 1000 2409 1054 ad
2466 998 2775 1065 l‘lazaelcm,
2807 1000 2981 1072 Syriae
3030 1015 3234 1071 regem.
3270 1001 3442 1066 misit,
3477 1002 3569 1070 qui
3618 1003 3689 1056 ab

2096 1091 2213 1160 ipso
2246 1107 2498 1148 reversus
2529 1102 2606 1146 est
2619 1131 2635 1146 .

2167 1183 2413 1241 Mortuus
2440 1192 2622 1240 autem
2649 1184 2789 1241 Jeltu
2827 1184 3045 1240 israelis
3077 1201 3170 1240 rex
3208 1184 3474 1239 Samaria:
3500 1186 3692 1255 sepul-

2096 1287 2184 1333 tus
2214 1285 2337 1343 est,
2388 1285 2656 1346 regnante
2690 1286 2815 1347 post
2865 1279 3041 1346 ipsum
3103 1277 3214 1331 tilio
3253 1278 3429 1346 ipsius
3464 1277 3686 1330 Achazo

2094 1368 2354 1425 Samaria:
2399 1385 2572 1424 annos
2634 1369 3070 1439 septemdecim,
3120 1369 3283 1436 idque
3326 1384 3474 1422 anno
3532 1369 3682 1437 regni

2092 1459 2278 1516 Joashi
2322 1458 2475 1516 Iudae
2520 1460 2666 1528 regis
2712 1461 2977 1515 vicesimo
3013 1461 3209 1515 tertio.
3239 1459 3335 1513 llic
3370 1459 3514 1513 idola
3566 1458 3675 1513 sibi

2092 1560 2311 1622 accepta
2356 1553 2550 1607 coluit.
2594 1551 2961 1608 Praevalentes
2995 1564 3174 1606 autem
3233 1551 3418 1607 lsraeli
3479 1549 3685 1604 Hazael
3778 1546 3783 1550 ’

2093 1642 2263 1715 Syriae
2287 1659 2402 1708 rex,
2427 1654 2482 1699 et
2521 1642 2709 1699 Hadad
2757 1643 3029 1698 llazaeliis
3077 1643 3241 1703 filius.
3272 1643 3419 1697 viros
3461 1641 3685 1695 Israeli-

2094 1736 2234 1791 tieos
2264 1734 2406 1790 bello
2438 1737 2905 1804 absumpserunt.
2938 1734 3074 1788 adeo
3109 1744 3169 1788 ut
3203 1748 3312 1787 non
3340 1740 3526 1788 essent
3556 1731 3683 1785 reli-

2094 1827 2189 1898 qui
2220 1827 2443 1883 Achazo
2464 1827 2684 1882 lsraelis
2715 1826 2829 1897 regi
2863 1827 2918 1880 in
2951 1826 3094 1881 bello
3124 1833 3325 1895 praeter
3348 1824 3557 1893 pedites
3584 1824 3683 1877 de—

2095 1920 2207 1974 cies
2244 1919 2412 1983 miile,
2456 1927 2513 1973 et
2541 1917 2708 1991 22‘.
2753 1918 2965 1988 equites
3008 1919 3430 1987 quinquaginta.
3485 1915 3681 1976 Porro.
3724 1989 3727 1992 ἠ

2095 2020 2345 2066 mortuus
2368 2019 2452 2066 est
2481 2010 2662 2065 Elisha
2685 2010 2973 2081 propheta.
2996 2000 3246 2066 Mortuus
3271 2012 3435 2064 etiam
3461 2010 3678 2074 llazael,

2096 2108 2270 2179 Syriae
2293 2110 2412 2170 rex',
2448 2106 2537 2160 cui
2567 2106 2625 2160 in
2654 2121 2822 2177 regno
2854 2105 3129 2160 successit
3170 2104 3314 2158 ﬁlius
3362 2104 3535 2174 ipsius
3571 2103 3650 2155 lla
3671 2134 3684 2146 ο

2096 2200 2225 2255 dad.
2265 2198 2540 2254 Reversus
2587 2197 2780 2251 deinde
2815 2197 3000 2252 Acbaz
3046 2197 3267 2250 lsraelis
3313 2212 3408 2250 rex
3463 2194 3684 2249 lladado

2096 2290 2345 2347 Hasaelis
2384 2289 2496 2343 ﬁlio
2546 2304 2671 2358 rege
2723 2288 2896 2357 Syriae
2945 2286 3184 2351 devicto,
3240 2289 3425 2349 urbes,
3481 2287 3683 2354 quibus

2093 2385 2270 2456 captis
2310 2384 2680 2454 imperaverat
2714 2390 2868 2450 pater
2892 2380 3100 2448 ipsius,
3139 2378 3215 2433 illi
3252 2378 3499 2433 abstulit.
3534 2378 3680 2433 Mcr-

2094 2485 2220 2532 tnus
2250 2474 2448 2531 deinde
2478 2473 2628 2528 Abaz
2647 2512 2661 2536 ,
2694 2470 2914 2527 lsraelis
2958 2486 3053 2526 rex
3075 2509 3092 2533 ,
3133 2470 3394 2526 Samariae
3424 2470 3680 2538 sepultus

2092 2578 2198 2633 est,
2232 2574 2494 2638 regnante
2537 2576 2658 2635 post
2688 2566 2865 2635 ipsum
2900 2565 2956 2619 in
2993 2563 3252 2620 israelem
3288 2561 3554 2617 Samariae
3585 2577 3683 2614 an-

2094 2677 2195 2716 nos
2233 2659 2509 2715 sexdecim
2548 2658 2672 2712 filio
2699 2658 2875 2728 ipsius
2902 2656 3072 2713 Joasb
3107 2675 3121 2711 :
3165 2657 3327 2726 idque
3359 2656 3512 2724 regni
3547 2653 3674 2709 Joa-

2093 2747 2176 2802 sbi
2212 2747 2356 2817 regis
2378 2743 2532 2800 Iudae
2563 2744 2851 2800 tricesimo
2885 2759 3050 2800 nono.
3083 2743 3177 2799 llle
3228 2745 3380 2816 pejus
3416 2760 3476 2798 se
3502 2746 3676 2813 gessit

2092 2846 2242 2905 patre
2304 2853 2425 2903 suo,
2486 2846 2650 2905 atque
2704 2837 2849 2891 idola
2910 2837 3123 2892 coluit.‘
3162 2835 3430 2891 Joasbum
3491 2845 3677 2888 autem

2089 2931 2244 2987 Jndae
2276 2946 2459 2999 regem
2496 2930 2673 2986 adorti
2710 2932 2853 2987 servi
2886 2931 3063 3000 ipsius
3101 2929 3533 2987 interfecerunt.
3569 2945 3679 2999 quo

2091 3022 2144 3076 in
2191 3022 2411 3077 civitate
2443 3021 2660 3076 Davidis
2685 3023 2902 3089 sepulto
2932 3022 3239 3089 imperavit,
3286 3019 3441 3075 Iudae
3482 3020 3681 3075 Hiero-

403 3128 659 3183 qmerens
681 3122 739 3169 ut
770 3114 920 3185 ipsos
947 3129 980 3170 e
1010 3115 1191 3169 medio
1226 3115 1461 3180 tolleret,
1496 3119 1640 3186 quod
1671 3120 1787 3186 ipsa
1818 3134 1988 3185 genus
2019 3126 2061 3181 c
2096 3114 2322 3184 sulymis
2353 3127 2530 3167 annos
2558 3113 2754 3183 viginti
2791 3120 2986 3168 novem
3024 3113 3166 3169 filius
3205 3114 3379 3183 ipsius
3428 3112 3673 3168 A-masia.

402 3207 613 3263 ducens
646 3207 716 3261 ab
736 3206 960 3262 Acbabo
996 3206 1218 3262 [sraelis
1248 3222 1393 3276 rege,
1429 3214 1594 3262 totam
1627 3208 1852 3276 stirpem
1884 3210 1988 3263 Da-

402 3298 636 3354 vidicam
665 3299 993 3353 exstinctam
1020 3308 1263 3369 cuperet.
1299 3298 1430 3352 Erat
1467 3308 1650 3354 autem
1695 3300 1798 3370 ipsi
1831 3302 1937 3355 filia
1968 3319 1983 3366 ;

402 3390 656 3446 Acbazize
680 3405 859 3457 soror,
894 3391 1113 3447 nomine
1137 3389 1481 3456 Jeboshuba,
1523 3391 1805 3447 Jeltoiadae
1834 3394 1987 3463 prin-

402 3482 545 3551 cipis
589 3480 936 3538 sacerdotum
993 3497 1150 3545 uxor,
1200 3498 1323 3552 quae
1372 3484 1690 3554 subreptum
1741 3501 1769 3538 a
1812 3495 1989 3542 mat'e

403 3577 577 3645 ipsius
611 3575 777 3629 ﬁlium
833 3575 1086 3630 Acbazia:
1136 3577 1225 3629 cui
1287 3591 1486 3629 nomen
1534 3573 1725 3640 Joasb,
1778 3587 1983 3647 septem

402 3666 565 3721 annis
596 3665 739 3735 apud
772 3681 832 3721 se
887 3665 1198 3720 abscondit.
1247 3665 1661 3735 PrOpbetarunt
1717 3669 1822 3723 sub
1867 3671 1985 3739 ipsa

407 3756 593 3813 Elisba
651 3765 708 3810 et
773 3755 1002 3812 Obadia.
1074 3755 1292 3810 Athalia
1360 3765 1543 3811 autem
1603 3758 1987 3829 Hierosolyma

404 3848 741 3904 scortatione
766 3847 1099 3918 inquinavit.
1126 3845 1299 3901 Jussit
1333 3849 1478 3901 enizn
1510 3848 1744 3906 feminas
1771 3852 1988 3921 publice

404 3941 611 4011 absque
656 3948 801 3993 metu
828 3937 1084 4002 scortari,
1128 3952 1343 3993 necnon
1382 3941 1528 3995 viros
1577 3948 1831 4009 stuprum
1862 3959 1985 3997 cum

405 4032 624 4087 feminis
648 4033 867 4088 nemine
916 4033 1235 4102 increpante
1266 4031 1636 4087 committere.
1668 4031 1771 4089 Ubi
1805 4046 1985 4090 autem

405 4127 736 4182 adolevisset
794 4124 962 4180 Juasb
1018 4124 1268 4180 Aebazia:
1315 4123 1484 4190 ﬁlius,
1516 4123 1776 4182 Jchuiada
1802 4144 1988 4183 sacer.

404 4218 507 4272 dos
564 4217 880 4273 convocatis
941 4215 1096 4270 Juda:
1151 4216 1491 4287 principibus
1541 4216 1612 4271 ad
1674 4219 1796 4274 illos
1861 4219 1988 4274 Joa-

405 4309 567 4365 sbum
604 4309 784 4379 ipsum
815 4308 1069 4364 Acbaziae
1129 4308 1296 4363 ﬁlium
1352 4310 1628 4379 produxit,
1685 4327 1848 4381 quem
1909 4313 1989 4368 illi

406 4418 589 4474 regem
645 4401 751 4457 sibi
807 4402 1233 4457 constituerunt.
1291 4399 1413 4467 Quo
1468 4402 1694 4467 audito,
1747 4404 1986 4466 Athaiia.

2092 3207 2258 3275 quue
2285 3221 2429 3259 anno
2456 3207 2610 3276 regni
2641 3204 2831 3259 Joashi
2864 3206 3013 3274 regis
3037 3206 3258 3260 lsraelis
3283 3207 3547 3261 secundo.
3578 3207 3678 3259 llic

2089 3306 2282 3367 captos
2315 3312 2506 3351 servos
2536 3298 2625 3368 qui
2659 3308 2869 3367 patrem
2904 3296 3077 3367 ipsius
3102 3297 3495 3353 interfecerant
3518 3298 3679 3366 jugu-

2091 3387 2240 3441 lavit.
2265 3388 2378 3442 Sub
2406 3402 2473 3443 eo
2497 3389 2839 3459 prophetavit
2861 3389 3028 3443 Amos
3056 3389 3325 3458 propheta
3364 3388 3675 3442 Davitlirus.

2088 3480 2431 3536 Ascendente
2467 3489 2649 3534 autem
2690 3479 2894 3535 .loasbo
2928 3480 3152 3536 lsraelis
3179 3497 3304 3551 rege
3357 3481 3674 3550 llierosoly~

2091 3585 2198 3627 ma.
2248 3571 2468 3632 Amasia
2500 3571 2653 3626 Juda:
2691 3587 2784 3627 rex
2822 3582 2969 3626 metu
3006 3573 3123 3639 ejus
3154 3570 3550 3627 Beitsltemsnm
3588 3573 3678 3627 fu-

2090 3666 2268 3736 giens,
2303 3665 2492 3717 urbem
2529 3678 2756 3717 vacuam
2787 3663 3028 3731 reliquit.
3078 3662 3255 3716 Diruit
3288 3678 3421 3732 ergo
3447 3662 3619 3720 Jnash
3646 3682 3676 3720 e

2089 3771 2244 3811 muro
2295 3757 2448 3812 urbis
2478 3755 2995 3827 Hierosolymitante
3039 3755 3257 3811 cubitos
3304 3756 3673 3826 quadringen-

2090 3858 2194 3908 tos.
2221 3855 2618 3916 acceptumque
2647 3850 2787 3907 auri.
2823 3848 3034 3917 argenti
3065 3856 3121 3900 et
3144 3861 3489 3915 gemmarum
3515 3848 3676 3916 quid-

2089 3940 2216 4005 quid
2262 3941 2314 3993 in
2361 3940 2584 4007 templo,
2638 3955 2859 3994 necnon
2918 3940 3186 4009 quidquid
3227 3941 3345 3993 auri
3383 3950 3550 4006 atque
3583 3953 3675 3993 ar-

2087 4030 2232 4099 genti
2259 4030 2311 4082 in
2337 4029 2539 4097 palatio
2562 4029 2706 4098 regis
2745 4030 2966 4084 \masite
2994 4031 3114 4091 fuit.
3141 4030 3446 4084 Samariam
3481 4046 3675 4096 asper-

2091 4122 2247 4176 tavit.
2283 4121 2497 4175 Mortuo
2548 4122 2746 4176 deinde
2796 4121 3000 4177 Joasho
3047 4123 3267 4178 lsraclis
3310 4140 3456 4194 rege,
3507 4133 3677 4192 atque

2091 4214 2352 4270 Samarite
2384 4216 2624 4287 sepulto.
2653 4225 2777 4286 post
2808 4216 2985 4287 ipsum
3022 4216 3282 4270 Samaria!
3310 4214 3676 4286 225-227

2091 4308 2145 4363 in
2178 4309 2438 4365 lsraelem
2464 4310 2712 4379 regnavit
2739 4324 2915 4365 annos
2936 4310 3299 4380 quadraginta
3331 4325 3500 4364 unum
3529 4308 3678 4364 ﬁlius

2093 4402 2268 4471 ipsius
2301 4401 2614 4467 Jeroboam,
2651 4402 2817 4472 idque
2861 4417 3007 4457 anno
3058 4404 3212 4473 regni
3241 4401 3484 4457 Amazia:
3530 4401 3677 4472 regis

406 4472 605 4550 scissis
635 4493 882 4549 vestibus
920 4493 987 4548 ad
1038 4492 1215 4561 ipsum
1247 4491 1699 4562 conspiciendum
1740 4510 1985 4563 egressa,
2018 4472 2063 4526 θ
2091 4491 2247 4549 Iudae
2276 4495 2490 4550 decimo
2521 4495 2735 4564 quinto.
2772 4493 2989 4548 Mortuo
3036 4472 3206 4548 Joaslt
3261 4493 3479 4548 lsraelis
3526 4508 3677 4562 rege,

408 4585 589 4642 eladio
620 4586 951 4654 interempta
975 4594 1080 4640 est.
1121 4583 1393 4649 Regnavit
1440 4600 1572 4653 ergo
1605 4583 1773 4641 Joash
1803 4587 1988 4641 Arba-

407 4677 505 4732 πίω
529 4675 674 4731 ﬁlius
704 4675 1097 4746 Hierosolymis
1119 4676 1170 4728 in
1189 4675 1380 4730 Judam
1399 4676 1758 4747 quadraginta
1784 4692 1989 4745 annos;

412 4784 578 4839 regno
593 4776 775 4823 autem
795 4766 1086 4837 praefectus
1106 4776 1191 4823 est
1207 4782 1381 4822 annos
1402 4777 1559 4822 natus
1580 4777 1810 4836 septem;
1829 4770 1991 4839 idque

405 4877 553 4916 anno
582 4862 733 4931 regni
756 4859 897 4916 Jebu
918 4861 1064 4931 regis
1089 4859 1302 4914 lsraelis
1320 4862 1572 4930 septimo.
1602 4859 1756 4914 Matri
1797 4859 1988 4916 Joashi

407 4969 603 5009 trnnen
624 4952 980 5023 εει-223
1000 4961 1118 5008 erat
1142 4952 1302 5007 Sebia
1334 4953 1672 5008 Birsebaitis.
1701 4952 1831 5023 Ejus
1851 4964 1990 5009 tem-

409 5061 538 5115 pore
552 5048 953 5117 prepbetaruut
970 5044 1172 5110 Elisha,
1193 5045 1346 5108 Uria,
1364 5054 1416 5098 et
1435 5043 1698 5097 Zacharia
1715 5044 1991 5099 Jehoiadrc

411 5137 718 5193 sacerdotis
763 5138 929 5192 ﬁlius.
958 5137 1144 5205 Neque
1171 5136 1532 5191 destititbcne
1559 5152 1618 5190 sc
1643 5137 1694 5190 in
1729 5136 1864 5191 Juda
1900 5154 1993 5206 go.

412 5247 553 5299 rere,
585 5231 763 5285 donec
791 5241 1097 5284 moreretur
1118 5228 1379 5283 Jeboiada
1411 5228 1794 5296 sacerdos,qui
1820 5243 1992 5283 anno-

409 5341 529 5378 rum
548 5332 767 5379 centum
792 5332 909 5376 erat
934 5330 988 5375 et
1025 5321 1266 5389 triginta.
1287 5320 1441 5391 Cepit
1473 5320 1669 5377 deinde
1697 5320 1862 5376 Joasb
1887 5337 1978 5375 rex

409 5413 509 5468 sibi
531 5414 670 5469 idola
687 5427 807 5482 qua:
822 5414 1051 5473 coleret,
1071 5411 1214 5479 quod
1236 5426 1359 5465 cum
1381 5412 1561 5465 facere
1577 5409 1754 5480 ipsum
1782 5420 1987 5463 vetaret

408 5506 671 5562 Zacharia
688 5505 952 5575 propin-ta
982 5501 1259 5558 Jeboiadae
1286 5502 1690 5571 liiius,jubente
1709 5502 1826 5570 ipso
1852 5502 1989 5569 lapi-

412 5607 570 5654 datus
597 5597 826 5652 interiit.
851 5597 964 5650 Hoc
987 5594 1195 5649 scilicet
1226 5593 1506 5663 praemium
1542 5592 1795 5649 retribuit
1819 5591 1986 5648 Joash

413 5689 692 5744 .leboiadae
727 5687 1028 5753 sacerdoti;
1078 5701 1304 5753 regnum
1362 5685 1535 5752 ipsius
1583 5700 1686 5754 ope
1727 5684 1985 5753 adeptus,

412 5784 580 5837 ﬁlium
617 5781 733 5849 ejus
771 5778 1090 5847 Zachariam
1139 5779 1433 5832 interfecit.
1477 5779 1740 5848 Egressus
1794 5786 1982 5831 autem

2094 4586 2316 4641 Amazia
2340 4583 2499 4640 Iuda:
2532 4599 2623 4640 rex
2657 4599 2687 4637 a
2715 4583 3060 4639 Beitshemes
3084 4583 3461 4654 Hierosolyma
3491 4588 3685 4636 rever-‘

2092 4694 2188 4735 sus
2211 4687 2314 4733 est.
2353 4676 2482 4732 Post
2510 4676 2732 4746 aliquod
2774 4686 2956 4729 autem
2997 4675 3260 4744 temporis
3308 4674 3547 4743 spatium
3579 4672 3671 4728 Je-

2090 4772 2386 4825 roboamus
2409 4768 2627 4823 lsraelis
2656 4783 2749 4822 rex
2780 4767 3026 4823 collectis
3056 4767 3231 4834 copiis
3265 4767 3382 4820 suis
3418 4766 3676 4820 llieroso—

2091 4862 2234 4935 lyma
2268 4858 2556 4925 ascendit;
2608 4874 2636 4912 a
2676 4872 2785 4928 quo
2815 4873 2938 4913 eum
2972 4857 3195 4912 Amazia
3233 4855 3388 4911 Judae
3427 4871 3525 4909 rex
3555 4896 3573 4921 ,
3607 4858 3674 4911 ad

2091 4953 2283 5008 urbem
2336 4949 2603 5004 Lachisclt
2652 4947 2929 5019 fugisset.
2990 4947 3213 5001 mittens
3266 4946 3355 5000 ille
3389 4954 3515 5015 post
3548 4961 3673 5001 eum

2090 5041 2452 5103 Lacitisbum,
2481 5039 2556 5094 ibi
2589 5039 2768 5108 ipsum
2802 5035 3122 5101 interfecit;
3156 5037 3248 5106 qui
3291 5036 3675 5106 Hierosolyma

2092 5150 2120 5189 a
2154 5134 2329 5191 servis
2355 5133 2473 5188 suis
2506 5140 2820 5202 reportatus
2850 5130 2902 5183 in
2923 5129 3144 5185 civitate
3173 5128 3396 5184 Davidis
3425 5128 3674 5197 sepultus

2092 5237 2198 5284 est.
2224 5226 2505 5296 Bcgnavit
2533 5233 2658 5295 post
2691 5224 2870 5292 ipsum
2922 5222 2975 5273 in
3029 5219 3226 5276 ludam
3281 5220 3676 5290 Hierosolymis

2092 5333 2267 5373 annos
2297 5317 2691 5384 quinquaginta
2723 5316 2853 5377 duo,
2885 5315 3029 5368 ﬁlius
3061 5314 3232 5383 ipsius
3274 5311 3459 5375 Uzzia,
3495 5325 3668 5364 annos

2093 5409 2365 5464 sexdecim
2401 5416 2583 5466 natus,
2621 5406 2783 5475 idque
2814 5420 2957 5459 anno
2991 5405 3139 5473 regni
3168 5400 3485 5457 Jeroboumi
3521 5399 3668 5467 regis

2093 5498 2253 5553 Israel
2283 5497 2498 5551 decimo
2546 5496 2763 5565 quinto.
2815 5494 2948 5563 Ejus
2994 5503 3235 5562 tempore
3268 5491 3670 5560 prophetarum

2095 5592 2284 5653 Amos,
2316 5588 2545 5657 ejusque
2594 5587 2738 5643 ﬁlius
2772 5585 2946 5642 Isaiah
3000 5600 3030 5640 e
3081 5583 3289 5638 familia
3330 5581 3498 5635 David
3524 5622 3538 5644 ,
3577 5579 3677 5634 Jo-

2094 5683 2231 5738 slma
2263 5679 2477 5744 Jehadi,
2510 5678 2655 5735 [ilius
2692 5677 2987 5744 Rubenita,
3017 5674 3186 5732 Jonas
3218 5673 3447 5729 Matatiae
3476 5672 3617 5728 ﬁlius
3642 5688 3674 5729 e

2094 5772 2469 5843 Gatltltaphar.
2616 5768 2623 5775 ’
