4076 6394
374 384 381 390 ’
420 357 518 420 961

1858 365 2236 427 ANNALES.

3581 358 3686 423 962

435 476 763 547 regisliusal
783 490 1022 541 rumore,
1049 476 1278 546 aliisque
1304 478 1439 533 alios
1469 479 1799 534 ca'dcutibns
1823 495 2009 551 egres~
2042 486 2080 539 Α
2118 480 2241 548 igne
2276 478 2613 543 combussit;
2662 476 2861 532 occisis
2902 476 3123 542 insuper
3161 482 3213 528 et
3258 477 3378 545 igne
3424 475 3683 528 rreiuatis

417 587 511 625 sus
547 567 793 633 Ezekias,
824 584 913 622 rex
954 566 1128 632 Judae,
1168 569 1439 624 interfecit
1484 585 1547 624 ex
1578 570 1712 640 ipsis
1750 570 1991 626 virorum

417 658 625 713 centies
674 657 920 725 ot-togies
954 656 1246 726 quinquies
1304 659 1469 711 mille.
1517 657 1987 713 Sennacheribum

418 765 546 803 vero
580 762 758 818 regem
794 746 986 812 Musal,
1022 764 1148 803 cum
1189 749 1418 818 fugisset
1449 745 1714 813 Nineven,
1750 749 1844 803 filii
1876 750 1994 816 ejus

418 842 547 904 duo,
583 855 816 910 quorum
865 841 1018 895 alteri
1068 856 1265 895 nomen
1311 841 1491 895 Anzar
1537 841 1750 894 Malach
1777 883 1793 904 ,
1834 842 1991 895 alteri

420 933 668 997 Sareser,
708 934 761 985 in
798 932 975 1001 ipsum
1011 932 1300 995 irruentes,
1332 933 1513 1002 gladio
1562 932 1991 998 interfecerunt;

416 1026 609 1080 deinde
655 1026 707 1078 in
742 1034 939 1078 terram
990 1023 1206 1088 Korda,
1232 1039 1354 1092 qure
1381 1033 1466 1079 est
1506 1032 1651 1078 terra
1690 1022 1990 1086 Al-Musal,

417 1118 694 1187 fugerunt.
727 1116 835 1170 Iste
870 1115 1063 1169 lizekia
1095 1131 1188 1169 rex
1210 1153 1226 1178 ,
1275 1116 1364 1169 ille
1416 1124 1533 1170 erat
1562 1115 1721 1184 cuius
1746 1117 1867 1168 vita:
1899 1116 1993 1168 ad-

419 1210 556 1262 didit
590 1206 850 1260 Dominus
888 1220 1061 1259 annos
1097 1205 1407 1273 quindecim
1437 1244 1453 1268 ,
1504 1203 1649 1271 quod
1675 1246 1690 1268 ,
1744 1204 1989 1266 scilicet,

427 1299 729 1367 propinqua
764 1306 936 1350 morte
966 1312 1089 1349 cum
1127 1296 1311 1350 nullus
1340 1295 1442 1364 ipsi
1479 1296 1623 1350 illius
1653 1304 1827 1359 esset,
1854 1308 1990 1348 con-

422 1406 577 1444 versa
612 1390 874 1460 parietem
926 1387 1066 1443 faeie
1097 1403 1284 1442 amare
1320 1386 1471 1440 ﬂeret
1500 1403 1686 1440 coram
1738 1385 1989 1440 Domino.

420 1481 670 1537 Misertns
691 1497 819 1549 ergo
846 1481 1019 1549 ipsius
1044 1478 1308 1533 Dominus
1329 1481 1806 1545 clementissimus,
1825 1480 1993 1534 misso

419 1573 678 1641 adipsum
696 1571 909 1641 angelo,
954 1580 1141 1624 notum
1174 1570 1274 1639 ipsi
1308 1569 1433 1623 fecit
1464 1586 1522 1625 se
1556 1572 1867 1639 quindecim
1896 1586 1993 1624 an-

420 1678 522 1718 nos
554 1663 676 1716 vita:
704 1661 876 1730 ipsius
913 1660 1193 1730 adiecisse.
1226 1658 1397 1713 Natus
1427 1669 1508 1714 est
1533 1675 1660 1730 ergo
1707 1660 1809 1729 ipsi
1854 1660 1992 1715 [ilius

416 1771 574 1824 quem
603 1754 900 1808 Manassem
926 1754 1233 1822 appellavit.
1269 1753 1460 1815 Porro,
1497 1754 1693 1807 dicitur
1721 1753 1870 1806 illum
1899 1754 1988 1822 qni

2107 568 2383 621 idolorum
2430 567 2834 631 sacerdotibus,
2880 583 2981 623 nec
3017 583 3123 621 non
3168 582 3294 621 ossa
3341 575 3678 620 mortuorum

2101 659 2194 727 qui
2268 659 2406 714 idola
2468 658 2757 713 coluerant
2829 660 3057 714 collecta
3127 657 3363 712 ﬂammis
3426 656 3675 711 tradidit.

2101 749 2275 804 Porro
2309 763 2453 803 anno
2488 751 2639 818 regni
2673 749 2755 803 sui
2790 748 3007 802 decimo
3053 758 3248 803 octavo
3292 745 3502 801 Pascha
3531 746 3682 800 cete-

2109 840 2285 893 bravit
2312 841 2473 909 quale
2505 854 2663 894 nemo
2697 854 2929 907 unquam
2963 837 3338 892 celebraverat
3372 853 3401 891 a
3433 846 3679 906 tempore

2096 932 2261 986 Josue
2294 931 2386 985 filii
2420 930 2564 986 Nun.
2604 930 2873 984 Sacerdos
2908 939 3037 984 tunc
3070 938 3188 983 erat
3224 928 3402 983 Hilkia
3433 928 3682 984 Jeremiae

2098 1020 2376 1089 propheta:
2415 1030 2600 1089 pater;
2642 1022 2755 1088 qui,
2789 1030 3002 1082 reperto
3028 1020 3080 1072 in
3111 1020 3313 1088 templo
3340 1020 3477 1073 libro
3512 1020 3666 1089 legis,

2098 1128 2222 1167 cum
2289 1113 2441 1166 illttm
2499 1113 2753 1183 legisset,
2818 1111 3021 1165 Pascha
3068 1113 3225 1181 juxta
3277 1111 3422 1182 quod
3482 1112 3535 1164 in
3585 1111 3681 1165 illo

2099 1203 2419 1276 [scriptum]
2465 1218 2602 1265 erat,
2646 1206 2901 1258 instituit.
2951 1202 3065 1259 Sub
3114 1206 3231 1274 ipso
3279 1205 3680 1273 prophetarunt

2104 1293 2309 1348 Chalda
2345 1312 2484 1348 ttxor
2518 1295 2647 1350 Salu
2676 1324 2680 1341 π
2710 1296 2723 1348 i
2747 1296 2993 1350 custodis
3020 1296 3253 1350 vestium
3282 1296 3499 1361 templi,
3528 1294 3682 1350 lere-

2099 1386 2237 1441 lnios
2298 1395 2352 1439 et
2403 1385 2714 1455 Sophonias
2776 1389 3104 1456 prophetae:
3163 1385 3434 1440 Jeremias
3494 1395 3675 1440 autem

2097 1486 2382 1546 acceptam
2436 1493 2618 1532 arcam
2660 1479 2713 1532 in
2771 1479 2948 1532 media
3002 1488 3154 1548 petra
3205 1478 3535 1532 abscondit:
3574 1477 3680 1531 fuit

2095 1571 2261 1623 etiam
2290 1571 2360 1624 ibi
2396 1570 2871 1640 pseudopropheta
2903 1571 3124 1638 quidam
3157 1571 3377 1623 nomine
3405 1568 3672 1623 llanania.

2097 1660 2371 1730 Tempore
2424 1659 2590 1715 Josia!
2649 1662 2793 1730 regis
2847 1660 3003 1714 Judae
3063 1662 3368 1717 ascendens
3424 1660 3672 1715 Pharaoh

2095 1751 2251 1806 Nalm
2282 1756 2449 1821 (quod
2471 1761 2554 1805 est
2575 1752 2844 1820 Claudiis)
2870 1752 3089 1823 Egypti
3121 1768 3235 1817 rex,
3265 1764 3457 1807 contra
3493 1768 3672 1822 regem

415 1846 515 1915 ipsi
546 1861 574 1900 a
607 1845 717 1899 Deo
734 1845 931 1899 dixerit
957 1863 971 1898 :
1001 1844 1222 1899 Addidit
1248 1843 1390 1898 Deus
1418 1844 1539 1898 vitae
1572 1843 1994 1913 tuaequiudecim
2032 1840 2070 1894 Β
2101 1840 2308 1906 Musa],
2369 1842 2516 1895 illum
2572 1843 2712 1896 bello
2770 1843 3086 1897 lacessitum
3136 1853 3564 1913 superatumque
3616 1847 3670 1898 in

380 1952 607 2003 ,annos,
639 1934 805 1989 fuisse
832 1934 1019 1988 lsaiam
1054 1936 1399 2003 pr0phetam;
1450 1943 1612 2004 atque
1647 1936 1748 1989 hoc
1797 1950 1983 1988 verum

378 2036 518 2083 .cst.
553 2025 816 2095 Regnavit
847 2035 1026 2078 autem
1074 2026 1128 2078 in
1160 2022 1333 2078 Musa]
1384 2024 1558 2079 Filius
1594 2022 1988 2078 Scnnacheribi

378 2121 629 2176 nomine
676 2117 1049 2174 Asarhaddon.
1088 2116 1356 2187 Tempore
1387 2115 1795 2171 autemEzekia:
1846 2117 1989 2187 regis

408 2210 580 2276 Jtnlte,
611 2210 893 2281 imperavit
924 2208 1180 2263 Romanis
1211 2224 1303 2263 rex
1349 2207 1570 2263 nomine
1601 2206 1868 2271 Rommus,
1896 2210 1988 2277 qui

411 2304 598 2357 urbem
626 2302 890 2356 condens:
916 2300 1017 2369 ipsi
1051 2300 1302 2363 Romam,
1323 2298 1687 2368 appellatione
1711 2314 1739 2350 a
1770 2298 1989 2352 nomine

409 2410 509 2450 suo
558 2395 874 2462 desumpta,
909 2408 1103 2446 nomen
1151 2392 1437 2460 imposuit;
1483 2391 1553 2445 ab
1592 2391 1780 2446 eodem
1824 2391 1983 2446 etiam

406 2487 737 2543 denominati
766 2493 893 2541 sunt
922 2483 1281 2555 237-239
1309 2483 1536 2537 Romani
1564 2490 1579 2535 ξ
1606 2484 1675 2537 ab
1707 2498 1773 2538 eo
1808 2499 1979 2553 uSque

409 2592 650 2649 tempore
694 2580 826 2633 urbs
876 2576 1047 2632 Roma
1094 2577 1247 2645 regni
1304 2574 1511 2647 [caput]
1551 2574 1671 2629 fuit.
1718 2575 1983 2647 Regnavit

406 2682 586 2725 autem
618 2670 869 2725 Rontteus
904 2684 1076 2723 annos
1103 2668 1321 2740 triginta
1347 2676 1489 2722 octo.

477 2762 721 2818 Mortuus
778 2772 957 2815 autem
1032 2759 1225 2813 Ezekia
1316 2757 1469 2814 Juda:
1528 2773 1623 2813 rex
1703 2757 1757 2811 in
1820 2757 1983 2813 domo

409 2854 629 2909 Davidis
661 2856 910 2923 sepultus
938 2859 1042 2907 est.
1072 2849 1206 2906 Post
1244 2852 1424 2921 ipsum
1474 2848 1874 2919 Hierosolymis
1924 2852 1978 2903 in

407 2946 603 3002 Judam
635 2950 880 3016 regnavit
926 2944 1069 2998 filius
1111 2942 1286 3013 ipsius
1325 2940 1579 2997 Manasse
1611 2958 1785 2997 annos
1817 2943 1980 3011 quin-

403 3040 663 3109 quaginta
711 3036 995 3107 quinque,
1049 3049 1223 3088 annos
1276 3043 1438 3088 natus
1492 3032 1822 3099 duodecim;
1883 3032 1975 3101 qui

403 3132 566 3185 tertio
617 3128 765 3198 regni
804 3129 888 3183 sui
933 3141 1076 3179 anno
1132 3124 1275 3179 idola
1325 3122 1598 3187 confecit,
1638 3122 1702 3177 ad
1738 3136 1974 3192 quarunt

401 3224 610 3278 cultum
666 3220 945 3276 lsraelitas
998 3218 1215 3287 adegit,
1260 3217 1332 3269 oh
1376 3214 1523 3285 quod
1569 3229 1692 3269 cum
1731 3216 1800 3269 ab
1836 3211 1974 3268 isaia

401 3315 667 3383 pt‘ttpllela
706 3310 1024 3380 inerepatus
1064 3317 1233 3373 esset,
1267 3309 1444 3376 ipsum
1478 3304 1828 3381 interfectum
1863 3319 1979 3358 ser-

402 3419 571 3473 raque
609 3401 847 3456 medium
896 3400 1040 3453 inter
1080 3398 1219 3452 duos
1248 3411 1464 3451 asseres
1507 3394 1807 3449 dissectmu
1853 3395 1977 3464 igne

401 3495 735 3549 combussit.
771 3490 966 3546 Fertur
1001 3499 1185 3544 autem
1220 3487 1395 3555 isaite,
1428 3502 1550 3542 cum
1583 3494 1709 3540 ante
1744 3498 1973 3540 mortem

401 3590 597 3642 sitiens
630 3583 921 3638 Dominum
971 3582 1303 3645 invocasset,
1351 3592 1596 3651 apertum
1646 3580 1813 3633 fuisse
1849 3578 1969 3633 fou-

402 3688 507 3732 tem
555 3692 586 3731 e
617 3691 724 3744 quo
771 3673 938 3736 bibit;
992 3679 1185 3739 estque
1236 3669 1326 3723 ille
1372 3666 1495 3721 fons
1540 3666 1779 3732 Silwan,
1813 3666 1971 3734 cujus

403 3768 642 3822 nominis
668 3762 1047 3834 interpretatio
1074 3769 1185 3826 est,
1214 3759 1400 3813 Missa.
1435 3757 1631 3811 Fertur
1656 3758 1818 3811 etiam
1847 3770 1971 3810 cum

401 3868 591 3929 postea
630 3863 819 3926 gentes
866 3852 1238 3922 Hierosolyma
1277 3850 1597 3911 incolerent,
1630 3850 1969 3901 exsiccatum

396 3966 521 4004 esse
550 3949 751 4003 fontem
785 3946 976 4011 illum;
1011 3952 1066 3998 at
1088 3957 1211 3997 eum
1243 3942 1527 4004 Israelilte,
1561 3954 1701 4009 aqua
1726 3938 1970 3992 ﬂuxisse.

394 4041 691 4097 Culuerunt
745 4048 925 4092 autem
978 4036 1236 4090 Israelita:
1296 4034 1437 4086 idola
1487 4032 1645 4085 annis
1699 4030 1970 4100 quinqua-

396 4134 542 4202 ginta
575 4141 830 4202 quatuor.
868 4127 1071 4183 Deinde
1106 4126 1321 4181 Rabelis
1359 4141 1451 4179 rex
1490 4134 1707 4193 captum
1750 4121 1969 4176 Manas-

376 4240 493 4279 sen
533 4223 688 4280 Iudae
725 4238 905 4293 regem
940 4221 1096 4275 vituli
1125 4220 1274 4282 :rrei,
1311 4218 1396 4271 ctti
1435 4218 1615 4284 ignem
1653 4214 1965 4284 supposuit,

380 4319 518 4371 .alvo
544 4315 785 4370 inclusit.
812 4314 999 4367 Oranti
1030 4312 1191 4381 igitur
1219 4309 1466 4363 Manasse
1499 4306 1652 4361 Judee
1688 4307 1797 4376 regi
1836 4304 1964 4358 dum

397 4411 450 4461 in
485 4408 764 4462 simulacri
802 4406 923 4459 alvo
952 4405 1277 4467 exsisteret,
1316 4412 1371 4455 et
1402 4400 1472 4454 ob
1509 4415 1570 4453 ea
1605 4413 1726 4467 quze
1760 4396 1967 4451 fecerat

2095 1931 2276 2003 fugam
2311 1934 2462 1987 dedit
2484 1972 2499 1995 ,
2535 1932 2712 1989 donec
2747 1935 3079 2004 Euphratem
3129 1937 3481 2004 perveniret:
3517 1950 3676 1989 cunt-

2093 2040 2199 2091 que
2246 2025 2444 2078 rediret
2493 2022 2866 2096 241_2&3
2898 2025 3112 2078 obviam
3142 2025 3241 2095 ipsi
3277 2025 3556 2095 profectus
3589 2034 3676 2080 est.

2090 2115 2237 2171 Josia
2286 2133 2376 2170 rex
2431 2114 2586 2170 ludar
2630 2116 2821 2172 multis
2868 2134 2992 2170 cum
3051 2118 3406 2178 muneribus,
3457 2127 3511 2170 at
3558 2117 3675 2187 ipse

2091 2208 2270 2263 visum
2326 2224 2451 2262 eum
2511 2207 2824 2272 interfecit,
2879 2224 3040 2278 quem
3092 2223 3223 2279 ergo
3271 2217 3605 2281 reportatum
3641 2225 3670 2263 a

2089 2300 2339 2371 Megiddo
2373 2300 2516 2371 (qua!
2546 2299 2760 2356 Menbai
2798 2300 2917 2370 fest)
2950 2300 3350 2370 Hierosolyma,
3384 2302 3455 2354 ibi
3495 2301 3671 2369 ipsum

2094 2394 2435 2463 sepelierunt
2489 2395 2634 2448 servi
2694 2393 2910 2462 ipsius,
2972 2407 3147 2447 annos
3200 2400 3389 2445 natum
3452 2391 3668 2461 triginta

2092 2503 2313 2542 novent.
2342 2487 2472 2542 Post
2505 2487 2682 2556 ipsum
2717 2484 3117 2554 Hierosolymis
3153 2486 3206 2537 in
3241 2482 3437 2537 Judam
3470 2499 3667 2552 regna-

2090 2582 2165 2634 vit
2199 2579 2377 2637 trilms
2403 2579 2684 2653 mensibus
2708 2578 2851 2632 filius
2875 2578 3047 2646 ipsius
3072 2575 3296 2637 Jochaz,
3318 2591 3488 2630 annos
3513 2584 3671 2631 natus

2087 2672 2283 2741 viginti
2324 2681 2462 2724 tres.
2493 2670 2813 2725 Ascendens
2843 2681 3023 2725 ardent
3056 2667 3308 2722 Pharaob
3347 2667 3498 2721 Nalm
3534 2667 3668 2722 Hie-

2086 2762 2365 2833 rosolyma
2388 2759 2689 2816 Jochazum
2719 2759 2874 2814 Judae
2902 2775 3080 2831 regem
3104 2768 3323 2829 captum
3348 2768 3396 2812 et
3423 2760 3667 2815 vinetum

2085 2867 2192 2905 una
2225 2868 2348 2905 cum
2385 2851 2697 2906 Judmorutn
2742 2851 3097 2905 multitudine
3136 2849 3432 2922 Egyptum
3466 2852 3666 2922 depor-

2085 2944 2242 2999 tavit.
2282 2944 2546 3013 lmposuit
2586 2946 2751 2998 etiam
2788 2942 3039 2998 Pharaoh
3082 2943 3234 2997 Nalm
3270 2945 3535 3000 omnibus
3570 2946 3663 3014 qui

2084 3034 2480 3106 Hierosolymis
2513 3043 2672 3089 erant
2708 3035 3000 3097 tributum,
3024 3036 3167 3104 quod
3201 3035 3338 3103 ipsis
3367 3036 3472 3090 sihi
3506 3048 3669 3106 quot-

2084 3127 2242 3181 annis
2307 3125 2644 3181 oﬂ'erendum
2693 3124 2974 3192 iniunxit,
3017 3124 3137 3178 auri
3183 3124 3383 3178 talenta
3424 3134 3663 3191 centuru,

2082 3226 2135 3273 et
2160 3218 2369 3289 argenti
2393 3220 2640 3272 totidem.
2668 3217 2865 3272 Deinde
2886 3218 2938 3270 in
2957 3215 3248 3287 Egyptmu
3275 3232 3526 3271 reversus
3556 3229 3667 3277 est.

2151 3311 2367 3366 Mortuo
2418 3324 2597 3365 autem
2635 3310 2877 3365 Jorhazo
2921 3309 3077 3365 Judae
3129 3326 3257 3378 rege
3307 3311 3360 3364 in
3404 3308 3664 3381 IEgypto,

2080 3405 2330 3474 regnavit
2370 3413 2489 3472 post
2521 3405 2697 3468 ipsum
2734 3402 3133 3473 Hierosolymis
3169 3403 3222 3455 in
3247 3397 3446 3455 ludam
3490 3400 3664 3456 unde.-

2080 3498 2188 3551 cim
2244 3511 2422 3550 annos
2472 3494 2705 3550 Eliakim
2754 3493 2922 3550 Josia:
2978 3496 3121 3550 filius
3168 3495 3297 3566 (qui
3348 3504 3401 3549 et
3451 3493 3662 3548 Joakim

2077 3589 2265 3643 dictus
2316 3587 2438 3646 est)
2494 3602 2671 3643 annos
2722 3596 2886 3640 natus
2938 3586 3127 3656 viginti
3192 3587 3456 3655 quinque.
3529 3587 3663 3650 Ejus

2077 3683 2322 3744 tempore
2379 3676 2781 3744 prophetarunt
2836 3674 3105 3728 Jercntias
3163 3676 3469 3744 propheta,
3526 3672 3659 3729 Uria

2076 3762 2310 3818 Setnaite
2355 3764 2502 3817 filius
2547 3780 2609 3817 ex
2639 3763 2840 3833 Oppido
2867 3764 3081 3827 Aanab,
3121 3772 3175 3816 et
3222 3762 3347 3816 Buzi
3397 3762 3662 3817 Ezn-kiclis

2075 3863 2249 3924 pater.
2277 3854 2520 3908 Portavit
2553 3864 2733 3908 autem
2764 3853 2977 3907 Joaltim
3014 3853 3167 3907 Judae
3206 3870 3325 3919 rex,
3362 3856 3659 3924 quotannis

2073 3948 2139 4000 ad
2173 3946 2511 4002 Pharaonem
2548 3947 2704 4001 Nalm
2745 3945 2971 4017 Egypt?
3013 3962 3219 4016 regem,
3258 3961 3355 4015 pro
3381 3962 3440 4001 se
3469 3955 3522 3999 ct
3560 3964 3661 4015 pro

2072 4039 2296 4109 regione
2330 4054 2462 4102 sua,
2512 4038 2564 4091 in
2610 4038 2873 4091 trilmtum
2924 4045 3144 4092 centum
3180 4038 3301 4091 auri
3339 4054 3400 4093 ac
3431 4037 3655 4091 totidem

2070 4130 2283 4198 argenti
2321 4128 2548 4182 talenta.
2584 4130 2741 4181 Anno
2780 4137 2961 4183 autem
2988 4139 3191 4199 quarto
3226 4130 3378 4196 regni
3418 4127 3654 4183 Joakimi

2070 4218 2213 4288 regis
2252 4216 2410 4273 Juda‘.
2446 4219 2738 4286 imperavit
2783 4217 3188 4274 Bochtanasser
3220 4219 3430 4286 Baheli,
3462 4222 3573 4283 cui,
3604 4231 3658 4272 et

2070 4310 2176 4364 sub
2222 4310 2362 4379 ipso,
2417 4309 2800 4380 Hierosolyma
2849 4310 3163 4365 ascendenti
3215 4311 3430 4365 obviam
3480 4310 3660 4364 factus

2067 4399 2282 4455 Joakim
2317 4398 2471 4457 Iuda:
2502 4418 2618 4469 rex,
2650 4402 2753 4472 ipsi
2795 4402 2970 4457 instar
3004 4403 3147 4458 servi
3176 4402 3354 4458 factus
3381 4401 3545 4473 2M
3575 4413 3659 4456 est

395 4502 768 4571 paenitentiam
813 4502 993 4569 agenti
1036 4513 1331 4567 precesque
1379 4496 1444 4549 ad
1491 4496 1777 4549 Dominum
1826 4494 1962 4547 fun-
1995 4518 2039 4573 ι)
2071 4493 2139 4547 ad
2200 4493 2524 4547 triennium.
2587 4492 2862 4547 Reversus
2922 4504 3006 4547 est
3067 4510 3198 4563 ergo
3256 4495 3655 4552 Bochtanasser

392 4593 563 4656 denti,
596 4607 722 4646 cum
757 4600 1042 4665 peccatum
1084 4590 1173 4643 ille
1210 4588 1538 4651 remisisset,
1566 4594 1620 4640 et
1655 4587 1830 4656 ipsius
1862 4586 1962 4638 tui-

392 4698 572 4740 sertus
623 4695 805 4748 esset,
858 4682 1137 4751 diruptam
1198 4688 1283 4735 est
1337 4681 1729 4744 simulacrum,
1782 4679 1855 4732 ita
1907 4687 1966 4732 ut

389 4775 602 4840 exiret;
644 4776 902 4841 misitque
932 4769 1197 4824 Dominus
1233 4770 1336 4840 ipsi
1377 4771 1626 4841 angelum
1659 4770 1750 4837 qui
1780 4764 1963 4825 subla-

391 4875 507 4920 tum
545 4864 921 4934 Hierosolyma
971 4862 1293 4931 reportavit.
1336 4859 1584 4915 Mortuus
1622 4869 1804 4915 autem
1845 4859 1963 4913 Ma-

390 4966 552 5005 nasse
584 4952 636 5005 in
679 4951 835 5003 horto
869 4948 1032 5020 2&0
1065 4947 1222 5003 Uzzze
1258 4949 1507 5017 sepultus
1538 4957 1652 5015 est;
1689 4949 1964 5017 regnavit-

390 5058 498 5109 que
526 5052 646 5110 pest
681 5041 860 5109 ipsum
902 5039 1124 5093 biennio
1161 5040 1303 5093 ﬁlius
1332 5040 1506 5107 ipsius
1538 5039 1749 5106 Anton;
1788 5055 1961 5094 annos

390 5144 554 5187 natus
606 5131 798 5202 viginti
829 5132 990 5196 duos,
1023 5130 1115 5198 qui
1160 5131 1214 5183 in
1257 5129 1505 5185 colendis
1544 5130 1701 5184 idolis
1751 5138 1959 5199 patrem

389 5239 549 5278 suum
582 5224 826 5277 imitatus
856 5231 960 5277 est.
994 5220 1151 5275 Illum
1184 5231 1365 5274 autem
1403 5219 1580 5273 adorti
1614 5220 1757 5273 servi
1790 5219 1962 5287 ipsius

388 5315 535 5370 domi
571 5330 684 5370 sua:
716 5323 891 5369 morte
922 5314 1177 5367 affectum
1214 5326 1338 5365 cum
1377 5324 1526 5379 patre
1569 5326 1670 5364 suo
1712 5312 1763 5364 in
1802 5308 1960 5367 Uzze

389 5406 550 5461 horto
581 5406 951 5475 sepelierunt;
983 5412 1246 5470 regnante
1277 5415 1401 5471 post
1431 5403 1608 5470 ipsum
1648 5402 1961 5473 Hierosoly-

390 5499 494 5551 mis
544 5502 596 5551 in
641 5498 874 5563 Judam,
921 5510 1095 5550 annos
1143 5494 1362 5565 triginta
1413 5509 1577 5546 unum
1629 5493 1739 5546 ﬁlio
1787 5495 1959 5562 ipsius

386 5587 571 5655 Josia,
612 5590 855 5643 octenni.
895 5590 987 5643 ille
1017 5599 1196 5642 autem
1229 5601 1373 5640 anno
1409 5585 1560 5655 regni
1596 5586 1680 5641 sui
1714 5586 1958 5640 secundo

386 5679 528 5733 idola
589 5680 909 5743 confracta.
967 5679 1269 5746 omniaque
1322 5676 1593 5729 idolorum
1644 5677 1845 5745 templa
1902 5679 1955 5731 in

386 5772 651 5839 Samaria,
686 5788 805 5844 quae
865 5778 1245 5827 exstruxerant
1301 5768 1519 5827 lsraelis
1555 5785 1732 5842 reges,
1772 5768 1955 5826 diruta

2069 4586 2322 4640 Bahelem
2380 4587 2631 4639 mittente
2696 4585 2761 4638 ad
2819 4588 2997 4654 ipsum
3052 4588 3352 4654 quotannis
3408 4586 3654 4643 Joakiu-o

2066 4694 2185 4731 eam
2232 4692 2398 4746 quam
2450 4676 2514 4729 ad
2553 4676 2897 4730 Pharaonem
2947 4674 3099 4729 Nalm
3156 4679 3371 4732 mittere
3422 4678 3651 4743 Solebat,

2066 4771 2186 4825 auri
2216 4779 2378 4838 atque
2402 4768 2613 4839 argenti
2643 4783 2913 4823 summam
2939 4785 2952 4832 ;
2987 4769 3277 4837 imperium
3306 4770 3452 4823 enim
3479 4772 3656 4825 tenuit

2067 4858 2473 4912 Bochtanasser
2505 4873 2533 4908 a
2587 4855 2784 4911 Babele
2828 4871 3002 4923 usque
3051 4858 3115 4908 ad
3158 4857 3347 4910 urbem
3399 4855 3649 4925 Raphak.

2070 4947 2265 5003 Postea
2314 4957 2536 5016 pactum
2586 4946 2801 4999 irritum
2855 4944 3093 4999 reddens
3136 4943 3351 5001 Joakim
3408 4947 3542 5001 nihil
3582 4951 3650 5004 ad

2062 5041 2243 5110 ipsum
2286 5039 2458 5092 misit.
2502 5037 2748 5091 Mortuus
2782 5047 2960 5093 autem
2990 5036 3224 5104 Jo-kint,
3260 5055 3349 5091 rex
3376 5036 3554 5105 Jndag,
3593 5040 3647 5095 in

2062 5130 2272 5184 :edibus
2325 5129 2543 5185 Davidis
2621 5130 2872 5200 sepultus
2934 5138 3041 5184 est.
3097 5131 3476 5201 Regnavitque
3526 5130 3650 5201 post

2061 5221 2241 5290 ipsutn
2268 5221 2414 5275 filius
2442 5220 2616 5291 ipsius
2647 5218 2925 5286 Joachim,
2954 5224 3046 5291 qui
3077 5230 3127 5275 tt
3159 5224 3293 5277 Abia
3325 5222 3508 5279 dictus
3540 5233 3647 5290 est,

2064 5312 2484 5384 Hierosolymis,
2529 5314 2704 5368 tribus
2742 5314 3047 5376 mensibus,
3079 5330 3254 5368 annos
3294 5324 3456 5369 iratus
3489 5326 3647 5370 octo-

2061 5407 2284 5474 decim;
2323 5408 2415 5476 qui
2450 5423 2574 5462 cum
2618 5408 2885 5461 tributum
2926 5422 3034 5462 non
3072 5409 3333 5474 mitteret,
3382 5410 3648 5465 accedens

2061 5498 2465 5554 Bochtanasser
2493 5515 2617 5553 cum
2655 5500 2899 5575 exercitu
2933 5515 3036 5553 suo
3078 5499 3455 5571 llierosidyma
3488 5502 3647 5557 obse-

2061 5591 2173 5656 dit;
2219 5590 2285 5644 ad
2334 5606 2495 5659 quem
2540 5604 2764 5659 egresso
2821 5587 3106 5645 Joachimo
3149 5588 3305 5646 Iudae
3349 5607 3495 5661 rege,
3537 5608 3644 5647 una

2061 5666 2183 5734 cum
2221 5692 2416 5745 matre,
2444 5681 2755 5751 servisque,
2788 5689 2842 5734 et
2878 5679 3249 5736 Israelitarum
3281 5684 3641 5752 principibus,

2063 5773 2254 5829 urbem
2281 5774 2330 5829 ei
2355 5781 2729 5844 aperuerunt;
2752 5786 2912 5843 quam
2944 5772 3225 5855 ingressus
3246 5774 3644 5831 Bochtanasser
