4076 6404
463 371 570 431 963

1480 366 1840 449 EUTYCHII
1883 365 2422 427 ALEXANDRINI
2463 368 2688 428 PATR.

3629 375 3728 440 9'34

470 481 736 552 quidquid
776 482 828 534 in
869 478 1072 548 templo
1105 485 1221 531 erat
1253 489 1473 539 vasum,
1516 476 1664 539 auri,
1702 477 1947 546 argenti,
1979 485 2033 529 et
2072 480 2121 539 Α
2151 477 2430 532 fornacem
2469 480 2612 549 ignis
2658 481 2893 548 conjecti
2940 489 3091 535 sunt.
3129 480 3274 537 Misit
3314 498 3440 539 vero
3480 485 3620 543 Deus
3660 492 3726 543 ad

464 589 831 645 gemmarum,
883 588 983 626 nec
1018 588 1125 627 non
1174 568 1440 641 quidquid
1485 567 1537 620 in
1588 581 1714 621 arce
1756 568 1903 638 regia
1937 567 2041 621 fuit

465 678 838 732 gemmarum,
871 663 1015 725 auri,
1052 669 1106 715 et
1138 658 1388 730 argenti,
1420 656 1673 710 Babclem
1706 657 2040 726 asportavit;

460 754 776 810 Joakimum
816 755 1042 825 insuper
1066 752 1218 808 Juda:
1246 767 1426 823 regem
1461 753 1734 816 vinctum,
1767 739 1877 805 tma
1911 767 2038 805 eum

462 847 763 901 comitibus
796 846 969 916 ipsius
1002 845 1206 914 septies
1239 843 1385 898 mille
1410 857 1598 899 secum
1630 842 1887 897 Babclem
1921 852 2036 894 tra-

463 939 642 1003 duxit,
676 953 779 993 nec
811 953 915 991 non
958 935 1324 991 lsraelitarum
1366 944 1640 1006 quotquot
1665 935 1881 989 viribus
1913 933 2034 1003 poi-

465 1031 665 1087 lerent.
703 1031 850 1085 Inter
879 1028 1122 1098 captivos
1152 1038 1312 1081 erant
1351 1027 1542 1080 Daniel
1575 1026 1757 1080 adhuc
1790 1040 1947 1096 puer,
1984 1033 2039 1076 et

460 1132 573 1178 tres
601 1122 774 1191 pueri,
796 1118 1106 1181 Hananiah,
1133 1118 1330 1171 Azaria
1373 1127 1426 1171 et
1482 1117 1693 1182 Misaei,
1718 1119 1808 1186 qui
1844 1117 1896 1170 in
1932 1117 2044 1169 for-

462 1228 653 1269 nacem
694 1212 838 1281 ignis
870 1210 1106 1280 conjecti
1142 1218 1295 1263 sunt.
1327 1208 1517 1278 Neque
1554 1210 1608 1263 in
1649 1209 1783 1264 urbe
1813 1209 2041 1265 relictus

459 1315 545 1360 est
574 1304 659 1357 vel
692 1317 836 1357 unus
867 1302 1015 1371 quis,
1048 1300 1284 1355 inﬁrmis
1316 1310 1369 1354 et
1402 1300 1737 1369 pauperibus
1765 1300 2031 1365 exceptis.

457 1395 708 1450 Prmfecit
732 1404 912 1449 autem
940 1392 1340 1447 Bochtanasser
1361 1392 1778 1462 ilierosolymis,
1804 1391 2037 1447 Joakimi

459 1490 605 1555 regis
649 1484 803 1541 Juda:
841 1485 1086 1550 fratrem,
1117 1484 1476 1557 25.5-25.7
1505 1484 1669 1541 Josite
1711 1484 1902 1546 filium,
1935 1496 2037 1537 no-

458 1579 605 1633 mine
631 1577 949 1639 Mataniam,
974 1591 1137 1647 quem
1168 1575 1458 1632 Zedekiam
1483 1576 1778 1647 appellavit
1803 1573 2035 1629 Joakimi

456 1672 600 1740 regis
626 1668 784 1724 Judae
814 1676 1109 1735 patruum;
1155 1669 1250 1738 qui
1283 1667 1540 1724 undecim
1586 1669 1746 1724 annis
1773 1669 2036 1725 Hieroso-

456 1764 618 1834 lymis
648 1762 921 1834 regnavit,
952 1776 1132 1816 annos
1158 1771 1325 1816 natus
1362 1761 1554 1832 viginti
1587 1772 1642 1816 et
1675 1777 1865 1816 unum.
1895 1761 2027 1833 Ejus

2150 575 2297 641 ipsos
2335 587 2364 626 e
2409 575 2553 627 eteio
2599 573 2852 643 angelum
2887 576 2980 643 qui
3015 575 3195 644 ignem
3232 576 3307 630 ita
3341 579 3638 645 exstinxit,
3671 590 3729 633 ut

2150 661 2323 733 frigus
2378 664 2513 734 ipsis
2563 675 2616 718 et
2668 665 3022 721 incolumitas
3069 678 3217 723 esset
3264 683 3281 722 :
3335 670 3481 737 quod
3533 671 3727 727 videns

2147 754 2553 812 Bochtanasser
2595 758 2745 827 ipsos
2771 771 2803 812 e
2836 756 3065 815 fornace
3106 760 3317 825 eduxit,
3354 775 3591 831 cumque
3626 778 3725 818 eos

2145 855 2426 902 scrutatus
2467 848 2677 903 nullum
2706 850 2849 920 ignis
2885 851 3195 920 vestigium,
3231 866 3330 906 nec
3364 853 3419 906 in
3451 852 3589 921 ipsis
3616 869 3718 908 nec

2146 937 2199 990 in
2229 937 2470 992 vestibus
2498 939 2741 1006 ipsorum
2770 939 3248 1007 deprehendisset,
3277 940 3437 995 valde
3470 942 3721 1002 miratus,

2147 1034 2404 1097 metuque
2449 1028 2739 1096 perculsus
2785 1027 3141 1100 κιο-25],
3193 1030 3341 1099 ipsos
3384 1031 3595 1087 honore
3639 1033 3722 1087 af-

2144 1116 2352 1183 fectos,
2398 1130 2452 1173 et
2501 1119 2672 1189 gradu
2721 1119 2940 1174 sublimi
2985 1121 3286 1177 collocatos
3343 1099 3619 1193 principes
3667 1127 3719 1180 in

2143 1209 2345 1279 palatio
2390 1224 2493 1265 suo
2539 1212 2851 1266 constituit.
2891 1212 3061 1267 Porro
3105 1229 3250 1268 anno
3266 1224 3399 1285 post
3444 1216 3718 1271 excidium

2144 1300 2648 1372 Hierosolymorum
2670 1311 2887 1373 quarto,
2911 1319 3036 1360 cum
3062 1305 3293 1360 vidisset
3318 1306 3721 1364 Bochtanasser

2142 1394 2457 1458 insomnia,
2546 1397 2894 1465 congregatis
2948 1397 3263 1453 onirocritis
3316 1408 3372 1453 et
3426 1402 3718 1471 astrologis

2141 1485 2310 1539 dixit:
2356 1484 2609 1542 Visiones
2639 1503 2780 1557 quas
2819 1487 2930 1542 vidi
2967 1504 3071 1543 una
3106 1504 3230 1543 cum
3267 1488 3509 1560 ipsarum
3545 1493 3717 1548 inter-

2141 1577 2546 1647 pretationibus
2595 1579 2727 1633 mihi
2779 1581 3066 1636 narretis:
3123 1582 3209 1637 sin
3267 1581 3485 1649 minus,
3537 1585 3719 1654 capite

2137 1684 2235 1724 vos
2284 1671 2538 1740 piectam.
2593 1670 3020 1742 Responderunt
3068 1673 3193 1728 illi:
3251 1673 3368 1730 Non
3416 1687 3499 1731 est
3555 1676 3716 1731 nobis

2137 1761 2411 1816 visionum
2464 1762 2734 1829 scientia,
2786 1764 2890 1819 nisi
2942 1766 3059 1835 ipse
3109 1765 3272 1822 nobis
3320 1766 3530 1823 indices
3581 1767 3716 1837 quid

458 1867 704 1924 tempore
733 1853 1131 1923 prophetarunt
1160 1850 1449 1914 Jeremias,
1489 1853 1769 1915 Habacuc,
1792 1863 1846 1909 et
1868 1853 2024 1909 Buzi.
2067 1843 2108 1897 Β
2138 1852 2386 1920 videris,
2456 1864 2518 1909 ut
2566 1856 2699 1911 illud
2767 1856 2863 1911 tibi
2924 1858 3283 1928 explicemus.
3348 1858 3530 1914 iratus
3581 1873 3715 1928 ergo

455 1944 629 1999 Porro
654 1959 801 1998 anno
825 1957 970 1998 nono
995 1943 1234 1998 detinuit
1258 1941 1494 1997 Zedekia
1515 1942 1673 1999 Iudae
1698 1959 1809 2009 rex,
1839 1959 2032 1998 aurum

457 2045 621 2104 atque
655 2044 940 2104 argentum
982 2033 1130 2103 quod
1163 2033 1228 2087 ad
1269 2033 1768 2090 Bochtanasserum
1814 2037 2032 2091 mittere

456 2129 653 2183 solitus
704 2127 922 2182 fuerat:
951 2140 1142 2197 _quare
1185 2126 1362 2183 iratus
1400 2125 1808 2183 Bochtanasser
1839 2127 2033 2183 ducem

455 2239 485 2274 e
513 2221 630 2276 suis
658 2220 978 2288 quemdam,
1027 2217 1247 2273 nomine
1286 2217 1803 2285 Nabuzaradanum,
1852 2218 2037 2289 spicu-

458 2316 688 2368 Iatorum
737 2313 1066 2381 principem,
1111 2310 1496 2381 Hierosolyma
1545 2311 1732 2374 misit,
1773 2310 1867 2380 qui
1908 2326 2032 2366 cum

455 2408 648 2461 urbem
682 2405 924 2459 triennio
969 2403 1270 2466 obsideret,
1303 2402 1540 2456 maxima
1576 2403 1863 2458 hominum
1906 2419 2033 2475 pars

458 2497 600 2551 fame
628 2497 916 2564 absumpta
951 2502 1054 2548 est.
1076 2492 1308 2549 Zedekia
1343 2503 1547 2556 autem,
1573 2494 1725 2550 inda:
1758 2511 1875 2561 rex,
1906 2495 2032 2566 fuga

456 2600 622 2646 noctu
674 2576 958 2645 contendit
1002 2587 1071 2641 ad
1120 2587 1437 2657 speluncam
1490 2602 1656 2657 quam
1714 2595 2031 2657 paraverat,

456 2686 786 2755 Speluncam
816 2680 1025 2736 Canum
1055 2680 1383 2751 appellatam
1411 2699 1425 2734 :
1456 2679 1601 2750 quod
1627 2696 1748 2734 cum
1775 2680 2028 2735 animad-

452 2778 711 2833 vertisset
744 2772 1164 2837 Nabnzaradan,
1192 2771 1345 2825 illum
1376 2767 1695 2824 Jerechunti
1720 2778 2030 2831 assecutus,

454 2871 858 2939 apprehensum
890 2866 958 2920 ad
993 2864 1518 2928 Bochtanasserum,
1552 2859 1901 2917 Antiochiam
1932 2860 2034 2915 mi-

453 2964 524 3017 sit
554 2981 566 3018 :
592 2977 752 3029 quem
786 2960 1117 3029 prehensum
1140 2957 1317 3011 oculis
1340 2956 1574 3025 privavit
1603 2954 2028 3018 Bochtanasser,

454 3053 581 3107 liliis
609 3053 786 3122 ipsius
814 3050 997 3122 gladio
1018 3049 1286 3120 iugulatis
1316 3064 1331 3102 :
1368 3046 1753 3115 interfecitque
1785 3047 2030 3101 Nabuza-

448 3145 618 3203 radan
649 3158 900 3214 magnam
928 3139 1243 3197 Iudaeorum
1275 3140 1705 3203 multitudinem,
1739 3139 2028 3208 templum-
2056 3176 2096 3231 ε

453 3252 560 3306 que
591 3236 833 3289 dirutum
894 3233 1171 3296 incendit,
1210 3242 1269 3287 ut
1312 3241 1367 3287 et
1409 3231 1600 3286 urbem
1649 3229 2025 3301 Hierosolyma

458 3339 729 3383 vastatam
793 3326 1072 3388 incendit,
1136 3334 1188 3379 et
1238 3323 1505 3394 quidquid
1555 3323 1608 3375 in
1656 3322 1859 3390 templo
1896 3321 2023 3386 fuit,

450 3419 590 3479 auri,
612 3417 819 3486 argenti
848 3425 900 3470 et
921 3417 1068 3481 teris,
1094 3413 1341 3467 Babclem
1368 3411 1691 3481 asportavit,
1711 3408 2025 3465 Judaeorum

463 3518 647 3565 autem
680 3525 799 3562 cum
836 3507 928 3561 alii
961 3504 1278 3577 Egyptum,
1310 3504 1403 3559 alii
1433 3506 1487 3559 in
1522 3504 1739 3559 deserta
1773 3514 1828 3557 et
1862 3502 2028 3558 valles

450 3601 758 3672 fugissent,
809 3608 1078 3669 quotthOt
1129 3597 1329 3667 reliqui
1381 3604 1575 3661 erant,
1631 3595 1723 3650 ille
1769 3593 2024 3649 Babclem

449 3693 699 3763 captivos
733 3691 999 3754 abduxit,
1035 3689 1173 3743 adeo
1214 3695 1274 3742 ut
1306 3686 1551 3742 desolata
1584 3693 1876 3741 manerent
1903 3683 2027 3739 Hie-

452 3784 721 3853 rosolyma
744 3823 759 3845 ,
808 3781 1030 3835 nemine
1060 3780 1176 3849 ipsa
1223 3777 1521 3832 incolente.
1554 3775 1814 3831 Habacuc
1843 3782 2023 3830 autem

449 3876 709 3944 propheta
762 3873 819 3925 in
872 3880 1073 3925 terram
1127 3867 1294 3940 248
1342 3866 1742 3922 Ismaelitarum
1792 3865 1918 3933 fuga
1968 3881 2027 3921 se

449 3964 690 4031 recepit,
737 3960 934 4015 deinde
980 3961 1035 4014 in
1092 3956 1387 4030 Egyptum
1437 3957 1743 4012 descendit.
1787 3955 2025 4011 Jeremia

448 4056 710 4123 propheta
736 4050 1031 4123 Egyptum
1061 4048 1218 4119 fugit,
1247 4050 1409 4119 idque
1437 4064 1581 4104 anno
1607 4048 1759 4117 regni
1789 4047 2027 4103 Bochta-

446 4147 709 4208 nasseris,
739 4145 955 4199 decimo
985 4156 1155 4196 nono.

514 4236 690 4292 Porro
738 4236 806 4289 ad
860 4234 1229 4304 captivitatem
1283 4231 1669 4302 Babylonicam
1716 4240 1770 4287 et
1808 4233 2024 4288 destru-

444 4328 682 4384 ctionem
730 4324 945 4393 templi,
996 4339 1025 4376 a
1061 4338 1230 4393 regno
1264 4323 1509 4388 Davidis,
1553 4322 1682 4377 anni
1720 4333 1849 4378 sunt
1886 4339 2023 4395 qna-

443 4418 717 4489 dringenti
765 4415 1110 4486 septuaginta
1155 4423 1388 4484 septem.
1443 4414 1524 4470 Ab
1560 4416 1710 4469 exitu
1752 4414 2028 4469 lsraelita-

2139 1943 2540 2002 Bucbtanasser
2567 1945 2620 2001 in
2654 1947 2836 2003 animo
2858 1948 3211 2003 habuit'coiia
3233 1949 3368 2019 ipsis
3391 1949 3714 2019 praecidere.

2140 2033 2417 2091 Danielem
2443 2044 2623 2091 autem
2650 2038 2992 2108 prephetam,
3025 2040 3117 2109 qui
3148 2050 3395 2110 tempore
3419 2041 3714 2112 captivita-

2140 2127 2209 2182 tis
2244 2128 2565 2183 adoiescens
2597 2128 2731 2195 fuit,
2780 2144 3124 2201 assumptum
3166 2131 3269 2187 sibi
3308 2134 3715 2189 Bochtanasser

2137 2217 2289 2272 domi
2328 2234 2440 2275 suae
2472 2219 2806 2276 educaverat
2846 2232 2901 2276 et
2932 2221 3285 2290 praefecerat;
3320 2223 3413 2279 ille
3443 2237 3576 2292 ergo
3606 2224 3712 2293 ipsi

2137 2308 2273 2363 dixit
2305 2325 2320 2362 :
2359 2310 2472 2380 Ego
2506 2310 2602 2365 tibi
2638 2310 2693 2364 in
2730 2310 3003 2365 somnium
3048 2312 3192 2380 quod
3224 2312 3403 2366 vidisti
3453 2313 3711 2379 narrabo,

2141 2401 2432 2470 ipsumque
2485 2401 2580 2456 tibi
2630 2402 3055 2473 interpretabor.
3108 2401 3256 2456 Vidit
3300 2403 3569 2473 siquidem
3602 2419 3709 2458 rex

2137 2492 2428 2563 imaginem
2475 2507 2728 2563 magnam
2752 2534 2768 2560 ,
2804 2503 3031 2564 aspectu
3061 2495 3359 2549 terribilem
3380 2535 3394 2558 ,
3422 2495 3512 2549 cui
3548 2480 3739 2566 caput;

2134 2598 2200 2639 ex
2228 2599 2397 2648 auro,
2441 2600 2640 2641 manus
2673 2600 2738 2640 ex
2785 2595 3044 2655 argento,
3080 2595 3272 2640 venter
3303 2594 3358 2640 et
3401 2585 3607 2641 femora
3642 2601 3710 2642 ex

2136 2692 2263 2740 aere,
2295 2690 2459 2731 crura
2490 2692 2519 2731 e
2551 2677 2721 2742 ferro,
2757 2678 2922 2747 pedes
2954 2693 2983 2732 e
3015 2687 3186 2744 testa;
3216 2678 3349 2733 vidit
3378 2679 3577 2734 deinde
3614 2693 3711 2733 rex

2137 2778 2347 2839 petram
2384 2770 2644 2840 grandem
2686 2785 2717 2825 e
2752 2778 2940 2825 monte
2973 2771 3094 2825 sine
3137 2770 3377 2839 alicujus
3415 2786 3520 2841 ope
3557 2771 3711 2826 exci-

2134 2874 2286 2925 sam,
2317 2875 2440 2929 qua:
2471 2860 2762 2931 imaginem
2795 2862 2957 2917 istam
2994 2861 3327 2917 confractam
3361 2864 3709 2927 comminuit,

2133 2952 2270 3007 adeo
2336 2963 2396 3007 ut
2458 2953 2671 3008 nullum
2730 2954 2900 3024 ipsius
2957 2956 3244 3026 vestigium
3300 2956 3709 3025 perciperetur;

2133 3053 2283 3112 petra
2317 3053 2499 3099 autem
2550 3059 2706 3099 mons
2750 3060 2983 3115 magnus
3014 3048 3213 3111 evasit,
3257 3052 3568 3116 terramque
3609 3049 3714 3101 im-

2133 3135 2341 3204 plevit:
2376 3137 2478 3191 hoc
2516 3143 2602 3192 est
2636 3138 2781 3207 quod
2823 3138 2961 3193 vidit
3007 3154 3126 3194 rex.
3169 3140 3557 3210 interpretatio
3591 3140 3713 3210 ejus

2132 3230 2277 3284 haec:
2308 3228 2411 3291 Tu,
2446 3243 2479 3284 ο
2509 3243 2630 3296 rex,
2653 3238 2819 3300 caput
2852 3246 2913 3285 es
2970 3230 3226 3301 imaginis
3262 3232 3421 3287 istius
3460 3246 3708 3298 aureum;

2130 3328 2253 3389 post
2287 3329 2341 3374 te
2384 3329 2712 3390 regnaturus
2748 3336 2840 3375 rex
2885 3331 2936 3377 te
2983 3321 3239 3388 inferior,
3283 3331 3568 3392 argentum
3600 3332 3708 3390 est;

2130 3420 2253 3481 post
2289 3411 2466 3481 ipsum
2505 3413 2626 3481 ipso
2675 3411 2935 3475 inferior,
2966 3427 3075 3481 aes;
3112 3412 3275 3484 252
3309 3425 3430 3485 post
3460 3415 3609 3469 illum
3645 3430 3712 3470 eo

2134 3502 2385 3568 inferior,
2419 3501 2661 3570 ferrum;
2700 3514 2823 3572 past
2851 3518 3013 3574 quem
3049 3503 3287 3575 denique
3322 3513 3376 3559 et
3409 3504 3528 3574 ipso
3566 3502 3733 3560 infe-5

2129 3596 2245 3651 rior
2278 3604 2631 3665 regnaturus,
2662 3601 2804 3649 teSIa
2835 3605 2962 3650 est:
2998 3605 3053 3649 at
3084 3605 3208 3665 post
3235 3596 3416 3665 ipsum
3451 3602 3713 3665 regnatu-

2126 3702 2221 3742 rus
2244 3695 2329 3741 est
2354 3702 2446 3740 rex
2476 3701 2706 3755 magnus
2730 3685 2889 3756 cujus
2916 3701 3141 3757 regnum
3169 3701 3448 3755 nunquam
3471 3687 3705 3743 desinet:

2126 3783 2181 3829 et
2212 3775 2675 3845 quemadmodum
2715 3775 2902 3830 vidisti
2932 3784 3141 3845 petram
3169 3791 3200 3830 e
3243 3787 3428 3831 monte
3456 3777 3579 3832 sine
3606 3777 3712 3833 aii-

2127 3865 2284 3936 cujus
2322 3880 2427 3936 ope
2466 3866 2707 3921 excisam
2753 3880 2877 3934 qua:
2919 3865 3211 3935 imaginem
3252 3866 3557 3937 confregit,
3592 3875 3708 3921 ter-

2127 3972 2354 4027 ramque
2400 3956 2676 4028 implevit,
2723 3959 2801 4011 ita
2848 3957 2955 4012 erit
2997 3968 3057 4011 ut
3094 3972 3189 4011 rex
3245 3958 3348 4013 iste
3396 3959 3493 4012 toti
3547 3968 3709 4015 terra:

2127 4050 2447 4105 dominetur
2486 4063 2665 4118 usque
2708 4048 2763 4102 in
2810 4048 3095 4107 saeculum.
3138 4048 3543 4105 Bochtanasser
3577 4067 3709 4122 ergo

2127 4141 2402 4196 Danielem
2444 4150 2599 4196 veste
2624 4140 2879 4195 indutum
2923 4142 3129 4196 honore
3159 4140 3374 4207 aii‘ecit,
3418 4143 3708 4199 omnibus-

2125 4247 2235 4301 que
2264 4231 2481 4289 Babeiis
2508 4232 2688 4289 doctis
2723 4232 2991 4303 praefecit,
3020 4235 3327 4304 domusque
3353 4252 3468 4291 suae
3504 4237 3709 4305 princi-

2128 4338 2249 4393 pem
2275 4325 2565 4379 constituit
2596 4341 2611 4391 ;
2644 4325 2865 4379 nomine
2896 4322 3140 4379 Beltasar
3165 4324 3269 4395 ipsi
3302 4327 3499 4382 indito.
3529 4327 3707 4383 Porro

2126 4429 2271 4469 anno
2294 4416 2632 4486 captivitatis
2661 4414 3009 4487 Babylonica;
3042 4418 3239 4485 quinto
3270 4427 3394 4485 post
3421 4420 3705 4474 destructa

446 4527 565 4565 rum
609 4525 674 4564 ex
721 4508 978 4580 Egypto,
1025 4508 1176 4562 mille
1220 4508 1499 4574 octoginta
1549 4518 1681 4561 tres.
1735 4506 1818 4561 Ab
1848 4508 2025 4561 Abra-
2058 4526 2100 4579 ι)
2131 4506 2545 4577 Hierosolyma,
2596 4510 2999 4579 prophetarunt
3056 4509 3240 4565 Babeli
3295 4525 3362 4566 ex
3413 4510 3701 4578 lsraelitis,

444 4605 638 4668 hamo,
676 4602 823 4656 mille
868 4600 1150 4670 quingenti
1185 4599 1505 4670 nonaginta.
1543 4599 1588 4651 A
1624 4596 1896 4663 Phaleko,
1938 4599 2023 4654 bis

445 4695 594 4749 mille
636 4702 859 4748 centum
908 4691 1131 4761 triginta
1175 4698 1230 4745 et
1267 4704 1429 4744 unus.
1464 4689 1509 4741 A
1536 4688 1739 4743 diluvio
1761 4690 1843 4744 bis
1876 4690 2025 4744 mille

444 4787 685 4843 sexcenti
732 4785 1018 4853 sexaginta
1070 4783 1200 4837 duo.
1238 4781 1321 4836 Ab
1350 4780 1588 4843 Adamo,
1639 4790 1832 4850 quater
1881 4782 2025 4837 mille

443 4879 700 4947 nongenti
733 4887 786 4929 et
822 4875 1150 4930 octodecim.
1198 4874 1391 4938 Porro,
1437 4873 1847 4928 Bochtanasser
1875 4887 2023 4927 anno

443 4971 597 5041 regni
623 4971 703 5024 sui
743 4969 960 5023 decimo
992 4977 1211 5031 octavo,
1241 4980 1306 5020 eo
1335 4980 1529 5035 nempe
1562 4967 1654 5035 qui
1684 4966 2023 5020 destructio—

445 5079 567 5117 nem
614 5061 803 5130 templi
854 5059 1105 5130 proxime
1153 5057 1452 5112 antecessit
1496 5065 1733 5110 statuam
1780 5070 1848 5110 ex
1888 5069 2024 5111 auro

443 5152 702 5208 conﬂavit
725 5150 944 5207 cubitos
970 5152 1135 5204 altam
1166 5149 1470 5217 sexaginta,
1505 5149 1669 5201 latam
1694 5163 1829 5210 sex;
1858 5161 2020 5216 quam

442 5260 568 5298 eum
603 5245 654 5298 in
686 5243 866 5298 medio
901 5243 1056 5298 urbis
1085 5242 1249 5296 Babel
1281 5243 1588 5302 statuisset,
1624 5258 1819 5297 omnes
1850 5243 2024 5311 impe-

447 5338 527 5390 rio
578 5351 677 5391 suo
724 5334 971 5391 subditos
1011 5337 1185 5404 ipsam
1248 5334 1477 5389 adorare
1523 5335 1731 5404 jussit:
1782 5333 1928 5404 quod
1977 5335 2022 5388 si

444 5430 569 5501 quis
602 5428 781 5483 facere
808 5435 1089 5481 recusaret
1111 5427 1167 5480 in
1195 5423 1420 5481 fornace
1448 5427 1589 5497 ignis
1616 5425 2023 5482 comburendus

440 5534 583 5582 erat.
622 5525 906 5595 Selegerat
944 5532 1123 5576 autem
1165 5519 1269 5575 sibi
1304 5518 1710 5577 Bochtanasser
1739 5537 1804 5577 ex
1844 5519 2022 5576 lsrae-

445 5619 559 5671 litis
584 5630 786 5686 pueros
814 5623 949 5677 tres,
978 5626 1212 5682 quorum
1243 5625 1414 5665 unum
1444 5613 1738 5683 appellavit
1764 5612 2020 5678 Sidrach,

444 5707 673 5759 alterum
726 5704 968 5769 Misach,
1020 5703 1243 5757 tertium
1296 5702 1625 5775 Abd-Nagn.
1676 5706 1815 5761 Tres
1865 5704 2017 5775 pueri

447 5794 539 5848 isti
587 5809 711 5849 cum
758 5795 962 5851 idolum
1014 5806 1122 5850 non
1168 5795 1493 5863 adorarent,
1533 5797 1689 5869 jussu
1740 5798 1912 5868 ipsius
1963 5798 2018 5852 in

2129 4597 2342 4654 Ezekiel
2385 4599 2529 4653 filius
2576 4597 2747 4664 Buzi,
2797 4599 2918 4653 loco
2966 4599 3115 4654 dicto
3155 4600 3441 4667 Carmela;
3490 4602 3701 4659 Baruch

2122 4690 2301 4745 Neria;
2346 4690 2524 4753 illius,
2568 4688 2740 4746 frater
2782 4691 2903 4760 ejus
2934 4690 3132 4757 Saras,
3167 4692 3356 4747 Daniel
3386 4709 3417 4748 e
3448 4697 3705 4765 prosapia

2126 4781 2405 4851 Davidica,
2438 4780 2815 4849 Mordechani,
2852 4782 3176 4850 Benjamita,
3208 4781 3398 4849 Hacai,
3435 4782 3701 4839 Zacharia

2126 4874 2269 4927 filius
2300 4872 2612 4937 Barachiae,
2646 4872 2945 4929 Maiachias
2971 4915 2984 4937 ,
3019 4873 3175 4938 Ezra,
3207 4888 3258 4928 et
3292 4873 3525 4929 Nahum.
3554 4874 3699 4930 Fue-

2126 4974 2362 5034 runtqne
2394 4962 2633 5036 Egypto
2664 4966 2941 5034 prophetae
2979 4964 3256 5029 llabaeuc,
3299 4965 3623 5032 Simeonita,
3649 4976 3703 5021 ri.

2122 5056 2377 5111 Jeremia.
2401 5055 2704 5111 Coluernnt
2728 5066 2910 5111 autem
2938 5055 3199 5111 lsraelitae
3222 5057 3275 5111 in
3302 5057 3500 5113 Babeie
3528 5056 3698 5125 idola,

2122 5148 2194 5204 ob
2218 5149 2367 5219 quod
2398 5163 2522 5203 cum
2555 5149 2704 5217 ipsos
2737 5146 3047 5218 increparet
3081 5148 3294 5203 Ezekiel
3322 5142 3609 5219 propheta,
3643 5150 3701 5204 in

2122 5255 2247 5295 cum
2286 5241 2557 5294 irruentes
2593 5237 2963 5294 lsraelitarum
2997 5239 3269 5307 primores
3306 5250 3482 5295 morte
3516 5241 3697 5310 ipsum

2125 5332 2450 5387 multarunt.
2509 5332 2681 5387 Porro
2737 5329 3147 5386 Bochtanasser
3200 5346 3343 5386 anno
3400 5334 3550 5403 regni
3611 5335 3698 5387 sui

2125 5424 2385 5480 vicesimo
2440 5424 2635 5493 quinto
2689 5421 2985 5494 Egyptnm
3046 5421 3324 5492 profectus
3375 5439 3530 5494 reges
3577 5423 3699 5493 ejus

2124 5514 2438 5583 interfecit;
2472 5515 2869 5585 imperavitque
2906 5513 3164 5585 A‘lgypto,
3198 5515 3391 5587 Syriae,
3428 5522 3699 5583 terraeque

2120 5606 2296 5672 Iudae,
2325 5606 2699 5673 Romanorum,
2744 5603 3084 5669 Graecorum,
3133 5608 3352 5671 Persius,
3390 5607 3604 5662 Baheiis
3642 5619 3698 5660 et

2123 5699 2417 5757 Ai-Musai.
2449 5699 2647 5753 Totum
2683 5698 2834 5770 regni
2861 5698 2982 5767 ejus
3008 5698 3247 5768 spatium
3282 5714 3549 5753 annormn
3576 5708 3697 5751 erat

2124 5795 2485 5865 quadraginta
2531 5793 2807 5863 quinque,
2862 5805 3093 5863 quorum
3136 5791 3509 5846 novemdecim
3541 5790 3693 5845 exci-
