4076 6398
399 340 503 405 965

1791 346 1794 350 ’
1830 346 2204 408 ANNALES.

3559 338 3665 402 966

398 448 547 500 dium
590 444 947 517 253-255
990 448 1488 521 llierosolymcrum
1525 460 1577 508 et
1616 452 1985 521 captivitatem
2023 460 2066 517 Α
2098 464 2219 518 set,
2261 469 2371 507 rem
2413 452 2487 506 illi
2512 452 2749 507 confessi
2781 462 2950 519 sunt;
2990 468 3155 523 quare
3186 462 3239 505 et
3284 452 3489 507 idolum
3533 468 3671 505 con-

401 538 767 591 lsraelitarum
799 547 1251 607 antecesserunt;
1290 542 1478 613 viginti
1501 559 1594 597 sex
1629 545 1797 598 secuti
1830 553 1978 597 sunt.

476 626 694 680 Mortuo
727 626 1159 683 Bochtanassero
1191 645 1335 700 rege,
1369 638 1490 698 post
1512 631 1687 699 ipsum
1743 633 1986 702 regnavit

403 719 545 772 filius
586 717 760 788 ipsius
798 718 1198 775 Evil-Mardoch
1253 736 1428 775 annos
1479 723 1663 792 viginti
1725 734 1849 777 tres.
1888 723 1986 776 llic

396 806 664 867 Joachim,
698 807 1066 861 lsraelitarum
1106 823 1329 881 regem,
1362 826 1390 863 e
1426 826 1643 865 carcere
1672 810 1928 865 eductum
1965 853 1980 875 ,

403 908 553 955 veste
586 901 789 963 induit,
826 902 1071 970 beneque
1101 904 1379 967 tractavit,
1413 918 1512 957 nec
1539 920 1648 958 non
1705 904 1980 958 Israelitas

395 1004 662 1064 quotquot
694 995 746 1048 in
780 1010 998 1049 carcere
1030 1002 1186 1048 erant
1239 994 1468 1049 dimisit.
1506 994 1740 1050 Jeremia
1795 1007 1973 1048 autem

396 1088 664 1155 propheta
691 1088 746 1140 in
782 1085 1020 1155 Egypto
1056 1087 1388 1155 lapidatione
1445 1103 1474 1142 e
1502 1088 1684 1141 medio
1719 1087 1971 1142 sublatus

394 1188 500 1235 est.
530 1176 797 1245 lapidibus
827 1177 1030 1246 petitus
1065 1193 1239 1247 usque
1258 1179 1384 1232 dum
1411 1187 1731 1245 moreretur,
1751 1177 1978 1250 [ibique]

396 1268 665 1337 sepultus.
700 1266 909 1322 Ferunt
939 1268 1312 1323 Alexandrum
1371 1285 1494 1324 cum
1540 1269 1836 1342 Egyptum
1890 1276 1975 1323 in-

394 1376 617 1429 gressus
655 1371 821 1423 esset,
853 1358 1107 1415 Ieremia:
1147 1363 1429 1431 pI‘OpheliB
1477 1378 1681 1432 corpus
1727 1365 1968 1417 Alexan-

396 1456 567 1507 driam
600 1453 928 1507 translatum
966 1452 1040 1508 ibi
1079 1456 1382 1523 sepeliisse.
1436 1453 1653 1508 Mortuo
1684 1455 1800 1508 Evil
1830 1453 1979 1507 Mar-

394 1548 574 1599 doclio
603 1553 727 1615 post
772 1545 952 1614 ipsum
1024 1546 1262 1601 triennio
1321 1547 1564 1616 regnavit
1621 1547 1764 1602 filius
1804 1549 1978 1618 ipsius

395 1635 660 1698 Deltasar,
678 1635 875 1691 deinde
898 1637 1219 1692 interfectus
1242 1646 1346 1692 est.
1367 1640 1598 1709 Quippe,
1632 1655 1753 1693 cum
1775 1640 1981 1694 instru~

397 1739 491 1783 clo
521 1727 771 1783 convivio
801 1744 905 1781 una
933 1743 1057 1782 cum
1083 1729 1384 1785 comitibus
1408 1732 1525 1786 suis
1578 1732 1767 1785 ederet
1799 1748 1863 1785 ac
1895 1733 1977 1786 bi-

402 1822 574 1887 beret,
600 1821 923 1890 ebriusjam
957 1820 1136 1876 factus
1161 1820 1348 1876 afferri
1391 1822 1558 1890 jussit
1606 1838 1737 1878 vasa
1787 1825 1971 1894 templi
2009 1811 2048 1867 Β

394 1927 556 1966 aurea
583 1923 638 1965 et
659 1923 915 1981 argentea
937 1929 1056 1983 qua:
1082 1913 1474 1984 Hierosolymis
1498 1915 1815 1970 abduxisset
1841 1932 1975 1971 avus

393 2003 566 2072 ipsius
600 2005 1026 2071 Bochtanasser,
1062 2008 1114 2060 in
1144 2006 1344 2076 quibus
1380 2021 1503 2061 cum
1543 2007 1769 2062 bibisset
1795 2016 1851 2063 et
1882 2024 1973 2063 so-

392 2094 497 2147 eiis
523 2094 640 2148 suis
664 2094 956 2149 bibendum
995 2097 1339 2164 praebuisset.
1369 2096 1577 2151 interea
1608 2100 1736 2151 dum
1772 2098 1823 2152 in
1856 2100 1974 2154 loco

394 2200 497 2239 suo
529 2186 821 2250 dormiret,
854 2186 991 2241 vidit
1043 2188 1384 2243 eccevolam
1429 2204 1622 2243 manus
1655 2191 1707 2243 in
1744 2191 1971 2260 pariete,

391 2278 552 2345 cujus
575 2278 723 2348 digiti
753 2275 1005 2349 [aliquid]
1035 2279 1364 2333 scriberent.
1398 2278 1591 2346 Magno
1636 2281 1799 2349 igitur
1826 2291 1971 2335 metu

391 2376 782 2423 consternatus
809 2384 1002 2424 omnes
1054 2368 1481 2440 Babyloniorum
1521 2372 1717 2426 doctos
1767 2388 1971 2427 convo-

392 2460 535 2513 cavit
574 2468 634 2514 ut
666 2461 998 2531 scripturam
1039 2463 1199 2515 istam
1237 2463 1478 2532 legerent
1512 2471 1675 2533 atque
1700 2465 1970 2535 interpre-

395 2561 663 2607 tarentur.
702 2551 860 2618 Quod
894 2568 1016 2607 cum
1057 2554 1130 2607 illi
1161 2553 1343 2609 facere
1378 2570 1486 2608 non
1534 2566 1781 2624 possent,
1825 2540 1972 2610 dixe-

392 2656 521 2698 runt
581 2646 694 2714 regi
733 2645 870 2699 :Est
926 2646 1014 2699 hic
1052 2661 1117 2700 ex
1175 2645 1433 2701 lsraelitis
1474 2648 1719 2717 quidam,
1748 2648 1969 2702 nomine

394 2734 602 2801 Daniel,
637 2751 800 2805 quem
836 2735 904 2789 ad
944 2737 1205 2791 honorem
1250 2739 1448 2802 evexit,
1504 2747 1558 2792 et
1618 2741 1798 2809 magni
1844 2741 1972 2795 fecit

392 2840 529 2880 avus
569 2837 694 2882 tuus
725 2827 1167 2895 BoehtanaSser;
1204 2829 1294 2884 ille
1315 2829 1479 2901 256
1504 2830 1599 2884 tibi
1639 2833 1968 2900 scripturam

394 2920 537 2972 hanc
575 2929 631 2974 et
681 2918 823 2989 leget
853 2928 908 2973 et
975 2921 1448 2989 interpretabitur.
1508 2924 1809 2978 Accersivit
1843 2940 1971 2993 ergo

393 3025 492 3063 rex
524 3009 832 3077 Danielem,
867 3012 963 3081 qui
1012 3012 1145 3065 illud
1176 3013 1322 3081 quod
1376 3013 1640 3082 scriptum
1704 3015 1807 3069 fuit
1867 3019 1968 3086 ipsi

390 3102 543 3170 legit.
574 3100 703 3155 Erat
732 3115 936 3169 autem,
975 3102 1132 3165 Mani,
1154 3104 1360 3170 Tliecef,
1399 3105 1966 3179 Pharambixitergo;
1997 3140 2041 3201 Ο

389 3193 778 3264 lnterpretatio
798 3195 958 3260 Mani,
988 3208 1092 3263 est,
1129 3197 1269 3251 Deus
1301 3213 1527 3269 regnum
1560 3209 1711 3253 tuum
1747 3201 1973 3268 perfecit

389 3295 445 3338 et
473 3284 541 3338 ad
576 3288 1007 3357 magnitudinem
1042 3289 1315 3358 perduxit.
1337 3290 1720 3361 lnterpretatio
1752 3293 1970 3359 'l‘hecel,

390 3392 621 3447 regnum
651 3380 741 3433 ubi
773 3378 1071 3448 perfectum
1102 3381 1288 3447 fuerit,
1310 3381 1563 3436 deficere.
1592 3368 1973 3453 Interpretatio

387 3466 618 3532 Pharas,
653 3483 882 3539 regnum
929 3479 1083 3524 tuum
1116 3472 1289 3528 Medis
1322 3482 1378 3528 et
1409 3473 1588 3528 Persis
1618 3475 1969 3530 distributum

390 3562 479 3617 iri.
522 3559 633 3616 Rex
667 3577 798 3631 ergo
855 3563 1129 3617 Danielem
1178 3573 1329 3619 veste
1363 3574 1417 3620 et
1453 3577 1645 3635 torque
1680 3582 1852 3622 aureo
1885 3574 1966 3622 in-

388 3652 531 3707 duit.
569 3652 674 3705 lsta
712 3661 898 3709 autem
928 3665 1091 3707 nocte
1122 3653 1441 3709 interfectus
1470 3666 1553 3709 est
1587 3672 1677 3709 rex
1704 3655 1968 3718 Beltasar,

392 3742 752 3813 itegnumque
789 3753 912 3814 post
958 3747 1135 3815 ipsum
1186 3747 1481 3816 occupavit
1538 3747 1736 3803 Darius
1791 3749 1965 3803 Asriri

389 3835 558 3899 lilius,
586 3834 797 3901 Medus,
828 3851 861 3890 e
893 3835 1307 3909 Iliadanensium
1340 3855 1421 3893 sc.
1456 3838 1645 3909 stirpe,
1672 3854 1965 3895 antiouno.

388 3927 491 3981 llic
520 3937 703 3982 autem
734 3908 1075 3999 assumptum
1103 3930 1374 3984 Danielem
1397 3932 1659 3985 exercitui
1694 3947 1796 3987 suo
1830 3947 1966 4001 prte-

389 4018 538 4080 fecit,
573 4033 735 4088 quam
767 4018 841 4072 ob
878 4034 1103 4073 causam
1161 4020 1363 4073 invidia
1405 4033 1531 4087 erga
1583 4021 1756 4091 ipsum
1812 4038 1963 4076 com-

391 4110 545 4172 moti,
584 4108 755 4163 duces
779 4109 919 4179 ejus,
979 4109 1156 4176 ipsum
1208 4112 1347 4180 apud
1411 4128 1590 4182 regem
1643 4113 1966 4166 incusarunt

389 4199 636 4253 dicentes
667 4217 683 4254 :
717 4200 927 4255 Danieli
974 4201 1026 4254 in
1059 4204 1243 4255 animo
1271 4212 1353 4257 est
1388 4204 1441 4256 in
1488 4218 1667 4272 regem
1698 4204 1963 4258 rebellare

389 4302 553 4362 atque
587 4293 768 4361 ipsum
808 4292 1136 4346 interficere.
1172 4293 1420 4359 Conjecit
1461 4307 1593 4360 ergo
1623 4308 1715 4346 rex
1767 4292 1965 4347 Danie-

389 4381 494 4435 lem
523 4383 576 4436 in
614 4381 793 4435 lacum
827 4381 1086 4436 leonibus
1128 4383 1457 4438 truculentis
1485 4383 1729 4452 plenum.
1761 4384 1964 4438 Deinde

2097 544 2278 615 fregit,
2307 554 2358 598 et
2394 545 2624 600 famulos
2667 554 2842 598 morte
2864 543 3064 599 affecit.
3112 543 3244 598 Fuit
3277 546 3445 599 etiam
3479 544 3667 599 Babeli

2087 638 2251 692 draco
2291 637 2650 707 praegrandis,
2702 652 2863 707 quem
2898 652 3018 690 cum
3048 636 3264 692 Babelis
3294 638 3482 692 incola:
3517 638 3670 693 colc-

2089 738 2235 793 rent,
2273 727 2463 782 Daniel
2502 728 2612 792 regi
2648 746 2662 782 :
2703 728 2758 781 Si
2790 727 2924 781 mihi
2987 728 3041 782 in
3098 729 3275 798 ipsum
3339 737 3662 798 potestatem

2086 820 2448 876 concesseris.
2481 833 2582 888 ego
2612 819 2785 888 ipsum
2832 818 3181 872 interficiant.
3226 820 3483 888 Acceptis
3535 836 3669 890 ergo

2086 914 2266 981 adipe,
2300 912 2415 982 pice
2450 922 2502 965 et
2536 914 2685 982 pilis,
2724 912 2902 980 iisque
2934 913 3179 967 subactis
3211 928 3334 968 cum
3372 914 3662 969 draconem

2091 1005 2243 1061 cibas
2257 1016 2337 1060 set
2365 1006 2479 1073 ipse
2502 1005 2649 1059 illico
2674 1014 2921 1059 mortuus
2951 1014 3052 1059 est.
3086 1002 3217 1058 Viso
3245 1020 3377 1072 ergo
3417 1004 3545 1074 quid
3599 1008 3669 1059 fe-

2084 1097 2251 1151 cisset
2305 1096 2490 1150 Dauiel
2553 1096 2756 1149 invidia
2811 1112 2935 1166 erga
2990 1112 3112 1149 cunt
3169 1097 3299 1149 moti
3354 1095 3661 1165 Baby'onii,

2083 1187 2259 1257 ipsum
2309 1188 2452 1255 apud
2490 1202 2667 1257 regem
2732 1186 3072 1251 deferebant,
3137 1185 3431 1241 dicentes:
3470 1184 3656 1237 Daniel

2081 1276 2283 1330 caedem
2322 1289 2471 1331 tuam
2525 1278 2769 1332 molitur.
2832 1275 3010 1331 Iratus
3048 1289 3178 1345 ergo
3228 1290 3321 1328 rex
3367 1275 3546 1343 ipsum
3604 1275 3662 1327 in

2082 1372 2398 1438 Speluncam
2430 1371 2560 1424 feris
2600 1371 2786 1425 noxiis
2822 1371 3033 1439 plenam
3090 1368 3348 1435 conjecit,
3408 1368 3498 1421 tibi
3560 1383 3659 1422 sex

2080 1462 2275 1518 diebus
2331 1463 2618 1529 substitit;
2697 1462 2827 1517 feris
2887 1463 3007 1516 istis
3064 1462 3371 1515 dimensum
3428 1462 3663 1530 singulis

2079 1554 2271 1608 diebus
2293 1564 2411 1609 erat
2447 1557 2611 1609 boves
2637 1555 2776 1621 bini,
2810 1571 2932 1609 cum
2979 1555 3176 1609 ovibus
3225 1554 3369 1607 binis
3400 1571 3415 1607 :
3449 1562 3503 1607 at
3560 1570 3658 1608 sex

2079 1642 2199 1698 istis
2243 1644 2437 1699 diebus
2488 1628 2623 1698 nihil
2654 1646 2877 1699 omnino
2931 1647 3113 1700 Carnis
3167 1644 3473 1713 c0njectunt
3530 1642 3656 1699 fuit.

2081 1732 2332 1790 liabacuc
2372 1746 2552 1791 autem
2584 1736 2901 1805 prophetam
2936 1739 3027 1806 qui
3072 1737 3123 1789 in
3153 1744 3300 1793 terra
3329 1732 3503 1800 ludat,
3530 1734 3655 1789 loco

2078 1827 2315 1894 quodam
2352 1827 2501 1880 dicto
2554 1823 2761 1889 Tekoa,
2807 1826 2932 1890 fuit,
2987 1829 3114 1879 dum
3155 1826 3327 1879 lentes
3373 1831 3658 1894 coqueret,

2077 1925 2129 1967 et
2158 1930 2350 1984 panem
2378 1916 2625 1968 intritum
2660 1917 2934 1986 paropsidi
2968 1915 3199 1978 inderet,
3233 1931 3342 1985 quo
3381 1930 3657 1970 messores

2076 2006 2306 2070 cibaret,
2334 2022 2363 2060 e
2389 2009 2530 2061 coelo
2563 2009 2876 2062 inclamavit
2902 2008 3163 2076 angelus:
3186 2005 3331 2062 Heus
3367 2005 3645 2070 llabacuc,

2078 2091 2209 2146 illud
2245 2082 2388 2163 quod
2418 2095 2558 2163 apud
2591 2104 2643 2149 te
2668 2106 2772 2160 est,
2802 2096 2868 2149 ad
2902 2097 3202 2164 Danielem,
3252 2096 3523 2162 Babelein,
3580 2096 3657 2151 fe-

2079 2199 2206 2251 ras;
2271 2186 2361 2238 ille
2421 2186 2685 2256 siquidem
2735 2187 2850 2256 jam
2904 2203 2998 2245 sex
3054 2189 3271 2252 diebus,
3340 2190 3543 2257 quibus
3598 2191 3654 2241 in

2077 2277 2337 2345 spelunca
2375 2276 2609 2331 ferarqu
2646 2277 2770 2343 fuit,
2814 2279 2947 2333 nihil
2992 2280 3245 2334 comedit.
3303 2278 3652 2334 llabacueum

2074 2383 2205 2438 ergo
2259 2371 2574 2439 prophetam
2610 2370 2773 2443 260
2802 2372 3000 2439 capillo
3052 2372 3245 2440 capitis
3304 2373 3655 2443 prehensum,

2078 2476 2183 2513 una
2234 2476 2359 2515 cum
2396 2462 2518 2516 cibo
2550 2465 2642 2531 qui
2676 2465 2728 2516 in
2758 2464 3013 2518 manibus
3057 2461 3178 2530 ejus
3229 2461 3349 2529 fuit,
3404 2461 3652 2518 Baheleni

2078 2555 2336 2622 portavit,
2372 2562 2425 2607 et
2449 2570 2612 2624 super
2636 2556 2810 2607 lacum
2847 2556 2899 2607 in
2929 2571 3036 2624 quo
3069 2564 3187 2609 erat
3220 2555 3404 2610 Daniel
3431 2556 3652 2625 posuit;

2076 2651 2164 2719 qui
2196 2665 2325 2719 ergo
2354 2650 2533 2720 ipsum
2562 2651 2864 2728 inclamans
2886 2650 3025 2727 dixit
3063 2669 3076 2702 :
3105 2649 3148 2703 Ο
3172 2648 3382 2713 Daniel,
3418 2666 3504 2703 me
3544 2648 3652 2702 "a-

2077 2742 2344 2795 bacucum
2372 2744 2519 2796 misit
2543 2744 2608 2797 ad
2643 2753 2695 2797 te
2726 2743 2985 2797 Dominus
3017 2757 3138 2796 cum
3170 2742 3293 2797 cibo
3327 2757 3435 2812 quo
3463 2757 3655 2796 vesca-

2076 2832 2173 2887 ris.
2207 2832 2524 2888 Asceudens
2547 2848 2676 2903 ergo
2710 2833 2895 2887 Daniel
2930 2849 2960 2887 e
2999 2832 3118 2886 lacu
3152 2834 3411 2898 comedit,
3446 2832 3649 2885 Deum-

2077 2937 2182 2990 que
2243 2922 2558 2986 celebravit,
2607 2937 2671 2976 ac
2730 2938 2947 2977 rursum
3003 2921 3056 2975 in
3113 2921 3292 2975 lacum
3344 2923 3655 2977 descendit.

2076 3014 2427 3070 llabacucum
2456 3027 2636 3069 autem
2672 3014 2944 3068 sublatum
2973 3014 3026 3066 in
3057 3025 3254 3067 terram
3286 3011 3436 3069 Iuda:
3466 3029 3650 3083 repor-

2077 3105 2211 3158 tavit
2256 3106 2511 3174 angelus.
2549 3103 2752 3159 Deinde
2806 3119 2899 3158 rex
2956 3088 3309 3173 pmnitentia‘
3343 3111 3521 3157 motus
3582 3104 3657 3156 oh

2079 3197 2206 3250 illud
2238 3196 2382 3266 quod
2443 3194 2649 3249 Danieli
2721 3194 2947 3258 fecerat,
3002 3195 3178 3264 ipsum
3203 3209 3233 3248 e
3261 3208 3425 3262 specu
3460 3208 3488 3247 a
3521 3193 3655 3247 feris

2079 3288 2346 3340 intactum
2384 3286 2609 3351 eduxit;
2646 3286 2789 3354 quod
2832 3286 3066 3339 miratus
3100 3301 3190 3338 rex
3243 3285 3421 3354 ipsum
3461 3284 3659 3354 praefr-

2075 3385 2243 3432 cturae
2274 3379 2555 3433 exercitus
2588 3378 2850 3447 restituit.
2879 3376 3054 3447 Cyrus
3097 3387 3277 3430 autem
3304 3376 3489 3436 Persa,
3520 3391 3649 3428 eum

2075 3471 2314 3526 triennio
2372 3479 2696 3542 regnasset,
2757 3479 3004 3526 mortuus
3060 3478 3167 3534 est,
3216 3480 3477 3540 regnante
3527 3480 3651 3539 post

2074 3564 2249 3631 ipsum
2285 3563 2766 3618 Achashavirosho
2797 3577 2970 3617 annos
2991 3563 3299 3617 duodecim.
3327 3561 3454 3617 Post
3482 3578 3645 3630 quem

2074 3656 2217 3708 filius
2255 3655 2431 3723 ipsius
2466 3654 2661 3725 Cyrus,
2719 3655 3141 3724 cognominatus
3200 3652 3416 3715 Darius,
3468 3669 3649 3707 annos

2071 3744 2290 3815 triginta
2330 3744 2634 3813 imperavit.
2677 3744 2853 3811 Cujus
2900 3743 3050 3811 regni
3089 3757 3232 3795 anno
3286 3742 3463 3810 primo
3518 3755 3644 3793 mox

2068 3836 2211 3889 diem
2245 3835 2382 3889 obiit
2420 3834 2607 3888 Daniel
2638 3835 2924 3904 propheta.
2958 3836 3117 3888 Anno
3149 3843 3326 3887 autem
3359 3834 3507 3903 regni
3556 3834 3647 3887 sui

2069 3926 2309 3979 secundo
2356 3925 2632 3979 lsraclitas
2671 3924 3046 3996 Hierosolyma
3103 3926 3303 3991 redire,
3342 3926 3651 3992 urbemque

2068 4030 2131 4069 ac
2168 4017 2428 4083 templum
2454 4015 2721 4069 aedificare
2745 4016 2932 4084 jussit.
2972 4015 3144 4085 Cujus
3173 4028 3335 4069 causa
3361 4014 3463 4068 fuit
3494 4019 3645 4085 quod

2067 4108 2244 4176 Cyrus
2279 4106 2468 4172 Persa,
2519 4106 2875 4162 lsraclitidem
2919 4109 3211 4177 quamdam
3259 4109 3482 4162 nomine
3527 4106 3643 4161 Ma-

2070 4198 2236 4262 leltat,
2260 4198 2610 4252 Zerobabelis
2635 4213 2904 4262 sororem,
2950 4214 3174 4252 uxorem
3209 4199 3439 4265 ducens,
3471 4192 3647 4269 ipsam

2070 4290 2359 4347 Persarum
2417 4307 2569 4347 more
2626 4293 2867 4362 reginam
2930 4292 3295 4346 t-onstituerit.
3341 4290 3471 4358 Qute
3518 4308 3644 4347 cum

2069 4387 2240 4456 ipsam
2284 4394 2497 4439 amaret
2529 4386 2727 4457 Cyrus,
2773 4385 2928 4454 petiit
2975 4386 3042 4439 ab
3080 4386 3170 4438 illo
3196 4395 3254 4439 ut
3287 4384 3645 4441 Zorohabelis

391 4473 712 4541 paenitentia
758 4483 952 4551 motus
1001 4483 1106 4528 est.
1178 4473 1270 4528 Die
1324 4488 1453 4545 ergo
1508 4475 1751 4531 crastino
1781 4490 1811 4528 e
1843 4475 1959 4527 lacu
1998 4482 2039 4534 1)
2071 4477 2256 4532 fratris
2278 4476 2361 4530 sui
2397 4475 2572 4545 gratia
2607 4475 2882 4530 Israelitas
2906 4474 3278 4546 Hierosolyma
3315 4478 3643 4532 remitteret.

388 4573 667 4620 extractus
697 4572 779 4619 est
808 4564 997 4619 Daniel
1028 4579 1059 4618 a
1099 4564 1232 4620 feris
1258 4565 1516 4619 intactus.
1558 4564 1805 4620 Metuens
1835 4580 1966 4630 ergo

388 4669 483 4709 rex
556 4656 725 4712 duces
798 4659 934 4712 istos
997 4656 1090 4725 qui
1163 4656 1438 4710 Danielem
1500 4664 1853 4710 accusassent
1912 4656 1962 4707 iu

389 4749 706 4817 speluncam
729 4749 987 4818 conjecit,
1011 4762 1149 4817 quos
1173 4748 1506 4802 devorarunt
1528 4744 1962 4800 fera:.Danieleiu

387 4848 567 4895 autem
609 4840 945 4909 praefecturae
970 4840 1246 4895 exercitus
1279 4846 1333 4893 et
1365 4839 1627 4909 dynastiae
1656 4836 1916 4892 restituit.

459 4930 567 4987 Ubi
605 4942 785 4987 autem
819 4932 1072 5000 periisset
1121 4929 1322 4984 Darius
1353 4930 1641 4983 Persarqu
1701 4943 1815 4993 rex,
1851 4929 1962 4996 pri.

389 5039 515 5079 mus
557 5025 648 5093 qui
679 5022 865 5080 Persis
906 5025 1216 5093 imperavit,
1254 5023 1356 5076 fuit
1413 5022 1590 5090 Cyrus
1650 5021 1835 5085 Persa,
1870 5020 1962 5089 qui

389 5118 553 5168 etiam
592 5115 870 5170 Danielem
902 5115 1293 5171 exercituisuo
1323 5112 1586 5183 prrefecit.
1624 5111 1746 5165 Fuit
1778 5123 1958 5165 autem

389 5203 573 5259 Babeli
603 5206 810 5260 idolum
842 5221 1044 5260 aereum
1077 5206 1269 5274 ingens
1299 5203 1387 5258 cui
1419 5218 1615 5257 nomen
1648 5200 1760 5267 Bel,
1803 5203 1964 5271 cujus

387 5297 698 5351 dimensum
738 5295 1099 5367 257—259
1121 5294 1499 5364 quotidianum
1523 5301 1642 5346 erat
1673 5293 1962 5347 duodecim

392 5390 561 5442 modii
593 5389 788 5444 similae
817 5404 989 5459 pune,
1015 5404 1147 5443 oves
1196 5388 1580 5456 quadraginta,
1608 5396 1661 5441 et
1694 5388 1799 5440 vini
1836 5402 1964 5441 sex-

391 5483 514 5534 tarii
548 5496 667 5544 sex,
705 5482 852 5552 quod
902 5497 1030 5535 cum
1057 5480 1300 5550 qu0tidie
1342 5478 1670 5549 adequitans
1717 5494 1809 5533 rex
1868 5478 1964 5533 ad-

395 5584 601 5638 oraret,
631 5576 941 5628 vetuiteum
973 5573 1076 5629 hoc
1124 5572 1300 5627 facere
1331 5569 1542 5637 Daniel,
1591 5568 1781 5626 dicens
1812 5587 1826 5624 :
1860 5575 1963 5637 Qui

392 5664 698 5720 inserviunt
750 5665 916 5731 idolo,
954 5665 1057 5735 ipsi
1107 5666 1228 5734 ejus
1267 5663 1579 5718 dimensum
1645 5648 1964 5719 comedunt.

389 5756 527 5810 Cum
552 5772 685 5826 ergo
716 5772 811 5813 rex
837 5757 1153 5813 convocatis
1184 5755 1401 5810 famulis
1435 5755 1569 5839 istis‘
1597 5757 1844 5811 minatus
1883 5772 1965 5811 es-

2069 4564 2242 4619 Jussit
2271 4579 2402 4632 ergo
2423 4563 2599 4634 Cyrus
2648 4563 3040 4617 Zorobabelem
3096 4562 3490 4635 Hierosolyn‘iis
3543 4567 3651 4618 im-

2068 4670 2280 4725 perare.
2315 4652 2428 4707 Sub
2454 4654 2571 4722 ipso
2602 4654 3001 4721 prophetarunt
3052 4654 3304 4724 Aggaeus,
3337 4666 3388 4707 et
3436 4653 3647 4709 Zacha-

2070 4747 2201 4800 rias.
2229 4743 2400 4799 Porro
2447 4743 2550 4796 fuit
2591 4746 2734 4813 Cyro
2780 4757 3104 4796 mcenmuus
3165 4744 3517 4814 261-263
3575 4763 3645 4800 ex

2069 4840 2332 4894 lsraelitis
2373 4838 2595 4890 nomine
2627 4835 2957 4896 Nahthania,
2999 4834 3222 4905 llajalize
3262 4837 3429 4900 filius,
3464 4838 3557 4905 qui
3589 4846 3645 4891 et

2068 4930 2403 5002 captivitatis
2433 4928 2688 4998 princeps
2723 4926 2846 4981 fuit.
2885 4927 2974 4981 llle
3009 4928 3195 4996 templi
3248 4928 3497 4980 struendi
3550 4944 3641 4983 cu-

2068 5041 2187 5080 ram
2216 5023 2483 5090 suscepit,
2503 5036 2737 5089 quocum
2772 5036 2877 5073 una
2912 5020 3140 5073 fui-runt
3183 5020 3317 5073 Ezra
3347 5018 3550 5073 Srraiae
3582 5019 3647 5072 fi-

2069 5117 2175 5171 lius
2209 5115 2486 5177 sacerdos,
2518 5120 2573 5166 et
2605 5111 2974 5167 Israelitarum
3006 5111 3319 5165 multitudo.

2138 5206 2255 5260 .lam
2293 5220 2322 5259 a
2355 5202 2670 5273 captivitate
2697 5202 3026 5275 Babylonica
3063 5203 3129 5256 ad
3165 5204 3423 5273 templum
3452 5205 3642 5260 condi-

2071 5309 2182 5354 tum
2216 5299 2343 5352 anni
2372 5296 2973 5365 fueruntseptuaginta.
3002 5297 3173 5350 Annis
3202 5306 3385 5351 autem
3409 5309 3648 5367 quatuor

2069 5389 2310 5461 perfecta
2369 5397 2453 5442 est
2521 5394 2839 5452 structura;
2911 5395 3204 5441 structura:
3252 5388 3367 5457 ejus
3429 5387 3645 5455 pra-fuit

2069 5480 2368 5535 Zerobabel
2405 5479 2549 5534 ﬁlius
2573 5479 2871 5544 Salatielis,
2908 5479 3000 5534 filii
3084 5479 3290 5545 Aeliiae,
3320 5480 3411 5548 qui
3440 5495 3647 5548 cogno-

2068 5573 2310 5626 minatus
2338 5581 2426 5626 est
2466 5570 2742 5635 Joacbim,
2774 5568 2929 5625 Iuda:
2971 5570 3135 5640 regis,
3174 5586 3336 5640 quem
3369 5573 3643 5640 captivum

2069 5664 2366 5718 abductum
2402 5667 2453 5717 in
2488 5678 2766 5718 carcerem
2799 5663 3039 5732 conjecit
3066 5662 3490 5717 Bochtanasser.
3537 5662 3646 5714 lie-

2072 5757 2261 5828 gnavit
2297 5765 2477 5811 autem
2504 5755 2809 5812 Zorobabcl
2842 5755 3234 5826 Hierosolymis
3260 5755 3311 5810 in
3339 5755 3639 5815 Israelitas.
