4076 6424
416 404 520 467 967
1364 389 1754 454 EUTYCHII
1795 380 2330 447 ALEXANDRINI
2361 381 2580 441 PATR.
3577 380 3681 443 aus

420 523 593 573 Porro
620 530 729 570 uno
753 522 874 586 post
908 513 1096 567 urbem
1125 509 1400 565 conditam
1456 520 1604 560 anno
1651 503 1792 557 diem
1852 499 1989 554 obiit
2033 506 2077 583 Α
2123 497 2302 552 donis:
2368 511 2461 550 rex
2525 493 2808 564 Philippus
2869 493 3166 547 Alexandri
3228 504 3400 562 pater.
3470 493 3684 549 Mortuo

424 610 561 664 Ezra
593 606 875 671 sacerdos,
909 604 1026 673 qui,
1067 613 1194 656 ante
1232 601 1414 656 .losute
1471 598 1565 652 lilii
1613 592 1865 650 Iesadaci
1909 606 1996 644 sa-
2112 589 2329 645 Achuso
2358 586 2653 641 Persarum
2685 600 2831 655 rege,
2864 596 2985 656 post
3039 587 3219 655 ipsum
3259 587 3506 658 regnavit
3539 589 3683 642 ﬁlius

420 700 665 756 cerdotis
712 700 1032 758 adventum,
1085 693 1388 749 sacerdotis
1441 703 1640 742 munus
1690 686 1825 739 obiit
1859 702 1872 738 :
1903 686 1995 751 qui

420 808 546 847 cum
571 790 794 845 Judaeos
840 790 893 842 in
950 786 1133 840 multis
1173 785 1317 839 circa
1353 783 1521 851 legem
1557 792 1777 833 errasse
1811 774 1987 829 oﬂ‘en-

423 886 613 948 disset,
652 884 848 936 librum
900 882 1034 950 legis
1081 879 1214 947 ipsis
1257 874 1569 944 descripsit,
1620 886 1746 926 eum
1805 881 1999 933 nempe

425 977 519 1046 qui
557 976 719 1030 hodie
747 975 798 1027 in
828 973 1082 1025 manilms
1105 971 1344 1038 ipsorum
1366 975 1473 1021 est.
1502 965 1717 1033 Resque
1739 962 1804 1015 ad
1826 961 1995 1028 legem

425 1067 667 1135 ipsorum
701 1071 1009 1132 spectantes
1056 1060 1185 1128 ipsis
1221 1055 1523 1119 renovavit,
1556 1064 1609 1108 et
1633 1054 1755 1122 jura
1789 1050 1998 1104 docuit.

426 1154 641 1209 Mortuo
663 1153 803 1223 Cyro
828 1152 1008 1212 Dario,
1043 1149 1257 1203 Babelis
1290 1164 1436 1217 rege,
1467 1158 1587 1216 post
1618 1147 1793 1214 ipsum
1826 1143 1999 1209 impe-

429 1246 569 1297 ravit
604 1245 748 1297 ﬁlius
798 1242 971 1310 ipsius
1030 1242 1304 1310 Kamysus
1359 1253 1534 1292 annos
1587 1251 1779 1290 novem
1820 1250 1834 1287 :
1878 1244 2001 1302 post

424 1350 585 1405 quem
622 1331 938 1386 Samardius
971 1346 1160 1399 magus
1188 1344 1393 1383 annum
1433 1345 1621 1381 nnuut.
1671 1327 1771 1379 llic
1806 1340 1994 1394 magus

425 1425 844 1494 cognominatus
898 1430 979 1474 est
1031 1421 1175 1489 quod
1240 1420 1410 1488 ipsius
1457 1427 1701 1486 tempore
1762 1414 2005 1469 floruerit

426 1512 590 1568 Persa
615 1512 833 1583 quidam
872 1512 1096 1567 nomine
1121 1510 1446 1572 Zoradasht,
1479 1509 1571 1576 qui
1605 1518 1883 1575 magorum
1912 1520 2004 1558 re-

428 1607 683 1675 ligionem
742 1603 991 1658 condidit
1055 1601 1270 1657 aedibus
1332 1600 1441 1670 igni
1510 1597 1800 1652 dedicatis.
1878 1595 2006 1650 Pest

404 1696 603 1765 'ipsum
643 1694 883 1763 regnavit
938 1693 1075 1746 Dara
1115 1693 1344 1763 primus,
1398 1705 1573 1743 annos
1625 1689 1839 1758 viginti.
1877 1686 2006 1742 Post

425 1787 578 1840 illum
611 1787 970 1839 Artachshast
998 1783 1364 1855 Longimanus
1387 1779 1551 1852 264
1573 1781 2004 1849 cognominatus,

2106 679 2282 750 ipsius
2302 678 2496 740 Arses,
2518 677 2608 747 qui
2629 677 3047 745 cognominatus
3068 687 3153 731 est
3167 675 3354 744 Nacet,
3388 693 3561 732 annos
3583 693 3686 732 un-

2103 772 2298 825 decim.
2332 771 2464 840 Ejus
2493 778 2738 839 tempore
2773 768 3074 823 ﬂoruerunt
3101 771 3153 822 itt
3183 770 3318 825 urbe
3342 771 3679 824 Athenarum

2103 872 2156 917 ct
2192 862 2508 918 Graecorum
2563 861 2785 930 regione
2822 860 3129 929 philosophi
3167 861 3465 930 sapientes,
3504 861 3682 924 Plato,

2102 952 2369 1007 Censalon
2403 949 2781 1023 [Xenophon],
2825 951 3188 1025 Democritus,
3237 952 3578 1020 Apollonius,
3633 961 3687 1007 et

2106 1050 2387 1101 Socrates.
2411 1045 2626 1098 Mortuo
2645 1046 2845 1099 Arseso
2874 1043 3167 1100 Persarum
3189 1059 3338 1114 rege,
3360 1057 3483 1112 post
3506 1046 3684 1115 ipsum

2107 1139 2354 1207 regnavit
2409 1138 2555 1191 lilius
2611 1137 2785 1205 ipsius
2831 1134 3030 1191 Darius
3062 1151 3236 1190 annos
3268 1147 3497 1204 septem,
3525 1152 3686 1205 quem

2110 1231 2286 1286 interf.
2308 1232 2381 1285 cit
2405 1229 2730 1284 Alexander.
2762 1228 3005 1300 Regnum
3033 1237 3324 1284 tenuerunt
3345 1230 3512 1301 268
3534 1244 3688 1300 reges

2109 1327 2197 1379 isti
2251 1325 2306 1377 in
2364 1322 2560 1388 Musal,
2615 1323 2965 1393 Babylonem,
3027 1321 3265 1376 Persiam
3299 1330 3356 1375 et
3396 1324 3685 1379 Antedum.

2106 1417 2277 1470 Causa
2312 1423 2490 1469 autem
2518 1429 2613 1468 cur
2636 1413 2966 1467 interﬁceret
2991 1413 3295 1469 Alexander
3319 1412 3541 1467 Dat-ium
3573 1413 3688 1468 haec

2113 1516 2252 1570 erat,
2290 1506 2434 1576 quod
2468 1520 2592 1560 cum
2614 1515 2830 1560 mortuo
2851 1516 3006 1574 patre
3040 1505 3294 1576 Philippo
3327 1507 3687 1561 successisset

2079 1663 2083 1666 ν
2110 1598 2161 1649 in
2193 1596 2525 1651 Macedonia:
2558 1611 2729 1666 regno
2757 1596 3066 1650 Alexander
3086 1612 3260 1652 annos
3286 1596 3558 1651 sexdecim
3582 1612 3685 1651 na-

2112 1701 2220 1752 tus,
2254 1698 2418 1758 atque
2443 1688 2602 1742 Dario
2638 1688 2837 1743 Persia:
2868 1690 2979 1758 regi
3029 1690 3341 1743 nuntiatum
3382 1697 3529 1744 esset
3567 1689 3689 1743 Ale-

2112 1780 2378 1833 Xandl‘mlt
2413 1787 2537 1847 post
2588 1786 2797 1848 patrem
2830 1795 2990 1834 suum
3017 1777 3221 1834 Grtccis
3270 1780 3561 1848 imperare,
3596 1780 3686 1833 ille

431 1892 611 1931 annos
652 1876 840 1943 viginti
901 1887 1156 1943 quatuor,
1204 1874 1362 1942 cujus
1414 1884 1659 1940 tempore
1722 1871 1907 1925 ﬂoruit
1948 1869 2000 1923 in
2037 1856 2077 1910 Β
2110 1869 2280 1937 ipsius
2310 1868 2690 1941 [subjugaudi]
2725 1869 2983 1939 cupidus,
3020 1871 3227 1925 litteras
3249 1871 3314 1924 ad
3349 1871 3523 1940 ipsum
3548 1885 3686 1924 con-

427 1966 743 2021 Grzecorum
807 1967 1050 2035 regione,
1086 1964 1140 2017 in
1180 1966 1312 2017 urbe
1346 1963 1475 2025 Coo,
1514 1960 1874 2029 Hippocrates
1918 1975 2005 2014 sa-

422 2059 586 2126 piens
619 2057 752 2110 artis
777 2058 999 2109 medica:
1022 2067 1235 2108 auctor.
1272 2053 1413 2107 Dicit
1440 2050 1568 2107 Said
1592 2052 1808 2105 Patricii
1840 2052 2004 2111 ﬁlius.

434 2148 683 2203 medicus
721 2166 734 2203 :
773 2147 949 2217 llnjus
981 2147 1056 2201 rei
1090 2148 1351 2202 indicium
1389 2156 1473 2201 est
1526 2147 1671 2214 qttod
1703 2145 1866 2200 refert
1900 2144 1978 2201 Ga

433 2240 592 2295 lenus
626 2241 681 2295 in
718 2255 817 2295 sua
859 2239 1160 2307 juramcnti
1191 2247 1246 2293 et
1271 2256 1300 2290 n
1325 2238 1508 2292 andati
1540 2236 1884 2307 Hippocratis
1913 2251 2008 2291 ex-

436 2331 747 2401 plit-atione,
772 2331 981 2386 scilimt
1021 2345 1196 2399 regem
1224 2328 1510 2384 Persarum
1535 2329 1599 2381 ad
1630 2326 2006 2397 Hippocratem

440 2423 676 2487 misisse,
696 2436 761 2477 ac
786 2437 977 2493 magna
1006 2422 1244 2490 pecuniae
1264 2435 1474 2476 summa
1505 2420 1682 2473 oblata
1704 2415 2007 2491 [invitaSSe]

437 2521 497 2566 ut
533 2514 599 2566 ad
636 2514 815 2583 ipsum
842 2512 1169 2577 accederet;
1215 2522 1341 2566 voto
1372 2519 1560 2565 autem
1609 2512 1728 2579 ejus
1758 2526 1864 2564 non
1913 2525 2009 2563 an-

439 2606 628 2658 nuisse
661 2605 1076 2674 Hippocratem,
1108 2620 1284 2674 neque
1314 2606 1488 2673 ipsum
1515 2604 1731 2669 adiisse,
1760 2619 1883 2658 cum
1918 2617 2009 2654 ne-

438 2710 712 2765 quaquam
744 2696 844 2765 ipsi
873 2710 1028 2764 aequo
1048 2704 1475 2750 consentaneum
1505 2696 1787 2750 videretur
1814 2695 2011 2749 Persas

439 2786 530 2854 qui
559 2784 872 2841 Gatecoru'm
910 2787 1098 2842 hostes
1130 2798 1313 2843 essent
1336 2801 1553 2841 sanare.
1589 2785 1778 2841 Refert
1828 2795 2009 2838 autem

442 2878 654 2932 llonain
716 2878 891 2933 Isaaki
932 2881 1096 2945 ﬁlius,
1155 2882 1209 2932 in
1258 2894 1357 2934 sua
1407 2879 1530 2934 libri
1587 2878 1799 2947 hujnse
1829 2877 2009 2946 lingua

442 2970 629 3026 Graeca
661 2972 715 3025 in
744 2972 1038 3027 Arabicam
1063 2974 1337 3035 versione,
1381 2971 1695 3027 meminisse
1724 2968 2010 3031 Calenum,

442 3059 826 3131 Hippocratem
852 3078 960 3117 non
988 3063 1190 3118 adiisse
1221 3062 1671 3117 Artachsbastum
1721 3059 2015 3130 Longima-

448 3170 577 3207 num
632 3156 984 3224 appellatum,
1046 3156 1190 3224 quod
1236 3167 1496 3225 regnante
1547 3155 1666 3223 ipso
1720 3153 2013 3222 contigisse

446 3245 655 3299 feratur
726 3246 907 3301 Persis
961 3249 1211 3301 morbum
1257 3246 1461 3300 dictum
1506 3244 1869 3299 Al-Mawarek
1913 3245 2014 3313 (vel

441 3336 599 3402 juxta
627 3338 771 3391 aliud
806 3340 1108 3408 exemplar,
1154 3337 1410 3407 pestem).
1441 3337 1648 3392 Misisse
1677 3351 1807 3407 ergo
1840 3336 2015 3405 ipsum

445 3428 513 3483 ad
550 3428 699 3482 urbis
730 3426 810 3483 K0
838 3430 1154 3498 praefectum
1193 3442 1353 3497 quem
1417 3428 1652 3497 regavit,
1710 3436 1769 3482 ut
1815 3428 2019 3498 Hippo-

444 3523 581 3575 crati
615 3527 835 3574 centum
872 3521 990 3573 auri
1027 3520 1228 3573 talenta
1287 3519 1548 3583 traderet,
1608 3520 1898 3589 ipsumque
1950 3521 2015 3573 ad

447 3629 527 3680 se,
560 3613 864 3666 honoriﬁce
903 3620 1218 3677 tractatum,
1272 3610 1594 3674 adduceret,
1622 3626 1731 3681 quo
1759 3609 1953 3667 Persas
1989 3627 2017 3664 a

450 3704 639 3762 inorbo
666 3704 757 3778 qui
787 3703 919 3779 ipsis
947 3703 1288 3773 contigisset,
1341 3693 1561 3758 sanaret
1585 3719 1600 3768 ;
1635 3702 1896 3757 abnuisse
1925 3717 2016 3757 au-

450 3812 557 3854 tem
629 3798 1042 3870 Hippocratem,
1125 3809 1246 3849 cum
1299 3809 1409 3851 non
1471 3809 1684 3867 aqumn
1751 3796 2018 3866 judicaret

448 3889 767 3946 Graecorum
801 3890 1064 3947 hostibus
1093 3905 1248 3961 Opem
1285 3889 1443 3955 ferre,
1476 3903 1678 3958 eosque
1714 3902 1929 3942 sanare.

520 3983 737 4038 Mortuo
767 3983 1205 4039 Artachshashto
1254 3982 1616 4053 Longimano,
1671 3993 1792 4049 post
1846 3980 2021 4050 ipsum

450 4077 738 4145 imperavit
770 4075 1174 4129 Artachshasht
1223 4073 1473 4144 Magnus,
1514 4087 1686 4126 annos
1720 4073 1941 4142 triginta
1971 4078 2025 4125 et

453 4182 644 4221 unum.
673 4168 803 4223 Post
824 4183 946 4222 emn
972 4164 1280 4220 Saadianus
1311 4180 1484 4219 annos
1514 4173 1646 4219 tres.
1681 4162 1813 4217 Post
1844 4163 2022 4232 ipsum

457 4257 592 4310 Dara
626 4257 923 4321 secundus,
956 4255 1310 4326 265—267
1357 4256 1450 4324 qui
1484 4256 1898 4326 cognominatus
1944 4263 2027 4308 est

456 4347 756 4402 Al-Naceth
811 4362 984 4402 annos
1042 4347 1460 4417 septemdecim.
1503 4346 1633 4401 Post
1686 4362 1810 4401 cum
1863 4346 2027 4401 Arta-

456 4438 739 4502 chshasht,
771 4452 801 4492 e
836 4436 962 4491 filiis
984 4436 1166 4490 fratris
1195 4435 1319 4506 Cyri
1354 4438 1605 4498 secundi,
1632 4452 1803 4491 annos
1837 4438 2025 4507 viginti

2112 1960 2414 2028 scripserit,
2445 1975 2679 2030 quarum
2715 1960 2816 2014 hoc
2839 1961 3116 2029 exemplar
3146 1969 3231 2015 est
3260 1978 3272 2012 :
3317 1980 3334 2011 ι
3366 1959 3684 2015 Nuntiatum

2112 2063 2193 2104 est
2226 2053 2353 2107 mihi
2392 2062 2441 2108 te
2491 2053 2704 2123 injussu
2745 2069 2867 2108 meo
2895 2053 2947 2107 in
2980 2052 3199 2107 Graecos
3255 2067 3483 2122 regnum
3513 2066 3684 2107 occu-

2113 2162 2292 2215 passe.
2318 2147 2470 2213 Quod
2502 2147 2547 2202 si
2571 2146 2758 2201 eadem
2788 2162 2894 2216 qua
2922 2162 2985 2215 pa
3013 2163 3073 2200 cr
3104 2154 3232 2202 tuus
3255 2147 3340 2202 via
3365 2145 3689 2202 incessisses

2114 2241 2167 2292 in
2223 2239 2453 2294 consilio
2488 2239 2773 2309 capiendo,
2840 2247 2895 2292 et
2931 2240 3074 2308 quod
3137 2254 3238 2309 ego
3289 2247 3340 2295 te
3394 2240 3682 2309 jussissem

2116 2330 2359 2395 fecisses,
2411 2333 2516 2387 hoc
2548 2332 2646 2386 tibi
2682 2333 2878 2388 melius
2932 2331 3147 2396 fuisset,
3188 2342 3239 2387 et
3268 2334 3684 2403 prosperitatem

2115 2432 2258 2477 tuam
2284 2423 2492 2477 diutius
2519 2423 2922 2479 continuasses.
2958 2423 3159 2477 Verum
3195 2425 3261 2477 ad
3298 2424 3401 2479 hoc
3435 2431 3486 2478 te
3510 2424 3690 2494 impu-

2114 2515 2177 2568 lit
2215 2515 2461 2584 pueritize
2495 2516 2742 2586 deceptio
2778 2532 2878 2586 pro
2909 2525 2995 2569 tua
3038 2526 3092 2570 et
3119 2525 3334 2570 tuorum
3361 2501 3706 2587 ignorantia:

2118 2607 2328 2663 Recede
2352 2623 2481 2679 ergo
2527 2610 2594 2663 ab
2622 2622 2688 2663 eo
2716 2624 2826 2678 quo
2851 2608 2962 2678 jam
2987 2625 3045 2663 es
3077 2606 3268 2680 [loco,]
3294 2618 3346 2662 et
3368 2625 3465 2678 pro
3496 2607 3692 2677 teipse,

2116 2710 2169 2751 rt
2199 2699 2368 2767 patria
2405 2710 2492 2752 tua
2528 2698 2917 2768 redemptionis
2937 2700 3167 2770 pretium
3194 2701 3452 2767 all‘erens,
3476 2702 3689 2767 culpam

2121 2802 2268 2844 tuam
2314 2792 2594 2855 conﬁtere,
2629 2803 2791 2862 atque
2822 2793 2925 2846 hoc
2953 2793 3061 2847 cito
3084 2795 3228 2848 onmi
3264 2808 3414 2849 mora
3449 2793 3692 2864 deposita

2121 2883 2312 2938 facias.
2349 2884 2443 2938 Sin
2478 2885 2661 2940 minus
2691 2885 2757 2939 ad
2790 2895 2840 2939 te
2882 2899 3006 2938 cum
3068 2884 3363 2939 Persarum
3400 2885 3533 2940 viris
3568 2900 3696 2954 pro-

2120 2972 2316 3042 lectas,
2346 2976 2578 3044 patriam
2633 2985 2779 3031 tuam
2816 2991 3004 3031 eorum
3050 2977 3277 3045 pedibus
3333 2976 3689 3041 conculcabo,

2122 3069 2270 3122 viros
2298 3078 2423 3123 tuos
2456 3068 2728 3133 occidam,
2766 3077 2924 3138 teque
2953 3070 3314 3139 prosperitate
3347 3079 3437 3122 tua
3471 3083 3692 3122 exuam.

2123 3157 2239 3214 Misi
2272 3159 2486 3213 interim
2543 3158 2635 3214 tibi
2666 3158 2795 3213 illud
2851 3159 2997 3230 quod
3048 3160 3092 3214 si
3144 3175 3434 3215 numerare
3492 3158 3695 3229 possis,

2120 3264 2406 3305 numerare
2420 3250 2579 3303 etiam
2600 3250 2747 3305 viros
2769 3260 2820 3305 et
2847 3251 3074 3305 comites
3097 3265 3247 3306 meos
3264 3252 3485 3321 poteris.
3511 3249 3657 3305 Vale.
3672 3268 3693 3304 ι

2189 3338 2414 3397 Miserat
2439 3347 2620 3394 autem
2658 3341 2723 3394 ad
2757 3341 2930 3410 ipsum
2964 3341 3310 3411 perlegatum
3353 3354 3693 3396 sesamorum

2120 3432 2577 3487 exeortieatorum
2626 3433 2892 3485 modium.
2949 3433 3232 3490 Accedens
3265 3448 3394 3504 ergo
3437 3432 3581 3487 Darii
3621 3433 3699 3488 le-

2121 3532 2277 3591 gatus
2298 3521 2364 3576 ad
2389 3521 2781 3588 Alexandrum,
2813 3522 2913 3592 ipsi
2936 3523 3144 3577 litteras
3166 3531 3220 3576 et
3247 3538 3458 3578 sesama
3482 3523 3698 3578 obtulit.

2122 3614 2426 3670 Alexander
2463 3615 2635 3685 igitur
2673 3616 3019 3686 congregatis
3046 3615 3400 3686 269—271
3432 3615 3695 3671 comitum

2123 3721 2351 3763 suorum
2412 3705 2706 3777 praecipuis
2771 3722 2836 3761 ac
2891 3705 3033 3761 Darii
3094 3707 3288 3763 litteris
3345 3706 3700 3766 audientibus

2125 3795 2418 3866 praelectis,
2443 3796 2579 3851 dixit
2608 3814 2620 3849 :
2656 3796 2714 3850 Si
2751 3812 2858 3851 uno
2881 3797 3067 3851 animo
3101 3798 3315 3853 fueritis
3372 3799 3546 3867 ipsum
3577 3798 3700 3851 vin-

2126 3892 2280 3955 cctis,
2314 3891 2397 3946 sin
2431 3891 2500 3945 ab
2530 3890 2761 3945 invicem
2797 3891 3058 3959 separati,
3088 3882 3243 3946 tiobis
3302 3890 3558 3945 inhiabit.
3591 3888 3693 3945 Cui

2128 3984 2524 4053 responderunt
2554 3982 2752 4053 singuli
2790 3991 2948 4053 prout
2977 3983 3112 4053 ipsis
3140 3994 3270 4039 tunc
3293 3983 3468 4038 visum
3499 3983 3699 4037 fuerat.

2127 4076 2336 4141 Quibus
2397 4076 2737 4129 Alexander:
2771 4074 3060 4129 Ominatur
3115 4075 3245 4130 mihi
3287 4076 3501 4130 animus
3530 4075 3706 4129 victo-

2130 4172 2263 4221 riam
2301 4170 2354 4221 in
2418 4166 2635 4221 Darium
2683 4165 2863 4238 (cujus
2917 4167 3050 4221 mihi
3115 4167 3376 4222 indicium
3440 4166 3569 4220 inde
3617 4176 3706 4220 est

2128 4258 2269 4324 quod
2307 4258 2533 4311 comites
2563 4270 2694 4311 suos
2735 4271 2950 4311 sesamo
3000 4256 3345 4319 assimilarit,
3369 4257 3515 4325 quod
3544 4256 3704 4310 cibus

2128 4357 2212 4405 est
2245 4351 2482 4421 pinguis,
2516 4358 2571 4404 et
2604 4350 2723 4405 sine
2756 4349 3003 4405 molestia
3045 4349 3272 4423 editur),
3306 4364 3516 4419 nosque
3536 4364 3704 4420 regno

2132 4446 2303 4514 ipsius
2356 4447 2647 4512 petituros.
2687 4444 2950 4498 Dixerunt
3015 4443 3118 4513 ipsi
3180 4444 3315 4498 socii
3370 4443 3544 4513 ipsius
3575 4459 3591 4492 ς
3624 4441 3704 4495 lta

454 4532 615 4585 duos.
645 4529 775 4599 Ejus
805 4539 1049 4598 tempore
1074 4528 1380 4583 floruerunt
1408 4529 1460 4581 in
1510 4528 1719 4582 Grazcia
1752 4531 2026 4599 sapientes
2062 4556 2101 4608 υ
2134 4537 2297 4591 faciat
2322 4536 2488 4592 Deus.
2517 4534 2815 4605 Respondit
2842 4551 2970 4606 ergo
2997 4533 3304 4589 Alexander
3327 4534 3487 4588 Dario
3510 4533 3708 4587 litteris

454 4633 508 4677 et
539 4622 873 4692 philosophi,
905 4619 1191 4685 llercules,
1220 4619 1409 4685 Malus,
1436 4618 1799 4691 Pythagoras,
1829 4618 2026 4675 Socra-

456 4725 564 4781 tes,
594 4713 757 4769 Solou
795 4713 1097 4781 legislator,
1148 4711 1355 4775 Zenon,
1385 4724 1440 4767 et
1478 4712 1853 4785 Empedocles.
1899 4713 2023 4768 Post

456 4809 633 4878 ipsum
666 4806 913 4875 regnavit
940 4819 1112 4857 annos
1158 4804 1352 4874 viginti
1416 4804 1563 4858 ﬁlius
1620 4803 1739 4872 ejus
1791 4803 2027 4857 Artacii-

458 4899 673 4959 shasht,
701 4898 793 4965 qui
842 4896 1263 4965 cognominatus
1304 4903 1389 4949 est
1433 4893 1641 4949 Achus.
1695 4893 1797 4949 ilic
1855 4894 2028 4965 copiis

457 4989 573 5044 suis
610 4988 852 5042 collectis
884 4987 1179 5058 Egyptum
1237 4987 1412 5056 petiit,
1471 5000 1636 5053 quam
1694 5000 1820 5056 rege
1855 4985 2028 5054 ipsius

455 5062 671 5134 devicto
689 5080 996 5148 occupavit.
1040 5079 1152 5133 Rex
1206 5085 1389 5132 autem
1437 5075 1659 5147 Aﬂgypti
1691 5077 1799 5145 (cui
1830 5091 2026 5130 nomen

456 5170 669 5225 Pharao
699 5169 938 5239 Shanak)
981 5170 1251 5233 devictus,
1310 5170 1510 5222 timens
1548 5184 1615 5221 tte
1652 5169 1694 5220 si
1749 5167 1803 5221 itt
1836 5183 2028 5222 manus

456 5261 685 5328 Achusi,
727 5260 1016 5315 Persarum
1052 5261 1197 5330 regis
1252 5257 1539 5322 incideret,
1604 5257 1743 5312 male
1794 5259 1861 5312 ab
1912 5261 2030 5327 ipso

462 5360 805 5419 multaretur,
831 5359 973 5412 rasis
1014 5359 1192 5426 capite
1212 5366 1266 5411 et
1298 5357 1489 5419 barba,
1519 5370 1582 5409 ac
1611 5357 1831 5409 mutatis
1867 5356 2030 5409 vcsti-

460 5451 562 5505 bus
594 5449 965 5507 Macedoniam
1001 5451 1190 5503 urbem
1228 5450 1488 5517 profugit.
1533 5449 1720 5504 Achus
1748 5463 1877 5503 vero
1904 5448 2032 5502 Per-

460 5559 644 5597 sarum
690 5558 783 5598 rex
806 5538 1040 5608 Fustati,
1071 5541 1289 5612 Aigypti
1344 5557 1551 5607 arcem,
1605 5543 1873 5607 condidit,
1910 5557 2032 5611 qua:

463 5636 621 5690 hodie
654 5634 1069 5690 Kasrolshamaa
1126 5634 1318 5689 audit:
1380 5633 1432 5688 in
1492 5650 1598 5705 qua
1657 5644 1709 5688 et
1766 5635 2027 5703 templum

465 5742 720 5796 magnum
766 5729 1063 5793 exstruxit,
1120 5727 1231 5796 igni
1283 5726 1616 5791 dedicatum,
1665 5729 1808 5797 quud
1872 5728 2030 5781 hodie

464 5810 693 5865 ecclesia
716 5812 903 5867 Sancti
939 5812 1208 5869 Theodori
1238 5814 1562 5885 appellatur.
1589 5815 1822 5887 Fuitque
1852 5816 2029 5871 Macc-

2127 4632 2346 4701 scriptis
2370 4645 2601 4699 quarum
2637 4631 2741 4684 hoc
2767 4630 3045 4698 exemplar
3064 4636 3148 4683 est
3181 4647 3194 4682 :
3219 4627 3302 4681 Ab
3328 4642 3392 4681 eo
3422 4626 3512 4697 qni
3540 4642 3571 4681 a
3596 4626 3706 4681 Deo

2129 4740 2220 4778 rex
2258 4724 2591 4777 constitutus
2621 4728 2727 4786 est,
2759 4721 3073 4774 Alexandro
3121 4734 3278 4774 servo
3313 4718 3424 4782 Dei,
3460 4730 3515 4773 et
3556 4716 3709 4772 Gne-

2129 4833 2320 4873 corutn
2359 4831 2485 4887 rege
2524 4815 2589 4869 ad
2631 4815 2851 4869 Darium
2883 4813 3227 4883 praecelsum.
3254 4811 3498 4867 Intellexi
3560 4810 3703 4864 litte-

2131 4924 2222 4963 ras
2244 4918 2387 4967 tuas,
2414 4916 2469 4960 et
2495 4906 2772 4974 quomodo
2828 4920 2912 4959 me
2952 4912 3013 4958 ut
3063 4906 3116 4957 in
3177 4902 3491 4957 mandatum
3551 4912 3704 4954 tuum

2131 4994 2387 5053 rebellem
2433 4995 2830 5064 indigitaveris,
2861 5005 2913 5049 et
2960 4993 3093 5063 quid
3151 4991 3292 5047 mihi
3340 4990 3707 5044 comminatus

2134 5089 2325 5143 fueris.
2362 5085 2626 5141 Videlicet
2655 5085 2701 5140 si
2734 5099 2765 5138 a
2793 5083 2965 5154 gradu
3010 5097 3133 5138 meo
3167 5097 3274 5136 non
3309 5092 3611 5141 recessero,
3651 5087 3709 5131 et

2134 5179 2384 5236 differam
2414 5178 2545 5233 illud
2577 5176 2772 5232 afferre
2801 5176 2948 5245 quod
2993 5176 3198 5244 scripto
3235 5184 3328 5228 tuo
3372 5169 3585 5241 jussisli
3618 5184 3707 5223 me

2135 5274 2227 5326 tibi
2259 5271 2472 5336 afferre,
2498 5268 2867 5338 profecturum
2924 5278 2976 5322 te
3029 5273 3223 5321 contra
3282 5279 3368 5319 me
3401 5278 3524 5318 cum
3572 5261 3708 5315 viris

2135 5363 2449 5417 Persarum.
2480 5362 2640 5415 Certe
2678 5360 2846 5414 dictat
2871 5357 2968 5412 tibi
3008 5357 3225 5410 animus
3276 5365 3403 5409 tuus
3432 5367 3553 5423 qum
3596 5366 3706 5405 non

2134 5466 2457 5521 assequetur
2509 5465 2704 5506 manus
2735 5460 2847 5516 tua,
2885 5464 2984 5503 nec
3037 5446 3399 5516 apprehendit
3448 5442 3706 5514 cogitatio

2133 5554 2247 5599 tua.
2279 5542 2388 5613 Ego
2416 5551 2596 5597 autem
2636 5541 2703 5594 ad
2732 5549 2781 5595 te
2818 5554 3006 5593 revera
3038 5537 3356 5606 proﬁciscar
3379 5549 3500 5593 cum
3528 5531 3705 5588 leoni-

2136 5639 2234 5690 bus
2274 5635 2610 5698 Graacorum,
2653 5643 2705 5687 et
2745 5630 3021 5700 quomodo
3048 5644 3107 5683 se
3156 5644 3240 5682 res
3271 5627 3469 5681 habeat
3500 5625 3705 5680 docebo

2135 5735 2188 5779 tc
2219 5726 2306 5779 ubi
2333 5725 2547 5778 obviam
2588 5723 2682 5777 tibi
2719 5719 2897 5776 factus
2944 5720 3115 5774 fuero.
3161 5718 3282 5773 Misi
3341 5719 3556 5772 interim
3606 5715 3700 5771 tibi

2134 5830 2244 5887 quo
2275 5816 2596 5879 dignoscere
2627 5812 2802 5883 possis
2859 5818 3065 5884 quanto
3119 5811 3362 5867 acriores
3389 5809 3550 5880 272
3577 5806 3703 5861 vit-is
