4076 6426
363 405 472 467 969

1803 406 2172 469 ANNALES»
3509 404 3613 465 970

362 516 469 570 tuis
500 513 702 571 fuerint
734 515 833 571 viri
884 517 1013 573 mei.
1050 514 1201 575 Vale.
1235 516 1380 575 Misit
1410 529 1592 577 autem
1641 520 1719 575 ad
1748 519 1928 591 ipsum
1960 522 2006 578 A
2034 515 2250 588 natum]
2287 532 2300 570 :
2335 523 2455 588 pete
2490 525 2670 571 autem
2717 530 2745 571 a
2786 531 2872 573 me
2900 515 3041 587 quod
3074 516 3171 572 tibi
3206 516 3384 572 visum
3425 516 3612 573 fuerit.

361 623 577 663 saccum
625 609 856 678 sinapis.
892 611 1182 667 “Reversus
1214 627 1346 682 ergo
1376 613 1442 667 ad
1478 613 1658 683 ipsum
1718 612 1930 681 legatus

361 698 560 769 ipsius,
586 699 715 770 quid
750 699 967 755 fecisset
1006 702 1313 757 Alexander
1348 704 1447 772 ipsi
1479 702 1768 757 nuntiavit.
1814 701 1933 757 Ale-

359 792 567 845 xander
583 802 789 859 autem,
810 795 1122 849 convocatis
1140 796 1379 864 patriciis
1394 811 1458 851 ac
1480 797 1613 851 viris
1632 797 1931 866 primariis,

358 882 440 935 sic
474 882 597 936 illos
626 883 896 939 allocutus
926 894 1052 941 est:
1088 887 1133 941 0
1167 888 1384 956 popule,
1424 887 1600 943 tribus
1626 889 1933 957 proprieta-

359 976 505 1031 tibus
528 976 885 1046 perliciuntur
906 992 1016 1041 res,
1050 979 1305 1034 videlicet
1334 980 1568 1033 consilio
1600 980 1763 1043 bono,
1796 978 1931 1033 viri-

358 1069 462 1124 bus
493 1068 562 1122 ad
593 1069 733 1123 idem
754 1068 1232 1143 [exsequendum],
1257 1071 1453 1127 deinde
1480 1073 1593 1127 huic
1619 1083 1846 1142 utraque
1877 1073 1932 1126 in

355 1171 539 1214 actum
568 1161 873 1217 intentione
904 1164 1119 1218 sincera
1164 1164 1532 1233 perducendo.
1566 1165 1828 1235 Quisquis
1855 1165 1930 1218 ita

356 1260 705 1319 comparatus
745 1250 933 1317 fuerit,
984 1252 1214 1307 idoneus
1264 1261 1349 1309 est
1397 1255 1463 1309 ad
1509 1270 1572 1310 ea
1605 1271 1726 1325 quae
1782 1256 1932 1324 cupit

355 1340 736 1408 assequenda;
789 1340 836 1395 si
881 1342 1005 1410 quis
1032 1357 1165 1411 ergo
1210 1351 1452 1397 vestrum
1504 1343 1590 1399 his
1631 1345 1930 1399 instructus

357 1428 546 1494 fuerit,
580 1430 714 1485 mihi
763 1445 825 1486 se
870 1431 1157 1502 adjuugat,
1209 1442 1265 1488 et
1308 1434 1621 1504 quicunque
1666 1450 1826 1490 secus
1873 1451 1933 1489 se

356 1521 635 1587 habuerit,
673 1538 702 1576 a
746 1538 831 1578 me
866 1523 1108 1578 recedat.
1159 1522 1579 1595 Responderunt
1639 1526 1714 1579 illi
1747 1543 1762 1580 :
1797 1525 1930 1581 Pro-

356 1614 614 1684 prietates
660 1616 791 1670 istas
824 1615 877 1668 in
905 1631 1031 1686 rege
1061 1616 1404 1686 conjunctae,
1458 1619 1511 1671 in
1546 1617 1699 1672 nobis
1728 1618 1933 1673 discre-

358 1713 441 1759 tas
496 1705 680 1775 posuit
743 1706 906 1772 Deus,
960 1722 1060 1761 nec
1109 1708 1405 1762 cessabite
1453 1709 1607 1763 nobis
1660 1711 1929 1781 quispiam

356 1797 609 1861 ultimum
643 1796 787 1866 quod
819 1811 986 1866 penes
1008 1797 1184 1867 ipsum
1221 1799 1381 1852 fuerit
1410 1797 1739 1873 [prtestare].
1773 1802 1927 1867 Quod

2043 607 2171 663 Tria
2221 609 2317 663 tibi
2365 623 2513 663 ame
2565 610 2861 678 impetrare
2910 607 3119 671 licebit,
3174 618 3230 663 tu
3278 623 3445 663 unum
3481 608 3614 663 mihi

2041 710 2251 765 tantum
2288 700 2579 756 concedas.
2621 699 2767 754 Dixit
2813 715 2944 770 ergo
2972 700 3048 754 illi
3097 700 3330 757 Darius:
3363 700 3475 755 lioc
3503 708 3613 755 ate

2041 803 2186 864 peto,
2226 809 2291 848 ne
2318 793 2541 847 familiis
2586 793 2722 863 apud
2774 792 2972 849 Persas
3012 794 3318 850 illustribus
3349 804 3517 860 satos,
3561 804 3618 851 et

2042 886 2251 940 nobiles
2297 886 2513 954 perdas,
2555 886 2649 941 sed
2698 885 2900 940 liberos
2943 886 3228 953 dimittas;
3260 896 3388 956 peto
3426 889 3613 953 etiam,

2041 993 2109 1032 ne
2142 977 2348 1048 Ignium
2395 977 2541 1031 aedes
2595 978 2807 1043 diritas,
2862 993 3161 1049 earumque
3199 979 3429 1034 aedituos
3480 980 3616 1034 bene

2044 1069 2261 1123 tractari
2311 1069 2544 1138 jubeas;
2610 1070 2848 1139 denique
2899 1079 2957 1125 ut
3010 1086 3095 1126 me
3145 1070 3213 1128 de
3266 1071 3618 1128 interfectore

2044 1174 2161 1215 meo
2196 1161 2502 1226 ulciscaris,
2550 1161 2843 1231 ipsumque
2883 1162 3013 1215 mihi
3062 1164 3328 1234 adjungas
3364 1183 3377 1219 :
3410 1180 3532 1217 nam
3567 1165 3615 1219 si

2041 1260 2319 1322 superstes
2345 1267 2550 1307 mansei
2569 1253 2632 1317 it,
2659 1263 2876 1308 tuorum
2905 1254 3070 1308 etiam
3092 1254 3481 1309 beneficiorum
3515 1256 3617 1309 im-

2043 1357 2252 1396 memor
2295 1344 2423 1409 erit,
2466 1351 2526 1396 ut
2558 1358 2685 1413 erga
2722 1357 2808 1397 me
2854 1351 3012 1397 antea
3048 1357 3107 1398 se
3138 1344 3413 1413 ingratum
3481 1361 3615 1413 pra:-

2039 1435 2197 1490 stitit.
2252 1434 2511 1488 Promisit
2564 1449 2697 1505 ergo
2755 1435 3064 1490 Alexander
3127 1437 3498 1505 praestiturum
3554 1453 3615 1493 se

2041 1526 2185 1594 quod
2220 1526 2470 1597 petierat.
2501 1526 2648 1581 Dixit
2690 1526 2889 1582 deinde
2921 1528 3269 1583 Alexander:
3299 1529 3453 1595 Quod
3490 1546 3518 1583 a
3557 1541 3608 1583 te

2039 1617 2384 1682 velletnest,
2413 1626 2469 1672 ιιι
2498 1618 2661 1672 filiam
2715 1626 2862 1672 tuam
2918 1616 3163 1675 Rushtac
3210 1620 3342 1674 mihi
3388 1621 3439 1673 in
3475 1637 3613 1673 uxo-

2040 1722 2153 1762 rem
2200 1709 2492 1772 concedas,
2530 1709 2661 1762 illud
2707 1709 2853 1764 enim
2901 1718 2954 1763 te
3003 1710 3211 1765 sciente
3263 1725 3329 1764 ac
3378 1725 3613 1766 consen-

2043 1800 2211 1854 tiente
2238 1800 2356 1855 fieri
2382 1801 2600 1855 vellem.
2626 1800 2925 1872 Respondit
2950 1802 3023 1857 illi
3052 1803 3251 1858 Darius
3276 1821 3291 1857 :
3324 1804 3475 1859 Illam
3511 1807 3606 1860 tibi

358 1889 605 1959 ipsorum
647 1904 970 1960 responsum
1019 1905 1142 1945 cum
1174 1891 1803 1959 probassetAlexander,
1832 1908 1929 1963 pa-
1964 1878 2002 1931 Β
2036 1893 2088 1945 in
2140 1907 2363 1945 uxorem
2418 1894 2577 1947 trado
2618 1894 2724 1947 hac
2762 1895 3095 1960 conditione,
3149 1905 3207 1950 ut
3260 1904 3385 1965 post
3423 1905 3478 1950 te
3516 1914 3603 1952 re-

356 1981 496 2035 ratis
528 1981 711 2035 statim
745 1980 923 2051 copiis
982 1982 1050 2035 ad
1120 1981 1318 2036 bellum
1381 1982 1540 2037 Dario
1590 1983 1930 2039 inferendum

354 2071 633 2142 profectus
657 2082 760 2128 est.

426 2164 672 2230 Quicum
702 2165 756 2217 in
780 2163 1166 2233 Mesopotamia
1199 2169 1624 2236 concurrissent,
1658 2168 1759 2224 fuit
1788 2171 1931 2225 inter

356 2255 507 2325 ipsos
559 2256 925 2328 quadraginta
976 2261 1189 2315 dierum
1237 2264 1416 2331 spatio
1461 2265 1686 2319 bellum.
1736 2266 1930 2323 Darius

356 2363 491 2403 vero
527 2351 775 2422 quinque
811 2354 1080 2409 confectis
1114 2353 1281 2412 fossis
1331 2357 1385 2410 in
1444 2357 1676 2427 singulis
1735 2358 1928 2414 ducem

356 2456 483 2495 cum
553 2443 845 2497 duodecim
917 2444 1161 2499 virorutn
1238 2447 1481 2503 millibus
1540 2449 1927 2515 collocaverat,

355 2550 591 2603 quorum
643 2539 775 2590 nulli
829 2538 934 2593 nisi
989 2541 1185 2608 quinto
1226 2542 1468 2611 quolibet
1515 2543 1603 2596 die
1650 2544 1925 2614 pugnandi

356 2628 505 2682 vices
555 2628 893 2699 obtigerunt.
951 2630 1079 2687 Suis
1130 2633 1297 2687 etiam
1332 2634 1648 2704 injunxcrat
1697 2636 1928 2706 singulis

355 2717 550 2775 diebus
595 2719 829 2776 duorum
882 2720 1038 2795 [sibi]
1086 2722 1401 2780 Graecorum
1436 2728 1617 2796 capita
1657 2708 1925 2799 [afferre].

355 2810 532 2863 Allata
587 2821 718 2867 sunt
769 2828 902 2884 ergo
954 2814 1032 2870 illi
1072 2816 1319 2885 quotidie
1363 2817 1596 2871 duorum
1634 2821 1715 2874 vel
1765 2821 1929 2874 unius

357 2905 553 2957 saltem
603 2901 918 2968 Graecorum
972 2910 1176 2978 capita.
1208 2906 1291 2963 Ob
1333 2909 1481 2980 quod
1516 2925 1712 2982 magna
1756 2911 1927 2965 animi

353 2994 579 3050 tristitia
598 2996 961 3068 273-275
979 2999 1226 3065 affectus,
1255 3002 1445 3071 iraque
1468 3016 1667 3073 quanta
1689 3004 1802 3059 fieri
1827 3021 1927 3075 po-

354 3088 457 3140 tuit
486 3097 799 3146 exaestuans
842 3092 1149 3147 Alexander
1184 3093 1331 3150 misit
1356 3095 1426 3150 ad
1452 3095 1673 3150 Darium
1697 3097 1789 3167 qui
1824 3097 1924 3167 ipsi

350 3179 588 3237 diceret:
609 3180 804 3236 Parum
827 3184 981 3239 abest
998 3200 1065 3239 ne
1082 3194 1273 3242 mutuo
1296 3202 1716 3255 consumantur;
1746 3191 1921 3246 visum
1949 3214 1993 3275 ο

351 3279 437 3327 est
462 3283 641 3327 autem
681 3274 812 3328 mihi
841 3277 986 3345 quod
1013 3277 1175 3332 saluti
1209 3287 1411 3334 nostra:
1449 3282 1610 3336 simul
1647 3291 1703 3335 et
1728 3294 1925 3338 vestra:

353 3366 695 3430 consulatur,
726 3368 982 3421 nimirum
1017 3377 1077 3423 ut
1103 3384 1225 3424 cum
1255 3371 1592 3429 instruendae
1619 3374 1727 3428 sint
1751 3378 1923 3439 acies,

350 3458 587 3525 spatium
634 3458 953 3529 relinquant
994 3461 1157 3516 nobis
1186 3463 1419 3519 comites
1451 3464 1527 3519 tui
1556 3480 1665 3533 quo
1698 3468 1924 3523 ordines

352 3555 476 3601 tuos
526 3548 592 3602 ad
626 3549 852 3604 ditionis
899 3560 1004 3603 tua:
1032 3550 1261 3606 limitem
1293 3564 1689 3621 pertranseam,
1728 3557 1925 3613 deinde

350 3639 417 3693 ad
467 3642 701 3709 patriam
754 3658 928 3695 meam
985 3653 1254 3700 revertar.
1290 3644 1478 3714 Neque
1511 3649 1657 3701 enim
1706 3650 1924 3706 animus

351 3734 511 3788 nobis
559 3742 644 3787 est
689 3744 967 3789 certamen
1020 3736 1363 3802 detrectare;
1398 3747 1547 3793 esset
1593 3742 1694 3795 hoc
1722 3756 1925 3811 oppro-

346 3826 528 3881 brium
570 3824 717 3897 quod
750 3827 882 3890 elui,
926 3828 1142 3885 macula
1195 3843 1318 3898 quae
1354 3831 1630 3897 mundari,
1659 3831 1921 3903 flagitium

352 3917 440 3971 cui
493 3917 727 3987 ignosci,
776 3933 883 3971 non
926 3926 1134 3987 posset.
1185 3918 1490 3988 Respondit
1540 3921 1923 3980 Darius:Non

349 4006 528 4060 visum
559 4015 645 4077 est
674 4008 835 4062 nobis
865 4007 973 4060 ullo
1002 4008 1163 4062 modo
1187 4009 1331 4078 quod
1362 4010 1568 4078 petiisti
1596 4012 1921 4068 concedere.

350 4095 509 4162 Quod
564 4110 686 4150 cum
743 4097 974 4152 vidisset
1006 4097 1338 4163 Alexander,
1379 4097 1680 4170 [homines]
1724 4105 1788 4154 ad
1826 4101 1924 4154 ali-

349 4190 482 4256 quid
518 4198 711 4245 contra
757 4197 921 4257 caput
970 4187 1144 4256 ipsius
1194 4187 1617 4243 machinandum
1675 4190 1925 4244 incitavit

346 4279 539 4336 dicens
570 4297 584 4335 :
612 4279 795 4335 Heus!
831 4279 1026 4343 Graeci,
1061 4289 1146 4334 est
1175 4279 1280 4334 hoc
1317 4280 1686 4347 imbecillitas,
1719 4292 1772 4338 et
1804 4288 1924 4355 opis

350 4373 670 4445 indigentia.
725 4372 898 4427 Estne
939 4387 970 4425 e
1001 4370 1158 4425 vobis
1187 4382 1276 4424 aut
1310 4387 1339 4424 e
1371 4371 1555 4429 Persis
1595 4376 1686 4445 qui
1718 4377 1924 4445 aliquid

348 4458 622 4520 mihihuc
661 4465 714 4520 in
760 4466 978 4536 negotio
1009 4466 1477 4531 comminiscetur,
1509 4483 1618 4536 quo
1646 4485 1732 4524 tne
1763 4487 1790 4522 a
1829 4470 1926 4524 tri-

2034 1998 2199 2051 gnum
2222 1984 2497 2054 progeniei
2523 1992 2631 2040 tuae
2646 1986 2713 2040 ab
2733 1987 2849 2057 ipsa
2867 1986 3115 2042 oriunda:
3134 1988 3433 2059 relinquas.
3452 1988 3609 2055 Quod

2033 2088 2158 2128 cum
2199 2079 2484 2130 annuisset
2514 2077 2616 2146 ipsi
2646 2078 2953 2133 Alexander
2993 2079 3140 2133 illam
3172 2092 3395 2134 uxorem
3432 2081 3607 2137 duxit.

2016 2192 2023 2198 -
2104 2158 2378 2217 Mortuum
2420 2174 2603 2219 autem
2646 2166 3068 2236 pretiosissimis
3097 2184 3218 2238 quae
3241 2171 3383 2240 apud
3426 2187 3608 2239 regem

2032 2264 2189 2308 erant
2244 2254 2427 2311 linteis
2461 2256 2664 2311 involvi
2725 2259 2976 2322 curavit;
3034 2258 3233 2315 deinde
3291 2258 3607 2317 Graecorum

2031 2343 2438 2416 Persarumque
2483 2348 2781 2412 exercitus,
2831 2347 3097 2404 feretrum
3150 2359 3396 2407 armatos
3431 2356 3608 2407 cumi«

2032 2437 2136 2491 tari
2183 2438 2411 2508 jubens,
2468 2439 2587 2509 ipse
2655 2438 2819 2494 etiam
2898 2454 3024 2494 cum
3072 2443 3334 2496 comitum
3379 2460 3602 2498 suorum

2030 2529 2397 2600 277-279
2413 2529 2700 2601 praecipuis
2720 2530 2860 2586 idem
2886 2542 3108 2587 secutus
3135 2542 3219 2589 est
3237 2535 3408 2591 donec
3428 2538 3607 2606 ipsum

2032 2631 2191 2677 terra:
2234 2623 2577 2678 mandasset.
2627 2622 2774 2677 Dixit
2819 2638 2949 2694 ergo
2998 2624 3349 2680 Alexander:
3381 2626 3607 2683 Etiamsi

2032 2714 2384 2786 praestiterim
2417 2713 2581 2768 Dario
2623 2713 2771 2783 quod
2823 2714 3056 2780 vidistis,
3095 2731 3489 2786 usquequaque
3523 2726 3610 2772 ta-

2030 2820 2154 2859 men
2191 2805 2368 2859 liostis
2416 2804 2547 2858 mihi
2595 2803 2719 2868 fuit,
2767 2819 2832 2859 ac
2868 2814 3016 2860 certe
3050 2815 3297 2876 magnam
3336 2824 3449 2862 rem
3492 2821 3609 2863 ten-

2031 2898 2163 2952 tavit
2194 2896 2287 2967 qui
2320 2912 2405 2952 me
2453 2897 2558 2952 hoc
2586 2898 2806 2965 negotio
2835 2897 3135 2967 expedivit,
3166 2899 3254 2953 cui
3293 2901 3603 2957 mercedem

2031 2989 2329 3059 rependere
2384 3004 2613 3045 necesse
2673 2989 2884 3055 habeo;
2941 2989 3185 3044 libellum
3245 3006 3377 3062 ergo
3442 3008 3605 3047 suum

2031 3080 2165 3135 mihi
2203 3080 2483 3151 porrigat;
2528 3088 2719 3136 sancte
2749 3081 2896 3135 enim
2935 3095 3030 3151 per
3062 3079 3233 3136 Deum
3264 3083 3393 3151 juro
3425 3083 3605 3153 ipsum

2029 3173 2328 3228 exaltatum
2362 3173 2429 3228 iri
2465 3182 2520 3228 et
2553 3188 2584 3227 a
2617 3189 2702 3229 me
2760 3189 2926 3245 supra
2986 3189 3179 3229 omnes
3229 3175 3411 3231 socios
3458 3190 3608 3229 meos

2029 3264 2393 3321 cvehendum.
2442 3264 2639 3319 Statim
2694 3281 2825 3335 ergo
2857 3282 2915 3321 se
2958 3266 3032 3319 illi
3066 3265 3356 3321 offerentes
3391 3267 3610 3322 Cliesh-

2029 3357 2200 3426 nesph
2228 3366 2285 3412 et
2313 3357 2631 3425 Adarsliist,
2656 3358 2990 3413 Adarbachti
3022 3359 3141 3424 filii,
3173 3358 3429 3413 dixerunt
3457 3376 3475 3413 :
3497 3360 3609 3415 Nos

2028 3450 2178 3504 Darii
2215 3450 2449 3504 comites
2483 3465 2694 3514 sumus,
2730 3460 2786 3505 et
2818 3451 2909 3520 qui
2947 3450 3226 3520 negotium
3258 3451 3359 3505 hoc
3388 3452 3485 3505 tibi
3516 3467 3610 3505 ex-

2027 3539 2340 3609 pedivimus
2374 3558 2387 3594 :
2424 3548 2619 3609 praesta
2654 3542 2821 3611 igitur
2853 3542 3012 3596 nobis
3043 3541 3189 3610 quod
3222 3542 3500 3613 pollicitus
3526 3558 3605 3596 es.

2026 3628 2199 3685 Iussit
2243 3646 2371 3702 ergo
2419 3632 2567 3701 ipsos
2603 3647 2768 3701 super
2816 3632 3033 3687 duabus
3081 3633 3332 3686 trabibus
3363 3632 3608 3685 sublimi-

2026 3721 2128 3776 bus
2181 3721 2478 3791 suspendi;
2524 3721 2771 3791 dixitque
2799 3739 2811 3775 :
2841 3722 3001 3778 Certe
3036 3724 3087 3775 hi
3121 3722 3229 3775 duo
3261 3723 3442 3777 meriti
3476 3733 3607 3777 sunt

2027 3812 2131 3866 hoc
2160 3813 2303 3881 quod
2356 3813 2495 3881 ipsis
2537 3812 2654 3867 fieri
2682 3812 2845 3880 jussi,
2878 3815 2949 3867 ob
2981 3828 3135 3866 suam
3166 3828 3292 3882 erga
3323 3813 3604 3866 dominum

2028 3920 2187 3960 suum
2238 3902 2618 3958 infidelitatem
2665 3920 2728 3958 ac
2758 3905 3040 3968 fraudem;
3074 3906 3166 3973 qui
3200 3906 3344 3959 enim
3381 3905 3606 3959 domino

2026 4012 2128 4051 suo
2158 3995 2316 4050 fidem
2349 4010 2454 4049 non
2492 3996 2893 4065 prarstiterunt,
2932 4012 3032 4050 nec
3064 3995 3217 4050 alteri
3250 3997 3604 4066 praestabunt.

2023 4087 2140 4159 Ego
2184 4087 2403 4141 interim
2456 4087 2605 4156 quod
2657 4087 2794 4157 ipsis
2839 4088 3118 4154 pollicitus
3165 4104 3284 4142 sum
3334 4088 3602 4142 exhibui:

2031 4180 2184 4250 ipsos
2236 4193 2405 4249 supra
2442 4193 2635 4234 omnes
2689 4178 2873 4233 socios
2923 4193 3071 4232 meos
3112 4178 3414 4233 evebendo.
3466 4177 3605 4232 Tum

2031 4271 2085 4325 in
2115 4268 2258 4324 Darii
2290 4281 2518 4325 matrem
2547 4284 2775 4324 uxorem
2802 4280 2855 4324 et
2883 4270 3046 4323 filiam
3075 4269 3302 4324 dunaria
3329 4284 3393 4323 ac
3424 4279 3607 4335 vestes

2026 4360 2264 4417 conferri
2316 4362 2501 4432 jussit,
2564 4362 2821 4432 ipsasque
2874 4362 3081 4416 honore
3135 4360 3315 4417 affecit
3365 4378 3379 4416 :
3435 4362 3603 4417 duces

2027 4453 2192 4508 ctiam
2242 4469 2307 4508 ac
2362 4453 2507 4509 viros
2546 4451 2845 4508 Persarum
2895 4454 3211 4523 primarios,
3264 4454 3604 4516 muneribus,

341 4559 492 4614 stitia
518 4560 621 4614 ista
651 4559 919 4619 exsolvat,
956 4558 1083 4630 [hac
1104 4557 1379 4630 mercede]
1412 4568 1468 4613 ut
1500 4561 1571 4615 sit
1603 4561 1702 4630 ipsi
1724 4578 1919 4633 regno-
1955 4559 2002 4618 D
2027 4546 2293 4607 “sub”,
2340 4544 2675 4627 h°"°r‘?'ii5v
2728 4546 3005 4615 rebusque
3046 4545 3111 4599 ad
3168 4546 3370 4600 'ic‘u‘“
3417 4561 3607 4600 ’καθ’

340 4665 465 4703 rum
526 4648 723 4705 Persiae
780 4659 833 4705 et
887 4648 1131 4716 Graecia,
1188 4666 1288 4706 nec
1350 4667 1457 4706 non
1503 4654 1745 4707 omnium
1798 4672 1919 4726 quae

336 4742 395 4794 in
424 4742 829 4812 gazophylaciis
858 4741 1082 4807 fuerint,
1116 4741 1443 4798 dimidium?
1469 4744 1602 4811 Quae
1628 4747 1918 4803 Alexandri

298 4844 301 4845 '
334 4836 506 4889 verba
535 4850 656 4888 cum
686 4835 972 4889 audissent
998 4834 1316 4904 Chesnesph
1348 4847 1401 4891 et
1427 4838 1718 4894 Adarsliist
1743 4840 1918 4895 Adar-

336 4922 530 4978 bachti
567 4922 685 4989 filii,
730 4926 825 4993 qui
857 4925 1187 4979 satellitibus
1235 4925 1383 4981 Darii
1422 4925 1553 4998 [vcl,
1584 4928 1738 4996 juxta
1771 4930 1917 4984 aliud

331 5014 645 5084 exemplar,
701 5012 1061 5086 exercitibus]
1113 5025 1407 5085 praeerant,
1458 5018 1757 5072 commissa
1802 5017 1916 5088 jam

330 5121 519 5177 pugna
567 5106 788 5159 Darium
823 5105 1001 5161 adorti
1034 5107 1229 5176 gladiis
1266 5107 1653 5173 confoderunt,
1688 5109 1825 5164 adeo
1863 5120 1921 5164 ut

333 5214 547 5268 pronus
591 5198 890 5253 decideret.
927 5199 1108 5253 Persa:
1150 5207 1330 5253 autem
1361 5199 1413 5253 in
1443 5198 1624 5269 fugam
1668 5203 1919 5258 conversi

332 5302 462 5348 sunt
504 5306 698 5359 magna
731 5292 978 5360 ipsorum
1031 5302 1221 5361 strage
1249 5290 1417 5346 edita.
1450 5294 1757 5348 Alexander
1789 5312 1917 5351 vero

333 5386 428 5439 ubi
471 5385 539 5440 ad
571 5386 795 5439 Darium
834 5399 898 5440 eo
950 5384 1112 5440 modo
1141 5400 1201 5440 se
1229 5385 1520 5440 habentem
1546 5389 1911 5456 pervenisset,

333 5476 503 5547 276
535 5491 677 5546 equo
704 5476 1048 5531 descendens
1078 5474 1224 5530 Darii
1256 5485 1419 5544 caput
1449 5478 1655 5547 gremio
1683 5493 1785 5533 suo
1816 5479 1918 5532 im-

338 5570 547 5639 posuit,
574 5569 935 5637 abStersaque
967 5567 1106 5621 facie
1131 5575 1186 5621 et
1210 5568 1435 5622 vulnere
1462 5567 1706 5638 alligato,
1739 5571 1915 5639 ipsum

328 5662 618 5715 osculatus
642 5670 694 5714 et
726 5662 779 5713 in
811 5659 1082 5726 lacrymas
1115 5658 1369 5728 profusus
1398 5659 1536 5713 dixit
1563 5678 1575 5713 :
1608 5658 1754 5717 Laus
1788 5663 1916 5728 Deo,

330 5753 428 5820 qui
466 5762 518 5808 te
552 5752 788 5807 interfici
842 5751 1014 5805 noluit
1044 5765 1073 5803 a
1122 5750 1382 5804 comitum
1417 5766 1663 5806 meorum
1697 5753 1915 5824 aliquo;

326 5852 452 5901 erat
489 5846 614 5911 hoc,
649 5843 791 5910 quod
818 5844 1090 5906 videmus.
1125 5843 1472 5911 praescientia
1503 5844 1594 5899 Dei
1628 5844 1917 5916 [determi-

658 5939 931 5997 Pnnoc.
974 5940 1088 5996 Gn.
1129 5936 1288 5998 CXI.

2025 4636 2188 4694 sariis
2220 4637 2414 4691 donari
2444 4622 2669 4705 jubens,
2712 4635 2866 4707 ipsos
2898 4638 2948 4689 in
2986 4635 3182 4690 iisdem
3218 4636 3419 4705 quibus
3449 4645 3606 4690 erant

2024 4730 2359 4802 dignitatum
2428 4728 2693 4798 gradibus
2745 4727 3086 4783 confirmavit
3146 4745 3160 4781 :
3207 4742 3377 4796 quare
3424 4728 3604 4798 ipsum

2024 4836 2213 4876 amore
2280 4818 2561 4889 prosecuti
2626 4826 2778 4884 sunt,
2835 4833 2900 4872 ac
2962 4818 3421 4871 consuetudinem
3481 4833 3604 4873 cum

2022 4914 2144 4984 ipso
2176 4912 2508 4966 habuerunt.
2558 4909 2817 4965 Invitavit
2850 4909 3016 4964 etiam
3049 4924 3241 4963 eorum
3274 4920 3413 4978 quos
3448 4908 3603 4962 libuit

2026 5009 2091 5063 ad
2133 5006 2347 5061 Indiam
2399 5006 2565 5077 280
2609 5006 2999 5069 invadendam,
3049 5007 3141 5076 qui
3174 5020 3304 5078 ergo
3336 5007 3438 5077 ipsi
3474 5022 3603 5074 ope-

2023 5116 2139 5157 ram
2172 5102 2380 5155 alacres
2426 5114 2491 5153 ac
2541 5100 2647 5153 laeti
2700 5102 3101 5169 praestiterunt.
3158 5099 3232 5154 Ita
3284 5100 3337 5154 in
3394 5110 3600 5170 SCplt‘lll

2022 5195 2241 5249 climata
2272 5207 2441 5263 regno
2471 5192 2675 5263 potitus
2705 5201 2791 5245 est
2816 5192 3142 5247 Alexander.

2089 5287 2265 5343 Jama
2299 5285 2614 5356 captivitate
2674 5285 3000 5356 Babylonica
3065 5285 3131 5339 ad
3182 5301 3409 5355 regnum
3464 5286 3592 5339 Alo-

2018 5380 2206 5433 xandri
2241 5379 2369 5432 anni
2395 5386 2525 5432 sunt
2550 5376 2770 5432 ducenti
2803 5377 3085 5447 sexaginta
3138 5385 3273 5431 tres.
3331 5378 3376 5430 A
3431 5389 3598 5445 regno

2021 5469 2271 5535 Davidis,
2307 5468 2640 5539 septingenti
2695 5467 3082 5537 quadraginta.
3119 5467 3204 5521 Ah
3235 5468 3383 5521 exitu
3432 5466 3602 5521 Israe-

2022 5562 2245 5616 litarum
2273 5576 2339 5615 ex
2368 5559 2627 5631 A‘lgypto,
2656 5561 2805 5615 mille
2832 5559 3057 5615 trecenti
3089 5557 3454 5629 quadraginta
3482 5570 3600 5612 sex.

2020 5656 2103 5711 Ab
2134 5655 2469 5720 Abrahamo,
2502 5654 2649 5709 mille
2683 5651 2983 5723 octingenti
3019 5652 3413 5721 quinquaginta
3460 5659 3601 5707 treS.

2020 5751 2065 5803 Α
2093 5748 2353 5813 Phaleko,
2406 5747 2489 5802 bis
2522 5746 2671 5801 mille
2722 5745 2950 5801 trecenti
3007 5745 3303 5815 nonaginta
3337 5751 3594 5810 erratuor.

2020 5846 2066 5899 A
2097 5843 2326 5909 diluvio,
2371 5840 2455 5896 bis
2489 5840 2636 5894 mille
2674 5837 2934 5910 nongenti
2980 5836 3165 5906 viginti
3203 5834 3465 5905 quinque.
3506 5830 3588 5886 Ab

3106 5925 3173 5989 31
