4076 6394
403 349 510 416 9ῗ3

1840 355 2210 425 ANNALES.

3549 380 3655 442 97f.

394 463 738 523 Sufﬁcit-hoc
775 462 830 517 in
865 463 1172 536 exemplum
1217 482 1230 520 :
1261 465 1376 520 heri
1444 464 1546 521 fuit
1598 481 1791 523 aurum
1849 470 1974 527 Aie-
2002 485 2049 540 Α
2080 475 2324 547 losophis
2352 496 2366 533 :
2397 478 2458 535 Si
2492 484 2661 537 vestri
2683 483 3075 542 deAlexandro
3095 490 3650 549 scrmonesilludendi

395 560 603 615 xandro
635 559 950 622 thesaurus,
1016 557 1178 613 hodie
1231 559 1549 616 Alexander
1610 561 1664 615 in
1708 577 1843 617 auro
1888 580 1972 620 re-

392 653 670 709 conditus.
695 652 852 707 Alius
892 674 903 708 :
934 650 1214 721 Sequetur
1246 660 1299 707 te
1331 652 1425 722 qui
1494 662 1669 708 morte
1705 662 1798 708 tua
1834 671 1972 725 gau-

391 746 504 813 det,
531 744 1000 816 quemadmodum
1026 752 1085 799 tu
1109 754 1336 800 secutus
1362 760 1422 801 es
1444 760 1570 801 eum
1604 747 1762 817 cujus
1795 756 1972 803 morte

389 840 615 909 gavisus
639 853 719 893 es.
752 835 902 892 Dixit
932 835 1098 892 Lotas
1149 836 1515 907 philosophus
1541 854 1556 891 :
1589 838 1669 892 Ne
1698 839 1970 894 miremini

388 945 538 993 cum,
567 929 661 999 qui
692 944 814 984 cum
853 928 908 983 in
949 928 1060 983 vita
1099 944 1197 982 sua
1252 943 1352 985 nos
1373 943 1481 983 non
1516 930 1838 995 instituerit,
1871 945 1972 985 no-

388 1019 474 1075 bis
505 1021 724 1075 tandem
755 1034 814 1075 se
838 1029 1016 1074 morte
1047 1034 1145 1074 sua
1176 1021 1502 1075 monitorem
1540 1021 1791 1089 praebuit.
1827 1021 1970 1076 Dixit

390 1113 597 1168 Metron
634 1112 856 1182 sapiens
890 1131 904 1167 :
933 1111 1087 1178 Heri,
1121 1113 1259 1168 heus
1284 1115 1369 1167 tu!
1395 1114 1747 1185 289-291
1779 1114 1969 1169 audire

385 1203 689 1274 potuimus,
723 1217 831 1256 non
862 1213 1045 1258 autem
1096 1204 1244 1272 loqui
1281 1203 1486 1275 [coram
1525 1202 1624 1275 te],
1666 1218 1810 1259 nunc
1839 1217 1968 1259 νιτο

384 1312 516 1351 num
543 1296 699 1351 audis
730 1311 849 1366 quae
873 1295 1188 1366 loquimur?
1219 1295 1363 1350 Dixit
1412 1294 1501 1351 Sis
1546 1299 1768 1367 sapiens
1806 1315 1819 1351 :
1866 1295 1967 1352 llic

387 1388 590 1443 multos
619 1397 793 1443 morte
815 1388 995 1443 affecit
1025 1405 1094 1445 ne
1126 1396 1458 1456 moreretur,
1483 1399 1538 1443 at
1567 1399 1819 1445 mortuus
1839 1399 1962 1456 est;

383 1481 660 1552 quomodo
693 1498 802 1536 non
828 1482 1005 1551 potuit
1032 1496 1065 1537 a
1102 1498 1162 1538 se
1196 1494 1427 1537 mortem
1459 1494 1632 1538 morte
1660 1482 1966 1553 repellere?

383 1575 533 1630 Dixit
556 1575 704 1631 alius
736 1574 894 1630 :Non
945 1573 1018 1628 ita
1081 1576 1318 1630 erudivit
1365 1590 1467 1630 nos
1502 1574 1814 1633 Alexander
1851 1593 1966 1633 ser-

383 1683 544 1724 mone
570 1683 694 1730 suo,
721 1682 785 1722 ac
811 1667 1033 1723 silentio
1083 1669 1187 1723 sub
1239 1682 1342 1723 nos
1395 1668 1599 1724 erudit.
1654 1669 1802 1725 Dixit
1859 1670 1964 1726 De—

381 1760 611 1816 metrius
640 1760 860 1830 sapiens
888 1778 900 1814 :
934 1757 1080 1814 Heus
1105 1770 1159 1813 tu
1183 1761 1196 1814 !
1223 1760 1382 1830 cujus
1410 1764 1490 1816 ira
1529 1778 1676 1819 mors
1702 1763 1825 1832 fuit,
1861 1781 1960 1820 cur

380 1866 490 1907 non
522 1851 624 1922 ipsi
658 1852 823 1907 morti
852 1852 1028 1907 iratus
1059 1851 1161 1907 es?
1199 1851 1343 1907 Dixit
1371 1853 1516 1909 alius
1546 1871 1560 1909 :
1597 1853 1819 1911 Timent
1841 1856 1954 1927 jam
1994 1838 2034 1891 Β

378 1952 684 2010 arcestum,
716 1960 747 1997 0
779 1959 898 2009 rex,
945 1952 1001 1999 et
1054 1959 1262 2000 ερρυτω
1290 1956 1416 2001 Sillll.
1470 1962 1629 2002 arces
1673 1958 1725 2003 te
1774 1950 1963 2004 limen-

378 2036 537 2089 tium.
564 2034 709 2090 Dixit
741 2036 924 2092 alius:
954 2036 1129 2104 Quam
1178 2046 1338 2093 caute
1368 2038 1482 2109 jam
1510 2055 1539 2094 a
1599 2048 1652 2095 te
1683 2040 1959 2096 abstinent

379 2124 653 2194 homines,
681 2141 714 2180 o
743 2143 862 2194 rex,
891 2139 1131 2200 etquam
1176 2129 1334 2185 avide
1385 2145 1525 2185 arcae
1559 2140 1666 2187 ture
1706 2132 1953 2186 inhiant!

378 2217 522 2272 Dixit
554 2219 697 2275 alius
731 2220 940 2287 :Quam
985 2224 1252 2277 veraciter
1284 2224 1396 2295 agit
1436 2239 1586 2278 mors
1642 2239 1764 2279 cum
1818 2225 1954 2292 suis,

374 2308 483 2363 nisi
516 2309 664 2378 quod
697 2309 773 2364 illi
806 2313 1000 2368 oculos
1029 2329 1162 2368 suos
1190 2315 1477 2381 claudant,
1506 2326 1560 2371 et
1587 2331 1749 2372 aures
1789 2317 1954 2372 obtu-

373 2402 530 2455 rent!
572 2400 1061 2459 Dixithilokaton
1087 2405 1307 2475 sapiens
1332 2424 1348 2466 :
1372 2406 1529 2473 Quod
1558 2409 1624 2463 ad
1662 2411 1953 2478 mundum,

372 2495 527 2563 cujus
553 2491 657 2548 hoc
695 2502 779 2549 est
810 2495 1083 2561 ultimum,
1110 2507 1261 2553 certe
1294 2500 1453 2555 nobis
1487 2502 1661 2558 satius
1696 2504 1895 2560 fuisset
1920 2518 1950 2559 a

371 2583 548 2653 primo
572 2584 691 2655 ejus
707 2586 1064 2643 abstinuisse.
1096 2588 1238 2644 Dixit
1258 2591 1403 2646 alius
1426 2606 1440 2645 :
1463 2591 1642 2648 Heus!
1676 2595 1949 2662 homines,

371 2692 438 2732 ne
466 2677 716 2735 defieatis
766 2680 918 2736 illum
976 2684 1072 2753 qui
1115 2683 1245 2740 fiere
1304 2686 1489 2751 desiit,
1551 2689 1645 2744 sed
1704 2692 1946 2762 seipsum

370 2771 749 2843 unusquisque
808 2786 1053 2831 vestrum
1100 2776 1317 2835 defleat.
1377 2779 1527 2835 Dixit
1565 2783 1707 2837 alius
1741 2800 1756 2838 :
1793 2784 1947 2857 Rogo

368 2861 500 2915 mihi
527 2863 704 2932 dicas,
741 2863 835 2935 qui
888 2867 1132 2922 animum
1172 2871 1458 2941 regionum
1486 2875 1843 2944 amplitudine
1870 2876 1947 2931 la-

366 2953 564 3008 tiorem
588 2956 833 3026 gessisti,
866 2960 1144 3027 quomodo
1205 2959 1316 3030 jam
1370 2965 1482 3033 pati
1544 2977 1700 3036 potes
1764 2968 1944 3024 locum

365 3057 475 3100 tam
505 3050 838 3117 angustum?
892 3049 1039 3106 Dixit
1096 3054 1242 3110 alius
1273 3073 1286 3109 :
1353 3056 1410 3110 Si
1442 3072 1551 3113 non
1585 3059 1851 3117 deflentur
1879 3056 1946 3118 de

2079 568 2442 642 293-295
2472 574 2646 643 gratia
2691 575 2932 644 fuerunt,
2970 579 3185 650 reliquit
3226 582 3480 650 poculum
3506 585 3650 653 quod

2076 661 2271 729 ebibit,
2296 666 2604 731 vobiscum,
2634 667 2700 723 de
2750 684 2861 740 quo
2887 671 3181 727 videndum
3212 681 3296 729 est
3334 674 3490 731 vobis
3516 691 3653 730 om-

2077 754 2239 810 nibus
2265 756 2395 824 qnid
2426 760 2698 815 sentiatis.
2724 758 2821 815 Sin
2844 761 2912 817 ad
2932 758 3365 821 consolationem
3386 774 3440 823 et
3470 767 3652 824 luctus

2075 844 2315 914 signum,
2343 860 2532 915 parate
2581 865 2679 905 vos
2712 851 2778 905 ad
2827 855 3308 924 respondendum,
3365 865 3421 913 et
3484 873 3652 932 argu-

2075 946 2257 991 menta
2297 941 2633 1009 εοιιιιυῑήιρ,
2693 943 2967 1013 siquidem
3000 948 3273 1017 gustaturi
3323 950 3458 1005 estis
3504 954 3650 1021 quod

2074 1030 2167 1085 ille
2197 1031 2529 1100 degustavit.
2583 1033 2708 1090 Sint
2758 1052 2888 1107 ergo
2922 1054 3086 1107 opera
3120 1051 3300 1097 vestra
3360 1043 3524 1101 dictis
3552 1060 3650 1101 ve-

2072 1121 2200 1176 stris
2224 1131 2618 1188 consentanea,
2650 1141 2825 1196 neque
2854 1129 3001 1184 enim
3045 1130 3098 1184 in
3143 1132 3440 1189 securitate
3484 1137 3647 1205 positi

2071 1213 2228 1269 estis.
2272 1214 2411 1269 Tum
2435 1230 2658 1286 egressa
2709 1218 3005 1276 Alexandri
3034 1231 3207 1277 mater
3229 1239 3365 1292 gena
3389 1240 3483 1280 sua
3507 1242 3650 1282 arca:

2071 1303 2293 1358 admota
2334 1306 2514 1361 dixit:
2558 1308 2792 1365 Abunde
2840 1327 2942 1368 nus
2987 1312 3253 1368 consolati
3286 1316 3441 1373 estis.
3490 1318 3650 1376 Certe

2069 1396 2215 1466 quod
2256 1400 2548 1454 timueram
2577 1400 2915 1467 Alexandro,
2939 1403 3051 1474 jam
3096 1406 3174 1459 illi
3206 1406 3432 1473 accidit,
3470 1425 3650 1481 neque

2066 1491 2339 1562 reliquum
2367 1502 2453 1547 est
2478 1493 2551 1547 illi
2589 1495 2673 1549 vel
2724 1505 2915 1550 contra
2969 1497 3122 1553 illum
3171 1515 3434 1570 regnum;
3490 1503 3648 1557 valde

2067 1598 2197 1652 ergo
2231 1601 2260 1637 a
2292 1585 2499 1640 mundo
2522 1585 2867 1655 abstineatis,
2902 1598 2958 1644 et
2990 1592 3136 1660 quod
3203 1607 3230 1646 a
3288 1594 3444 1648 vobis
3495 1594 3647 1650 debi—

2068 1684 2182 1728 tum
2213 1686 2298 1731 est
2336 1687 2611 1747 priestate.
2648 1680 2851 1751 Accepi
2896 1684 3327 1741 consolationem
3380 1697 3644 1757 vestram,

2068 1765 2355 1837 ipsumque
2381 1770 2598 1840 sepeliri
2618 1771 2807 1840 jubeo.

2134 1858 2403 1929 Regnavit
2429 1874 2609 1918 autem
2662 1864 2973 1922 Alexander
3013 1885 3189 1926 annos
3220 1873 3461 1930 sedecim
3496 1894 3511 1931 :
3562 1878 3644 1933 vi-

2063 1949 2145 2004 xit
2169 1950 2224 2004 in
2244 1960 2414 2006 totum
2447 1954 2670 2024 triginta
2694 1955 2855 2013 duos.
2880 1958 3047 2013 Porro
3066 1962 3385 2032 praefecerat
3405 1966 3613 2023 Alexan
3631 1997 3644 2008 -

2061 2042 2161 2097 der
2188 2045 2489 2117 unicuique
2512 2048 2717 2119 regioni
2751 2065 2969 2107 servum
2998 2051 3081 2125 [at
3108 2056 3265 2124 juxta
3293 2058 3437 2113 aliud
3461 2076 3645 2116 exem-

2061 2136 2199 2206 plar,
2234 2139 2607 2212 praefectura],
2633 2153 2826 2201 vetans
2859 2161 2928 2200 ne
2961 2146 3027 2200 ad
3061 2164 3221 2217 quem
3264 2149 3318 2205 in
3362 2154 3640 2220 provincia

2013 2246 2021 2256 ·
2059 2228 2148 2284 cui
2170 2238 2424 2300 praeerat,
2460 2234 2811 2290 mitterentur
2858 2236 3053 2293 litterae
3096 2241 3166 2294 ab
3216 2242 3325 2297 alio
3372 2244 3466 2315 qui
3519 2245 3641 2313 ipso

2056 2325 2544 2393 potestatemajor
2582 2334 2750 2381 esset.
2789 2326 2871 2382 Ah
2903 2330 3161 2385 omnibus
3219 2343 3400 2388 autem
3460 2336 3527 2389 ad
3581 2353 3641 2392 se

2056 2410 2176 2465 dari
2209 2412 2426 2470 litteras
2460 2415 2684 2485 jubens,
2718 2435 2818 2474 nec
2857 2436 3018 2491 quem
3049 2425 3212 2478 etiam
3274 2441 3332 2481 se
3385 2440 3638 2500 excepto,

2054 2514 2238 2571 regem
2283 2504 2570 2574 appellari.
2612 2506 2821 2563 Mortuo
2892 2510 3060 2580 igitur
3103 2512 3417 2571 Alexandro
3460 2535 3640 2576 unus-

2054 2592 2290 2664 quisque
2335 2599 2681 2666 provinciam
2714 2616 2871 2655 suam
2927 2610 3243 2676 occnpavit.
3296 2608 3361 2662 Et
3405 2611 3639 2668 divisum

2052 2693 2135 2738 est
2163 2684 2535 2744 Barbarorum
2569 2692 2883 2762 imperium,
2912 2694 3113 2753 Persia:
3141 2709 3194 2755 et
3221 2701 3439 2757 Ahwazi
3469 2721 3640 2777 regno

2054 2790 2222 2846 penes
2258 2778 2641 2851 Asbaganidas
2696 2796 2974 2851 manente,
3025 2791 3117 2857 qui
3182 2792 3422 2847 tribuum
3482 2810 3637 2865 reges

2052 2870 2368 2926 audierunt.
2400 2873 2460 2927 in
2480 2872 2867 2932 Alexandriam
2896 2887 3080 2935 autem
3104 2889 3158 2937 et
3186 2881 3482 2954 Egyptuni
3515 2897 3638 2955 post

2050 2959 2420 3018 Alexandrum
2482 2977 2688 3035 septem
2741 2983 2915 3025 annos
2971 2973 3219 3041 regnavit
3259 2974 3428 3031 frater
3459 2976 3636 3047 ipsius

2050 3054 2217 3126 296
2250 3059 2472 3113 nomine
2519 3056 2828 3130 Philippus,
2887 3064 2980 3133 qui
3030 3064 3355 3124 Ptolomaeus
3387 3067 3635 3127 Aridteus

365 3148 540 3193 morte
566 3139 669 3194 nisi
702 3141 915 3196 novitas
944 3143 1083 3212 ejus,
1126 3154 1275 3201 certe
1314 3149 1564 3218 quotidie
1616 3166 1765 3206 mors
1804 3168 1941 3208 nova
1976 3179 2017 3237 ο
2052 3148 2475 3218 cognominatus
2511 3160 2594 3206 est
2634 3150 2742 3225 [vel
2795 3155 2952 3224 juxta
2994 3158 3140 3212 aliud
3200 3162 3501 3231 exemplar.
3532 3178 3633 3216 an-

364 3229 594 3289 accidit.
627 3231 777 3286 Dixit
810 3234 951 3290 alius
980 3253 993 3289 :
1051 3235 1106 3291 Si
1141 3238 1321 3294 elatus
1362 3239 1534 3308 fuisti,
1569 3243 1681 3313 jam
1725 3245 1948 3301 humilis

364 3336 445 3387 es,
480 3331 535 3377 et
575 3323 622 3379 si
647 3324 976 3383 invidendas
1010 3327 1215 3396 fueras,
1269 3330 1381 3401 jam
1414 3342 1566 3388 certe
1599 3336 1946 3393 miserandus

362 3430 445 3472 es.
466 3414 612 3471 Dixit
631 3418 774 3473 alius
805 3435 819 3473 :
849 3416 991 3486 Quid
1017 3422 1136 3477 est?
1155 3437 1189 3478 ο
1216 3431 1272 3477 ιιι
1300 3423 1464 3495 cujus
1493 3426 1574 3480 ira
1601 3425 1945 3486 formidanda

361 3515 499 3574 erat,
555 3519 608 3564 et
655 3509 797 3565 latus
849 3513 1142 3581 munitum,
1179 3515 1343 3587 292
1375 3533 1474 3572 cur
1512 3534 1619 3574 non
1651 3523 1826 3578 iratus
1859 3537 1941 3590 es,

372 3608 421 3651 ll
450 3613 481 3652 a
517 3607 571 3654 te
607 3600 917 3656 discederet
949 3604 1137 3660 mors?
1173 3615 1290 3673 aut,
1316 3622 1418 3663 cur
1445 3624 1556 3664 non
1603 3618 1658 3664 te
1702 3613 1942 3681 protexi-

371 3691 457 3751 sti,
487 3700 540 3745 ut
588 3708 618 3746 a
665 3702 719 3748 te
775 3694 1165 3766 impotentiam
1194 3702 1534 3770 repelleresi
1562 3698 1719 3759 Dixit
1751 3705 1895 3760 alius
1924 3722 1940 3760 :

368 3781 573 3837 Sufficit
604 3786 765 3857 vulgo
797 3786 850 3840 in
898 3790 1212 3859 exemplum
1249 3805 1408 3848 mors
1437 3808 1663 3864 regum;
1701 3803 1758 3851 et
1793 3797 1944 3851 suffi-

368 3874 434 3929 :it
463 3876 688 3947 regibus
723 3880 777 3932 in
838 3882 1352 3951 commonitionem,
1389 3900 1540 3940 mors
1585 3886 1755 3957 vulgi.
1794 3888 1940 3944 Dixit

296 4024 302 4029 ,
367 3966 538 4022 alius:
592 3966 711 4023 Non
761 3970 912 4026 aliud
975 3972 1147 4028 edidit
1188 3974 1498 4032 Alexander
1540 3977 1938 4035 documentum

366 4059 656 4127 :llustrius,
684 4072 864 4119 morte
915 4080 1037 4120 sua.
1078 4065 1228 4122 Dixit
1279 4068 1421 4123 alius
1457 4088 1470 4123 :
1504 4067 1629 4124 Fuit
1682 4086 1788 4128 vox
1846 4082 1939 4128 tua

366 4149 643 4217 terribilis,
676 4163 731 4207 et
775 4170 1002 4226 regnum
1067 4165 1228 4212 tuum
1278 4161 1777 4232 praecelsum;jam
1812 4179 1941 4221 vero

365 4243 558 4299 .iefecit
590 4261 691 4301 vox
726 4254 841 4311 tua,
866 4244 949 4303 'et
1017 4264 1243 4319 regnum
1285 4260 1437 4307 tuum
1479 4254 1800 4325 depressum
1832 4266 1938 4313 est.

364 4339 500 4394 Dixit
535 4340 677 4396 alius
708 4360 721 4395 :
757 4339 890 4396 "Fuit
935 4345 1033 4399 tibi
1069 4344 1228 4414 copia
1261 4345 1665 4415 benefaciendi,
1694 4365 1805 4405 non
1838 4367 1943 4406 au-

364 4448 466 4488 tem
502 4434 635 4489 mihi
666 4436 963 4505 loquendi;
1015 4436 1129 4506 jam
1168 4453 1298 4493 vero
1329 4447 1416 4494 est
1467 4441 1604 4495 mihi
1646 4444 1803 4512 copia
1855 4444 1942 4498 lo-

2051 3253 2153 3294 nos
2182 3241 2594 3316 quadraginta].
2632 3244 2768 3301 Post
2799 3248 2977 3316 ipsum
3021 3248 3369 3319 Ptolomaeus,
3401 3254 3487 3308 cui
3529 3270 3633 3308 no-

2054 3346 2178 3386 men
2205 3333 2534 3401 Alexander,
2582 3353 2884 3410 cognomen
2941 3340 3275 3411 Galcb-Vzr,
3325 3362 3500 3403 annos
3553 3350 3637 3401 vi.

2051 3423 2190 3492 ginti
2224 3434 2434 3495 septem
2471 3426 2647 3498 [aliud
2678 3433 2959 3501 exemplar
2989 3432 3181 3505 viginti
3219 3451 3387 3491 uuutn
3423 3438 3632 3513 habet].

2052 3510 2153 3568 Hic
2182 3529 2329 3569 anno
2363 3523 2516 3588 regni
2549 3518 2632 3572 sui
2664 3518 2930 3576 vicesimo
2970 3519 3343 3595 ilierOSoiyma
3393 3510 3632 3592 mittens,

2049 3603 2177 3660 inde
2216 3609 2563 3680 septuaginta
2598 3612 2747 3667 viros
2800 3627 2831 3667 e
2876 3611 3081 3669 Iudaeis
3123 3614 3507 3671 Alexandriam
3538 3618 3634 3670 ad-

2049 3697 2177 3752 duci
2215 3700 2450 3764 curavit,
2498 3717 2638 3771 qzzos
2696 3703 2801 3759 sibi
2838 3704 3010 3775 legem
3060 3706 3347 3778 librosque
3397 3710 3634 3779 prophe-

2049 3791 2438 3861 ticoselingua
2473 3791 2819 3867 Hebraicajn
2846 3796 3089 3852 Graecam
3121 3799 3628 3871 transferrejussit.

2047 3882 2293 3952 ipsorum
2337 3873 2569 3953 singulis
2630 3887 2863 3943 seorsim
2926 3891 2996 3944 ab
3054 3889 3177 3945 aliis
3222 3892 3275 3945 in
3329 3892 3491 3948 domo
3523 3893 3628 3948 sibi

2051 3973 2272 4043 propria
2294 3976 2602 4044 collocatis,
2628 3986 2689 4032 ut
2716 3978 2790 4033 ita
2812 3981 3088 4049 quomodo
3122 3997 3182 4037 se
3207 3982 3460 4039 habitura
3485 3998 3633 4040 essu

2049 4065 2494 4138 uniuscujusque
2558 4069 2942 4141 interpretatio
3010 4071 3239 4128 videret.
3301 4072 3436 4130 Cum
3499 4091 3632 4147 ergo

2047 4165 2339 4227 postquam
2390 4159 2564 4215 libros
2609 4160 2749 4216 istos
2809 4156 3241 4230 transtulissent,
3305 4166 3631 4236 interpreta-

2047 4252 2230 4307 tiones
2254 4253 2499 4322 ipsorum
2527 4254 2878 4323 inspexisset,
2930 4258 3246 4313 uniusmodi
3276 4254 3395 4315 erat
3426 4264 3630 4329 versio,

2048 4341 2198 4396 nulla
2227 4358 2458 4413 prorsus
2487 4343 2886 4415 discrepantia.
2947 4346 3142 4404 Libros
3192 4349 3360 4421 igitur
3382 4351 3437 4406 in
3461 4368 3628 4407 unum

2050 4434 2334 4500 collectos,
2366 4447 2419 4490 et
2443 4436 2649 4491 annulo
2704 4452 2805 4493 suo
2855 4438 3099 4508 signatos
3133 4441 3185 4493 in
3240 4443 3442 4512 templo
3477 4443 3628 4507 idoli,

363 4524 588 4593 quendi,
625 4540 737 4579 non
769 4534 953 4581 autem
981 4528 1081 4581 tibi
1130 4526 1528 4585 benefaciendi.
1565 4526 1713 4586 Dixit
1743 4532 1884 4588 alius
1923 4552 1935 4587 :
1975 4533 2016 4587 D
2046 4524 2336 4596 Serapidis
2368 4527 2524 4592 dicti.
2575 4530 2850 4599 reposuit.
2891 4531 3022 4585 Erat
3052 4547 3080 4585 e
3111 4536 3460 4603 septuaginta
3497 4535 3630 4589 isto~

363 4612 414 4669 Si
470 4614 588 4670 heri
660 4629 691 4668 a
734 4621 787 4671 te
838 4631 947 4671 non
1017 4617 1117 4671 fuit
1154 4618 1448 4690 quisquam
1490 4635 1744 4690 securus,
1780 4623 1939 4681 hodie

359 4714 505 4762 certe
534 4721 641 4761 nun
683 4706 839 4762 timet
891 4719 942 4762 te
998 4708 1315 4779 quisquam.
1355 4700 1508 4766 Dixit
1553 4712 1739 4769 alius:
1804 4714 1938 4768 ﬂeri

272 4794 277 4799 ’
357 4799 627 4855 sollicitus
679 4797 782 4853 fuit
837 4808 1027 4869 pastor
1070 4801 1143 4855 ob
1183 4817 1427 4873 gregem,
1491 4803 1657 4861 hodie
1707 4821 1839 4878 grex
1868 4807 1938 4861 ob

356 4897 629 4962 pastorem
663 4905 846 4945 suum.
902 4889 1049 4947 Dixit
1101 4893 1297 4951 alius:
1355 4896 1659 4954 Pervenisti
1706 4899 1819 4968 jam
1871 4901 1936 4955 ad

355 4984 509 5037 illum
545 4983 635 5038 cui
659 4983 877 5037 debitor
936 5001 1082 5051 eras,
1114 4987 1186 5042 ob
1221 4987 1471 5042 debitum
1506 4990 1654 5060 quod
1710 5007 1940 5047 necesse

355 5084 440 5132 est
470 5084 531 5130 ut
560 5076 767 5143 solvas,
798 5087 964 5149 atque
1010 5079 1222 5134 utinam
1279 5079 1475 5136 scirem
1526 5097 1637 5152 qua
1671 5086 1939 5154 patientia

354 5169 528 5226 uteris
554 5169 611 5225 in
645 5171 833 5227 debito
853 5186 965 5242 quo
1005 5173 1208 5229 teneris
1239 5174 1546 5230 solvendo?
1573 5175 1718 5232 Dixit
1747 5178 1888 5234 alius
1916 5183 1935 5234 ἑ

354 5262 410 5317 Si
440 5269 606 5317 antea
634 5277 699 5318 ea
731 5262 941 5319 fuisset
963 5264 1062 5319 tibi
1098 5266 1360 5333 gravitas,
1391 5275 1448 5320 et
1492 5269 1786 5338 temperies
1814 5287 1937 5342 quae

356 5353 518 5409 bodie
549 5364 655 5421 est,
680 5363 830 5410 certe
849 5356 1092 5425 prudens
1121 5355 1346 5413 fuisses.
1379 5356 1630 5431 Cumque
1665 5363 1930 5433 loquendi

354 5447 462 5517 jam
497 5449 659 5502 finem
700 5448 968 5505 fecissent
1005 5450 1344 5522 philosophi,
1388 5466 1623 5525 surgens
1666 5454 1931 5523 Rusbtac,

357 5537 501 5594 Darii
534 5541 679 5610 regis
715 5541 1015 5597 Persarum
1065 5543 1196 5609 lilia,
1250 5543 1552 5600 Alexandri
1615 5563 1774 5613 uxor,
1812 5564 1936 5617 quae

355 5633 602 5688 omnium
648 5633 964 5692 Alexandro
998 5632 1327 5693 charissima
1392 5637 1517 5706 fuit,
1568 5657 1731 5696 manu
1792 5658 1934 5710 arcae

354 5722 606 5795 imposita
628 5726 765 5782 dixit
800 5745 814 5781 :
846 5725 961 5782 Non
994 5736 1335 5799 putaveram,
1364 5744 1398 5784 o
1418 5746 1532 5796 rex,
1552 5745 1676 5787 cum
1706 5732 1929 5789 Darium

355 5819 620 5884 vinceres,
645 5814 868 5890 regnum
900 5821 1350 5897 tuumdevictum
1373 5822 1460 5878 iri.
1481 5818 1620 5878 Tum
1642 5824 1779 5880 dixit
1806 5826 1930 5897 phi-

417 5910 439 5944 '
479 5910 615 5970 Luc.
651 5928 712 5980 tt,
745 5913 779 5972 9
808 5929 926 5983 seq.

2045 4636 2166 4675 rum
2191 4635 2446 4684 numero,
2487 4621 2574 4676 vir
2630 4622 2853 4692 quidam
2890 4625 3109 4679 nomine
3140 4622 3360 4679 Simeon
3417 4627 3626 4697 justus,

2043 4714 2139 4784 qui
2174 4713 2469 4769 Dominum
2529 4722 2776 4769 nostrum
2822 4713 3100 4770 Christrm
3136 4730 3168 4771 e
3209 4718 3410 4786 templo
3437 4733 3627 4774 susce-

2042 4805 2141 4876 pit.
2174 4803 2273 4860 llic
2297 4805 2429 4861 dum
2461 4806 2635 4876 legem
2668 4815 2724 4863 et
2762 4807 2934 4863 libros
2990 4807 3382 4878 prophetarum
3433 4824 3464 4865 e
3520 4810 3624 4866 litt-

2041 4912 2147 4969 gua
2179 4897 2444 4954 Hebraica
2493 4898 2546 4952 in
2574 4897 2818 4954 Graecam
2853 4900 3200 4967 transferret,
3262 4903 3620 4972 quotiescun-

2042 5005 2150 5060 que
2185 5004 2401 5045 comma
2428 4990 2650 5061 aliquod
2682 4992 2737 5045 in
2771 5006 2880 5062 quo
2920 4993 3205 5062 prophetia
3236 5004 3383 5051 esset
3412 4995 3480 5050 de
3517 4994 3624 5052 Do-

2043 5083 2194 5137 mino
2219 5082 2442 5138 Christo
2475 5083 2960 5153 interpretaretur,
3011 5086 3086 5138 illi
3139 5086 3305 5143 corde
3356 5103 3459 5145 suo
3512 5105 3621 5145 non

2041 5174 2375 5241 assentiens,
2411 5175 2650 5241 dixerat,
2704 5173 2820 5231 Hoc
2874 5176 2990 5233 fieri
3042 5193 3150 5233 non
3198 5189 3420 5251 potest:
3476 5183 3621 5242 Deus

2039 5282 2169 5338 ergo
2198 5268 2325 5321 vitae
2358 5268 2648 5321 terminum
2686 5266 2788 5338 ipsi
2831 5269 3007 5335 auxit,
3045 5270 3184 5325 adeo
3226 5283 3279 5326 ut
3304 5286 3478 5328 annos
3507 5283 3619 5329 tre-

2040 5367 2235 5415 centos
2257 5358 2657 5430 quinquaginta
2705 5360 2933 5426 viveret,
2969 5362 3141 5417 donec
3197 5362 3475 5418 Christum
3514 5363 3620 5420 Da-

2039 5453 2248 5508 minum
2296 5453 2538 5520 videret;
2591 5453 2956 5525 297-299
3005 5470 3166 5526 quem
3227 5457 3317 5512 ubi
3368 5458 3617 5526 vidisset,

2038 5545 2218 5611 Nunc,
2248 5544 2678 5617 inquit,dimitte,
2702 5564 2730 5600 ο
2752 5545 2994 5613 Domine,
3021 5564 3227 5603 servum
3260 5557 3406 5604 tuum
3433 5565 3618 5607 secuti-

2034 5638 2161 5692 dum
2190 5639 2396 5693 verbum
2421 5650 2564 5692 tuum
2600 5641 2654 5694 in
2678 5656 2840 5711 pace;
2876 5640 2994 5710 jam
3019 5642 3154 5695 enim
3207 5643 3447 5698 viderunt
3477 5646 3618 5700 oculi

2034 5734 2136 5786 mei
2153 5733 2374 5788 salutem
2398 5749 2555 5804 quam
2576 5736 2784 5803 parasti
2801 5751 2982 5788 coram
3013 5736 3255 5791 omnibus
3290 5739 3527 5809 gentibus
3543 5738 3613 5794 ⁵⁸.

2109 5825 2325 5883 Mortuo
2354 5824 2648 5884 Ptolemaeo
2676 5826 2971 5901 (ἔλειπτο,
3004 5833 3250 5900 regnavit
3280 5843 3403 5905 post
3436 5834 3611 5907 ipsum
