4076 6412
418 347 528 408 ἶ)ῖῦ

1437 335 1802 400 EUTYCHII
1842 332 2377 395 ALEXANDRINI
2421 333 2637 395 PATR.
3565 336 3676 399 976

428 473 600 514 annos
620 455 812 526 viginti
849 469 1042 511 novent
1070 453 1398 508 Ptolomaeus
1440 452 1866 523 cognominatus
1892 449 1995 504 Le-
2029 454 2072 509 Α
2106 464 2223 503 rum
2278 465 2306 504 a
2349 448 2554 504 familia
2606 445 2886 513 Davidica,
2929 462 2993 502 ex
3042 460 3154 517 quo
3199 444 3402 516 captivi
3442 444 3678 502 abducti

430 565 554 620 pus.
611 548 713 602 Hic
741 547 1087 604 Alexandriae
1135 545 1567 616 Hippodromtnn
1625 557 1879 611 magnum
1931 541 1996 595 ad

409 656 693 711 equorum
710 650 989 695 certamen
1007 637 1296 702 exstruxit,
1313 637 1402 706 qui
1419 644 1657 704 tempore
1671 633 1905 688 Zenonis
1919 648 2005 686 re-

414 731 514 800 .gis
539 732 662 802 igne
693 730 872 799 periit.
903 730 1032 783 Post
1049 731 1198 783 illum
1222 742 1396 782 annos
1420 725 1608 798 viginti
1625 741 1720 780 sex
1744 723 1993 795 regnavit

435 822 577 876 filius
632 821 828 890 ipsius,
878 819 1268 890 Philadelphus
1316 816 1758 886 cognominatus.
1796 815 2001 871 Deinde

416 929 614 969 annos
647 915 850 984 viginti
897 914 1141 982 quinque
1187 911 1534 975 Ptolomaeus,
1579 908 2000 978 cognominatus

432 1002 746 1072 Evergetes.
799 1002 875 1056 .Et
936 1008 1058 1070 post
1134 1006 1310 1070 ipsum
1382 1015 1556 1055 annos
1609 999 1998 1068 septemdecim

418 1092 762 1147 Ptolommus
801 1091 1220 1160 cognominatus
1262 1091 1596 1160 Philopator.
1652 1089 1857 1144 Deinde
1899 1105 2002 1144 an-

433 1200 535 1240 nos
563 1185 748 1255 viginti
787 1193 1020 1253 quatuor
1049 1185 1378 1239 Ptolomzeus
1417 1184 1836 1252 cognominatus
1874 1183 2003 1236 Illu-

431 1277 578 1330 stris.
609 1275 753 1336 Post
801 1275 952 1329 illum
989 1289 1166 1329 annos
1205 1275 1393 1346 viginti
1435 1273 1766 1329 Ptolomzeus
1812 1273 2001 1328 Philo-

421 1376 624 1419 metor.
669 1364 798 1435 Ejus
852 1373 1096 1435 tempore
1139 1366 1466 1430 Antiochus,
1511 1365 1828 1418 Graecorum
1882 1379 2000 1428 rex,

427 1457 661 1512 devictis
705 1457 860 1528 Syria
891 1455 1427 1522 etJudzea,.Juda‘.os
1473 1471 1503 1510 e
1540 1456 1698 1526 Syria
1751 1455 2001 1524 expulit,

428 1549 723 1617 umniaque
760 1548 867 1602 illis
916 1548 1088 1613 mala,
1121 1557 1176 1602 et
1240 1548 1580 1602 crttciatuutn
1613 1561 1814 1618 genera
1855 1547 2002 1602 intu-

432 1640 514 1692 Iit.
553 1638 681 1693 Post
721 1639 870 1693 illum
909 1641 1160 1710 regnavit
1207 1639 1378 1693 fra‘er
1428 1640 1606 1708 ipsius
1650 1638 2001 1705 Ptolomaeus,

428 1731 725 1801 Evergetes
753 1735 916 1787 etiam
948 1733 1158 1794 dictus,
1186 1746 1363 1786 annos
1401 1731 1594 1802 viginti
1628 1739 1758 1784 tres.
1806 1729 1880 1783 Eo
1913 1745 2000 1783 rc-

429 1831 631 1889 gnante
659 1823 905 1876 condidit
935 1821 1263 1888 Antiochus,
1301 1821 1619 1877 Graecorum
1654 1837 1774 1886 rex,
1809 1823 2003 1878 Antio-

429 1912 634 1978 chiam,
691 1913 778 1966 cui
824 1914 891 1966 de
927 1914 1150 1967 nomine
1190 1929 1292 1967 suo
1337 1913 1753 1983 appellationem
1809 1914 2007 1969 indidit

429 2017 538 2071 qua
585 2013 777 2056 vocata
817 2013 924 2058 est.
963 2003 1098 2060 Post
1131 2005 1311 2076 ipsum
1353 2009 1604 2076 regnavit
1637 2005 2004 2072 Ptolomaeus,

433 2093 714 2150 Liberator
750 2096 950 2164 dictus,
991 2113 1166 2153 annos
1193 2098 1409 2169 viginti,
1441 2098 1600 2169 cujus
1640 2108 1888 2170 tempore
1912 2116 2005 2156 cx-

434 2199 646 2244 structa
678 2199 761 2245 est
789 2193 920 2245 urbs
945 2189 1228 2247 Seleucia.
1268 2193 1476 2247 Deinde
1517 2193 1880 2257 Ptolomaeus,
1916 2193 2005 2247 cui

433 2281 598 2334 etiam
658 2297 961 2352 cognomen
1013 2283 1350 2350 .Liberator,
1409 2299 1584 2338 annos
1659 2284 2004 2355 quindecim.

434 2373 640 2429 Deinde
675 2373 1004 2431 Ptolomaeus
1037 2377 1258 2432 nomine
1299 2377 1625 2441 Alexander,
1677 2377 2008 2448 cognomine

434 2467 655 2538 Easphis
702 2468 1040 2538 Philopator,
1086 2484 1260 2525 annos
1286 2469 1624 2541 decemjvel
1650 2469 1807 2539 juxta
1857 2470 2007 2524 aliud

435 2561 734 2628 exemplar,
802 2561 1135 2633 duodecim].
1189 2562 1394 2616 Deinde
1451 2563 1786 2618 Ptolomaeus
1843 2561 2009 2633 300

435 2650 849 2713 cognominatus
882 2649 1110 2716 Phosas,
1146 2651 1449 2707 octodecim
1484 2653 1604 2708 dies
1655 2651 1759 2724 [vel
1803 2669 2005 2708 secun-

435 2743 559 2798 dum
591 2743 734 2798 aliud
777 2745 1076 2816 exemplar,
1114 2755 1236 2801 octo
1266 2745 1484 2818 annos].
1521 2745 1652 2801 Post
1675 2748 1852 2818 ipsum
1878 2744 2007 2800 Pto-

435 2842 659 2892 lomaeus
699 2836 990 2909 Dionysius
1017 2855 1188 2894 annos
1218 2841 1410 2911 viginti
1440 2856 1660 2894 novem.
1697 2840 1823 2894 Post
1844 2855 2005 2910 quem

436 2927 541 2982 filia
587 2929 761 2998 ipsius
813 2929 1100 3000 Clc0patra
1146 2932 1338 3002 .(cujus
1391 2931 1628 2985 nominis
1667 2929 2008 3000 signiﬁcatus

437 3029 516 3075 est
569 3034 768 3089 petram
838 3023 1078 3094 deﬂens),
1152 3037 1328 3078 annos
1382 3023 1572 3092 viginti
1654 3023 1812 3077 duos.
1882 3021 2009 3078 llaec

2030 1775 2077 1834 B

2105 549 2235 596 sunt
2265 555 2295 595 a
2329 541 2786 596 Bochtanassero.
2831 539 3022 608 Neque
3053 539 3200 593 enim
3231 539 3286 592 in
3321 539 3477 593 hunc
3507 553 3682 608 usque

2103 632 2248 687 diem
2280 633 2584 702 praeﬁciunt
2629 632 2736 688 sibi
2778 629 2951 685 Judaei
2984 646 3166 700 regem
3225 630 3332 684 nisi
3381 646 3412 685 e
3455 629 3684 686 Davidis

2105 724 2296 793 stirpe.
2348 722 2620 778 Sacerdos
2670 738 2800 778 vero
2841 723 2944 777 fuit
2982 723 3156 792 stirpe
3192 722 3448 777 Davidica
3483 724 3678 778 oriun-

2104 814 2232 878 dus,
2289 817 2505 871 nomine
2533 815 2906 879 Aristobulus,
2934 815 3025 885 qui
3089 816 3242 884 regio
3278 830 3432 870 more
3461 813 3681 870 Judaeos

2104 907 2265 962 rexit.
2319 907 2465 960 Misit
2522 923 2652 979 ergo
2703 909 2992 978 Augustus
3029 907 3223 962 ducem
3266 923 3296 962 e
3327 907 3446 963 suis
3489 923 3685 977 quem-

2106 998 2230 1054 dam
2265 1001 2486 1054 nomine
2528 999 2734 1054 Paetum
2769 1000 2863 1065 qui
2899 998 3277 1070 Hierosolyma
3304 1001 3533 1056 obsessa
3556 1015 3685 1055 cum

2104 1093 2379 1162 cepisset,
2459 1092 2839 1148 Aristobulum
2921 1091 3236 1147 Judaeorum
3302 1093 3688 1159 sacerdotem,

2105 1181 2463 1254 compedibus
2497 1184 2769 1248 vinctum,
2826 1199 2952 1238 cum
2992 1185 3181 1240 multis
3227 1199 3258 1238 e
3309 1184 3479 1240 sociis
3511 1184 3688 1254 ipsius

2106 1274 2332 1328 Romam
2369 1275 2542 1339 misit,
2578 1275 2900 1345 tributoque
2935 1274 3145 1331 Judaeis
3183 1276 3444 1346 imposito
3473 1275 3541 1330 ab
3575 1276 3686 1331 illis

2105 1365 2380 1421 discessit.
2414 1364 2606 1437 Magna
2641 1381 2772 1421 vero
2815 1368 3035 1422 miseria
3064 1364 3285 1421 Judaeos
3311 1367 3531 1421 invasit.
3581 1365 3686 1420 Sa-
3733 1353 3754 1370 ’

2107 1458 2302 1513 cerdos
2355 1467 2533 1512 autem
2583 1457 2884 1512 Aristobuli
2949 1458 3076 1512 loco
3144 1459 3318 1513 factus
3375 1466 3460 1514 est
3518 1457 3687 1513 frater

2104 1547 2301 1618 ipsius,
2358 1549 2446 1604 cui
2502 1563 2698 1603 nomen
2754 1548 2963 1604 Arkan.
3007 1547 3231 1604 Arkrtno
3269 1548 3359 1604 isti
3390 1564 3514 1603 cum
3569 1549 3686 1603 viro

2105 1637 2341 1707 quodam
2399 1639 2618 1694 nomine
2645 1639 2958 1710 Antipatro,
2995 1639 3340 1705 Askalonita,
3372 1641 3686 1695 intercessit

2106 1730 2370 1794 amicitia,
2405 1731 2500 1801 qui
2547 1731 2700 1786 idolii
2749 1730 3037 1802 cujusdam
3069 1731 3308 1787 aedituus
3357 1729 3482 1796 fuit,
3515 1731 3686 1785 idem-

2106 1837 2215 1891 que
2241 1821 2473 1877 Herodis
2501 1830 2674 1891 pater,
2706 1837 2878 1893 genus
2912 1838 2942 1876 e
2971 1820 3153 1892 Cypro
3178 1821 3408 1878 ducens.
3462 1820 3688 1876 Consti-

2109 1915 2213 1969 tuit
2237 1923 2420 1970 autem
2464 1913 2646 1968 At-kan
2681 1915 2949 1972 sacerdos
3002 1914 3268 1970 Herodem
3306 1917 3513 1969 viarum
3546 1929 3688 1984 prae-

2107 2007 2309 2062 fectum
2359 2017 2556 2062 contra
2603 2008 2866 2073 latrones,
2915 2023 3038 2062 cum
3093 2006 3180 2060 vir
3226 2006 3426 2077 ingenii
3487 2005 3688 2060 ferocis

2105 2107 2278 2154 esset.
2309 2098 2542 2153 Invaden
2555 2109 2635 2154 tes
2663 2098 2828 2170 304
2857 2105 3038 2154 autem
3063 2097 3436 2170 Hierosolyma
3463 2097 3686 2168 quidam

2107 2207 2171 2246 ex
2198 2190 2262 2244 Al
2296 2190 2464 2246 Gauri
2491 2191 2688 2245 incolis
2723 2191 3002 2245 Arkanutn
3042 2188 3384 2246 sacerdotem
3413 2190 3687 2258 captivum

2107 2281 2478 2347 abduxerunt,
2523 2281 2837 2353 Antipatro,
2874 2281 3107 2336 Herodis
3142 2291 3318 2352 patre,
3348 2282 3640 2336 interfecto
3669 2297 3684 2335 :

2107 2376 2294 2445 itaque
2327 2375 2518 2430 relicta
2553 2384 2638 2428 est
2671 2377 2804 2430 urbs
2836 2375 2956 2429 sine
2985 2372 3247 2445 praefecto
3287 2383 3383 2427 aut
3412 2371 3690 2442 principe.

2109 2463 2356 2522 Herodes
2399 2481 2533 2538 ergo
2575 2466 2856 2523 Romanos
2903 2468 2997 2536 qui
3042 2464 3443 2536 Hierosolymis
3484 2463 3691 2518 substi-

2109 2567 2296 2613 terunt
2345 2558 2668 2614 demulcens
2701 2559 2978 2628 multaque
3013 2557 3148 2628 ipsis
3192 2557 3390 2612 collata
3435 2557 3691 2626 pecunia,

2109 2651 2233 2705 urbi
2288 2658 2346 2705 ut
2397 2651 2655 2721 princeps
2707 2651 2946 2721 praefuit.
3012 2649 3330 2718 Auditoque
3385 2650 3692 2717 Augustum

2107 2741 2403 2814 Egyptum
2459 2745 2685 2799 tendere
2731 2743 3021 2814 quaesitum
3061 2741 3430 2811 Cleopatram,
3483 2738 3692 2794 Ramlte

2110 2837 2220 2908 ipsi
2264 2836 2482 2891 obviam
2528 2834 2729 2900 factus,
2765 2835 2950 2890 multis
2976 2834 3076 2904 ipsi
3105 2833 3430 2888 muneribus
3458 2832 3690 2897 oblatis,

2109 2928 2283 3000 ipsius
2310 2929 2411 2984 sibi
2441 2928 2732 2984 amicitiam
2761 2927 3090 2983 conciliavit.
3123 2927 3400 2997 Augustus
3422 2939 3551 2978 vero
3569 2937 3694 2980 cum

2109 3019 2404 3092 Egyptum
2455 3023 2821 3090 pervenisset,
2874 3035 3016 3076 caeso
3080 3019 3341 3083 Antonio,
3393 3017 3696 3087 Cleopatrae

437 3111 778 3167 Alexandria:
831 3117 999 3169 multa
1036 3093 1330 3170 exstruxit
1376 3113 1605 3169 aediﬁcia
1652 3130 1887 3184 magna,
1952 3123 2006 3169 et
2035 3151 2079 3211 ο
2113 3114 2396 3184 deputato,
2456 3113 2843 3168 Alexandriam
2893 3113 3066 3182 ipsam
3103 3113 3392 3182 quaesitum
3436 3093 3690 3173 tetendit,

438 3206 735 3271 miranda;
795 3205 1032 3276 fecitque
1113 3222 1278 3276 opera
1362 3207 1663 3261 tessellata.
1720 3207 2007 3260 Exsmtxit

439 3297 596 3349 etiam
651 3299 910 3367 templum
953 3313 1233 3369 magnum,
1283 3302 1427 3368 quod
1471 3299 1692 3352 Saturni
1744 3299 2008 3367 templum

439 3387 746 3457 appellavit,
793 3391 938 3460 quod
978 3394 1080 3446 sub
1123 3390 1548 3446 Christianismo
1596 3392 1652 3446 in
1721 3391 2010 3447 ecclesiam

441 3495 783 3547 conversum,
839 3481 1023 3537 Sancti
1074 3483 1359 3538 Michaelis
1424 3483 1712 3538 ecclesiam
1765 3485 2010 3538 nomina.

441 3581 562 3626 rttnt
591 3589 607 3640 ;
640 3588 762 3642 qua:
804 3576 992 3629 eadem
1049 3572 1398 3628 Alkaisariah
1457 3575 1730 3644 appellata
1767 3583 1892 3640 cst,
1946 3591 2010 3631 ac

441 3681 558 3736 .gne
597 3666 757 3735 periit
787 3682 898 3738 quo
927 3678 1174 3736 tempore
1212 3665 1444 3735 ingressi
1476 3676 1605 3721 sunt
1632 3665 2011 3723 Occidentales

440 3759 822 3814 Alexandriam
875 3773 998 3813 cum
1035 3759 1260 3814 domino
1297 3766 1489 3814 nostro
1521 3759 1847 3815 Alntansore
1882 3761 2014 3814 Abi-

440 3851 634 3912 kalem,
695 3849 788 3918 qui
841 3849 1106 3904 Abdallah
1151 3849 1327 3915 audit,
1381 3857 1438 3905 et
1491 3848 1744 3906 Habbasa
1795 3849 2010 3926 Chalifa

441 3951 570 3995 tunc
621 3941 686 3995 Al
730 3940 1048 3998 Moktadaro
1088 3940 1330 4007 Jaafaro,
1361 3949 1413 3996 ct
1445 3956 1603 3996 servo
1648 3940 1766 4009 ejus
1799 3942 2008 3998 Tacino

442 4027 679 4100 Egyptt,
716 4043 768 4085 et
798 4032 1148 4088 Alexandria:
1185 4032 1460 4102 pratlecto.
1492 4033 1779 4087 Exstruxit
1817 4033 2009 4088 eadem

441 4124 493 4176 in
535 4124 669 4177 urbe
702 4125 953 4177 Aclunim
994 4125 1310 4178 columnam
1346 4127 1686 4180 mcnsoriam
1711 4165 1726 4192 ,
1764 4141 1872 4197 qua
1902 4125 2009 4181 Nili

441 4214 840 4268 incrementum
873 4216 1177 4285 percipitur
1214 4231 1230 4270 :
1269 4229 1369 4270 nec
1399 4232 1507 4270 non
1543 4217 1597 4269 in
1629 4218 1765 4273 urbe
1791 4219 2010 4274 Ansena

446 4303 623 4358 -tliam.
667 4305 843 4359 Porro
892 4319 1036 4360 anno
1085 4307 1233 4378 regni
1269 4307 1390 4376 ejus
1423 4319 1621 4377 quarto
1673 4309 1793 4363 urbi
1823 4307 2012 4365 Romae

440 4397 730 4465 imperavit
788 4413 880 4453 rex
922 4402 1145 4453 nomine
1193 4398 1360 4454 Caius
1424 4398 1607 4454 Caesar
1653 4413 1830 4454 annos
1876 4415 2014 4470 qua-

2119 3221 2230 3276 quo
2258 3215 2470 3275 captam
2520 3205 2836 3276 ignominiaa
2861 3213 3165 3274 esponeret
3207 3202 3471 3259 Romanis
3509 3212 3696 3258 osten-

2118 3313 2260 3354 sam.
2327 3297 2614 3368 Cleopatra
2650 3313 2780 3368 ergo
2809 3298 2998 3353 audito
3039 3313 3239 3354 cmsttm
3292 3310 3414 3352 esse
3461 3296 3528 3350 ab
3579 3297 3695 3349 Au-

2119 3399 2284 3461 gusto
2313 3390 2524 3446 Caesare
2553 3392 2875 3461 deputatum
2924 3407 3082 3446 suum
3124 3390 3452 3444 Antonittnt.
3489 3396 3546 3442 et
3601 3402 3696 3442 ca-

2118 3492 2266 3554 ptant
2331 3482 2651 3554 Egyptum,
2698 3498 2767 3538 ne
2815 3483 3052 3538 ludibrio
3113 3483 3407 3538 haberetur
3474 3481 3694 3546 timens,

2122 3582 2355 3630 mortem
2391 3575 2663 3644 praetulit;
2702 3585 2756 3630 et
2790 3591 2859 3631 ne
2895 3575 2951 3630 in
2985 3591 3179 3629 manus
3210 3575 3384 3644 ipsius
3416 3572 3691 3635 incidens,

2121 3665 2432 3736 ignominiaa
2463 3676 2853 3738 exponeretur,
2893 3683 3084 3723 necem
3109 3667 3213 3724 sibi
3254 3666 3565 3731 conscivit;
3591 3664 3698 3718 hoc

2118 3774 2315 3828 nempe
2346 3767 2507 3829 pacto
2545 3777 2557 3814 :
2594 3760 2731 3815 duas
2761 3759 3010 3824 ancillas,
3035 3775 3267 3830 quarum
3297 3759 3455 3812 alteri
3498 3771 3696 3810 nomen

2118 3851 2285 3913 Ahra,
2302 3867 2422 3921 qua:
2438 3852 2612 3921 ipsam
2637 3861 2851 3922 pectere
2867 3862 2922 3906 et
2944 3865 3074 3905 orna
3085 3866 3163 3914 re,
3183 3850 3336 3904 alteri
3355 3848 3548 3913 Matra,
3571 3863 3695 3918 quae

2120 3942 2226 4013 ipsi
2272 3958 2482 4012 ungues
2525 3942 2825 4012 praecidere
2868 3957 2932 3996 ac
2958 3952 3140 3997 vestes
3177 3942 3410 3996 induere
3451 3943 3691 4003 solebat,

2120 4034 2445 4097 accersitus,
2489 4033 2656 4102 jussit
2703 4034 2755 4088 itt
2816 4035 3037 4088 hortum
3083 4033 3372 4103 quemdam
3420 4031 3698 4102 profectas

2120 4124 2362 4194 viperam
2395 4141 2516 4194 quae
2553 4125 2701 4194 aspis
2747 4125 3072 4194 appellatur,
3109 4125 3214 4178 sibi
3242 4124 3478 4179 aﬂ'erre:
3527 4139 3691 4191 quam

2121 4218 2247 4272 inde
2300 4218 2520 4270 allatam
2590 4232 2713 4271 cum
2794 4217 2848 4270 in
2925 4215 3056 4283 ipsis
3135 4217 3376 4284 primum
3469 4225 3698 4282 experta

2121 4307 2336 4373 fuisset,
2391 4311 2495 4363 illa:
2537 4309 2824 4364 confestim
2889 4315 3117 4361 mortua:
3147 4317 3296 4360 sunt.
3324 4303 3527 4360 Videas
3561 4320 3696 4375 ergo

2122 4411 2428 4472 serpentem
2500 4411 2727 4456 mortem
2799 4401 3036 4453 subitam
3121 4397 3356 4462 inferre,
3432 4412 3692 4451 coronam

442 4496 585 4542 tuor.
621 4487 823 4542 Deinde
847 4496 971 4556 pust
1006 4489 1183 4558 ipsum
1213 4489 1495 4557 Augustus
1518 4487 2012 4542 Ctesartnonarchi
2047 4508 2094 4566 ι)
2123 4508 2278 4548 suam
2346 4493 2666 4562 prehensam
2723 4490 3079 4561 305-307
3138 4491 3298 4559 capiti
3371 4489 3655 4557 imponens
3678 4527 3695 4552 ,

442 4580 608 4646 lilitts,
652 4579 817 4650 idque
849 4594 993 4634 anno
1025 4582 1176 4651 regni
1216 4580 1522 4650 Cleopatra:
1555 4579 1869 4634 undecimo.
1912 4579 2013 4636 llic

442 4673 668 4728 devictis
703 4673 924 4743 regibus
973 4674 1090 4728 orbi
1127 4673 1451 4741 imperavit,
1498 4671 1660 4740 cujus
1703 4671 1846 4725 fama
1885 4685 2011 4724 cum

440 4763 508 4816 ad
535 4763 881 4834 Cleopatram
907 4765 1286 4835 pervenisset,
1327 4762 1418 4816 illa
1479 4763 1547 4814 ab
1590 4763 1709 4832 ipso
1766 4769 2016 4840 metuens

444 4873 667 4927 regnum
712 4872 870 4912 suum
917 4856 1169 4922 munivit,
1209 4842 1490 4908 exstructo
1539 4855 1749 4908 scilicet
1795 4867 1824 4906 a
1867 4843 2017 4920 parte

444 4954 697 5008 orientali
751 4953 815 5007 ad
865 4952 972 5006 Nili
1018 4956 1214 5022 ripam,
1266 4965 1428 5004 muro
1474 4965 1503 5003 a
1557 4946 1737 5002 Nubia
1793 4947 2018 5017 regiOne

444 5044 796 5116 301-303
841 5043 1130 5098 Pharmatn
1170 5057 1365 5111 usque,
1403 5055 1504 5094 nec
1537 5055 1644 5092 non
1693 5039 1801 5110 alio
1848 5052 1877 5090 a
1913 5034 2020 5089 Nu-

447 5143 556 5202 bia,
593 5137 980 5192 Alexandriam
1029 5150 1204 5204 usque
1240 5151 1269 5187 a
1303 5144 1457 5204 parte
1504 5131 1837 5186 occidentali
1868 5149 1881 5184 :
1921 5128 2016 5199 qui

447 5233 606 5288 hodie
637 5231 808 5300 Hayet
835 5228 900 5284 Ol
929 5231 1086 5299 Ajuz,
1116 5226 1305 5280 Murus
1334 5225 1521 5279 vetula:
1549 5225 1876 5294 appellatur.

525 5327 814 5396 Cleopatra
875 5334 1060 5377 autem
1128 5320 1475 5377 Alexandriae
1523 5318 1827 5384 habitavit,
1887 5315 2022 5369 fuit-

449 5435 549 5492 que
600 5419 708 5490 ipsi
772 5418 827 5469 in
886 5413 1182 5485 Egyptum
1236 5412 1529 5481 deputatus
1575 5409 1796 5463 nomine
1847 5412 2022 5461 Anto-

451 5516 592 5568 nius.
614 5511 788 5566 Porro
815 5508 1100 5579 Augustus
1130 5505 1315 5559 audita
1359 5505 1479 5574 ejus
1514 5503 1677 5568 lama,
1711 5499 1818 5571 ipsi
1844 5499 2025 5554 inhia-

452 5611 542 5660 sit.
583 5605 904 5660 Nuntiatum
961 5612 1045 5657 est
1109 5612 1288 5653 autem
1367 5598 1614 5667 Augusto
1687 5592 1904 5649 Judazos
1969 5595 2022 5646 in

455 5702 582 5752 urbe
630 5697 1136 5766 Hierosolymorum
1186 5691 1511 5760 obsequium
1551 5689 1656 5758 ipsi
1717 5702 1826 5741 non
1879 5701 2023 5756 prae-

457 5797 616 5844 stare.
663 5788 917 5842 Ablatum
959 5797 1136 5840 autem
1167 5787 1279 5855 jam
1316 5782 1493 5837 fuerat
1541 5795 1767 5850 regnum
1801 5777 2019 5836 Judaeu-

2119 4601 2284 4654 seque
2344 4584 2549 4638 tnundo
2602 4597 2703 4638 suo
2765 4583 3018 4637 universo
3074 4596 3314 4646 ornans,
3385 4594 3520 4632 auro
3579 4581 3702 4632 sci-

2118 4677 2267 4741 licet,
2292 4688 2538 4748 argento,
2576 4674 2896 4739 unienibus,
2930 4673 3244 4742 hyacinthis
3279 4687 3342 4726 ac
3365 4671 3696 4740 smaragdis,

2119 4783 2183 4824 ac
2205 4769 2404 4822 deinde
2444 4777 2622 4822 vestes
2653 4765 2863 4834 regales
2900 4765 3110 4831 induta,
3145 4771 3421 4833 acceptam
3453 4764 3698 4832 viperam

2121 4861 2375 4914 mamillae
2420 4859 2662 4914 sinistrae
2689 4857 2926 4930 (scilicet
2956 4857 3176 4926 regione
3232 4857 3320 4910 illa
3354 4856 3518 4911 sitmu
3571 4869 3701 4909 esse

2121 4966 2219 5005 cor
2249 4951 2498 5021 noverat)
2537 4949 2803 5014 admovit,
2848 4949 3150 5019 statimque
3176 4958 3392 5002 mortua
3432 4957 3537 5001 est.
3564 4943 3696 5000 Visa

2124 5045 2216 5099 illa
2265 5047 2543 5115 Augustus
2591 5053 2704 5097 tum
2733 5042 2905 5112 ipsam
2936 5049 3048 5095 tum
3080 5042 3288 5096 factum
3322 5039 3498 5110 ipsius
3531 5038 3702 5092 mira-

2124 5145 2212 5191 tus
2245 5149 2354 5201 cst,
2387 5136 2531 5206 quod
2561 5141 2796 5189 mortem
2830 5134 3080 5187 servituti
3129 5143 3184 5187 et
3217 5131 3535 5201 ignominia:
3563 5144 3703 5199 prae-

2124 5229 2361 5284 tulisset.
2399 5223 2606 5282 Ferunt
2631 5237 2814 5280 autem
2856 5228 3164 5294 Augustum
3203 5223 3478 5279 Caesarem
3514 5237 3698 5291 regem

2125 5323 2434 5390 ingressum
2475 5316 2776 5373 oﬂ'endisse
2817 5317 2989 5385 ipsam
3030 5330 3292 5369 coronam
3337 5329 3492 5368 suam
3533 5328 3698 5367 tnanu

2127 5414 2377 5476 sinistra,
2421 5426 2490 5465 ne
2527 5411 2594 5464 tle
2637 5409 2819 5476 capite
2855 5408 3174 5470 decideret,
3217 5414 3531 5468 tenentem,
3586 5419 3700 5472 quo

2126 5505 2299 5575 ipsam
2352 5503 2406 5556 in
2447 5516 2614 5570 regno
2662 5515 2763 5555 suo
2807 5501 3089 5554 sedentem
3149 5499 3440 5552 inveniret.
3487 5493 3700 5550 Ferunt

2127 5597 2218 5649 alii
2270 5596 2468 5664 ipsam,
2512 5608 2634 5647 cum
2673 5603 2903 5648 mortem
2941 5591 3043 5647 sibi
3089 5591 3440 5646 consciscere
3496 5589 3698 5652 vellet,

2129 5687 2356 5743 brachio
2405 5700 2507 5739 suo
2536 5684 2712 5736 cultro
2763 5683 2915 5752 prius
2952 5681 3125 5735 inciso
3153 5679 3289 5735 adeo
3322 5689 3379 5733 ut
3415 5679 3703 5749 egredere-

2131 5788 2220 5834 tur
2246 5775 2492 5848 sanguis,
2515 5775 2666 5831 virus
2697 5773 2922 5840 deinde,
2951 5773 3096 5845 quod
3127 5787 3294 5843 penes
3326 5773 3498 5840 ipsam
3531 5779 3699 5832 esset,
