4076 6424
388 469 492 533 977

1824 471 2192 535 ANNALES.

3531 490 3644 552 978

389 586 720 654 viperarum,
764 586 973 641 vulneri
1019 588 1315 659 iniecisse,
1352 604 1465 660 quo
1502 590 1688 646 statim
1746 586 1959 647 mortua
1988 593 2038 651 A
2063 594 2210 663 gavit
2261 592 2526 663 Herodes,
2566 600 2633 654 de
2676 614 2741 653 eo
2782 600 2937 670 quod
2966 611 3357 657 narraveraut:
3394 604 3488 674 qui
3528 606 3635 674 ipsi

387 686 489 730 cst.

459 766 618 820 Anno
668 774 849 823 autem
902 769 1113 840 imperii
1172 774 1402 843 Augusti
1444 774 1679 831 Caesaris
1748 775 1958 831 duode-

395 857 536 912 cimo
569 858 835 913 abolitum
867 871 946 916 est
981 862 1285 934 Cleopatrae
1318 882 1569 937 regnum.
1600 867 1771 922 Porro
1802 884 1833 921 a
1870 884 1959 923 re-

387 963 495 1017 gno
538 948 839 1006 Alexandri
872 955 940 1007 ad
969 954 1131 1010 linem
1164 957 1315 1028 regni
1341 957 1647 1029 Cleopatra:
1676 960 1803 1014 anni
1832 969 1963 1016 sunt

386 1043 609 1098 ducenti
668 1047 945 1116 octoginta
1015 1064 1236 1105 novem.
1296 1049 1568 1109 Redeunti
1628 1054 1825 1110 deinde
1890 1072 1959 1111 ex

392 1133 631 1207 Egypto
666 1135 897 1193 Romam
943 1138 1191 1209 Augusto
1227 1143 1452 1212 Cresari,
1481 1161 1701 1202 rursum
1740 1148 1959 1204 obviam

388 1229 592 1286 Ramlaa
638 1231 817 1288 factus
889 1234 1158 1304 Herodes,
1202 1239 1373 1294 multa
1432 1240 1636 1296 obtulit
1696 1243 1958 1312 donaria;

388 1339 577 1394 quare,
609 1326 784 1396 ipsum
823 1327 1025 1384 Iudaeae
1055 1330 1328 1386 universa
1362 1346 1485 1386 cum
1521 1332 1698 1404 ipsius
1741 1337 1962 1392 ditioni-

391 1419 495 1473 bus
533 1428 587 1473 et
630 1420 854 1491 regione
882 1421 1119 1477 Galilteae
1163 1432 1440 1480 montanas
1477 1426 1807 1496 praeﬁciens,
1845 1431 1960 1485 Au-

389 1523 583 1585 gustus
616 1518 781 1586 capiti
823 1519 1000 1587 ipsius
1026 1519 1279 1575 diadema
1312 1524 1525 1592 regium
1574 1524 1857 1594 imposuit.
1887 1527 1956 1581 At

390 1623 514 1662 cum
548 1606 922 1679 Hierosolyma
967 1626 1065 1666 rex
1125 1612 1235 1683 jam
1282 1611 1457 1669 factus
1500 1629 1757 1671 reversus
1790 1628 1961 1683 esset,

391 1699 686 1754 noluerunt
724 1699 897 1755 Judaei
936 1701 1115 1771 ipsum
1158 1703 1214 1758 in
1254 1718 1351 1759 eos
1395 1720 1648 1776 regnare.
1690 1706 1787 1764 Ille
1827 1724 1959 1778 ergo

391 1788 738 1855 tyrannidem
793 1789 849 1843 in
913 1790 1065 1859 ipsos
1135 1808 1442 1859 exercens,
1502 1797 1704 1853 multos
1766 1814 1955 1853 eorum

389 1878 554 1950 308
605 1890 780 1935 morte
815 1882 1023 1939 aﬂ‘ecit.
1074 1884 1282 1941 Dirutis
1333 1887 1496 1942 etiam
1548 1888 1703 1945 urbis
1754 1906 1960 1960 propu-

2069 689 2511 757 responderunt:
2561 690 2788 749 Stellam
2827 708 3083 763 magnam
3131 693 3187 748 in
3232 690 3458 749 Oriente
3505 711 3640 749 cou-

2068 780 2352 847 speximus
2392 798 2514 853 quae
2544 783 2804 841 indicavit
2851 786 3013 841 nobis
3056 795 3243 840 natum
3276 802 3400 842 esse
3433 786 3638 856 Regem

2067 887 2351 942 magnum,
2390 892 2552 945 quem
2599 878 2886 933 adoratum
2922 881 3213 945 venimus;
3255 893 3434 948 neque
3479 878 3646 933 desiit

2067 964 2225 1019 stella
2254 966 2413 1020 IlOiliS
2450 968 2662 1036 prteire,
2691 984 2753 1024 ac
2783 986 2841 1025 se
2870 971 2969 1025 vias
2999 972 3194 1027 ducem
3236 971 3504 1041 praebere,
3540 970 3640 1025 do-

2069 1070 2190 1119 nec,
2243 1055 2334 1109 ubi
2398 1058 2463 1111 ad
2512 1058 2656 1114 hunc
2697 1058 2877 1113 locum
2927 1060 3316 1130 pervenimus,
3364 1075 3423 1114 se
3483 1058 3643 1114 nobis

2072 1147 2419 1204 subduxerit.
2453 1148 2682 1218 Rogavit
2707 1166 2837 1222 ergo
2870 1150 3115 1207 Herodes
3145 1149 3365 1208 Iudaeos
3389 1151 3583 1206 dicens
3623 1168 3638 1203 :

2071 1237 2176 1294 Ubi
2228 1240 2377 1294 nasci
2419 1239 2580 1295 debet
2630 1241 2926 1297 Christus?
2956 1242 3048 1311 qui
3092 1241 3202 1311 ipsi
3234 1240 3489 1295 dixerunt
3525 1257 3539 1295 :
3576 1239 3639 1293 lu

2070 1329 2384 1388 Bethlehem
2417 1330 2640 1388 Iudaeas.
2673 1331 2816 1387 Tum
2839 1332 3104 1395 Herodes,
3131 1332 3271 1386 clam
3302 1332 3512 1386 vocatis
3535 1328 3646 1383 Ma-

2068 1424 2178 1496 gis,
2221 1424 2526 1494 exquisivit
2559 1426 2629 1481 ab
2672 1424 2805 1496 ipsis
2849 1440 2959 1494 quo
2993 1425 3155 1495 312
3206 1424 3471 1492 temporis
3516 1437 3646 1490 spa-

2071 1515 2148 1570 tio
2195 1516 2539 1584 apparuisset
2585 1515 2692 1571 illis
2742 1516 2943 1582 stella;
2984 1516 3440 1586 respondentibus
3484 1514 3593 1568 illis
3627 1554 3643 1578 ,

2076 1609 2121 1661 A
2160 1608 2387 1663 biennio
2426 1607 2583 1663 nobis
2628 1608 2681 1662 in
2717 1608 2938 1663 Oriente
2970 1608 3260 1679 apparuit;
3303 1608 3443 1663 dixit
3487 1606 3645 1676 ipsis,

2069 1700 2306 1757 Profecti
2331 1702 2556 1770 quaerite
2587 1699 2788 1770 Regem
2831 1701 2980 1756 hunc
3012 1716 3209 1757 recens
3237 1709 3455 1764 natum,
3480 1711 3647 1769 quem

2068 1794 2351 1849 inventum
2395 1794 2488 1849 ubi
2520 1794 2906 1862 adoraveritis,
2939 1794 3145 1851 reversi
3187 1794 3318 1849 mihi
3372 1793 3649 1854 indicate,

2070 1892 2132 1938 ut
2186 1892 2239 1937 et
2284 1885 2401 1954 ipse
2432 1885 2716 1953 profectus
2754 1900 2877 1940 eum
2914 1883 3161 1940 adorem.
3216 1883 3469 1956 Egressis
3515 1898 3647 1955 ergo

390 1971 622 2040 gnaculo
674 1986 738 2027 ac
791 1974 1017 2043 templo,
1046 1975 1220 2032 libros
1247 1975 1586 2046 Iudaeorum,
1632 1997 1772 2050 quos
1801 1984 1965 2037 resti—
1999 1971 2037 1991 ¹¹
2064 1974 2132 2029 ab
2150 1972 2363 2030 Hcrode
2392 1974 2560 2045 Magis
2585 1991 2851 2045 apparens
2868 1978 3027 2033 stella
3054 1976 3190 2047 ipsis
3222 1975 3646 2031 Bethlehemum

400 2072 584 2119 tuerat
610 2064 743 2133 ipsis
772 2067 933 2131 Ezra,
966 2068 1033 2122 de
1062 2069 1306 2125 tribuum
1333 2073 1673 2143 genealogiis
1696 2075 1970 2142 ipsorum-

389 2169 498 2224 que
528 2158 803 2227 prosapia,
846 2159 1080 2223 ablatos.
1122 2177 1315 2218 omnes
1366 2165 1692 2233 combussit,
1737 2181 1805 2221 ne
1845 2166 1969 2236 quis

392 2263 462 2300 ex
502 2247 637 2318 ipsis
681 2249 971 2320 cuiusnam
1004 2261 1155 2308 esset
1184 2254 1382 2321 tribus,
1418 2263 1512 2310 aut
1539 2271 1651 2325 quo
1683 2265 1839 2326 patre
1886 2272 1973 2311 sa-

392 2347 482 2394 tus
528 2339 924 2409 dignosceret:
972 2345 1159 2399 omnia
1202 2347 1367 2400 etiam
1420 2348 1718 2403 sacerdotii
1757 2349 1968 2405 instru-

393 2441 575 2488 menta
616 2435 796 2490 ablata
829 2436 1116 2502 vendidit,
1154 2447 1445 2508 vestesque
1477 2440 1826 2508 sacerdotum
1875 2456 1971 2496 an-

392 2525 523 2579 nulo
571 2541 673 2581 suo
732 2528 1013 2598 signavit;
1067 2529 1201 2600 quin
1251 2540 1307 2585 et
1358 2533 1541 2602 ipsum
1594 2533 1968 2591 sacerdotium

392 2618 581 2672 venale
626 2617 842 2684 habuit,
886 2620 1024 2676 adeo
1075 2630 1133 2676 ut
1163 2636 1288 2677 cum
1326 2621 1573 2692 ipsorum
1614 2623 1739 2693 quis
1787 2639 1973 2679 sacer-

345 2705 575 2773 ,dotem
622 2722 681 2762 se
726 2708 843 2763 fieri
897 2709 1084 2775 vellet,
1147 2725 1258 2765 non
1313 2710 1420 2767 nisi
1468 2726 1666 2781 magna
1725 2712 1973 2781 pecunia:

396 2814 611 2854 summa
654 2799 808 2870 prius
848 2812 1070 2872 accepta
1115 2817 1315 2857 munus
1359 2801 1494 2857 illud
1526 2802 1582 2858 in
1624 2802 1802 2873 ipsum
1832 2819 1970 2859 con-

397 2891 609 2946 ferret:
666 2894 1017 2964 pessimeque
1069 2909 1134 2950 ac
1184 2895 1374 2965 inique
1436 2910 1494 2951 se
1547 2894 1604 2951 in
1646 2910 1817 2966 regno
1869 2911 1973 2953 suo

391 2984 584 3054 gessit.

463 3075 632 3134 Porro
662 3094 807 3135 anno
847 3080 1065 3151 imperii
1117 3082 1354 3152 Augusti
1388 3083 1625 3139 Caesaris
1667 3085 1973 3155 quadrage-

393 3169 537 3225 simo
591 3173 798 3240 prodiit
840 3175 909 3229 ab
947 3176 1070 3245 ipso
1125 3176 1364 3230 edictum
1414 3185 1474 3231 ut
1524 3177 1769 3233 omnium
1800 3193 1972 3247 regno

391 3265 568 3335 ipsius
598 3280 695 3337 per
723 3275 897 3324 totum
931 3271 1117 3325 orbem
1149 3268 1548 3343 [subditorum]
1588 3274 1968 3332 describeren-

398 3372 488 3415 tur
533 3362 779 3423 tfomina,
808 3361 1051 3417 virorum
1090 3364 1361 3435 (inquam)
1403 3380 1527 3419 cum
1561 3367 1825 3424 uxoribus
1854 3369 1971 3425 suis

394 3453 609 3521 (quales
634 3453 762 3507 olim
793 3469 993 3510 census
1018 3456 1440 3525 condebantur),
1464 3466 1524 3512 ut
1553 3472 1744 3513 eorum
1780 3475 1974 3516 nume-

393 3560 513 3599 rum
562 3555 897 3602 recenseret.
938 3548 1251 3617 Misit'ergo
1280 3564 1405 3607 cum
1447 3551 1646 3606 scribis
1689 3552 1884 3607 ducem
1937 3566 1969 3606 e

392 3638 509 3693 suis
538 3639 832 3707 quemdam
868 3640 1092 3695 nomine
1123 3639 1421 3711 Cyreniqu
1443 3681 1458 3703 ,
1508 3658 1669 3711 quem
1705 3643 1876 3715 Syriae
1907 3658 1971 3700 ac

393 3727 595 3783 Iudaeae
640 3728 905 3800 praefecit.
936 3730 1096 3785 Anno
1127 3739 1309 3785 autem
1357 3733 1573 3803 imperii
1618 3733 1792 3802 ipsius
1838 3751 1975 3803 qua-

394 3820 709 3890 dragesimo
762 3824 949 3892 primo
991 3825 1211 3878 allatum
1245 3834 1333 3880 est
1367 3825 1613 3880 Dominae
1646 3825 1829 3880 Mariae
1852 3826 1976 3880 Vir-

392 3914 506 3982 gini
561 3929 712 3983 pura:
765 3915 987 3978 illibatae
1035 3918 1290 3971 nuntium
1333 3917 1401 3971 de
1450 3917 1683 3972 Domino
1739 3917 1972 3978 Messia:

394 4020 649 4074 annoque
705 4006 919 4076 imperii
980 4009 1214 4078 Augusti
1262 4010 1499 4067 Caesaris
1554 4012 1975 4081 quadragesimo

396 4097 663 4164 secundo,
694 4108 748 4153 et
781 4099 933 4168 regni
979 4098 1244 4165 Herodis,
1278 4103 1553 4172 Antipatri
1595 4103 1719 4169 ﬁlii,
1770 4105 1824 4158 in
1872 4103 1975 4177 Sy-

399 4184 533 4239 riam
565 4185 846 4241 tricesimo
876 4191 1039 4243 tertio
1074 4188 1181 4261 [vel
1213 4189 1368 4259 juxta
1402 4191 1551 4246 aliud
1578 4194 1883 4263 exemplar,
1918 4195 1975 4250 in

398 4284 596 4329 terram
630 4277 1040 4351 lsraeliticam],
1094 4288 1254 4337 natus
1322 4291 1405 4336 est
1460 4281 1727 4337 Dominus
1786 4292 1977 4339 noster

400 4365 655 4424 Christus
700 4369 787 4424 die
831 4369 1022 4425 Canun
1079 4372 1243 4440 primi
1295 4373 1561 4429 vicesimo
1621 4373 1972 4447 309-311

398 4460 615 4525 quinto,
657 4460 860 4514 Cahaci
906 4461 1169 4516 vicesimo
1218 4477 1387 4518 nono.
1429 4464 1511 4518 Ad
1543 4462 1826 4549 Christum
1881 4484 1978 4523 au-

399 4562 505 4605 tem
550 4560 740 4605 natum
768 4567 798 4605 a
854 4552 960 4607 line
1010 4553 1160 4622 regni
1211 4554 1515 4625 CleOpatrae
1555 4557 1680 4610 anni
1715 4569 1841 4613 sunt
1881 4559 1979 4614 tri-

2070 2067 2304 2136 prazivit,
2355 2081 2532 2137 usque
2595 2068 2663 2123 ad
2713 2069 2894 2124 locum
2953 2070 3010 2123 in
3069 2085 3179 2139 quo
3235 2067 3338 2123 fuit
3384 2066 3649 2122 Dominus

2072 2168 2263 2215 noster
2320 2158 2572 2215 Christus
2616 2176 2723 2215 una
2774 2176 2898 2215 cum
2959 2161 3189 2215 Domina
3232 2167 3424 2216 nostra
3474 2157 3653 2213 Maria

2072 2250 2247 2319 ipsius
2284 2261 2477 2310 matre.
2526 2253 2843 2308 Adorarunt
2889 2253 3054 2322 igitur
3089 2255 3266 2322 ipsum
3315 2267 3377 2307 ac
3421 2265 3650 2305 munera

2071 2341 2174 2411 ipsi
2210 2341 2548 2410 obtulerunt,
2596 2358 2816 2409 aurum,
2850 2344 3127 2415 myrrham
3155 2354 3208 2398 et
3240 2343 3388 2397 thus.
3435 2342 3651 2397 Praece-

2072 2440 2222 2501 ptum
2278 2443 2463 2490 autem
2521 2443 2605 2490 est
2645 2436 2778 2504 ipsis
2831 2436 2888 2491 in
2945 2452 3164 2499 somno,
3216 2444 3275 2490 ut
3317 2435 3369 2489 in
3412 2434 3644 2504 patriam

2071 2539 2228 2579 suam
2263 2540 2357 2595 per
2388 2526 2546 2580 aliam
2576 2527 2717 2581 viam
2745 2526 2981 2598 regressi
3008 2525 3077 2581 ad
3117 2526 3389 2582 Herodem
3418 2541 3527 2581 non
3559 2540 3648 2581 re-

2071 2625 2432 2672 verterentur.
2504 2615 2677 2672 Porro
2725 2634 2788 2673 ex
2840 2632 2949 2688 quo
2989 2620 3243 2688 apparuit
3284 2617 3454 2688 Magis
3493 2616 3651 2672 stella

2074 2711 2380 2777 usquedum
2429 2709 2656 2765 adorato
2691 2710 2923 2766 Domino
2968 2722 3161 2767 nostro
3194 2711 3417 2767 Christo
3458 2712 3512 2767 in
3557 2728 3653 2781 pa-

2073 2798 2232 2852 triam
2279 2813 2434 2853 suam
2481 2800 2685 2855 reversi
2726 2809 2899 2869 sunt,
2952 2801 3111 2856 ﬂuxit
3140 2802 3448 2857 biennium.
3499 2800 3652 2856 Iose-

2073 2891 2219 2960 phus
2263 2902 2444 2947 autem
2489 2891 2673 2947 Mariae
2708 2909 2945 2963 sponsus
2983 2894 3300 2950 admonitus
3346 2895 3397 2948 in
3455 2909 3655 2948 somno

2079 2984 2202 3047 fuit,
2258 2993 2318 3039 ut
2377 2988 2619 3057 acceptis
2669 2989 2899 3058 puerulo
2950 2996 3005 3043 et
3050 2998 3228 3044 matre
3280 2988 3477 3057 ipsius,
3526 3002 3651 3044 cum

2074 3075 2209 3145 ipsis
2263 3076 2319 3131 in
2364 3076 2664 3149 JEgyptum
2722 3081 2972 3151 fugeret:
3016 3081 3160 3150 quod
3209 3089 3264 3136 et
3318 3081 3449 3136 fecit
3497 3080 3653 3135 Jose-

2075 3168 2239 3238 phus.
2279 3167 2651 3226 Tardantibus
2685 3180 2865 3227 autem
2908 3172 3080 3243 Magis
3109 3214 3125 3240 ,
3165 3173 3432 3240 Herodes,
3466 3171 3556 3227 ubi
3592 3187 3654 3228 se

2077 3262 2145 3315 ab
2181 3262 2290 3318 illis
2313 3263 2536 3318 illusum
2571 3266 2768 3329 sensit,
2803 3264 2881 3319 ira
2913 3267 3073 3322 valde
3103 3267 3512 3322 excandescens
3534 3280 3654 3319 om-

2082 3369 2180 3407 nes
2206 3354 2258 3406 in
2288 3336 2645 3409 Bethléhemo
2688 3370 2892 3425 pueros
2915 3371 2945 3409 a
2969 3355 3193 3411 bimulis
3224 3363 3279 3410 et
3298 3354 3661 3411 inferioribus

2076 3443 2317 3500 interimi
2354 3445 2542 3515 jussit.
2591 3444 2867 3504 lnterl'ecti
2900 3456 3031 3505 sunt
3077 3464 3208 3523 ergo
3240 3448 3478 3504 infantes
3501 3487 3516 3512 ,
3588 3462 3659 3503 ne

2077 3553 2189 3592 uno
2223 3540 2519 3619 superstite
2568 3540 2782 3597 relicto.
2834 3540 2979 3596 Deus
3026 3553 3207 3596 autem
3252 3541 3306 3595 in
3380 3538 3653 3595 Herodem

2077 3630 2211 3685 iram
2262 3641 2429 3700 atque
2466 3632 2899 3703 indignationem
2944 3648 3102 3689 suam
3150 3631 3366 3697 eﬂ‘udit,
3416 3631 3554 3685 adeo
3595 3637 3656 3686 ut

2077 3722 2131 3777 in
2190 3723 2441 3777 morbum
2488 3739 2709 3795 gravem
2753 3725 3042 3789 incideret,
3090 3740 3200 3792 quo
3246 3724 3484 3778 cruciari
3540 3738 3653 3777 non

2076 3815 2242 3871 desiit
2286 3817 2463 3872 donec
2511 3829 2842 3882 moreretur,
2896 3835 3021 3873 cum
3072 3834 3246 3874 annos
3289 3818 3508 3888 triginta
3565 3831 3655 3872 se-

2076 3916 2221 3980 ptem
2256 3918 2560 3978 rcgnasset.
2612 3910 2975 3981 313-315
3010 3899 3201 3966 Filios.
3233 3919 3475 3978 quatuor
3525 3908 3658 3964 reli-

2076 4002 2217 4070 quit,
2266 4015 2498 4072 quorum
2539 4017 2682 4057 unus
2733 4004 2953 4059 nomine
3005 4003 3333 4067 Archelaus,
3376 4000 3657 4058 secundus

2076 4094 2340 4159 Herodes,
2379 4096 2577 4151 tertius
2609 4096 2919 4168 Philippus,
2958 4107 3189 4165 quartus
3218 4095 3518 4160 Lusanius,
3558 4094 3656 4165 qui

2077 4201 2246 4255 regno
2279 4187 2423 4242 inter
2449 4204 2508 4243 se
2532 4189 2711 4245 diviso
2746 4190 3135 4259 unusquisque
3179 4203 3432 4258 quartam
3479 4187 3655 4258 regio-

2078 4276 2166 4331 nis
2188 4274 2426 4331 Judaicze
2462 4288 2671 4346 partem
2706 4279 2809 4334 sibi
2830 4281 3153 4349 assumpsit.
3196 4279 3259 4334 In
3308 4285 3514 4335 sortem
3558 4292 3660 4332 au-

2079 4376 2188 4423 tem
2232 4364 2507 4424 Archelao
2552 4371 2875 4427 acciderunt
2924 4371 3242 4427 Bethlehem
3296 4379 3351 4426 et
3402 4368 3661 4425 Hieroso-

2080 4459 2245 4529 lyma.
2284 4457 2561 4529 Iosephus
2586 4476 2738 4532 ergo,
2783 4461 2973 4517 audito
3022 4470 3298 4516 mortuum
3340 4473 3464 4515 esse
3493 4457 3661 4515 Herae

2080 4551 2228 4618 dem,
2261 4568 2324 4606 ex
2376 4551 2617 4625 Egypto
2662 4569 2788 4608 cum
2837 4552 3074 4607 Domino
3109 4563 3299 4609 nostro
3336 4551 3561 4609 Christo
3607 4558 3662 4605 et

396 4646 568 4713 ginta.
610 4648 653 4700 A
697 4660 867 4715 regno
907 4646 1204 4702 Alexandri
1244 4649 1474 4703 trecenti
1525 4651 1885 4722 undeviginti.
1929 4651 1970 4707 A

2083 4652 2255 4699 matre
2279 4645 2456 4713 ipsius
2489 4661 2741 4715 egressus
2780 4654 2901 4711 est,
2947 4645 3182 4700 Domino
3221 4644 3447 4699 Christo
3487 4657 3665 4701 annos

397 4742 644 4804 tempore
673 4753 784 4806 quo
814 4736 1075 4794 Israelita:
1119 4753 1216 4808 per
1239 4739 1737 4798 Bochtanasserem
1772 4745 1974 4814 captivi

397 4825 648 4882 Babelem
678 4828 894 4884 abducti
946 4838 1095 4895 sunt,
1142 4832 1424 4903 quingenti
1465 4834 1743 4904 octoginta
1772 4834 1902 4890 duo.
1932 4834 1975 4890 A

397 4932 565 4987 regno
593 4919 841 4984 Davidis,
866 4921 1016 4975 mille
1048 4924 1448 4994 quinquaginta
1476 4941 1692 4981 novem.
1713 4928 1796 4982 Ab
1825 4928 1974 4982 exitu

397 5008 769 5065 lsraelitarum
820 5029 886 5068 ex
930 5015 1139 5086 Egypto
1196 5018 1344 5072 mille
1393 5020 1639 5074 sexcenti
1692 5022 1977 5092 sexaginta

397 5105 663 5173 quinque.
706 5104 788 5160 Ab
824 5107 1139 5162 Abrahamo
1170 5109 1255 5164 bis
1291 5110 1441 5164 mille
1480 5118 1699 5166 centum
1748 5121 1975 5180 septua-

400 5194 547 5261 ginta
577 5196 710 5253 duu.
754 5198 800 5251 A
828 5197 1067 5254 Phalelto
1103 5201 1187 5255 bis
1243 5202 1394 5257 mille
1429 5204 1760 5273 septingenti
1796 5204 1979 5259 trede-

398 5289 530 5342 cim.
577 5290 621 5343 A
662 5291 873 5345 diluvio
904 5302 986 5346 ter
1019 5293 1167 5348 mille
1196 5294 1415 5350 ducenti
1445 5296 1806 5367 quadraginta
1839 5314 1976 5366 qua-

402 5388 545 5435 tuor.
574 5383 656 5436 Ab
686 5382 899 5438 Adamo
928 5384 1221 5453 quinquies
1257 5386 1405 5440 mille
1433 5387 1742 5457 quingenti.

490 5471 663 5526 Porro
716 5488 865 5527 anno
926 5475 1145 5544 imperii
1178 5478 1413 5545 Augusti
1461 5477 1695 5533 Caesaris
1731 5480 1977 5547 quadra-

402 5564 610 5630 gesimo
638 5574 859 5634 quarto,
909 5566 1169 5631 Herodis,
1227 5567 1320 5620 lilii
1364 5567 1662 5636 Antipatri,
1699 5570 1978 5625 tricesimo

400 5657 618 5721 quinto.
642 5656 929 5711 venientes
951 5668 1067 5712 tres
1101 5657 1241 5727 Magi
1266 5660 1335 5712 ab
1359 5658 1589 5716 Oriente
1626 5661 1679 5715 in
1709 5658 1977 5727 Judteam,

401 5749 776 5817 quaesiverunt
811 5750 902 5804 ubi
924 5761 1085 5805 natus
1107 5761 1253 5808 esset
1280 5752 1391 5807 Rex
1422 5752 1523 5809 iste
1550 5769 1799 5824 magnus.
1834 5754 1977 5811 Metu

401 5854 533 5908 ergo
567 5840 823 5909 perculso
877 5840 1110 5907 Herode,
1144 5858 1207 5896 ac
1237 5850 1351 5897 tota
1402 5842 1718 5900 Iudaeorum
1756 5848 1976 5917 regione

385 5929 472 6010 _oh
515 5946 707 5986 eorum
749 5932 913 5988 verba
960 5934 1300 6002 perturbata,
1344 5937 1640 5995 accersitos
1675 5936 1859 6012 Magos
1889 5955 1978 5998 ro-

2080 4746 2211 4792 tuuc
2254 4746 2491 4807 quatuor
2519 4746 2675 4792 nato.
2712 4736 2940 4791 Timeus
2978 4744 3160 4792 autem
3192 4735 3531 4794 Bethlehemi
3566 4734 3661 4788 ha-

2083 4829 2287 4896 bitare,
2316 4830 2386 4884 ob
2420 4828 2776 4895 Archelaum,
2807 4828 3096 4884 Nazarethi
3123 4828 3307 4883 sedem
3343 4825 3481 4888 ﬁxit,
3508 4822 3661 4880 ideo-)-

2080 4938 2185 4989 que
2214 4922 2528 4978 Nazarenus
2556 4921 2754 4976 audiit.
2780 4922 2977 4989 Porro,
3005 4935 3149 4979 anno
3170 4918 3422 4976 Archelai
3444 4926 3661 4983 octavo,

2082 5012 2348 5068 Dominus
2384 5013 2661 5079 Christus,
2699 5028 2877 5067 annos
2910 5019 3043 5066 tunc
3071 5020 3233 5066 natus
3257 5010 3571 5075 duodecim,
3608 5010 3663 5069 in

2083 5105 2311 5175 templo,
2363 5107 2416 5159 in
2471 5105 2652 5159 medio
2680 5105 2966 5161 doctorum
2999 5104 3219 5170 sedens,
3253 5102 3451 5158 doctos
3494 5103 3662 5158 doce-

2081 5196 2197 5251 bat.
2259 5194 2463 5250 Deinde
2506 5203 2761 5249 mortuus
2807 5202 2893 5249 est
2939 5192 3216 5262 Josephus
3246 5193 3339 5263 qui
3382 5193 3671 5249 Christum.

2080 5288 2448 5354 educaverat;
2483 5297 2737 5343 mortuus
2765 5288 2929 5341 etiam
2972 5287 3278 5342 Archelaus
3321 5300 3446 5341 cum
3485 5301 3660 5339 annos

2083 5398 2278 5437 novem
2310 5392 2629 5451 regnasset,
2654 5381 2803 5435 nullo
2842 5381 2996 5450 regni
3031 5380 3246 5437 haerede
3273 5380 3486 5435 relicto.
3512 5377 3671 5433 Obiit.

2081 5477 2248 5531 etiam
2285 5477 2565 5547 Augustus
2594 5477 2815 5538 Caesar,
2854 5483 3147 5545 postquam
3184 5488 3357 5530 annos
3387 5473 3663 5542 quinqua-

2081 5571 2234 5639 ginta
2265 5585 2360 5625 scx
2386 5578 2440 5624 et
2470 5585 2574 5625 sex
2590 5584 2805 5625 menses
2835 5569 3204 5639 imperasset;
3232 5566 3319 5618 cui
3349 5565 3408 5620 in
3432 5564 3661 5633 imperio

2083 5663 2347 5718 Romanae
2378 5663 2648 5718 successit
2689 5662 2832 5717 tilius
2877 5660 3051 5730 ipsius
3097 5658 3375 5721 Tiberius,
3425 5655 3663 5711 Domino

2084 5765 2273 5811 nostro
2306 5757 2530 5811 Christo
2558 5771 2734 5810 annos
2780 5764 2915 5809 tunc
2961 5753 3277 5824 quindecim
3332 5760 3482 5806 nato.
3532 5746 3663 5804 Fuit

2084 5856 2267 5903 autem
2301 5847 2525 5903 Tiberio
2556 5847 2672 5913 regi
2705 5845 2919 5901 amicus
2955 5845 3179 5900 nomine
3206 5841 3443 5907 Pilatus,
3485 5856 3550 5895 ex
3578 5839 3661 5892 in-

2085 5942 2204 6001 sula
2263 5942 2498 6014 quadam
2553 5942 2606 5997 in
2667 5940 2803 5996 mari
2859 5938 3047 5997 Ratun:
3077 5936 3276 6007 vicina,
3321 5951 3443 6008 qua}
3488 5933 3662 5990 Ponta
