4076 6436
377 436 486 499 9ἷ9

1408 438 1778 504 EUTYCHII
1815 439 2360 503 ALEXANDRINI
2391 440 2612 501 PATR.

3542 436 3643 500 Q80

374 558 604 603 vocatur
635 548 803 620 (unde
845 551 935 609 ille
979 552 1189 611 Pilatus
1231 552 1463 609 Pontius
1509 549 1950 620 denominatus),
1983 554 2032 616 Α
2060 552 2217 608 hasta
2278 552 2698 615 transiixerunt,
2756 548 2901 605 unde
2938 548 3150 606 efﬂuxit
3199 564 3323 605 cum
3377 548 3643 619 sanguine

377 652 542 706 quem
580 636 784 696 Juda‘ae
824 642 1077 698 Archelai
1111 644 1233 699 loco
1268 643 1528 714 praefecit.

367 762 369 767 ‹
451 730 623 785 Porro
646 747 792 786 anno
827 734 978 805 regni
1009 734 1212 790 Tiberii
1245 736 1476 792 Caesaris
1505 734 1724 792 decimo
1751 732 1948 807 quinto

379 823 637 891 apparuit
688 822 931 882 Joannes
992 825 1272 884 Zachariae
1319 828 1466 884 ﬁlius
1533 827 1807 898 Baptista,
1861 825 1955 896 qui

381 914 549 986 313
574 914 794 973 Iudaeos
830 918 885 972 in
932 917 1174 975 Iordane
1215 920 1270 975 in
1320 930 1669 990 peccatorum
1704 919 1842 991 ipsis
1877 933 1955 972 reo

386 1004 707 1061 missionem
760 1007 1098 1079 baptizavit;
1146 1010 1214 1067 ad
1267 1028 1429 1083 quem
1475 1029 1600 1068 cum
1634 1011 1961 1069 accessisset

388 1095 655 1155 Dominus
694 1109 905 1167 noster,
947 1111 1001 1157 et
1025 1103 1203 1173 ipsum
1254 1106 1307 1159 in
1358 1103 1600 1160 Iordane
1640 1103 1961 1174 baptizavit,

391 1204 565 1245 annos
604 1199 718 1245 tum
758 1203 947 1246 natum
990 1194 1236 1265 triginta.
1275 1194 1516 1252 Herodes
1554 1206 1757 1260 autem,
1795 1193 1965 1248 Hero-

391 1282 479 1337 dis
514 1283 608 1337 lilii
639 1285 912 1353 Antipatri
949 1288 1114 1353 illius,
1143 1288 1373 1345 dimissa
1402 1303 1575 1343 uxore
1608 1302 1708 1343 sua
1737 1287 1963 1342 nomine

393 1374 577 1437 Areta,
614 1374 757 1445 regis
802 1375 1043 1431 Arabum
1093 1375 1229 1449 [vel,
1265 1377 1421 1447 juxta
1467 1377 1615 1431 aliud
1664 1378 1965 1447 exemplar,

394 1463 459 1519 Al
483 1464 677 1539 Gauri]
710 1466 843 1532 lilia,
874 1484 1098 1525 uxorem
1133 1470 1321 1525 fratris
1355 1470 1438 1525 sui
1469 1470 1721 1541 Philippi,
1750 1471 1969 1525 nomine

370 1549 784 1622 ~llerodiadem,
831 1558 949 1627 ipso
993 1559 1176 1615 adhuc
1222 1560 1370 1623 vivo,
1417 1560 1468 1614 vi
1513 1560 1748 1615 ablatam
1790 1558 1966 1613 duxit.

396 1647 541 1702 Dixit
599 1663 734 1719 ergo
781 1650 856 1705 illi
912 1649 1153 1708 Joannes
1187 1651 1348 1708 :Non
1405 1653 1533 1708 licet
1589 1652 1684 1707 tibi
1747 1667 1969 1707 uxorem

395 1740 589 1796 fratris
641 1742 721 1798 tul
771 1742 892 1813 ipso
927 1743 1146 1800 vivente
1199 1746 1421 1800 ducere.
1471 1743 1653 1811 Quare
1702 1745 1876 1813 ipsum
1915 1743 1972 1798 in

393 1848 673 1888 carcerem
728 1834 929 1907 conjici
988 1834 1179 1905 jussit.
1234 1835 1374 1890 Cum
1430 1835 1628 1891 deinde
1682 1834 1973 1891 comitibus

396 1924 518 1979 suis
546 1924 858 1980 convivium
888 1928 1243 1983 instruxisset
1271 1925 1534 1989 Herodes,
1561 1927 1977 1982 comedentibus
2011 1899 2053 1955 Β

398 2015 508 2071 illis
537 2022 592 2070 et
627 2015 959 2085 bibentibus,
1010 2018 1219 2074 saltans
1259 2017 1582 2073 Herodiadis
1616 2017 1724 2072 lilia
1762 2019 1815 2072 in
1863 2034 1979 2073 me-

398 2107 493 2162 dio
523 2118 701 2163 emtus
736 2109 839 2177 ipsi
865 2110 1105 2177 placuit:
1137 2112 1224 2167 cui
1256 2111 1385 2165 ille:
1415 2109 1547 2167 Pete
1579 2125 1609 2165 a
1638 2126 1746 2174 me,
1780 2111 1980 2181 inquit,

400 2198 664 2270 quidquid
697 2202 795 2254 tibi
833 2201 1073 2257 libuerit.
1107 2203 1200 2257 llla
1234 2218 1363 2274 ergo
1394 2202 1552 2274 petiit
1585 2213 1642 2257 ut
1676 2201 1781 2257 sibi
1813 2190 1981 2257 Joan-

401 2291 488 2347 nis
518 2302 681 2362 caput
718 2293 772 2347 in
825 2294 1009 2364 patina
1045 2294 1232 2361 daret;
1285 2310 1457 2365 quare
1496 2295 1607 2361 ille,
1649 2292 1859 2350 Joanne
1889 2294 1982 2349 der

401 2384 590 2437 collari
625 2383 798 2451 iusso,
834 2395 997 2455 caput
1030 2385 1289 2454 ipsiusei
1333 2385 1581 2441 tradidit.
1611 2384 1761 2441 Uxor
1800 2394 1980 2441 autem

403 2477 579 2546 ipsius
625 2478 784 2532 Areta
837 2478 905 2533 ad
960 2487 1170 2548 patrem
1222 2495 1381 2534 suum
1417 2479 1576 2542 abiit,
1620 2479 1711 2549 qui
1759 2478 1985 2549 proinde

405 2573 485 2627 ira
512 2583 840 2639 commotus,
871 2573 1043 2644 copiis
1076 2573 1191 2630 suis
1219 2573 1465 2629 collectis
1491 2583 1683 2629 contra
1718 2571 1985 2627 Herodem

405 2663 703 2733 profectus,
766 2665 1026 2735 belloque
1087 2665 1263 2735 ipsum
1314 2679 1649 2736 aggressus,
1707 2662 1984 2719 sociorum

405 2756 580 2826 ipsius
613 2757 816 2812 multos
855 2757 1078 2823 occidit,
1127 2757 1312 2829 (alios)
1350 2758 1595 2828 captivos
1627 2757 1793 2827 ccpit,
1825 2755 1987 2826 oppi-

408 2850 495 2905 riis
546 2865 738 2906 eorum
791 2850 1058 2917 incensis,
1110 2850 1275 2923 idque
1327 2866 1470 2905 anno
1521 2849 1736 2918 imperii
1782 2846 1990 2904 Tiberii

407 2940 641 2997 Caesaris
666 2942 878 2998 decimo
909 2953 1124 2997 octavo.

480 3036 638 3087 Anno
688 3043 867 3088 autem
926 3034 1079 3103 regni
1136 3031 1392 3095 Herodis,
1449 3030 1539 3085 lilii
1593 3026 1846 3093 Herodis,
1897 3025 1990 3081 lilii

411 3121 706 3192 Antipatri,
739 3122 1002 3177 vicesimo
1047 3112 1217 3185 nono,
1264 3119 1564 3176 cruciﬁxus
1603 3127 1686 3172 est
1730 3117 1992 3171 Dominus

413 3225 599 3269 uoster
627 3213 879 3268 Christus
920 3214 1007 3268 die
1040 3212 1268 3268 Veneris
1300 3212 1504 3267 mensis
1548 3212 1590 3264 Α
1614 3214 1692 3262 lar
1726 3208 1791 3261 vi.
1812 3208 1986 3261 esimo
2014 3197 2056 3255 C

413 3305 598 3369 tertio,
626 3303 940 3359 Bormahati
960 3303 1220 3358 vicesimo
1238 3303 1494 3372 septimo,
1519 3297 1882 3371 317-319
1910 3297 1992 3352 id-

413 3409 522 3466 que
543 3396 645 3450 hoc
670 3405 832 3465 pacto
865 3411 879 3448 :
919 3393 1150 3449 Domino
1176 3401 1366 3448 nostro
1389 3392 1609 3447 Christo
1634 3389 1844 3444 Pascha
1866 3402 1990 3444 cum

414 3487 701 3558 discipulis
737 3485 853 3541 suis
876 3483 1215 3550 celebrante,
1246 3482 1314 3538 ad
1342 3493 1567 3555 noctem
1605 3480 1711 3536 diei
1739 3478 1990 3543 Veneris,

416 3563 529 3649 qni'
555 3579 674 3634 dies
708 3577 996 3633 Paschatis
1046 3576 1168 3640 fuit,
1219 3575 1411 3631 abiens
1441 3591 1471 3630 e
1505 3573 1790 3643 discipulis
1822 3571 1993 3642 ipsius

416 3670 633 3743 quidam
666 3670 884 3725 nomine
909 3667 1078 3725 Iudas
1102 3667 1387 3724 Iscariotes
1409 3667 1546 3721 dixit
1584 3665 1790 3721 Judacis
1815 3683 1827 3719 :
1851 3663 1991 3732 Quid

420 3763 552 3818 mihi
583 3762 807 3827 dabitis,
854 3770 915 3818 ut
959 3762 1054 3818 ubi
1087 3762 1160 3818 sit
1191 3762 1281 3817 ille
1324 3761 1480 3815 vobis
1512 3759 1746 3815 indicem
1778 3759 1801 3810 ?
1835 3773 1989 3813 cum-

418 3873 524 3926 que
552 3857 628 3911 illi
663 3857 887 3926 triginta
925 3863 1215 3926 argenteos
1242 3855 1344 3923 ipsi
1377 3853 1676 3916 dedissent,
1705 3851 1797 3905 ille
1829 3858 1993 3904 noctu

419 3949 545 4003 illos
577 3950 631 4003 in
677 3950 856 4003 locum
894 3948 985 4003 ubi
1027 3947 1188 4003 .lesus
1217 3962 1341 4002 eum
1378 3945 1668 4016 discipulis
1717 3944 1831 3999 suis
1867 3942 1989 4005 fuit,

420 4038 666 4095 adduxit.
698 4037 781 4092 illi
811 4053 944 4108 ergo
995 4038 1174 4106 ipsum
1227 4035 1561 4105 prehensum
1617 4033 1683 4087 ad
1717 4031 1996 4103 principes

420 4145 551 4185 suos
591 4132 804 4185 Annam
848 4140 903 4184 et
947 4128 1210 4197 Caipham
1270 4127 1584 4183 sacerdotes
1624 4123 1993 4187 abduxerunt,

420 4224 515 4293 qui
563 4227 742 4292 ipsum
781 4220 1112 4275 custoditum
1164 4219 1253 4274 die
1304 4219 1548 4274 crastino
1585 4215 1760 4271 Pilato
1804 4215 1998 4270 Pontio

424 4316 681 4389 praefecto
716 4315 1080 4372 tradiderunt.
1127 4315 1231 4382 Qui
1269 4331 1391 4371 cum
1426 4314 1562 4369 nihil
1591 4322 1785 4370 contra
1819 4313 1996 4380 ipsum

426 4410 720 4479 probatum
771 4407 1068 4469 inveniret,
1107 4407 1242 4463 dixit
1276 4407 1382 4463 illis
1416 4424 1429 4461 :
1463 4407 1605 4475 Quid
1636 4406 1704 4460 de
1741 4406 1846 4459 hoc
1879 4398 1999 4457 viro

2071 660 2238 713 aqua.
2291 642 2425 699 Post
2468 651 2703 698 mortem
2757 641 2933 714 ipsius
2972 640 3245 697 accedens
3293 640 3378 695 vir
3423 640 3649 710 quidam

2065 738 2294 794 nomine
2342 737 2637 808 Josepbus,
2690 751 2813 792 cum
2865 735 2985 791 dari
3034 736 3139 792 sibi
3194 735 3368 804 ipsum
3403 749 3433 788 a
3467 731 3645 786 Pilato

2061 830 2329 900 petiisset,
2358 844 2393 885 e
2439 844 2605 884 cruce
2637 827 2970 898 depositum.
3016 828 3307 896 linteisque
3344 826 3648 881 involutum

2063 923 2119 977 in
2155 929 2517 976 monumento
2550 934 2695 974 novo
2735 918 2882 989 quod
2917 918 3020 975 sibi
3056 917 3344 979 effuderat,
3380 914 3650 985 sepelivit,

2062 1014 2252 1083 lapide
2279 1015 2487 1069 ostium
2518 1012 2640 1081 ejus
2668 1011 2987 1067 obstruens.
3020 1010 3113 1066 Die
3141 1009 3385 1065 crastino
3419 1019 3650 1075 congre-

2064 1105 2172 1175 gati
2206 1103 2350 1173 apud
2383 1102 2617 1158 Pilatum
2647 1101 2844 1167 Judaei,
2884 1102 3145 1156 dixerunt
3184 1100 3292 1155 illis
3328 1117 3342 1154 :
3370 1097 3653 1152 Timemus

2069 1216 2134 1256 ne
2172 1214 2336 1256 noctu
2392 1204 2717 1256 accedentes
2763 1180 3020 1269 discipuli
3064 1198 3203 1267 ejus,
3247 1210 3447 1264 corpus
3477 1193 3654 1263 ipsius

2070 1291 2431 1355 suli‘urentur,
2465 1292 2763 1361 dicamque
2812 1289 3126 1346 hominibus
3176 1289 3356 1355 ipsum
3406 1286 3462 1340 in
3508 1285 3646 1339 vivis

2069 1401 2212 1443 esse.
2248 1383 2387 1440 Jube
2425 1398 2557 1454 ergo
2589 1383 2864 1454 obsignari
2914 1380 3151 1450 lapidem
3184 1379 3278 1449 qui
3314 1377 3380 1433 ad
3421 1376 3653 1445 sepulcri

2069 1478 2269 1533 ostium
2309 1484 2414 1532 est.
2464 1475 2769 1546 Respondit
2811 1474 2950 1544 ipsis
2993 1471 3198 1526 Pilatus
3231 1487 3246 1525 :
3282 1470 3458 1534 Abite,
3494 1467 3657 1523 facile

2071 1569 2218 1641 quod
2280 1569 2436 1625 vobis
2475 1569 2652 1624 visum
2717 1566 2904 1622 fuerit.
2965 1564 3045 1619 liii
3101 1578 3233 1636 ergo
3285 1561 3656 1632 speculatores

2072 1664 2337 1734 quosdam
2399 1662 2678 1718 adhibitos
2733 1660 2799 1715 ad
2861 1658 3175 1729 sepulcrum
3233 1651 3658 1716 custodiendum

2074 1757 2443 1820 collocarunt,
2479 1753 2881 1823 obsignatoque
2910 1751 3088 1821 lapide
3122 1747 3329 1804 reversi
3369 1753 3518 1802 sunt.
3548 1742 3661 1798 Me-

2079 1842 2169 1897 dia
2216 1842 2420 1899 deinde
2461 1834 2623 1897 nocte
2652 1842 2741 1896 die
2773 1841 2972 1912 primo,
3015 1854 3139 1897 cum
3173 1837 3500 1893 accederent
3535 1850 3660 1889 mu-

2081 1935 2244 1989 lieres
2272 1935 2518 2003 quaedam
2561 1944 2808 1988 aromata
2839 1941 2893 1987 et
2922 1931 3279 2003 thymiatnata
3317 1942 3503 1983 secum
3529 1924 3664 1980 aﬂ‘e—

2083 2038 2265 2082 rentes
2289 2026 2493 2096 quibus
2522 2026 2834 2095 sepulcrum
2869 2022 3138 2087 suﬁirent,
3172 2035 3303 2076 ecce
3337 2017 3563 2086 angelus
3596 2022 3665 2073 de

2084 2120 2224 2175 cmlo
2245 2118 2583 2174 descendens
2603 2118 2785 2186 lapide
2804 2133 2832 2168 a
2859 2114 3197 2170 monumenti
3221 2113 3363 2168 ostio
3386 2111 3664 2171 devoluto,

2085 2210 2188 2279 ipsi
2218 2209 2488 2265 insidebat
2514 2227 2528 2277 ;
2558 2209 2651 2278 qui
2685 2209 2820 2278 ipsis
2843 2207 2980 2261 dixit
3009 2224 3026 2261 :
3061 2202 3140 2259 Ne
3174 2204 3380 2271 timete,
3405 2201 3665 2258 surrexit.

2087 2302 2263 2357 Dicite
2304 2312 2486 2356 autem
2519 2301 2807 2370 discipulis
2839 2300 2962 2368 ejus
2992 2308 3052 2353 ut
3081 2299 3136 2352 in
3171 2305 3410 2351 montem
3435 2293 3669 2349 Gaiiiasre

2088 2393 2530 2465 proficiscantur.
2565 2392 2638 2448 ibi
2682 2391 2828 2448 enim
2874 2391 3055 2460 ipsum
3093 2388 3443 2442 convenient.
3479 2383 3669 2438 Profe-

2088 2497 2189 2543 ctte
2223 2501 2355 2559 ergo
2387 2486 2646 2542 mulieres
2680 2485 2746 2539 ad
2789 2483 3112 2553 discipulos,
3149 2481 3264 2536 haec
3297 2479 3431 2550 ipsis
3462 2492 3666 2532 renun-

2092 2581 2319 2636 tiarunt.
2369 2578 2724 2651 321-323
2782 2577 3058 2634 Satellites
3112 2583 3295 2630 autem
3341 2573 3434 2644 qui
3474 2587 3669 2626 monu-

2092 2679 2334 2725 mentum
2358 2669 2762 2733 custodierunt,
2791 2667 2845 2720 in
2875 2664 3070 2721 faciem
3108 2678 3289 2727 suam,
3319 2668 3663 2716 mortuorum
3716 2686 3729 2697 -

2093 2762 2288 2831 instar,
2318 2768 2616 2832 conspecto
2654 2758 2845 2829 angelo
2879 2764 2933 2813 et
2964 2754 3097 2825 quid
3154 2754 3382 2815 faceret,
3423 2748 3670 2821 procide-

2092 2862 2243 2909 runt.
2280 2855 2358 2909 Ac
2390 2868 2550 2909 mane
2576 2851 2805 2923 proiecti
2848 2848 3076 2915 Judaeis,
3103 2845 3236 2918 quid
3273 2844 3408 2916 ipsis
3438 2840 3673 2896 accidis-

2093 2955 2196 3012 set,
2216 2945 2650 3011 annuntiarnnt;
2678 2943 2773 3013 qui
2803 2942 2911 2997 illis
2939 2941 3063 2996 data
3097 2938 3325 3009 pecunia
3358 2935 3617 2990 dixerunt
3649 2945 3669 2987 :

2097 3035 2154 3093 Si
2190 3037 2318 3106 quis
2370 3037 2438 3091 de
2487 3035 2593 3090 hoc
2625 3050 2722 3090 vos
2759 3032 3200 3099 intcrrogaverit,
3240 3026 3406 3083 dicite
3433 3023 3560 3093 ipsi,
3591 3020 3674 3076 di-

2097 3127 2339 3195 scipulos
2394 3127 2565 3195 ipsius
2617 3127 2793 3196 ipsum
2839 3123 2989 3180 furto
3037 3119 3356 3177 abstulisse.
3410 3111 3675 3183 Discipuli

2096 3234 2227 3275 vero
2271 3218 2325 3273 in
2360 3216 2599 3273 Galilacte
2645 3225 2903 3272 montana
2954 3213 3205 3284 profecti,
3254 3211 3331 3266 ibi
3381 3209 3672 3265 Dominum

2095 3320 2344 3367 nostrum
2373 3308 2655 3364 Christum
2701 3313 3105 3371 convenerunt,
3149 3304 3244 3374 qui
3283 3301 3417 3371 ipsis
3450 3298 3679 3356 bebedi-

2093 3418 2226 3459 cens
2267 3405 2321 3459 in
2358 3386 2642 3458 'mundum
2693 3400 2861 3465 misit,
2905 3407 2967 3455 ut
3016 3396 3271 3454 homines
3310 3395 3377 3449 ad
3425 3393 3585 3449 (idem
3618 3393 3674 3444 in

2093 3495 2334 3563 Patrem,
2369 3493 2593 3559 Filium,
2638 3499 2695 3547 et
2724 3490 2988 3560 Spiritum
3039 3496 3295 3544 sanctum
3343 3483 3667 3539 invitarent.

2094 3586 2234 3642 Tum
2288 3592 2410 3656 poet
2463 3582 2830 3653 quadraginta
2885 3581 3005 3637 dies
3051 3578 3105 3632 in
3147 3575 3348 3632 emittm
3397 3572 3674 3633 ascendit,

2096 3692 2269 3733 annos
2298 3675 2508 3731 habens
2533 3672 2755 3744 triginta
2793 3680 2926 3727 tres.
2957 3667 3160 3724 Deinde
3192 3676 3315 3735 post
3339 3664 3529 3721 decem
3557 3662 3678 3717 dies

2096 3769 2442 3841 congregatis
2471 3765 2755 3835 discipulis
2794 3764 2849 3818 in
2876 3759 3163 3818 cmnaculo
3191 3756 3419 3813 Sihonis
3444 3754 3679 3809 descen-

2099 3867 2179 3923 dit
2212 3866 2267 3921 in
2298 3866 2451 3935 ipsos
2489 3861 2731 3932 Spiritus
2767 3866 3014 3922 sanctus,
3044 3855 3183 3910 adeo
3215 3860 3274 3907 ut
3308 3849 3566 3905 omnibus
3600 3847 3679 3901 lo-

2101 3964 2402 4029 querentur
2433 3954 2657 4027 linguis.
2696 3949 2957 4021 Discipuli
2991 3956 3172 4004 autem
3211 3940 3457 4011 quotidie
3492 3940 3679 4029 sepulf

2100 4026 2251 4104 erum
2281 4056 2335 4103 et
2363 4026 2545 4102 locum
2600 4041 2781 4099 crucis
2821 4039 3069 4096 adibant.
3115 4035 3182 4090 At
3203 4033 3377 4088 Judaei
3401 4032 3519 4086 viso
3545 4026 3678 4097 quid

2100 4141 2345 4198 fecerunt
2366 4135 2644 4208 discipuli,
2671 4135 2953 4195 dixerunt,
2978 4128 3155 4184 Locus
3179 4127 3282 4180 iste
3303 4138 3412 4179 non
3436 4121 3682 4178 occulta-

2099 4234 2268 4297 bitur,
2314 4229 2668 4298 futurumque
2698 4233 2786 4281 est
2830 4232 2890 4277 ut
2919 4223 2975 4277 in
3025 4220 3146 4289 ipso
3181 4210 3477 4287 [erigatur]
3506 4208 3673 4266 aedili-

2100 4324 2277 4390 cium;
2324 4321 2549 4393 pulvere
2590 4332 2722 4388 ergo
2766 4314 3023 4370 obrutum
3063 4309 3404 4379 obtegamus,
3440 4318 3509 4358 ne
3551 4302 3678 4372 quis

2101 4420 2278 4488 ipsum
2301 4413 2625 4485 conspiciat,
2648 4416 2746 4467 aut
2767 4408 2936 4464 ullum
2964 4404 3066 4474 ipsi
3090 4399 3378 4469 vestigium
3403 4393 3674 4466 supersit;

422 4502 760 4569 dicitis,hoc,
780 4501 1026 4571 inquam,
1047 4498 1531 4571 regeJudaaorum?
1555 4495 1991 4565 Responderunt:
2028 4552 2072 4608 Β
2104 4509 2347 4581 quandiu
2378 4507 2522 4563 enim
2556 4503 2811 4560 homines
2846 4497 3160 4570 sepulcrum
3185 4505 3419 4546 vacuum
3444 4502 3677 4557 ωηερε..

424 4594 466 4608 ιι
633 4603 643 4608 -
740 4593 792 4608 ιο
984 4606 993 4608 _
1087 4600 1100 4608 .
1158 4606 1166 4608 μ
1195 4589 1455 4608 Πγγ-λᾼ-,-,
1512 4587 1649 4608 ηερε.
1676 4585 1779 4608 ειιε-
1811 4602 1824 4608 -
1850 4584 1989 4608 nus;
2209 4601 2221 4608 .
2474 4598 2527 4608 ..κ
2610 4596 2622 4608 ο
2792 4604 2802 4608 -
2926 4607 2935 4608 κ
2992 4591 3021 4608 n
3048 4592 3086 4608 I,
3118 4607 3142 4608 η
3200 4582 3495 4608 -11-ει-3ι.-..ἓ
3552 4586 3677 4608 τιν-Α

423 4594 541 4649 Non
567 4603 651 4649 est
665 4593 825 4647 nobis
848 4606 941 4648 rex
972 4600 1169 4661 praeter
1194 4589 1485 4646 Caesarem.
1512 4587 1654 4642 Dixit
1676 4585 1783 4641 illis
1810 4602 1825 4639 :
1849 4584 1992 4651 Quid

422 4702 552 4758 ergo
567 4687 691 4743 huic
706 4686 937 4741 faciam?
952 4685 1213 4742 Dixerunt
1228 4684 1303 4738 illi
1325 4702 1341 4739 :
1361 4681 1629 4751 Cruciiige
1650 4696 1773 4737 eum
1791 4696 1806 4748 ;
1827 4679 1998 4749 siquii

424 4782 546 4834 dem
575 4779 888 4850 religionem
907 4788 1177 4843 nostram,
1201 4776 1451 4846 corrupit
1477 4790 1540 4830 ac
1560 4775 1733 4845 legem
1753 4778 1996 4827 nostram

424 4870 608 4934 solvit,
637 4885 697 4927 se
730 4867 827 4923 Dei
858 4868 1059 4924 Filium
1092 4882 1216 4923 esse
1238 4851 1568 4936 praetexens.
1592 4863 1842 4919 Metuens
1872 4876 2001 4933 ergo

427 4962 530 5016 hoc
561 4959 801 5032 [audito]
822 4959 1051 5025 Pilatus,
1069 4959 1325 5014 manibus
1350 4957 1466 5012 suis
1487 4972 1626 5026 aqua
1652 4955 1876 5018 ablutis,
1894 4969 1953 5010 se
1971 4968 1999 5008 a

425 5056 694 5124 sanguine
724 5054 897 5120 ipsius
941 5052 1225 5107 innoxium
1268 5048 1667 5121 pronuntiavit,
1698 5049 2003 5103 inclaman-

427 5145 573 5201 tibus
602 5144 807 5201 Judzeis
837 5144 1157 5214 sanguinem
1187 5143 1307 5210 ejus
1347 5157 1515 5212 super
1544 5141 1694 5212 ipsos
1726 5141 2003 5211 ipsorum-

424 5253 530 5308 que
561 5237 765 5292 liberos
806 5235 1075 5291 futurum.
1123 5233 1262 5289 Tum
1304 5234 1546 5306 cruciﬁgi
1582 5235 1758 5307 ipsum
1788 5234 2000 5302 jussit;

426 5344 643 5400 unaque
681 5328 930 5385 cruciﬁxi
977 5339 1104 5383 sunt
1141 5326 1250 5379 duo
1281 5326 1548 5391 latrones,
1581 5341 1726 5380 unus
1758 5326 1824 5378 ad
1870 5323 2004 5378 dex-

428 5432 567 5475 tram
617 5422 814 5492 ipsius,
861 5420 997 5475 alter
1050 5419 1116 5474 ad
1172 5418 1476 5479 sinistram,
1520 5418 1650 5471 hora
1697 5425 1848 5474 sexta
1898 5416 2005 5472 diei

425 5512 701 5581 Veneris;
735 5515 969 5567 tenebras
1003 5524 1186 5567 autem
1225 5526 1429 5566 crassae
1470 5509 1648 5566 instar
1676 5511 1856 5566 noctis
1898 5518 2008 5564 ter-

426 5619 546 5660 ram
594 5612 765 5658 tutam
811 5602 1158 5663 obtexerunt,
1193 5604 1521 5659 obscuratus
1564 5604 1663 5659 fuit
1707 5606 1811 5668 sol,
1843 5605 2009 5675 320

430 5704 801 5764 apparuerunt
865 5697 1053 5762 stellas,
1096 5695 1238 5752 ﬁssae
1282 5705 1410 5752 sunt
1460 5706 1646 5768 petua,
1699 5700 2010 5770 mortuique

432 5788 742 5852 complures
790 5801 821 5840 e
853 5787 1119 5856 sepulcris
1163 5790 1278 5843 suis
1312 5800 1756 5845 resurrcxernnt.
1793 5789 2007 5847 Mortuo

434 5885 564 5925 vero
591 5872 821 5930 Domino
853 5886 1042 5932 nostro
1085 5879 1305 5937 Christo
1339 5883 1392 5937 in
1424 5895 1626 5955 .cruce,
1660 5882 1802 5939 latus
1833 5881 2007 5954 ipsius

2108 4601 2309 4667 xerint,
2361 4596 2622 4659 credituri
2681 4604 2831 4660 sunt,
2876 4607 2944 4650 ac
2989 4591 3151 4647 ﬁdem
3199 4582 3518 4647 adhibituri,
3552 4586 3682 4650 ’quo

2105 4703 2266 4766 pacto
2320 4688 2675 4761 abrogabitur
2734 4686 2896 4743 nobis
2954 4683 3149 4753 religio
3208 4689 3417 4736 nostra.
3472 4674 3679 4766 Locum

2099 4763 2231 4851 ergo
2257 4779 2482 4851 pulvere
2536 4778 2889 4842 obtexerunt,
2937 4773 3074 4829 adeo
3113 4780 3174 4828 ut
3220 4781 3479 4839 magnum
3528 4763 3685 4819 ﬂeret

2101 4870 2522 4930 stercorarium.

2176 4964 2344 5017 Porro
2369 4960 2577 5015 Pilatus
2600 4956 2880 5012 Tiberium
2912 4969 3093 5026 regem
3117 4952 3186 5008 de
3213 4950 3376 5007 rebus
3405 4948 3470 5003 ad
3505 4943 3689 5001 Domi-

2104 5070 2233 5110 num
2286 5058 2536 5108 nostrum
2576 5049 2859 5105 Christum
2910 5045 3286 5117 spectantibus
3330 5056 3428 5110 per
3474 5038 3688 5093 litteras

2104 5146 2270 5219 325
2296 5146 2590 5203 certiorem
2616 5142 2767 5208 fecit,
2794 5155 2898 5197 nec
2928 5155 3036 5195 non
3068 5138 3136 5194 de
3165 5134 3458 5206 discipulis
3488 5130 3686 5201 ipsius,

2105 5242 2403 5311 multisque
2460 5253 2585 5309 qua:
2639 5237 2710 5293 ab
2769 5234 2907 5306 ipsis
2966 5238 3325 5303 patrarentur
3379 5224 3685 5289 miraculis,

2106 5342 2338 5405 aegrotos
2369 5330 2639 5393 sanando,
2686 5338 2932 5383 mortuos
2978 5319 3360 5379 resuscitando
3389 5336 3403 5383 ;
3433 5316 3528 5386 qui
3562 5329 3688 5387 pro-

2108 5438 2294 5498 pterea
2331 5425 2388 5480 in
2418 5423 2696 5497 Christum
2720 5419 3013 5475 Dominum
3044 5423 3295 5470 nostrum
3333 5409 3558 5468 credere
3592 5421 3688 5463 vo-

2108 5518 2231 5583 luit,
2259 5532 2324 5572 ac
2348 5514 2666 5587 religionem
2694 5511 3064 5566 Christianam
3099 5505 3381 5576 publicare
3404 5519 3422 5567 ;
3445 5510 3500 5554 at
3530 5499 3686 5568 sequi

2112 5609 2167 5664 in
2202 5612 2306 5664 hoc
2338 5609 2523 5680 ipsum
2554 5606 2847 5659 noluerunt
2878 5602 3107 5656 comites
3132 5598 3329 5667 ipsius.
3360 5592 3558 5650 Herodi
3590 5607 3691 5647 au-

2110 5709 2220 5756 tem
2253 5699 2429 5755 iratus
2460 5703 2570 5761 est,
2612 5694 2758 5767 quod
2794 5692 3091 5757 Joannem,
3140 5687 3467 5745 Herodi-udis
3498 5683 3689 5740 fratris

2112 5791 2197 5848 sui
2225 5788 2413 5845 uxoris
2445 5787 2647 5859 gratia,
2686 5784 3078 5848 interiecisset,
3105 5791 3160 5839 et
3191 5796 3317 5837 cum
3353 5779 3493 5850 ipsa,
3523 5777 3599 5833 illi
3630 5775 3685 5831 vi

2113 5883 2325 5949 ablata,
2361 5889 2612 5953 stuprum
2644 5878 3035 5942 commisisset,
3068 5875 3328 5948 quodque
3373 5873 3440 5930 de
3464 5869 3687 5926 Christo
