4076 6422
413 372 516 430 931
1859 367 1953 424 AN
1967 343 2255 427 NALESJ
3581 371 3694 439 982

413 474 690 532 crucifixo
716 473 942 544 gavisus
975 483 1154 540 esset;
1189 490 1360 545 quare
1409 476 1638 532 Romam
1677 477 2001 532 accersitum
2035 472 2078 527 A
2109 474 2458 532 Antiochiam
2486 517 2500 540 ,

416 570 469 622 in
503 567 822 636 Hispaniam
855 568 1140 637 relegavit,
1177 570 1505 638 pra3fcctura
1542 570 1716 639 ipsius
1759 569 1811 623 in
1847 571 1996 624 Pila-

416 668 528 713 tum
558 658 779 714 collata.
809 657 886 712 Eo
913 668 1175 729 regnante
1209 662 1429 716 condita
1459 671 1544 717 est
1571 661 1702 717 urbs
1725 660 1998 727 Tiberius,

417 754 491 806 ita
524 753 591 807 de
641 754 859 806 nomine
894 753 1099 808 Tiberii
1141 755 1489 825 imperatoris
1526 755 1823 826 appellata.
1855 754 2002 811 Obiit

417 843 614 900 deinde
675 843 926 901 Tiberius
973 845 1179 911 Caesar,
1239 858 1528 917 postquam
1583 863 1758 904 annos
1809 849 2000 919 viginti

417 939 580 996 duos.
612 952 678 992 ac
709 951 950 992 mensem
989 953 1158 991 unutn
1209 949 1494 1008 regnasset
1529 955 1545 994 :
1579 949 1843 1009 regnante
1877 949 2002 1010 post

417 1029 595 1098 ipsum
656 1026 791 1082 Caio
842 1025 1082 1092 Caesare,
1140 1043 1315 1084 annos
1370 1038 1608 1099 quatuor
1647 1043 1774 1084 cum
1824 1031 2002 1085 tribus

419 1122 723 1183 mensibus,
759 1120 878 1174 viro
929 1120 1172 1175 moribus
1220 1119 1372 1186 feris,
1423 1121 1683 1190 superbo,
1733 1137 1798 1176 ac
1845 1120 2002 1177 valde

420 1229 676 1284 nequam.
720 1213 818 1266 Hic
871 1212 1106 1268 Pilatum
1161 1213 1391 1268 Romam
1447 1216 1777 1269 accersitum
1824 1224 2003 1270 morte

419 1307 695 1362 multavit.
734 1308 981 1378 Prolapsi
1014 1316 1197 1364 autem
1231 1306 1403 1364 Judaei
1437 1308 1506 1363 ad
1542 1309 1806 1378 majorem
1836 1325 1999 1379 quam

419 1415 528 1468 qua
576 1411 737 1454 antea
791 1401 1006 1455 fuerant
1039 1401 1359 1471 nequitiam,
1391 1416 1515 1457 cum
1552 1403 1606 1456 in
1641 1402 1791 1472 ipsos
1823 1401 1998 1457 irrue-

423 1499 544 1544 rent
578 1489 838 1555 Romani,
873 1506 1124 1560 magnam
1182 1506 1370 1548 eorum
1403 1501 1639 1564 stragem
1673 1493 1998 1559 ediderunt;

419 1583 580 1652 cujus
604 1598 729 1637 cum
760 1584 826 1637 ad
859 1583 1048 1644 Caium
1081 1582 1357 1638 Caesarem
1391 1585 1780 1655 imperatorem
1809 1602 2003 1655 perve-

418 1676 591 1729 nisset
627 1673 792 1740 fama,
819 1675 911 1728 ille
941 1689 1165 1729 suorum
1189 1675 1500 1743 quemdam,
1532 1660 2000 1731 nomine'lrudum

417 1762 718 1817 Aristobuli
771 1763 1084 1832 filium,qui
1127 1772 1183 1819 et
1231 1765 1506 1833 Agrianus
1557 1767 1868 1836 appellatus
1895 1776 1999 1835 est,

419 1855 815 1927 Hierosolymis
843 1854 1112 1924 prmfecit,
1163 1856 1364 1910 additis
1395 1858 1558 1911 etiam
1593 1867 1832 1925 quatuor
1875 1876 2005 1930 pro-

419 1949 618 2003 vinciis
649 1964 790 2019 quas
839 1947 1096 2013 Herodis,
1141 1948 1233 2003 lilii
1276 1948 1577 2020 Antipatri,
1619 1952 1716 2005 lilii
1757 1953 1899 2007 inter
1945 1970 2003 2009 se

417 2041 602 2110 partiti
666 2040 1026 2111 325-327
1075 2040 1314 2095 fuerant.
1377 2041 1503 2096 Fuit
1565 2042 1842 2112 Agrianas
1903 2045 2004 2102 iste

416 2144 599 2194 pravae
653 2131 1115 2195 conversationis,
1165 2145 1229 2186 ac
1283 2131 1465 2186 multa:
1520 2135 1746 2189 malitia;
1803 2137 1904 2201 vir,
1948 2137 2001 2191 in

419 2219 718 2291 discipulos
771 2220 1154 2277 crudelitatem
1207 2222 1543 2298 [exercens].
1590 2225 1685 2280 Ille
1731 2239 1872 2292 erat,
1909 2230 2000 2299 qui

419 2315 754 2385 Stephanum
794 2325 1088 2386 martyrem
1124 2325 1179 2372 et
1209 2319 1561 2373 diaconorum
1597 2320 1905 2390 principem
1934 2338 1999 2378 ac

417 2409 654 2479 primum
685 2409 954 2479 lapidibus
980 2411 1236 2465 obrutum
1275 2411 1586 2480 interfecit;
1620 2416 1821 2485 quique
1845 2414 2004 2472 Jaco-

416 2503 544 2556 bum
571 2499 800 2557 Joannis
821 2502 1042 2556 fratrem
1069 2502 1312 2560 Zebedwi
1333 2505 1503 2559 filium
1533 2506 1714 2576 gladio
1737 2507 1960 2562 sustulit
1984 2525 2000 2575 ;

416 2594 748 2666 Petrumque
781 2597 834 2650 in
869 2612 1149 2652 carcerem
1185 2597 1496 2665 conjectum
1531 2613 1562 2653 e
1593 2599 1776 2653 medio
1807 2599 2000 2654 tollere

417 2687 468 2741 in
503 2689 687 2743 animo
720 2689 935 2754 habuit,
971 2705 1133 2761 quem
1167 2699 1348 2746 tamen
1383 2705 1486 2761 0pc
1516 2707 1615 2745 sua
1651 2691 1797 2746 Deus
1822 2708 1853 2747 e
1885 2708 2001 2746 ma-

415 2782 579 2838 nibus
601 2783 719 2852 ejus
741 2783 987 2853 eripuit;
1023 2786 1116 2854 qui
1141 2788 1210 2840 ab
1238 2786 1357 2852 ipso
1385 2784 1727 2840 Antiochiam
1759 2785 1997 2856 fugiens,

415 2875 710 2932 Arcadiqu
759 2877 1069 2932 Antiochiae
1114 2877 1486 2947 patriarcham
1539 2876 1852 2940 constituit,
1909 2878 1999 2932 cui

418 2984 592 3025 annos
620 2968 812 3038 viginti
850 2977 1059 3040 septem
1094 2968 1334 3039 praefuit.
1365 2971 1546 3039 Atque
1576 2970 1668 3024 hie
1699 2970 1910 3037 primus
1943 2971 1996 3024 in

415 3063 548 3118 urbe
571 3063 882 3117 Aulim-hia:
918 3061 1225 3132 patriarcha
1257 3062 1436 3117 factus
1458 3071 1562 3118 est.
1597 3063 1886 3117 Profectus
1913 3069 1997 3119 est

2575 477 2714 534 alios
2775 478 3004 533 Romam
3068 480 3312 550 captivos
3381 480 3682 537 abducens.

2179 565 2351 622 Porro
2394 582 2541 624 anno
2585 569 2801 626 Claudii
2852 569 3088 626 Caesaris
3134 586 3303 635 nono,
3351 571 3684 639 evangelista

2111 658 2326 714 Marcus
2357 661 2412 715 in
2463 660 2600 716 urbe
2642 661 2988 718 Alexandriae
3035 662 3286 717 homines
3334 663 3398 716 ad
3433 664 3590 719 fidem
3630 666 3686 718 in

2108 750 2392 807 Christum
2425 751 2717 808 Dominum
2766 762 3015 808 nostrum
3069 753 3318 808 invitavit
3357 771 3370 806 :
3423 754 3525 823 qui
3557 753 3684 807 dum

2110 843 2301 900 urbem
2341 845 2743 913 perambularet
2777 846 3030 902 diffracta
3079 855 3166 902 est
3207 847 3311 916 ipsi
3356 847 3525 902 calcei
3561 864 3690 901 cor-

2109 935 2288 1005 rigia;
2321 951 2492 1006 quare
2523 938 2588 992 ad
2609 945 2851 995 sutorem
2887 941 3108 995 nomine
3128 940 3434 995 Hananiam
3469 956 3529 996 se
3561 953 3692 994 con-

2108 1029 2249 1096 tulit,
2283 1032 2376 1100 qui
2413 1032 2655 1086 calceum
2701 1032 2873 1102 ipsius
2923 1033 3189 1088 reliceret.
3235 1033 3332 1089 Ille
3374 1033 3569 1090 subula
3623 1032 3691 1087 ad

2111 1121 2499 1191 perforandum
2538 1123 2781 1178 calceum
2815 1131 3056 1194 sumpta,
3092 1139 3218 1180 cum
3261 1123 3491 1194 digitum
3529 1139 3690 1178 suum

2109 1213 2469 1284 perforasset,
2525 1215 2663 1271 adeo
2707 1225 2768 1270 ut
2823 1218 3055 1270 multum
3100 1216 3350 1272 efï¬‚ueret
3400 1215 3692 1284 sanguinis

2109 1321 2212 1360 nec
2240 1307 2362 1363 sine
2419 1307 2606 1363 dolore
2637 1308 2861 1378 ingenti,
2894 1309 2946 1362 in
2983 1308 3224 1363 Marcum
3269 1308 3691 1364 submurmura-

2108 1397 2187 1451 vit
2219 1415 2232 1450 :
2274 1398 2359 1453 cui
2396 1414 2526 1469 ergo
2566 1398 2784 1455 Marcus
2824 1419 2839 1455 :
2872 1398 2929 1455 Si
2973 1400 3293 1463 credideris,
3325 1399 3685 1470 329-33],

2110 1489 2309 1558 inquit,
2346 1491 2399 1544 in
2443 1490 2628 1547 Jesum
2665 1493 2946 1549 Christum
2999 1493 3195 1549 Filium
3243 1493 3356 1558 Dei,
3408 1494 3693 1548 sanabitur

2109 1583 2314 1650 digitus
2348 1593 2474 1638 tuus
2515 1603 2528 1639 :
2563 1601 2628 1640 ac
2668 1587 2940 1656 prehenso
2983 1586 3158 1655 ipsius
3199 1585 3388 1655 digito,
3422 1565 3601 1640 dixit?
3631 1583 3690 1637 ln

2111 1677 2332 1731 nomine
2360 1677 2490 1733 Jesu
2521 1677 2727 1733 Christi
2753 1685 2979 1733 sanetur
3010 1679 3214 1749 digitus
3245 1689 3369 1734 tuus
3396 1694 3412 1745 ;
3435 1677 3527 1746 qui
3557 1690 3689 1742 ergo

2112 1767 2300 1818 eodem
2350 1776 2632 1822 momento
2669 1768 2726 1822 in
2768 1769 3061 1822 sanitatem
3106 1751 3396 1821 Î¹â€™Î¸ÎµÎ¹á½·Î¹Î¹á½¶Î¹Ï…Ï‚
3427 1775 3529 1830 ÎµÎµÎ¹,
3565 1781 3691 1821 san-

2112 1856 2275 1924 guine
2309 1856 2546 1925 amplius
2594 1873 2701 1912 non
2734 1857 3010 1913 emuente.
3064 1856 3309 1912 Credidit
3345 1871 3476 1926 ergo
3510 1857 3578 1910 ab
3623 1871 3690 1911 eo

2109 1957 2355 2018 tempore
2411 1949 2688 2004 Hananias
2735 1950 2790 2004 in
2845 1949 3149 2014 Christum,
3205 1949 3348 2004 unde
3390 1948 3690 2019 baptizavit

2106 2056 2230 2093 eum
2263 2039 2486 2096 Marcus
2515 2050 2570 2094 et
2597 2040 2945 2096 Alexandria:
2983 2040 3355 2107 patriarcham
3381 2040 3687 2094 constituit.

2108 2129 2342 2201 Fuitque
2375 2134 2421 2188 is
2457 2130 2896 2200 patriarcharum
2939 2131 3030 2200 qui
3064 2130 3410 2185 Alexandriae
3444 2130 3686 2200 praefecti

2105 2231 2231 2277 sunt
2262 2221 2493 2290 primus.
2527 2220 2829 2276 Constituit
2867 2230 3046 2276 autem
3084 2221 3417 2292 evangelista
3452 2219 3688 2286 Marcus,

2106 2328 2213 2367 una
2244 2327 2368 2367 cum
2412 2311 2660 2368 llanania
2693 2312 3032 2382 patriarcha,
3067 2312 3362 2368 duodecim
3403 2311 3692 2382 presbyte-

2109 2420 2218 2472 ros,
2246 2406 2337 2474 qui
2384 2420 2580 2475 nempe
2607 2419 2732 2459 Cum
2774 2405 3082 2474 patriarcha
3113 2417 3422 2471 manerent,
3459 2403 3597 2458 adeo
3630 2410 3691 2458 ut

2104 2513 2230 2554 cum
2257 2506 2474 2576 vacaret
2501 2497 2929 2568 patriarchatus,
2956 2512 3125 2551 unum
3150 2511 3182 2551 e
3230 2495 3524 2551 duodecim
3561 2511 3687 2565 pre-

2105 2592 2340 2663 sbyteris
2358 2592 2644 2662 eligerent,
2666 2592 2826 2659 cujus
2855 2591 3018 2662 capiti
3053 2591 3248 2661 reliqui
3278 2590 3530 2646 undecim
3570 2606 3688 2646 ma-

2105 2701 2210 2739 nus
2243 2684 2587 2754 imponentes
2627 2669 2733 2754 ipsi
2787 2684 3178 2739 benedicerent
3219 2693 3275 2737 et
3317 2681 3688 2751 patriarcham

2105 2785 2399 2844 crearent;
2449 2775 2650 2832 deinde
2685 2777 2864 2830 virum
2921 2776 3156 2846 aliquem
3209 2775 3480 2845 insignem
3519 2775 3691 2846 elige-

2104 2877 2226 2924 rent
2269 2885 2429 2939 quem
2475 2884 2661 2925 secum
2699 2869 3076 2940 presbyterum
3125 2868 3532 2923 constituerent
3565 2868 3690 2922 loco

2105 2962 2225 3032 ejus
2251 2965 2344 3033 qui
2371 2962 2548 3018 factus
2579 2973 2664 3019 est
2692 2962 3030 3033 patriarcha,
3062 2970 3121 3016 ut
3155 2962 3229 3017 ita
3257 2977 3472 3030 semper
3501 2970 3690 3014 exsta-

2102 3062 2230 3110 rent
2261 3055 2574 3111 duodecim.
2625 3051 2815 3126 Neque
2861 3054 3025 3111 desiit
3068 3053 3416 3110 Alexandriaa
3463 3055 3691 3109 institu-

414 3153 609 3208 deinde
634 3153 832 3209 Petrus
861 3153 1116 3220 Romam,
1144 3153 1288 3224 quod
1317 3169 1462 3208 anno
1489 3154 1638 3225 regni
1671 3153 1787 3208 Caii
1820 3154 2002 3208 (Î¹Î±-ÎµÎµÎ¹-
2031 3165 2074 3223 Î¿
2107 3152 2223 3199 tum
2254 3144 2359 3201 hoc
2380 3144 2450 3201 de
2471 3144 2825 3216 presbyteris,
2849 3153 2908 3198 ut
2931 3145 3145 3200 scilicet
3173 3144 3516 3214 patriarchas
3536 3159 3694 3200 crea-

417 3245 494 3297 ris
539 3245 784 3298 secundo
823 3245 1077 3316 contigit.
1136 3245 1328 3298 Incidit
1378 3254 1564 3298 autem
1616 3245 1894 3315 Agrianns
1943 3245 2000 3300 in

417 3332 667 3386 morbum
731 3348 976 3403 gravem,
1033 3349 1146 3402 quo
1197 3343 1526 3405 consumpta
1585 3351 1752 3391 carne
1803 3335 2000 3405 ipsius,

416 3433 581 3493 atque
613 3425 889 3481 exsiccata
917 3440 1168 3496 corpore,
1216 3436 1469 3482 mortuus
1495 3435 1599 3483 est.
1637 3426 1840 3483 Audito
1869 3443 2002 3499 ergo

414 3516 713 3586 Agrianum
742 3527 1016 3572 mortuum
1046 3534 1188 3582 esse,
1210 3518 1374 3572 alium
1398 3519 1451 3572 in
1481 3518 1660 3572 locum
1689 3520 1807 3588 ejus
1838 3519 2004 3575 suffe-

416 3611 494 3663 cit
547 3610 712 3665 Caius
770 3611 1114 3680 imperator,
1178 3612 1401 3667 nomine
1456 3612 1621 3668 etiam
1672 3613 2000 3684 Agrianum,

417 3716 577 3770 quem
615 3701 993 3774 Hierosolyma
1031 3703 1204 3758 misit.

487 3789 660 3847 Porro
685 3810 830 3848 anno
859 3794 1012 3862 regni
1049 3794 1224 3863 ipsius
1250 3794 1497 3849 secundo
1529 3794 1708 3850 factus
1735 3808 1818 3850 est
1839 3795 2006 3851 Jaco-

420 3887 522 3941 bus
553 3884 780 3957 Iosephi
819 3887 985 3953 filius,
1021 3887 1116 3958 qui
1149 3897 1202 3941 et
1233 3886 1403 3942 frater
1445 3886 1657 3943 Domini
1688 3889 1864 3944 nostri
1907 3905 2003 3958 ap-

418 3980 674 4046 pellatur,
719 3979 1009 4049 episc0pus
1057 3979 1614 4051 llierosolymitanus,
1647 3980 1738 4051 qui
1791 3982 2005 4051 primus

366 4104 369 4105 Î½
418 4069 548 4124 huic
579 4069 791 4124 muneri
830 4068 1223 4140 Hierosolymis
1249 4068 1541 4140 praefectus
1569 4077 1673 4133 est,
1701 4085 1811 4141 quo
1833 4084 2004 4125 annos

419 4161 613 4233 viginti
668 4171 793 4218 octo
843 4162 1069 4218 functus
1117 4171 1223 4218 est.
1281 4162 1482 4218 Gravia
1532 4171 1715 4217 autem
1768 4163 1928 4217 valde
1974 4177 2004 4216 a

418 4252 622 4310 Judaeis
674 4266 730 4310 et
780 4254 1045 4312 Romanis
1100 4254 1244 4324 passi
1304 4263 1436 4310 sunt
1485 4255 1763 4324 discipuli,
1821 4255 2006 4311 multis

420 4349 667 4417 ipsorum
701 4358 877 4404 morte
903 4349 1139 4404 affectis.
1171 4349 1386 4403 Mortuo
1408 4357 1591 4403 autem
1614 4348 1746 4403 Caio
1769 4348 2005 4414 Caesare,

420 4439 606 4495 Romae
635 4451 760 4510 post
797 4442 976 4510 ipsum
1009 4440 1301 4510 imperavit
1331 4439 1499 4510 328
1530 4438 1796 4493 Claudius
1821 4438 2006 4493 Caesar

2104 3247 2230 3292 rent
2259 3254 2324 3292 ex
2371 3238 2707 3309 presbyteris
2746 3237 3062 3300 duodecim,
3112 3252 3286 3307 usque
3328 3237 3395 3292 ad
3445 3247 3691 3308 tempora

2105 3329 2399 3384 Alexandri
2441 3330 2770 3400 patriarchae
2805 3329 3188 3395 Alexandrini,
3223 3330 3314 3400 qui
3359 3329 3460 3384 fuit
3489 3345 3554 3385 ex
3584 3346 3689 3384 nn-

2105 3437 2258 3478 mero
2291 3423 2384 3477 illo
2409 3432 2780 3478 trecentorum
2804 3429 2858 3478 et
2884 3421 3212 3478 octodecim.
3240 3421 3293 3476 Is
3320 3430 3498 3478 autem
3520 3421 3693 3477 vetuit

2109 3531 2180 3572 ne
2229 3513 2490 3585 deinceps
2528 3515 2902 3584 patriarcham
2951 3513 3259 3584 presbyteri
3307 3523 3578 3570 crearent.
3629 3514 3696 3569 Et

2107 3608 2349 3663 decrevit
2378 3619 2437 3662 ut
2465 3615 2685 3663 mortuo
2715 3607 3028 3677 patriarcha
3060 3607 3420 3662 convenirent
3445 3607 3690 3676 episcopi

2108 3702 2201 3770 qui
2245 3703 2611 3772 patriarcham
2645 3701 2986 3756 ordinarent.
3023 3701 3276 3756 Decrevit
3315 3700 3447 3756 item
3486 3709 3562 3760 ut,
3595 3716 3691 3754 va-

2108 3803 2270 3849 cante
2309 3795 2472 3865 332
2501 3795 2898 3863 patriarcham,
2945 3793 3216 3863 eligerent
3245 3808 3311 3849 ex
3359 3809 3694 3862 quacunque

2107 3884 2332 3940 tandem
2365 3886 2606 3955 regione,
2640 3885 2754 3940 sive
2784 3899 2849 3938 ex
2876 3883 3166 3938 duodecim
3199 3884 3310 3938 illis
3336 3883 3692 3954 presbyteris,

2108 3977 2225 4033 sive
2258 3977 2402 4042 aliis,
2435 3978 2611 4030 virum
2640 3976 2879 4047 aliquem
2912 3976 3198 4040 eximium,
3233 3984 3535 4046 perspecta:
3566 3991 3693 4045 pro-

2109 4070 2316 4136 bitatis,
2366 4085 2604 4139 eumque
2658 4069 3030 4138 patriarcham
3073 4080 3344 4124 crearent.
3397 4069 3570 4136 Atque
3620 4069 3695 4122 ita

2110 4165 2333 4220 evanuit
2362 4164 2676 4220 institutum
2709 4162 2844 4218 illud
2895 4163 3198 4233 antiquius,
3247 4179 3358 4233 quo
3391 4163 3566 4217 creari
3604 4177 3696 4216 so-
3742 4197 3744 4199 â€º

2111 4258 2240 4312 litus
2265 4272 2292 4310 a
2319 4257 2656 4328 presbyteris
2684 4257 2996 4327 patriarcha
3021 4296 3037 4320 ,
3068 4267 3116 4311 et
3143 4257 3409 4312 successit
3427 4257 3480 4310 in
3508 4257 3694 4311 locum

2110 4351 2230 4420 ejus
2263 4350 2544 4406 decretum
2577 4349 2645 4405 de
2679 4349 2994 4418 patriarcha
3026 4349 3094 4404 ab
3121 4349 3394 4420 episcOpls
3429 4350 3692 4405 creando.

2110 4441 2268 4509 Quod
2298 4452 2482 4500 autem
2510 4449 2767 4512 quaerunt
2805 4439 3123 4514 [nonnulli],
3155 4439 3340 4507 Quare
3379 4441 3697 4510 patriarcha

419 4547 594 4587 annos
627 4532 1068 4603 quatuordecim,
1104 4547 1214 4600 quo
1262 4532 1567 4601 imperante
1597 4529 1772 4586 fames
1809 4545 2007 4601 magna
2031 4552 2088 4612 Î’
2113 4533 2517 4589 Alexandrinus
2552 4541 2778 4588 vocetur
2821 4532 2963 4602 Papa
3016 4532 3198 4603 (cujus
3230 4533 3470 4589 nominis
3524 4533 3695 4603 signi-

420 4634 474 4681 et
511 4626 694 4696 gravis
723 4641 817 4695 per
847 4634 1019 4680 totum
1051 4625 1239 4679 orbem
1288 4624 1413 4688 fuit,
1446 4625 1606 4688 cujus
1637 4624 2003 4689 vehementia,

419 4726 475 4772 et
526 4729 675 4788 peste
730 4718 930 4772 mortui
985 4725 1114 4772 sunt
1163 4718 1438 4772 homines.
1490 4715 1747 4786 Ejusdem
1795 4714 2006 4770 Claudii

421 4817 669 4878 tempore
696 4807 915 4876 scripsit
944 4807 1232 4862 Matthaaus
1262 4806 1656 4879 Evangeliuum
1689 4821 1849 4862 suum
1881 4804 2009 4884 llieâ€”_

423 4902 736 4972 rosolytnis,
802 4902 993 4973 lingua
1046 4903 1337 4968 llebraica,
1390 4903 1539 4972 quod
1595 4901 1788 4957 Graece
1842 4902 2008 4956 vertit

418 4994 661 5050 Joannes
716 4995 1076 5064 evangelista.
1128 4993 1299 5048 Porro
1354 4993 1527 5048 Judaei
1579 4993 1797 5062 pejores
1844 5008 2007 5063 quam

421 5089 640 5142 fuerant
668 5095 722 5142 et
750 5087 1133 5143 sceleratiores
1157 5096 1476 5151 evaserunt,
1508 5087 1644 5140 adeo
1665 5095 1722 5139 ut
1748 5086 1841 5141 alii
1872 5086 2010 5140 alios
2039 5073 2045 5078 â€™

424 5180 474 5234 in
509 5179 703 5250 plateis
750 5190 807 5234 et
840 5179 1072 5247 campis,
1110 5193 1218 5248 qua
1278 5186 1434 5233 erant
1487 5178 1728 5246 inequitia
1765 5187 1820 5234 et
1852 5180 2012 5234 mali-

423 5279 521 5340 tia,
553 5271 893 5328 occiderent.
927 5272 1198 5342 Agrianus
1224 5285 1355 5340 ergo
1385 5268 1890 5341 Hierosolymorum
1922 5289 2009 5329 re-

423 5367 614 5437 gimini
647 5366 939 5437 quemdam
976 5363 1201 5419 nomine
1232 5361 1452 5418 Festum
1489 5363 1818 5431 przeliciens,
1851 5379 1912 5420 se
1942 5365 2011 5419 ab

422 5459 556 5529 ipsis
584 5457 818 5514 Romam
856 5457 983 5529 luga
1014 5457 1304 5527 proripuit,
1335 5472 1455 5528 quo
1476 5472 1603 5512 cum
1641 5457 2008 5527 pervenisset,

423 5551 655 5607 Claudio
706 5551 912 5606 Caesari
968 5550 1326 5621 imperatori,
1383 5564 1632 5621 quaenam
1687 5559 2011 5606 exercerent

425 5647 632 5702 scelera
672 5645 868 5712 .ludzei,
906 5645 1171 5702 narravit.
1205 5643 1310 5712 Qui
1341 5659 1496 5716 ergo,
1528 5643 1775 5699 exercitu
1811 5658 2013 5714 magno

431 5737 805 5810 Hierosolyma
841 5734 1388 5806 misso,Judaorum,
1438 5752 1544 5792 una
1591 5753 1714 5794 cum
1763 5738 2008 5809 ipsorum

429 5831 692 5889 uxoribus
739 5841 794 5888 et
826 5832 1036 5903 liberis,
1070 5831 1271 5890 multos
1321 5829 1635 5897 interfecit;
1674 5831 1810 5888 alios
1844 5833 2007 5888 etiam

2113 4624 2306 4680 ftcatus
2327 4639 2431 4686 est,
2459 4624 2650 4689 avus)?
2674 4623 2981 4696 [sciendum
3004 4621 3112 4695 est]
3141 4625 3211 4679 ab
3234 4625 3503 4684 Hanania.
3529 4641 3694 4695 quem

2111 4715 2398 4772 constituit
2435 4715 2651 4769 Marcus
2680 4716 3020 4785 evangelista
3053 4715 3422 4786 patriarcham
3455 4717 3694 4770 Alexan-

2111 4806 2264 4871 driae,
2291 4821 2463 4875 usque
2492 4805 2544 4859 in
2577 4812 2820 4874 tempora
2854 4804 3111 4860 Demetrii
3141 4804 3470 4878 patriarcha:
3496 4805 3694 4858 ibidem

2116 4900 2184 4972 (is
2210 4899 2523 4969 patriarcha
2553 4899 2657 4954 fuit
2677 4897 3087 4954 Alexandrinus
3110 4897 3456 4967 undecimus)
3482 4897 3694 4953 nullum

2115 4992 2291 5046 fuisse
2335 4990 2391 5045 in
2441 4989 2736 5060 provinciis
2782 4977 3002 5061 Î‘á¼°Î¸á½´ÏÎ¹á½·
3051 4990 3409 5060 episcopum;
3461 5004 3561 5044 nec
3595 5005 3696 5059 pa-

2115 5083 2370 5138 triarchae
2403 5094 2533 5138 ante
2573 5097 2694 5138 eum
2728 5091 2993 5137 crearunt
3025 5082 3340 5151 episcopos.
3383 5082 3483 5137 ille
3509 5089 3692 5137 autem

2116 5177 2298 5232 factus
2332 5176 2645 5246 patriarcha
2685 5184 2796 5230 tres
2826 5176 3114 5232 constituit
3143 5175 3453 5245 episcopos.
3479 5174 3545 5228 Et
3578 5175 3692 5243 pri-

2115 5287 2238 5325 mus
2272 5270 2378 5326 fuit
2417 5270 2504 5325 hic
2546 5268 2862 5339 patriarcha
2910 5268 3321 5325 Alexandrinus
3350 5268 3446 5338 qui
3477 5269 3695 5335 episco-

2115 5379 2214 5435 pos
2238 5363 2386 5421 fecit.

2181 5455 2394 5512 Mortuo
2430 5450 2704 5510 Demetrio
2734 5452 2996 5509 suffectus
3025 5458 3110 5508 est
3140 5452 3400 5507 Heraclas
3432 5451 3687 5519 patriar-

2115 5553 2214 5607 cha
2248 5548 2670 5611 Alexandrinus,
2702 5547 2796 5618 qui
2827 5546 3112 5616 episcopos
3146 5543 3436 5600 constituit
3467 5542 3684 5614 viginti.

2116 5647 2191 5702 Ex
2219 5646 2304 5702 his
2335 5661 2478 5702 unus
2509 5655 2647 5710 erat,
2684 5643 3009 5698 Ammonius
3037 5642 3240 5707 dictus,
3279 5639 3561 5710 religionis
3599 5642 3693 5694 de-

2120 5745 2317 5794 sertor.
2373 5735 2446 5792 De
2479 5752 2587 5806 quo
2619 5735 2784 5791 simul
2821 5749 2886 5789 ac
2909 5734 2978 5790 ad
3044 5733 3330 5789 Heraclam
3379 5731 3558 5786 delata
3613 5745 3696 5784 est

2123 5829 2288 5897 lauta,
2323 5826 2673 5900 congregavit
2709 5826 2753 5882 is
2789 5823 3059 5898 synodum
3086 5825 3468 5896 episcoporum
3501 5861 3516 5889 ,
3553 5830 3605 5876 et
3639 5821 3692 5874 in
