4076 6476
378 397 484 460 953

1400 398 1767 462 EUTYCHII
1802 397 2339 462 ALEXANDRINI
2380 402 2597 462 PATR.

3532 389 3645 457 934

378 513 566 567 urbem
603 510 874 565 Αἰηυοιιίί
902 510 1165 583 Perrexit,
1198 511 1293 567 ubi
1334 527 1393 568 re
1433 513 1569 569 Salis
1624 512 1845 585 Cognita
1896 522 1953 567 Cl
1988 518 2031 573 A
2062 517 2282 573 Oriente
2310 519 2507 582 fuerat,
2537 512 2755 570 nomine
2781 511 3200 582 Vespasianum,
3233 507 3379 564 misit
3400 549 3414 574 ,
3444 519 3502 561 ttt
3534 509 3648 564 col-

380 617 659 675 perspecta
686 618 810 658 eum
846 605 911 659 ad
940 605 1221 660 veritatem
1247 605 1482 661 reduxit.
1527 605 1663 660 Cum
1694 621 1823 659 vero
1857 605 1959 659 ho-

379 698 554 751 mines
577 694 1180 767 audierantepierpos
1234 697 1475 751 vocitare
1544 696 1958 763 patriarcham,

376 787 530 841 Abba
555 802 649 841 seu
674 786 888 841 Patrem
913 825 929 851 ,
963 787 1304 858 333-335
1331 788 1474 842 inter
1500 803 1559 843 se
1583 786 1773 842 dixere
1800 801 1815 840 :
1851 785 1961 841 Nos

377 879 705 949 episcopum
731 879 1025 948 quemlibet
1059 879 1234 944 Abba,
1264 894 1357 934 seu
1411 878 1625 934 Patrem
1653 918 1668 943 ,
1722 879 1961 948 appella-

378 987 525 1035 mus,
555 978 608 1027 et
638 970 906 1041 appellant
934 970 1173 1039 episcopi
1208 971 1575 1041 patriarcham
1600 972 1779 1027 Abba.
1807 970 1961 1026 Unde

379 1080 514 1120 sane
545 1074 759 1135 oportet
790 1074 850 1120 ut
883 1078 1143 1119 vocemus
1173 1080 1275 1120 nos
1305 1066 1675 1135 patriarcham
1731 1065 1957 1135 Papam,

380 1158 433 1212 id
466 1166 569 1223 est,
592 1160 802 1224 Avum;
838 1173 962 1212 cum
994 1158 1066 1211 sit
1094 1156 1254 1212 Pater
1287 1164 1525 1228 patrum.
1556 1158 1631 1212 Ita
1660 1173 1688 1211 a
1717 1168 1961 1226 tempore

380 1251 651 1315 Heraclae,
683 1250 1001 1320 patriarcha
1037 1251 1441 1306 Alexandrinus
1471 1249 1651 1305 dictus
1677 1259 1761 1305 est
1789 1246 1956 1315 Papa,

380 1343 432 1395 id
454 1353 558 1404 est,
583 1344 753 1397 Avus.
791 1342 1083 1413 Postquam
1114 1349 1296 1396 autem
1323 1340 1608 1397 Hananias
1640 1340 1957 1410 patriarcha

379 1432 813 1496 Alexandrinus,
833 1448 994 1503 quem
1018 1431 1232 1486 Marcus
1256 1432 1591 1502 evangelista
1618 1431 1670 1485 in
1700 1431 1830 1487 sede
1860 1445 1958 1486 sua

379 1526 692 1593 constituit,
725 1540 901 1580 annos
935 1525 1154 1580 sederat
1186 1524 1379 1593 viginti
1410 1523 1542 1590 duo,
1572 1534 1825 1578 mortuus
1848 1531 1957 1578 est.

373 1621 440 1673 Et
469 1617 751 1689 profectus
784 1625 870 1672 est
902 1617 1123 1673 Marcus
1152 1616 1488 1687 evangelista
1513 1617 1566 1670 in
1596 1614 1820 1670 Baream
1851 1654 1868 1680 ,
1903 1623 1959 1668 ιιι

374 1713 620 1766 homines
650 1710 717 1764 ad
754 1709 911 1763 fidem
946 1709 999 1763 in
1025 1708 1306 1765 Christum
1362 1708 1557 1763 Filium
1613 1707 1708 1762 Dei
1754 1707 1959 1762 invita-

372 1814 473 1857 ret.
503 1803 649 1858 Obiit
680 1803 806 1859 dein
831 1802 1097 1859 Claudius
1128 1803 1339 1865 Caesar,
1373 1803 1678 1870 imperator
1708 1839 1721 1865 ,
1752 1809 1806 1854 et
1857 1800 1958 1853 im-

373 1893 583 1960 peravit
613 1893 798 1948 Romae
825 1902 947 1963 post
978 1907 1102 1947 cum
1134 1892 1282 1947 filius
1316 1894 1437 1960 ejus
1484 1888 1626 1945 Nero
1653 1890 1838 1945 Caesar
1868 1905 1965 1943 an-

374 1986 461 2037 nis
486 1986 788 2047 tredecim,
850 1985 942 2052 qui
1004 1983 1217 2054 primus
1262 1983 1362 2038 fuit
1417 1984 1867 2053 gravlssimorum
1910 1982 1963 2036 in

370 2076 727 2132 Chrisﬁanos
757 2076 1026 2129 malorum
1054 2085 1267 2141 auctor,
1299 2075 1461 2131 homo
1489 2084 1678 2142 utpote
1741 2075 1795 2129 in
1831 2090 1965 2130 con-

373 2167 481 2223 silii
509 2175 563 2219 et
590 2166 715 2220 vitae
746 2165 1094 2221 instituenda:
1138 2167 1351 2221 ratione
1382 2165 1850 2235 improbissimus.
1898 2166 1965 2221 Et

377 2268 617 2329 tempore
644 2257 873 2315 Neronis
928 2258 1182 2321 Caesaris,
1218 2259 1437 2328 scripsit
1470 2259 1661 2314 Petrus
1687 2298 1701 2321 ,
1745 2270 1963 2328 aposto-

373 2353 549 2407 lorum
574 2352 850 2423 princeps,
885 2350 1238 2423 Evangelium
1259 2351 1447 2415 Marci,
1481 2352 1723 2407 dictante
1746 2351 1962 2415 Marco,

374 2448 553 2516 lingua
586 2445 827 2501 Romana
851 2486 865 2510 ,
896 2446 947 2500 in
983 2447 1115 2500 urbe
1147 2447 1363 2512 Romae;
1397 2444 1491 2501 sed
1550 2444 1801 2501 attribuit
1831 2444 1962 2500 illud

347 2536 589 2602 Marco.
621 2537 801 2591 Etiam
839 2546 1085 2607 tempore
1119 2537 1284 2604 hujus
1338 2536 1691 2605 imperatoris
1717 2535 1967 2605 .scripsit

374 2629 554 2682 Lucas
591 2627 944 2699 Evangelium
977 2644 1135 2682 suum
1162 2626 1372 2691 Graece,
1405 2627 1471 2680 ad
1518 2626 1693 2680 virttm
1726 2626 1962 2681 nobilem

369 2739 434 2776 ex
465 2721 811 2791 sapientibus
840 2719 1106 2777 Romanis
1128 2761 1143 2786 ,
1177 2720 1265 2774 cui
1320 2734 1520 2775 nomen
1579 2718 1919 2789 Theophilus
1949 2758 1962 2781 ,

369 2814 437 2869 ad
470 2829 631 2883 quem
665 2814 792 2869 item
826 2811 1050 2882 scripsit
1075 2812 1207 2866 Acta
1257 2826 1356 2867 seu
1414 2811 1818 2880 discipulorum
1882 2808 1965 2862 hi-

371 2909 625 2962 storiam.
658 2906 791 2960 Erat
817 2914 1001 2960 autem
1024 2902 1205 2959 Lucas
1233 2903 1565 2975 evangelista
1597 2916 1781 2956 comes
1811 2900 1964 2954 Pauli

370 2999 626 3071 apostoli,
655 3012 892 3067 quocum
923 3013 1017 3067 per
1041 3005 1261 3068 tempus
1290 2998 1508 3067 aliquod
1545 2998 1771 3052 mansit.
1801 2995 1960 3051 Unde

370 3086 621 3157 estquod
654 3085 851 3141 Paulus
881 3093 1160 3153 apostolus
1217 3086 1383 3157 336
1426 3087 1481 3140 in
1539 3087 1777 3156 quadam
1837 3085 1963 3155 Epi-

2064 610 2219 665 lectis
2244 609 2419 679 copiis
2449 606 2649 662 Judaaae
2678 607 2954 675 regionem
2986 616 3283 672 aggressus
3317 641 3332 666 ,
3378 598 3639 669 populum

2064 700 2381 755 universum
2415 699 2507 766 (ne
2534 713 2644 753 uno
2671 693 2985 767 superstite)
3022 692 3395 747 internecione
3417 689 3640 755 deleret,

2064 795 2370 861 domosque
2399 792 2642 859 ipsorum
2684 796 2942 842 vastaret.
2964 786 3086 853 Quo
3114 785 3301 838 audito
3324 781 3641 853 congregati

2062 886 2257 953 Judaei,
2287 885 2579 939 ditioribus
2605 892 2859 954 sumptus
2894 878 3333 935 ministrantibus
3354 877 3496 929 circa
3512 875 3646 927 Hie-

2064 980 2336 1049 rosolyma
2370 986 2481 1032 tres
2509 982 2827 1032 struxerunt
2885 986 3097 1037 muros,
3132 969 3332 1040 quibus
3396 965 3644 1020 turribus

2064 1071 2291 1124 munitis
2326 1085 2389 1124 ac
2421 1069 2648 1124 firmatis
2677 1082 2798 1123 sese
2835 1071 3167 1119 tutarentur.
3195 1058 3484 1115 Profectus
3514 1072 3645 1128 ergo

2062 1163 2117 1217 in
2154 1161 2390 1216 Iudaeam
2432 1158 2800 1229 Vespasianus
2834 1156 3036 1210 nullam
3077 1155 3129 1208 in
3157 1150 3397 1206 Galliltea
3448 1147 3642 1202 urbem

2062 1254 2284 1324 reliquit
2317 1267 2480 1322 quam
2514 1265 2619 1305 non
2660 1250 2894 1303 dirutam
2930 1245 3243 1302 incenderet
3271 1250 3496 1297 :contra
3518 1238 3647 1293 Hie-

2062 1349 2333 1419 rosolyma
2362 1362 2515 1411 vero,
2549 1344 2692 1414 quod
2724 1344 2862 1397 adeo
2904 1340 3112 1395 munita
3146 1346 3291 1394 esset
3319 1377 3334 1400 ,
3394 1350 3521 1390 cum
3573 1335 3643 1388 ad

2062 1440 2267 1510 aliquid
2322 1437 2654 1492 moliendum
2723 1436 3024 1505 imparatus
3075 1440 3242 1495 esset,
3317 1443 3426 1499 quo
3472 1428 3644 1483 tutius

2063 1549 2150 1589 res
2184 1540 2389 1604 ageret,
2420 1531 2536 1599 ipsa
2568 1544 2710 1583 anno
2740 1527 2954 1596 integro
2984 1524 3192 1580 obsedit
3230 1562 3246 1588 ,
3297 1520 3499 1577 Iudaeis
3556 1520 3642 1573 in-

2063 1623 2221 1677 terim
2251 1622 2386 1676 clam
2420 1628 2583 1675 noctu
2631 1615 3052 1689 erumpentibus
3108 1611 3493 1681 Romanosque
3540 1625 3644 1665 caeo

2062 1714 2341 1770 dentibus.

2136 1807 2329 1873 Porro,
2372 1820 2616 1877 tempore
2646 1805 2875 1860 Neronis
2916 1802 3100 1857 floruit
3142 1801 3387 1855 medicus
3419 1797 3643 1868 quidam

2073 1902 2293 1957 nomine
2334 1899 2765 1960 Atnlt'omachus,
2806 1896 2895 1965 qui
2946 1894 3140 1948 Neroni
3175 1892 3469 1945 theriacam
3514 1902 3651 1957 prae-

2067 1994 2457 2049 stantissitnam
2494 1991 2746 2047 confecit.
2782 1987 3015 2058 (Arabes
3051 2001 3168 2040 eam
3195 1984 3514 2038 Dherlaram
3549 1996 3651 2049 ap-

2069 2087 2315 2156 pellant.)
2344 2085 2571 2141 Occisus
2605 2092 2689 2139 est
2722 2094 2902 2137 autem
2935 2081 3076 2136 Nero
3099 2080 3418 2148 imperator,
3442 2074 3650 2127 Boni-.9.

2070 2176 2442 2248 Vespasianus
2476 2177 2643 2247 igitur
2674 2175 2863 2230 audito
2899 2173 3250 2228 interfectum
3282 2184 3405 2224 esse
3442 2180 3652 2236 regem,

2072 2271 2580 2343 Hierosoltmorum
2614 2269 2902 2323 obsidione
2929 2267 3108 2321 soluta
3136 2307 3152 2329 ,
3208 2265 3510 2318 Caesaream
3566 2275 3652 2314 re-

2068 2378 2260 2417 versus
2295 2362 2366 2416 ibi
2397 2361 2663 2416 substitit.
2690 2359 2985 2428 Imperavit
3045 2364 3226 2410 autem
3287 2365 3411 2425 post
3462 2354 3643 2421 ipsum

2068 2456 2235 2512 Galba
2267 2464 2471 2525 septem
2503 2468 2740 2518 menses,
2771 2452 2966 2507 deinde
2999 2446 3322 2505 interfectus
3371 2456 3494 2511 est;
3547 2444 3651 2498 im-

2069 2564 2290 2620 perante
2322 2558 2443 2620 post
2478 2550 2655 2618 ipsum
2686 2548 2898 2602 Othone
2951 2554 3063 2599 tres
3112 2557 3350 2597 menses.
3381 2538 3542 2610 3&0
3574 2537 3654 2590 Eo

2070 2643 2228 2713 pulso
2259 2656 2383 2695 cum
2422 2641 2751 2707 imperasset
2792 2635 3040 2691 Vitellius
3079 2644 3204 2688 octo
3258 2646 3474 2685 menses
3500 2668 3516 2693 ,
3565 2628 3655 2682 in-

2070 2736 2331 2791 terfectus
2361 2743 2465 2788 est.
2506 2732 2645 2786 Tum
2674 2738 2949 2785 commota
2973 2736 3057 2783 est
3090 2726 3245 2782 valde
3272 2725 3524 2779 universa
3544 2719 3656 2774 Ro-

2071 2843 2355 2883 manorum
2377 2826 2534 2889 ditio,
2568 2823 2855 2878 concitatis
2884 2820 3127 2889 undique
3160 2818 3214 2872 in
3249 2832 3346 2871 eos
3375 2814 3654 2884 gentibus;

2069 2930 2124 2976 at
2152 2929 2275 2989 post
2311 2918 2714 2972 contentionem
2741 2928 2984 2985 gravem,
3006 2920 3059 2965 et
3082 2909 3502 2966 commotionem
3534 2920 3655 2960 ma-

2069 3026 2252 3081 gnam,
2284 3009 2543 3071 ducibus,
2578 3006 2856 3077 praefectis
2885 3019 2947 3059 ac
2981 3002 3199 3067 scribis,
3227 3007 3496 3070 quotquot
3527 3013 3653 3051 cum

2070 3104 2122 3156 in
2148 3101 2521 3155 Romanorum
2552 3108 2699 3153 terra
2732 3106 2845 3151 tum
2872 3097 2925 3150 in
2951 3095 3171 3148 Oriente
3196 3092 3443 3155 fuerunt,
3474 3088 3655 3144 omni-

369 3180 512 3235 ⁸ί⁰¹³
537 3194 634 3235 sua
668 3179 822 3243 die“,
858 3196 878 3232 ‘
912 3177 1090 3235 Lucas
1118 3179 1361 3236 medicus
1384 3195 1481 3235 V03
1505 3181 1728 3235 salum"
1778 3197 1797 3231 ’
1826 3180 1964 3234 pm"
1990 3195 2033 3252 C
2068 3196 2171 3250 bus
2202 3195 2379 3249 visum
2414 3200 2497 3247 est
2535 3189 2954 3259 Vespasianum,
2987 3186 3076 3255 qui
3110 3183 3509 3255 Hierosolymis
3550 3181 3656 3235 ob-

370 3274 604 3329 hensum
652 3288 782 3328 vero
819 3272 1038 3327 Petrum
1097 3272 1240 3328 Nero
1301 3273 1485 3329 Caasar
1539 3274 1693 3329 cruci
1746 3273 1955 3344 affigit,

368 3381 599 3437 corpore
631 3368 845 3422 scilicet
882 3365 1122 3433 inverso,
1155 3377 1320 3437 atque
1358 3366 1435 3423 ita
1473 3375 1651 3422 morte
1704 3383 1831 3423 eum
1882 3367 1965 3421 af-

373 3460 502 3515 fecit
538 3477 553 3514 :
592 3474 715 3514 nam
744 3465 799 3513 et
828 3456 1044 3512 dixerat
1091 3459 1141 3513 ei
1202 3458 1445 3514 Petrus:
1510 3459 1567 3514 Si
1628 3459 1711 3515 vis
1754 3468 1815 3513 ut
1865 3474 1966 3528 ego

372 3552 523 3608 cruci
563 3550 773 3621 alligar,
812 3564 1043 3618 corpore
1066 3566 1150 3605 me
1176 3552 1402 3608 inverso
1438 3551 1596 3623 aﬂige
1655 3550 1812 3607 cruci
1845 3591 1860 3615 ,
1898 3568 1966 3607 ne

376 3658 527 3697 mors
559 3641 692 3696 mihi
746 3642 944 3697 amicta
978 3642 1176 3698 similis
1244 3644 1315 3697 sit
1362 3645 1409 3699 ei
1452 3659 1573 3714 qua:
1624 3644 1968 3714 inﬂigebatur

374 3734 608 3790 Domino
655 3748 777 3789 meo
811 3734 1053 3801 Christo,
1092 3735 1187 3804 qui
1222 3737 1376 3791 cruci
1408 3736 1603 3791 afﬁxus
1629 3748 1712 3792 est
1736 3752 1966 3808 corpore

374 3836 578 3886 erecto.
647 3826 755 3881 Sed
821 3826 1003 3896 gladio
1054 3827 1354 3882 trucidavit
1419 3827 1677 3885 Paulum.
1736 3829 1966 3886 Occisus

375 3925 556 3974 autem
584 3927 668 3974 est
698 3918 893 3974 Petrus
913 3919 1017 3975 sub
1044 3935 1251 3974 annum
1290 3921 1618 3976 vicesimum
1655 3924 1963 3978 secundum

376 4020 503 4079 post
528 4012 817 4066 Dominum
860 4019 1117 4066 nostrum
1159 4012 1467 4068 Christum.
1503 4013 1631 4068 Erat
1679 4030 1811 4070 vero
1846 4023 1969 4085 post

380 4106 620 4168 Petrum,
653 4104 826 4161 Linus
856 4104 1173 4175 patriarcha
1211 4104 1399 4160 Romae
1427 4147 1441 4169 ,
1479 4121 1586 4176 qua
1626 4105 1850 4163 functus
1881 4108 1961 4163 di-

379 4198 590 4266 gnitate
625 4196 916 4251 duodecim
950 4212 1128 4252 annos
1159 4197 1315 4252 obiit.
1350 4197 1421 4252 Et
1456 4198 1544 4252 hic
1594 4198 1808 4269 primus
1853 4211 1972 4257 erat

379 4290 696 4362 patriarcha
726 4289 1030 4344 Romanus.
1062 4289 1197 4344 Erat
1226 4300 1409 4346 autem
1443 4291 1659 4348 Marcus
1692 4291 1970 4371 Evangelii

379 4388 596 4445 auctor,
630 4382 684 4435 in
721 4381 1054 4435 Alexandria
1100 4390 1156 4435 et
1184 4380 1354 4436 Barca
1389 4382 1644 4440 homines
1691 4385 1759 4441 ad
1809 4385 1971 4442 fidem

379 4476 432 4526 in
465 4473 748 4527 Christum
789 4471 989 4527 Filium
1024 4472 1117 4527 Dei
1156 4472 1398 4527 invitans
1443 4477 1604 4531 annis
1636 4484 1868 4547 septem.
1908 4478 1971 4534 Et

2068 3286 2310 3341 sidendis
2345 3291 2648 3352 occupatus
2690 3280 2887 3345 fuerat,
2938 3278 3170 3345 imperio
3212 3275 3509 3344 przeficere.
3547 3271 3652 3338 Qui

2066 3394 2200 3449 ergo
2235 3392 2358 3431 cum
2391 3375 2638 3429 Caesarea
2668 3372 2896 3426 Romam
2928 3369 3203 3441 profectus
3252 3383 3320 3424 eo
3378 3367 3659 3435 pervenis-

2069 3478 2172 3530 sct.
2210 3468 2482 3521 irruentes
2513 3466 2606 3535 qui
2660 3462 2848 3516 Romae
2904 3470 3065 3517 erant
3119 3462 3286 3516 (luces
3341 3461 3395 3513 in
3459 3458 3655 3511 ducem

2068 3561 2353 3631 quemdam
2392 3559 2614 3613 nomino
2649 3555 2966 3618 Artitinum,
3023 3552 3112 3621 qui
3198 3552 3487 3621 imperium
3552 3548 3656 3603 sibi

2068 3667 2341 3723 occupare
2363 3658 2652 3713 statuerat,
2688 3648 2867 3717 ipsum
2920 3646 3337 3700 interemerunt.
3378 3641 3526 3697 Urbe
3563 3640 3659 3694 de-

2071 3747 2198 3801 inde
2230 3744 2460 3815 egressi,
2492 3739 2833 3810 Vespasiano
2869 3736 3080 3792 obviam
3120 3743 3313 3790 euntes
3337 3774 3351 3797 ,
3378 3733 3541 3803 capiti
3576 3734 3659 3801 ip-

2070 3839 2188 3895 sius
2218 3837 2466 3891 diadema
2498 3835 2921 3905 imposuerunt;
2955 3830 3047 3900 qui
3087 3829 3176 3883 ubi
3226 3827 3415 3882 urbem
3450 3826 3661 3896 ingres-

2071 3946 2166 3987 sus
2198 3927 2336 3985 solio
2364 3928 2514 3997 regio
2546 3925 2863 3991 insedisset,
2897 3923 3222 3978 sceleratum
3270 3935 3335 3975 ac
3395 3919 3653 3973 rebellem

2071 4039 2341 4093 quemque
2373 4024 2520 4075 inter
2555 4017 2834 4075 Romanos
2865 4024 3042 4071 morte
3077 4015 3366 4078 multavit,
3409 4012 3546 4066 adeo
3598 4021 3660 4066 ut

2074 4118 2174 4172 sub
2206 4115 2325 4185 ipso
2356 4114 2410 4167 in
2446 4121 2650 4167 statum
2696 4112 2962 4182 Optimum
2998 4118 3051 4163 et
3085 4108 3441 4177 tranquillum
3497 4105 3657 4160 reda—

2073 4220 2158 4261 cta
2188 4207 2257 4260 sit
2291 4204 2657 4258 Romanorum
2690 4210 2859 4257 terra.
2887 4202 2998 4254 Duo
3029 4208 3216 4254 autem
3284 4199 3384 4268 ipsi
3433 4198 3657 4252 fuerunt

2074 4298 2193 4361 ﬁlii,
2222 4309 2454 4365 quorum
2486 4293 2580 4348 uni
2612 4308 2810 4347 nomen
2843 4291 3005 4347 'l‘itus
3040 4330 3054 4354 ,
3081 4289 3237 4345 alteri
3277 4288 3615 4344 Domitianus
3643 4303 3660 4353 ;

2076 4403 2306 4459 quorum
2346 4387 2708 4442 Domitianum
2742 4384 2918 4453 copiis
2966 4384 3175 4453 magnis
3218 4381 3548 4436 instructum
3592 4381 3659 4435 ad

2077 4489 2266 4552 gentes
2298 4479 2565 4533 barbaras
2597 4478 2767 4541 misit,
2798 4490 2935 4546 quas
2961 4475 3053 4528 ille
3106 4473 3350 4537 occidit,
3396 4473 3659 4542 diripuit,

378 4578 525 4618 anno
560 4564 775 4634 imperii
804 4562 1039 4618 Neronis
1071 4563 1310 4619 Caesaris
1334 4566 1445 4636 jam
1479 4566 1613 4622 dicti
1638 4571 1836 4639 primo,
1862 4586 1966 4652 Ioc-
1997 4543 2049 4604 Β
2077 4543 2277 4627 delevit
2319 4588 2333 4625 :
2364 4569 2549 4623 Titum
2580 4583 2734 4632 vero,
2777 4543 3023 4622 exercitu
3057 4563 3530 4634 etiam-frequenti
3565 4564 3657 4618 in—

379 4658 527 4711 cisus
553 4666 639 4712 est
670 4657 885 4712 Marcus
924 4655 1271 4711 Alexandriae
1298 4696 1315 4723 ,
1343 4666 1398 4712 et
1440 4674 1641 4731 corpus
1680 4661 1802 4733 ejus
1845 4663 1968 4735 igne

377 4754 465 4799 εει
495 4756 801 4802 crematum
816 4788 829 4801 .

452 4839 626 4896 Porro
657 4857 802 4898 anno
830 4843 1049 4914 imperii
1085 4844 1327 4900 Neronis
1361 4842 1598 4899 Caesaris
1645 4842 1970 4899 duodecimo

378 4932 715 4987 constitutus
754 4942 837 4988 est
866 4934 1111 5005 lgnatius
1138 4935 1453 5006 patriarcha
1488 4934 1792 4989 Antiochiae
1817 4972 1834 5001 ,
1872 4935 1968 5005 qui

379 5039 502 5078 cum
538 5039 715 5081 annos
768 5026 996 5095 triginta
1033 5027 1174 5082 duos
1215 5027 1569 5097 prinfuisset,
1617 5036 1793 5082 morte
1837 5027 1970 5083 aﬂ‘e-

379 5126 503 5171 ctus
543 5125 648 5173 est.
685 5116 904 5174 Mortuo
940 5128 1124 5176 autem
1194 5120 1356 5176 Festo
1388 5160 1403 5186 ,
1461 5120 1967 5192 Hierosolymorum

380 5209 663 5279 praefecto,
693 5213 996 5281 relictaque
1054 5213 1195 5268 urbe
1246 5213 1367 5268 sine
1416 5213 1664 5283 principe
1704 5213 1799 5282 qui
1846 5227 1967 5273 eam

383 5302 767 5359 moderaretur
796 5345 811 5369 ,
853 5305 1117 5359 concitati
1146 5304 1323 5359 Judaei
1356 5304 1620 5359 Jacobum
1651 5303 1876 5374 Josephi
1909 5303 1973 5358 fi-

384 5395 669 5466 lium,qui
722 5397 937 5450 Domini
980 5395 1152 5451 frater
1206 5397 1404 5461 audit,
1462 5396 1738 5467 lapidibus
1795 5397 1973 5452 donec

387 5500 697 5545 moreretur
774 5490 1087 5561 impetitum
1148 5488 1589 5554 interfecerunt,
1661 5489 1973 5558 multosque

382 5580 741 5651 337-339
765 5580 1159 5650 discipulorum
1184 5580 1518 5633 cruciatibus
1547 5579 1684 5635 male
1711 5580 1971 5635 multatos

385 5676 521 5726 urbe
550 5674 854 5740 eiecerunt.
889 5672 968 5726 Ex
1004 5673 1134 5727 urbe
1172 5672 1337 5740 igitur
1376 5671 1501 5741 fuga
1543 5672 1783 5742 prolapsi
1811 5672 1969 5727 Chri-

393 5763 580 5821 stiani.
614 5764 1330 5841 Jordanemtranscuntes,
1378 5765 1500 5819 ioca
1570 5766 1674 5819 ista
1731 5765 1973 5820 incolue-

394 5861 542 5906 runt.
577 5853 671 5910 His
702 5858 901 5914 auditis
928 5856 1069 5913 Nero
1097 5858 1284 5915 thsar
1311 5860 1376 5914 ad
1423 5859 1737 5929 praefectum
1793 5859 1884 5931 qui
1916 5861 1969 5914 in

2076 4670 2374 4727 structum,
2407 4658 2841 4727 Hierosolymam
2883 4658 3054 4724 misit,
3087 4672 3251 4726 quam
3285 4655 3506 4710 biennio
3561 4656 3661 4710 ob-

2072 4755 2247 4820 sedit;
2304 4751 2669 4807 morientibus
2703 4751 2881 4821 quiin
2914 4750 3049 4804 urbe
3098 4758 3257 4802 erant
3302 4748 3466 4817 fame,
3526 4749 3665 4803 adeo

2074 4855 2133 4899 ut
2164 4859 2273 4915 prae
2304 4842 2469 4908 fame,
2506 4852 2847 4897 mortuorum
2880 4856 2943 4895 ac
2973 4849 3226 4894 natorum
3260 4854 3485 4896 suorum
3541 4852 3666 4893 car-

2074 4952 2172 4992 nes
2199 4935 2553 4991 comederent
2585 4953 2598 4990 :
2634 4950 2741 5006 qua
2770 4932 2967 4989 deinde
3017 4941 3176 5002 capta
3224 4947 3419 4987 omnes
3468 4930 3664 5002 341-

2073 5026 2235 5099 343
2262 5027 2355 5094 qui
2399 5025 2452 5080 in
2486 5027 2602 5096 ipsa
2639 5026 2854 5080 fuerant
2887 5035 2996 5078 tam
3025 5039 3206 5079 mares
3236 5038 3400 5092 quam
3429 5022 3661 5077 feminas

2077 5116 2387 5182 interfecit,
2445 5114 2927 5185 proscindentibus
2979 5110 3331 5184 [militibus]
3380 5126 3665 5183 przrgnan—

2076 5211 2213 5265 tium
2252 5218 2459 5273 uteros,
2503 5216 2556 5263 et
2587 5207 2828 5261 infantes
2863 5212 3012 5261 saxis
3041 5205 3416 5260 allidentibus.
3451 5203 3654 5258 Urbem

2076 5304 2240 5357 etiam
2275 5311 2329 5357 et
2361 5301 2619 5369 templum
2669 5308 2883 5355 vastata
2927 5297 3191 5352 incendit.
3240 5295 3518 5349 Numerati
3569 5294 3667 5348 de-

2076 5395 2204 5449 inde
2236 5394 2330 5462 qui
2364 5391 2537 5461 ipsius
2565 5391 2923 5461 jussupccisi
2956 5400 3111 5452 sunt,
3147 5399 3231 5443 ter
3274 5387 3470 5442 millies
3514 5386 3663 5441 mille

2078 5486 2277 5555 reperti
2306 5494 2458 5548 sunt,
2491 5498 2610 5537 cum
2643 5482 2733 5535 alii
2767 5481 3005 5553 Syriam,
3038 5481 3128 5535 alii
3176 5479 3474 5551 IEgyptum
3505 5519 3519 5543 ,
3568 5478 3661 5532 alii

2078 5582 2131 5635 in
2171 5591 2372 5634 terram
2404 5578 2467 5630 Al
2490 5575 2660 5640 Gaur,
2711 5575 3101 5645 profugissem.
3164 5572 3282 5627 Jam
3339 5589 3367 5626 a
3437 5573 3662 5629 Christo

2079 5680 2206 5727 nato
2236 5671 2301 5723 ad
2333 5668 2836 5738 Hierosolymorum
2871 5682 2967 5736 per
3001 5666 3180 5719 Titum
3227 5665 3497 5719 excidium
3532 5663 3660 5717 anni

2080 5773 2208 5818 sunt
2240 5761 2602 5831 septuaginta.
2640 5759 2721 5814 Ab
2754 5759 3087 5823 Alexandro,
3124 5757 3354 5812 trecenti
3384 5757 3659 5825 octoginta

2082 5874 2297 5914 novcm.
2324 5857 2356 5909 A
2388 5853 2714 5925 Captivitate
2747 5852 3093 5923 Babylonica,
3125 5850 3365 5908 sexcenti
3389 5850 3661 5922 quinqua-
