4076 6426
399 379 508 445 9%

1843 390 2221 457 ANNALES.

3522 402 3658 465 ’986

396 507 544 573 ginta
577 502 708 558 duo.
746 500 789 556 A
821 517 991 572 regno
1018 501 1261 570 Davidis,
1316 503 1464 560 mille
1513 516 1731 562 centum
1782 507 1973 580 viginti
2004 510 2052 567 Α
2084 510 2221 579 perii
2260 509 2384 580 ejus
2420 512 2617 582 quinto
2663 512 2999 568 constitutus
3030 514 3267 572 Gordius
3315 518 3656 577 Alexandria:

401 611 621 652 navem.
652 592 734 648 Ab
762 595 910 650 exitu
951 594 1319 650 Israelitarum
1369 614 1433 651 ex
1488 598 1726 670 Egypto
1752 639 1768 664 ,
1825 604 1974 661 mille

398 692 731 762 septingenti
794 693 1017 761 triginta
1069 694 1334 761 quinque.
1389 695 1472 750 Ab
1503 696 1838 765 Abrahamn,
1890 699 1974 756 his

396 786 544 840 mille
570 786 787 840 ducenti
821 786 1179 857 quadraginta
1206 788 1334 842 duo.
1360 789 1403 842 A
1434 788 1686 856 Pbaleko,
1714 790 1797 846 bis
1830 792 1974 848 mille

393 878 719 946 septingenti
754 878 1031 950 octoginta
1063 890 1195 935 tres.
1224 879 1270 934 Α
1302 879 1531 949 Diluvio,
1554 893 1633 937 ter
1662 883 1809 939 mille
1864 893 1971 941 tre-

390 971 996 1039 centiquatuordecim.
1060 972 1144 1043 Ab
1202 972 1438 1038 Adamo,
1468 975 1760 1047 quinquies
1823 979 1970 1035 mille

389 1064 670 1134 quingenti
700 1067 1070 1135 septuaginta.

468 1154 773 1210 Christiani
805 1165 1009 1223 autem,
1039 1157 1133 1225 qui
1167 1156 1386 1214 Iudaeos
1427 1159 1727 1229 fugientes,
1771 1160 1970 1215 Iorda-

389 1264 513 1303 nem
543 1248 898 1315 trajeceraut,
926 1259 980 1303 et
1030 1248 1087 1303 in
1131 1248 1255 1304 istis
1309 1251 1444 1304 locis
1487 1252 1644 1305 sedes
1691 1253 1920 1308 ﬁxerant
1948 1295 1963 1317 ,

387 1341 580 1395 audito
614 1340 796 1396 Titum
828 1343 1021 1397 urbem
1051 1342 1707 1400 destruxisseinlerfectis
1739 1344 1962 1415 Iudaeis;

399 1434 833 1504 Hierosolymam
865 1436 977 1505 jam
1008 1436 1306 1491 desolatam
1340 1441 1566 1502 reversi,
1602 1439 1774 1506 ipsam
1808 1440 1962 1492 inco-

394 1526 823 1605 luerunt,344I
856 1536 1176 1597 structaque
1208 1528 1313 1582 sibi
1363 1527 1498 1583 inibi
1546 1530 1797 1597 ecclesia,
1850 1533 1966 1600 epi-

390 1636 623 1690 scopum
664 1620 962 1675 secundum
1000 1620 1102 1689 ipsi
1134 1622 1500 1691 praefecerunt
1534 1624 1753 1678 nomine
1782 1625 1964 1679 Simo-

393 1727 539 1773 nem,
572 1711 788 1779 Cleopm
819 1711 1010 1765 ﬁlium.
1045 1713 1271 1782 (Ileopas
1299 1713 1398 1769 iste
1428 1713 1595 1769 frater
1648 1715 1750 1771 fuit
1806 1716 1962 1771 Jose-

384 1805 478 1872 phi
515 1804 605 1872 qui
660 1804 952 1858 Dominum
1002 1812 1255 1859 nostrum
1310 1805 1591 1860 Christum
1658 1808 1958 1875 educavit;
1995 1840 2037 1896 Β

385 1896 595 1963 fuitque
659 1895 804 1962 hoc,
852 1910 996 1948 anno
1058 1896 1267 1964 imperii
1324 1896 1645 1966 Vespasiani
1726 1908 1959 1968 quarta;

382 1990 534 2044 illum
569 1999 768 2055 autem,
795 1999 1082 2058 postquam
1122 2005 1295 2044 annos
1331 1990 1522 2060 viginti
1576 2007 1672 2047 sex
1735 2008 1962 2048 munere

384 2084 498 2136 ista
530 2082 755 2137 functus
784 2082 1003 2146 fuisset,
1040 2082 1314 2136 interfecit
1344 2081 1616 2151 Trajanus
1643 2084 1957 2153 imperator.

383 2174 556 2228 Porro
578 2188 725 2228 anno
755 2174 969 2241 imperii
1001 2174 1176 2242 ipsius
1204 2175 1366 2229 tertio
1415 2177 1726 2243 patriarcha
1779 2175 1962 2231 Romae

383 2268 718 2321 constitutus
755 2274 837 2321 est
860 2264 1165 2330 Dacletius,
1198 2275 1250 2320 et
1282 2280 1407 2319 cum
1460 2265 1684 2321 biennio
1729 2267 1961 2322 sedisset

389 2369 637 2412 mortuus
666 2366 774 2414 est.
807 2358 967 2412 Anno
996 2357 1212 2427 imperii
1245 2358 1419 2426 ipsius
1457 2359 1648 2427 quinto
1674 2359 1962 2427 prmfectus

385 2459 469 2503 est
500 2447 682 2502 Romae
711 2450 984 2513 Clemens,
1020 2450 1112 2516 qui
1146 2450 1382 2517 scriptor
1432 2449 1556 2515 fuit,
1590 2465 1826 2516 cumque
1860 2467 1960 2503 an-

378 2555 481 2595 nos
508 2557 703 2596 novem
734 2540 969 2597 sedisset
1002 2548 1254 2596 mortuus
1279 2550 1390 2596 est.
1422 2541 1580 2595 Anna
1601 2540 1811 2603 imperii
1836 2539 1956 2608 ejus

380 2647 527 2686 nano
561 2632 910 2687 Alexandria:
945 2633 1264 2702 patriarcha
1302 2633 1639 2688 constitutus
1671 2630 1956 2695 Philetins,

332 2758 347 2769 κ
377 2724 618 2796 quicum
652 2739 827 2779 annos
852 2725 1113 2779 tredecim
1148 2725 1400 2787 sedisset,
1444 2724 1586 2778 diem
1639 2723 1794 2778 obiit.
1852 2721 1957 2777 Ve—

376 2817 668 2886 spasianus
708 2826 890 2871 autem
922 2825 1214 2887 postquam
1238 2831 1363 2870 cum
1400 2816 1608 2871 honore
1636 2824 1691 2870 et
1716 2813 1957 2884 patentia

374 2924 547 2965 annos
587 2927 779 2966 novem
811 2918 865 2963 et
899 2921 1107 2977 septem
1142 2924 1359 2964 menses
1383 2909 1707 2976 imperasset
1733 2948 1749 2972 ,
1808 2923 1958 2960 mor-

373 3011 498 3056 tuus
535 3010 643 3059 est.
677 3002 971 3072 Imperavit
1008 3009 1133 3071 post
1158 3000 1337 3069 ipsum
1387 2998 1528 3052 ﬁlius
1577 2997 1753 3066 ipsius
1798 2998 1956 3053 Titus

372 3108 545 3148 annos
572 3102 686 3149 tres
716 3103 771 3149 et
796 3093 937 3148 duos
970 3108 1211 3157 menses,
1240 3092 1363 3145 dein
1399 3100 1650 3143 mortuus
1687 3098 1794 3146 est.
1826 3090 1956 3145 Post

2079 605 2415 672 patriarcha,
2442 615 2730 676 postquam
2786 606 2976 661 decem
3009 623 3185 663 annos
3235 612 3465 669 sedisset
3510 614 3654 669 diem

2076 696 2233 752 obiit.
2290 696 2448 754 Anna
2488 700 2734 767 ejusdem
2794 701 3011 755 decimo
3062 704 3252 771 quinta
3312 704 3655 762 Alexandriae

2075 792 2385 861 patriarcha
2422 796 2758 848 constitutus
2796 804 2878 850 est
2912 795 3185 860 Burmius,
3221 796 3313 863 qui
3366 796 3530 868 348
3554 814 3654 852 au-

2073 898 2179 939 nas
2203 884 2491 940 duodecim
2522 886 2682 952 sedit,
2710 886 2834 941 dein
2871 894 3121 941 mortuus
3151 898 3256 943 est.
3292 888 3507 943 Mortuo
3555 906 3654 944 au-

2074 986 2181 1030 tem
2212 976 2519 1031 Domitiano
2556 976 2772 1031 Caesare
2804 978 3154 1047 imperatore,
3181 989 3305 1047 post
3333 978 3513 1048 ipsum
3548 980 3652 1035 Ro-

2071 1083 2174 1122 mae
2212 1068 2497 1135 imperavit
2522 1068 2700 1121 Nerva
2743 1067 2930 1123 Caesar
2954 1070 3046 1138 qui
3075 1079 3127 1122 et
3152 1070 3435 1126 Barastius
3467 1073 3652 1127 Caesar

2069 1159 2241 1219 audit,
2272 1173 2474 1213 annum
2506 1176 2671 1213 unum
2691 1171 2744 1214 et
2772 1161 3015 1230 quinque
3049 1177 3287 1227 menses,
3320 1163 3448 1217 dein
3484 1165 3645 1232 obiit,

2070 1251 2402 1306 succedente
2430 1252 2533 1320 ipsi
2570 1252 2803 1320 Trajano
2833 1252 3050 1308 Caesare
3075 1292 3092 1318 ,
3141 1255 3234 1324 qui
3289 1264 3344 1309 et
3378 1257 3652 1312 Adrianus

2066 1342 2251 1397 Caesar
2270 1345 2571 1413 appellatus
2595 1354 2698 1409 est,
2726 1346 2817 1416 qui
2851 1345 3035 1401 Romae
3063 1363 3235 1401 annos
3261 1349 3645 1404 novemdecim

2067 1426 2379 1503 imperavit.
2410 1438 2709 1507 Imperator
2765 1441 2866 1494 iste
2915 1456 3111 1507 magna
3184 1441 3235 1494 in
3298 1440 3648 1497 Christianos

2066 1529 2208 1582 mala
2241 1530 2523 1593 excitavit,
2556 1546 2620 1584 ac
2651 1531 2930 1585 diuturnae
2970 1533 3108 1601 ipsis
3146 1534 3407 1596 tristitiae,
3457 1549 3523 1588 ac
3552 1533 3650 1587 do-

2065 1620 2196 1674 loris
2227 1621 2566 1678 vehementis
2601 1632 2799 1678 auctor
2823 1624 2942 1688 fuit,
2981 1626 3109 1679 dum
3143 1626 3344 1680 multos
3377 1636 3647 1697 martyres

2064 1712 2182 1766 neci
2221 1712 2391 1775 dedit,
2428 1713 2720 1769 interfecto
2752 1715 2939 1770 Romae
2969 1716 3178 1785 lguatia
3202 1719 3293 1786 qui
3327 1718 3645 1785 patriarcha

2064 1804 2442 1861 Autiochenus
2474 1807 2673 1869 fuerat,
2715 1824 2928 1863 necnon
2962 1809 3216 1865 Simeone
3265 1810 3481 1879 Cleopze
3536 1811 3649 1885 ﬁlio

2063 1898 2328 1968 episcopo
2360 1898 2883 1971 llierosalymitano,
2915 1917 3077 1971 quem
3115 1903 3269 1955 cruci
3318 1902 3508 1966 aﬁixit,
3550 1919 3648 1957 an-

2063 2005 2164 2045 nos
2198 1999 2387 2044 natum
2417 2001 2633 2046 centum
2693 1992 2909 2063 viginti.
2960 1993 3019 2047 ln
3089 1994 3410 2048 servitutem
3475 1994 3647 2063 redigi

2061 2082 2224 2137 etiam
2246 2082 2410 2151 jussit
2438 2083 2812 2150 Christianos,
2846 2092 3036 2149 utpote
3097 2086 3318 2155 quibus,
3348 2101 3412 2139 ex
3471 2086 3646 2154 ipsius

2061 2174 2356 2232 sententia.
2391 2173 2537 2227 nulla
2592 2184 2744 2228 esset
2803 2174 2993 2243 religio
3048 2186 3141 2231 aut
3173 2177 3279 2231 lex.
3330 2177 3447 2231 Prae
3510 2176 3649 2229 dura

2061 2275 2241 2320 autem
2283 2281 2446 2335 quam
2473 2268 2617 2336 passi
2645 2278 2774 2321 sunt
2803 2269 3102 2323 Christiani
3133 2270 3419 2334 servitute,
3452 2281 3505 2323 et
3531 2284 3649 2338 gra-

2060 2359 2237 2423 vibus,
2264 2360 2465 2430 quibus
2493 2360 2695 2415 sublati
2731 2370 2881 2426 sunt,
2949 2362 3214 2425 caedibus,
3251 2363 3635 2417 misericordia

2059 2464 2186 2518 erga
2222 2450 2373 2518 ipsos
2426 2449 2604 2505 allecti
2642 2459 2770 2504 sunt
2827 2449 3084 2513 Romani,
3146 2466 3210 2505 ac
3264 2452 3451 2505 testati
3503 2454 3646 2519 apud

2062 2542 2449 2611 imperatorem
2474 2542 2647 2611 ipsius
2681 2545 2988 2598 consiliarii
3026 2561 3093 2601 ac
3118 2545 3290 2599 duces
3324 2559 3448 2599 esse
3478 2544 3647 2599 Chri-

2061 2631 2226 2685 tianis
2263 2632 2580 2699 religionem
2614 2634 2853 2699 ﬁrmam,
2891 2650 2955 2689 ac
2983 2635 3155 2703 legem
3190 2634 3414 2699 bonam,
3465 2649 3644 2703 neque

2058 2734 2309 2794 oportere
2345 2725 2497 2795 ipsos
2525 2725 2650 2780 illas
2684 2726 2736 2779 in
2768 2727 3093 2782 servitutem
3127 2726 3401 2793 redigere.
3463 2723 3642 2781 Jussit

2058 2830 2191 2885 ergo
2223 2831 2291 2869 ne
2347 2817 2585 2885 amplius
2626 2818 2772 2873 servi
2822 2819 3032 2884 ﬁerent,
3068 2824 3121 2873 et
3149 2832 3177 2870 a
3207 2817 3352 2873 malo
3384 2817 3519 2888 ipsis
3556 2819 3645 2873 in-

2060 2905 2285 2960 ferenda
2321 2904 2610 2961 abstinuit.

2128 2999 2297 3053 Porro
2322 3008 2565 3068 tempore
2601 2997 2819 3066 Trajani
2855 2998 3087 3055 Caesaris
3114 3000 3457 3069 imperatoris
3490 3001 3634 3055 scri-

2060 3091 2167 3157 psit
2205 3088 2444 3144 Joannes
2481 3090 2831 3160 Evangelium
2889 3106 3049 3145 suum
3080 3089 3289 3151 Graece.
3344 3090 3398 3144 in
3462 3090 3642 3146 insula

370 3189 549 3253 Ipsum
599 3186 894 3255 imperavit
951 3184 1134 3239 frater
1197 3184 1322 3252 ejus
1377 3181 1720 3237 Domitianus
1780 3191 2022 3245 annasc
2060 3182 2250 3236 Palma
2277 3182 2572 3252 appellata,
2627 3197 2657 3236 e
2710 3191 2855 3237 terra
2911 3182 3076 3247 Asiae,
3130 3198 3255 3251 qua!
3299 3182 3643 3235 liamacorum

369 3275 707 3347 quindecim.
744 3276 995 3345 Magnam
1032 3275 1121 3329 hic
1186 3274 1239 3328 in
1298 3272 1519 3329 Iudaeos
1566 3272 1948 3328 crudelitatem

370 3369 644 3435 exercuit,
674 3369 812 3424 adeo
842 3375 902 3423 ut
929 3369 1050 3435 ejus
1112 3376 1357 3437 tempore
1416 3367 1599 3422 nullus
1660 3374 1952 3437 appareret

370 3462 610 3519 Iudaeus.
638 3465 779 3529 Quin
811 3474 864 3517 et
893 3462 949 3516 in
986 3460 1177 3516 animo»
1208 3460 1396 3517 habuit
1446 3475 1603 3529 reges
1647 3473 1954 3527 eorumque

368 3555 510 3609 ﬁlias
548 3571 579 3610 e
610 3556 794 3609 media
818 3555 1033 3617 tollere,
1062 3565 1121 3609 ut
1150 3569 1259 3608 non
1301 3563 1446 3608 esset
1480 3552 1532 3606 in
1566 3563 1707 3607 terra
1760 3559 1954 3620 praeter

367 3661 545 3715 ipsum
576 3661 692 3699 rex.
734 3643 971 3715 Nepotes
1009 3662 1141 3712 ergo
1195 3645 1362 3700 etiam
1426 3658 1623 3714 regum
1683 3643 1951 3703 sustulit,

368 3737 688 3804 multosque
717 3751 873 3805 reges
906 3736 1202 3792 interfecit.
1225 3735 1467 3804 Cumque
1500 3734 1814 3788 nuntiaturus
1850 3733 1953 3802 ipsi

366 3833 515 3881 esset
544 3840 790 3881 asserere
833 3826 1183 3881 Christianos
1244 3824 1601 3897 345-347
1670 3825 1950 3879 Christum

367 3935 550 3989 regem
584 3935 750 3973 suum
778 3935 922 3983 esse,
961 3934 1302 3987 regnumque
1329 3920 1505 3989 ipsius
1537 3924 1827 3981 aeternum,
1865 3933 1955 3971 es-

363 4028 532 4080 seque
576 4012 725 4081 ipsos
757 4012 1062 4066 exercitum
1092 4012 1405 4081 copiosum.
1435 4024 1808 4079 magnamque
1848 4010 1953 4063 ho-

364 4105 577 4158 minum
612 4103 1048 4168 multitudinem,
1072 4103 1423 4158 vehementer
1474 4104 1553 4158 ira
1603 4104 1905 4162 excanduit
1935 4143 1952 4170 ,

364 4197 643 4265 iussitque
673 4211 704 4251 e
734 4198 912 4251 medio
943 4197 1055 4251 tolli
1110 4196 1478 4260 Christianos,
1516 4213 1616 4253 nec
1669 4199 1839 4253 ullum
1896 4199 1951 4253 in

365 4303 532 4357 regno
580 4288 753 4358 ipsius
795 4289 1031 4357 relinqui
1065 4287 1463 4343 Christianum.
1493 4288 1620 4345 Fuit
1646 4300 1759 4344 tum
1783 4288 1955 4345 Joan-

366 4395 464 4434 nes
513 4380 847 4446 evangelista
878 4382 931 4434 in
967 4379 1136 4445 Neso,
1171 4380 1264 4450 qui
1302 4382 1404 4435 hoc
1435 4380 1621 4434 audito
1668 4390 1945 4446 metuens,

365 4470 637 4541 Ephesum
668 4472 824 4543 fugit.
863 4473 1082 4527 Mittens
1109 4483 1289 4527 autem
1324 4473 1625 4541 imperator
1678 4471 1947 4528 Hieroso-

2058 3285 2202 3329 terra
2238 3285 2344 3329 est.
2402 3273 2662 3343 Ejusdem
2706 3284 2950 3343 tempore
2986 3271 3337 3345 349-351
3400 3271 3645 3340 philoso-

2056 3367 2198 3435 phus
2226 3366 2450 3436 quidam
2489 3366 2593 3422 fuit
2623 3382 2653 3421 e
2682 3365 3054 3421 Romanorum
3109 3363 3481 3434 maguatibus,
3542 3378 3641 3416 na-

2054 3460 2203 3515 mine
2233 3458 2585 3515 Comtnodus.
2611 3460 2770 3512 Auno
2794 3456 3007 3527 imperii
3043 3456 3288 3525 ejusdem
3322 3464 3477 3510 sexto
3501 3470 3639 3510 con-

2054 3554 2283 3611 stitutus
2308 3564 2394 3609 est
2425 3552 2597 3608 Judas
2627 3553 2926 3625 episcopus
2954 3550 3512 3621 llierosolymitanus,
3544 3549 3642 3607 ubi

2054 3662 2177 3702 cum
2210 3657 2413 3714 septem
2448 3660 2620 3699 annos
2655 3644 2890 3700 sedisset
2927 3652 3181 3697 mortuus
3207 3652 3311 3697 est.

2122 3739 2284 3792 Anno
2318 3737 2558 3807 ejusdem
2603 3737 2820 3790 decimo
2867 3742 3066 3805 quarto
3099 3733 3394 3788 Zacchmus
3428 3733 3643 3802 episco-

2053 3846 2157 3900 pus
2199 3829 2724 3898 Hierosolymitanus
2755 3827 3114 3888 constitutus,
3149 3840 3273 3879 cum
3302 3835 3508 3897 septem
3536 3839 3639 3879 an-

2054 3936 2152 3975 nos
2187 3919 2420 3974 sedisset
2454 3920 2597 3972 diem
2644 3918 2803 3971 obiit.
2837 3918 2993 3970 Anno
3023 3914 3272 3986 ejusdem
3318 3925 3474 3971 sexto
3501 3930 3637 3969 con-

2052 4017 2279 4070 stitutus
2305 4023 2389 4069 est
2420 4011 2584 4069 Jeron
2619 4011 2927 4082 patriarcha
2954 4011 3357 4074 Autiochenus,
3391 4010 3483 4079 qui
3509 4025 3634 4063 cum

2060 4122 2238 4164 annos
2268 4106 2457 4177 viginti
2505 4105 2740 4160 sedisset
2791 4112 3043 4158 mortuus
3090 4112 3198 4158 est.
3237 4101 3396 4156 Anna
3424 4101 3640 4171 imperii

2052 4198 2173 4265 ejus
2198 4205 2417 4267 quarto,
2452 4195 2655 4264 Xystus
2693 4196 3003 4265 patriarcha
3035 4193 3225 4248 Romae
3277 4194 3639 4257 constitutus,

2054 4304 2228 4344 annos
2261 4289 2451 4344 decem
2495 4290 2669 4354 sedet,
2717 4288 2842 4343 dein
2892 4288 3144 4342 moritur.
3188 4286 3350 4341 Anno
3390 4286 3637 4357 ejusdem

2052 4380 2267 4437 decimo
2289 4392 2489 4450 quarto
2545 4380 2733 4436 Romae
2762 4379 3081 4447 patriarcha
3114 4381 3291 4435 factus
3329 4387 3413 4433 est
3441 4378 3631 4434 Teles-

2056 4474 2284 4541 pharus,
2342 4474 2432 4542 qui
2483 4487 2608 4526 cum
2668 4486 2843 4527 annos
2896 4471 3149 4526 undecim
3198 4470 3430 4527 sedisset
3494 4470 3639 4525 diem

365 4564 529 4635 lyma,
557 4563 731 4628 Iudae,
764 4564 856 4618 ﬁlii
887 4563 1136 4633 .lasephi,
1191 4563 1590 4633 discipularum
1642 4563 1806 4618 unius
1831 4602 1847 4627 ,
1894 4564 1955 4617 ﬁ-
1993 4554 2034 4608 Ι)
2059 4566 2216 4620 obiit.
2241 4565 2398 4618 Auno
2435 4564 2648 4632 imperii
2678 4563 2800 4632 ejus
2836 4562 3129 4616 undecimo
3153 4563 3492 4617 constitutus
3516 4560 3642 4615 Jus-

363 4656 465 4710 lios
496 4658 809 4725 prehendit,
841 4673 979 4727 quas
1025 4658 1240 4712 vinctos
1293 4655 1638 4725 Romamque
1693 4654 1952 4710 advectos

361 4747 430 4803 de
457 4749 677 4805 Christo
709 4764 773 4805 ac
808 4750 982 4820 ipsius
1018 4764 1186 4819 regno
1216 4749 1594 4818 interrogavit.
1631 4746 1950 4817 Responde.

363 4852 494 4896 runt
524 4842 624 4904 illi,
654 4857 878 4912 regnum
904 4842 1078 4912 ipsius
1110 4842 1331 4897 caeleste
1352 4857 1497 4905 esse,
1520 4855 1625 4895 non
1652 4849 1951 4905 terrenum,

368 4934 660 5004 ipsumque
695 4934 905 4989 ultimis
937 4933 1278 5002 temporibus
1317 4948 1441 4988 cum
1487 4933 1661 5001 gloria
1713 4948 1908 5002 magna
1934 4973 1951 4997 ,

357 5032 413 5079 et
443 5025 759 5094 splendore,
786 5032 1079 5079 venturum
1114 5024 1182 5079 ad
1228 5023 1557 5093 judicandos
1602 5030 1657 5078 et
1696 5025 1857 5080 vivos
1894 5031 1954 5079 et

360 5127 627 5183 mortuos,
658 5132 723 5172 ac
756 5132 1204 5186 unumquemque
1240 5116 1396 5186 juxta
1441 5130 1607 5186 opera
1637 5131 1735 5170 sua
1766 5133 1952 5172 renut-

370 5218 715 5263 neraturnm.
755 5208 968 5273 Quibus
997 5207 1086 5262 ille
1113 5207 1316 5262 auditis
1370 5210 1702 5277 perterritus
1752 5208 1952 5265 liberos

357 5316 452 5357 eus
488 5301 723 5367 dimisit,
749 5316 962 5355 necnon
995 5300 1206 5355 honore
1243 5299 1382 5355 allici
1440 5299 1787 5357 Christianos
1826 5303 1950 5372 jus-

360 5394 452 5455 sit,
486 5393 735 5463 ipsisque
763 5409 821 5448 se
846 5408 1124 5463 opponere
1160 5392 1347 5448 desiit.

426 5487 624 5550 Porro,
658 5502 805 5541 anno
833 5486 1050 5556 imperii
1100 5484 1282 5555 ipsius
1318 5485 1564 5540 secundo
1613 5486 1949 5546 constitutus

369 5587 453 5632 est
483 5576 774 5633 Evaristus
805 5578 1118 5647 patriarcha
1156 5578 1367 5644 Romae,
1401 5577 1491 5633 ubi
1527 5591 1652 5630 cum
1697 5586 1822 5633 octo
1850 5593 1952 5633 an-

360 5684 461 5723 nos
498 5669 732 5724 sedisset
785 5680 1038 5725 mortuus
1067 5679 1173 5726 est.
1222 5669 1384 5723 Anno
1437 5668 1652 5737 imperii
1692 5668 1942 5738 ejusdem

359 5760 574 5815 decimo
604 5758 919 5830 patriarcha
957 5762 1144 5815 Romae
1172 5759 1352 5816 laetus
1375 5770 1458 5816 cs1
1493 5759 1822 5826 Alexander,
1854 5761 1948 5828 qui

362 5854 432 5909 ibi
471 5853 656 5912 decem
689 5868 865 5909 annos
893 5852 1052 5923 sedit,
1083 5854 1209 5911 dein
1242 5864 1490 5921 mortuus
1516 5860 1622 5912 est.
1654 5851 1813 5911 Auno
1846 5854 1947 5910 im-

2060 4666 2148 4712 tus
2173 4655 2483 4727 patriarcha
2528 4654 2957 4718 Alexandrinus,
2990 4653 3081 4707 ubi
3124 4652 3311 4707 decem
3342 4668 3520 4708 annos
3549 4668 3641 4709 se-

2056 4749 2156 4814 dit,
2196 4748 2321 4802 dein
2370 4754 2621 4801 mortuus
2662 4753 2766 4800 est.
2814 4744 2893 4799 Eo
2938 4752 3187 4813 tempore
3234 4743 3439 4798 reversi
3464 4742 3638 4798 Judazi

2058 4841 2452 4911 Hierosolyma,
2496 4853 2621 4893 cum
2656 4838 3005 4908 multiplicati
3045 4845 3235 4892 essent
3264 4836 3400 4890 adeo
3435 4844 3496 4888 ut
3534 4837 3641 4888 int-

2056 4933 2294 5002 pleretur
2321 4930 2452 4998 ipsis
2485 4929 2638 4992 urbs,
2680 4942 2863 4998 regem
2898 4928 3001 4984 sibi
3036 4926 3308 4996 praeﬁcere
3335 4925 3642 4980 constitue-

2058 5030 2183 5074 runt
2211 5038 2226 5086 ;
2268 5019 2412 5088 quod
2440 5033 2565 5071 cum
2592 5016 2831 5085 Trojano
2866 5019 3245 5071 renuntiatum
3271 5024 3437 5077 esset,
3473 5015 3641 5068 misso

2056 5113 2148 5168 ille
2178 5111 2556 5181 Hierosolyma
2585 5111 2727 5165 duce
2764 5125 2892 5165 cum
2928 5109 3245 5179 ingentibus
3274 5108 3447 5179 copiis
3480 5110 3643 5161 innu-

2057 5220 2238 5259 meros
2272 5201 2546 5257 interfecit
2592 5198 2835 5256 Judzeos.
2890 5198 3094 5253 Contra
3147 5197 3442 5269 Trajanum
3478 5197 3638 5250 istum

2060 5297 2265 5368 prodiit
2319 5294 2504 5349 Babeli
2552 5293 2773 5347 rebellis
2811 5291 3058 5362 quidam,
3091 5299 3283 5346 contra
3318 5305 3480 5360 quem
3513 5305 3639 5358 pro-

2056 5389 2200 5443 fecto
2247 5386 2488 5454 'l‘rajano
2540 5385 2676 5439 inita
2718 5396 2799 5438 est
2841 5384 2986 5436 inter
3023 5383 3173 5451 ipsos
3214 5396 3393 5452 pugna
3428 5381 3639 5435 acerri-

2056 5494 2164 5541 ma,
2202 5478 2254 5531 in
2292 5492 2397 5546 qua
2433 5475 2588 5529 multi
2636 5490 2701 5529 ex
2754 5482 2986 5542 utroque
3009 5470 3253 5526 exercitu
3299 5470 3431 5524 caesi
3487 5478 3636 5533 sunt,

2055 5573 2281 5641 ipseque
2328 5569 2601 5635 Trajanus
2625 5568 2680 5621 in
2711 5566 2900 5635 praelia
2930 5562 3255 5617 interfectus
3312 5561 3441 5615 Post
3474 5574 3639 5630 quem

2055 5660 2343 5733 imperavit
2375 5659 2554 5715 Elius
2608 5658 2886 5714 Adrianus
2918 5657 3080 5728 352
3119 5654 3301 5708 Caesar
3334 5654 3511 5713 annos
3549 5652 3635 5704 vi-

2054 5758 2212 5828 ginti.
2248 5757 2346 5813 llic
2408 5764 2600 5811 contra
2664 5754 2916 5809 rebellem
2978 5751 3143 5805 istum
3220 5747 3467 5804 Babcletu
3510 5761 3638 5816 pro-

2055 5851 2233 5907 fectus
2269 5849 2449 5921 ipsum
2477 5846 2799 5919 proﬂigavit,
2834 5844 2963 5902 Dein
3001 5842 3297 5915 ngyptum
3327 5838 3634 5897 contendit.
