4076 6424
427 360 531 420 987

1435 362 1806 424 EUTYCHII
1835 360 2369 425 ALEXANDRINI
2404 367 2617 430 PATR.

3583 366 3690 430 988

427 476 622 531 Gravia
658 486 838 535 autem
868 482 1022 537 valde
1056 481 1124 536 ab
1150 496 1216 536 eo
1249 482 1394 552 passi
1426 491 1550 538 sunt
1583 482 1818 553 Egyptii
1870 486 1998 540 dum
2030 477 2075 532 Δ
2103 489 2189 537 est
2220 481 2501 554 Benjamin
2523 484 2816 556 episcopus
2836 484 3387 558 ﬂierosolymitanus,
3417 490 3508 557 qui
3531 498 3693 557 post-

431 577 684 629 homincs
734 576 802 630 ad
864 576 1132 631 idolorum
1180 579 1387 632 cultum
1444 576 1710 649 adigeret,
1746 594 1908 648 quam
1938 578 2009 632 ob

430 680 659 721 causam
697 671 900 725 multos
928 674 1148 727 etiame
1179 672 1530 737 Christianis,
1569 682 1743 728 morte
1780 670 1961 727 aﬂ’ecit
1991 688 2007 724 :

431 756 574 813 inter
606 769 835 818 caeteros
862 762 978 816 Mar
1013 766 1279 820 Astatium
1321 781 1444 820 cum
1483 782 1651 820 uxore
1698 776 1751 819 et
1794 764 2010 820 duobus

433 850 595 917 filiis;
632 855 834 923 quibus
884 857 1091 912 scilicet
1147 858 1267 913 ollae
1318 873 1482 914 aeneae
1542 857 1771 913 inclusis
1811 872 2007 928 aquam

433 942 865 1011 superfundens,
911 945 1087 1015 ignem
1120 948 1317 1003 deinde
1364 949 1676 1019 supposuit,
1713 948 1888 1003 donec
1919 963 2013 1003 co-

430 1049 753 1103 querentur.
794 1042 988 1097 Gravis
1019 1051 1197 1099 autem
1230 1044 1379 1100 Ᾰξῖιίο
1419 1046 1665 1101 Adriano
1693 1047 1746 1100 in
1782 1058 2012 1115 corpore

432 1146 532 1183 suo
573 1132 798 1190 morbus
831 1135 1032 1189 accidit
1058 1152 1075 1201 ;
1101 1153 1274 1206 quare
1315 1138 1442 1193 dum
1478 1140 1659 1194 varias
1697 1147 2013 1209 peragraret

436 1224 685 1292 regiones
719 1226 785 1281 ad
819 1230 1119 1285 remedium
1150 1235 1366 1301 corpori
1393 1241 1446 1287 et
1490 1234 1683 1288 morbo
1730 1248 1832 1289 suo
1863 1248 2013 1303 quae-

431 1318 682 1385 rendum,
718 1316 1093 1392 Hierosolyma
1117 1323 1217 1392 ipsi
1256 1324 1568 1388 laudarunt,
1600 1340 1708 1392 quo
1731 1340 1854 1379 cum
1890 1340 2013 1392 per-

433 1408 677 1464 venisset
704 1410 930 1481 ipsaque
974 1426 1181 1470 vaStata
1224 1416 1514 1478 inveniret,
1549 1417 1683 1471 adeo
1718 1425 1773 1470 ut
1800 1418 2010 1471 nullum

429 1495 500 1549 ibi
554 1494 893 1572 [azdilicium]
951 1512 1149 1571 praeter
1208 1506 1653 1561 Christianorum
1716 1509 2010 1563 ecclesiam

429 1595 595 1649 esset,
630 1591 839 1645 exstrui
878 1591 1046 1661 jussit
1081 1596 1267 1650 urbem
1304 1596 1450 1651 circa
1504 1597 1792 1666 templum,
1827 1613 2017 1652 muro-

429 1692 533 1746 que
561 1678 686 1735 forti
718 1682 860 1754 cingi
893 1703 906 1739 :
942 1686 1085 1754 quod
1116 1703 1236 1742 cum
1268 1689 1525 1742 audirent
1551 1688 1746 1756 Judaei,
1767 1707 1830 1745 ex
1862 1693 2014 1745 omni

432 1771 735 1837 provincia,
768 1776 1031 1844 omnique
1085 1780 1221 1834 urbe
1269 1781 1567 1847 conﬂuere,
1592 1781 1731 1837 adeo
1756 1792 1814 1835 ttt
1865 1781 2012 1836 brevi

431 1865 694 1930 temporis
745 1869 926 1936 spatio
989 1871 1306 1941 impleretur
1375 1874 1509 1942 ipsis
1564 1875 1718 1931 urbs.
1771 1875 2015 1944 Cumque

434 1956 587 2009 multi
630 1974 859 2013 nutnero
890 1963 1217 2026 evasissent,
1249 1980 1427 2035 regem
1481 1965 1588 2020 illis
1628 1967 1848 2020 nomine
1879 1966 2013 2022 Bar-

434 2045 641 2112 juzium
680 2050 1057 2117 przrl’ecerunt.
1093 2052 1247 2119 Quod
1303 2070 1427 2110 cum
1463 2055 1607 2111 Ᾰῖιὶο
1639 2056 1883 2110 Adriano
1933 2072 2017 2111 re-

435 2140 748 2193 nuntiatum
787 2155 953 2211 esset,
989 2145 1139 2200 misit
1177 2146 1264 2201 ille
1289 2147 1485 2202 ducem
1517 2162 1548 2202 e
1579 2149 1696 2204 suis
1725 2148 2013 2217 quemdam

436 2231 650 2297 magnis
700 2231 1031 2289 instructum
1090 2237 1288 2305 copiis,
1324 2238 1418 2306 qui
1473 2239 1664 2293 urbem
1715 2239 2013 2295 obsideret.

438 2320 642 2376 Mortui
677 2339 807 2394 ergo
854 2336 980 2380 sunt
1018 2327 1113 2397 qui
1158 2328 1210 2382 itt
1259 2345 1322 2384 ea
1354 2338 1510 2385 erant
1539 2328 1679 2387 tame
1708 2340 1761 2385 et
1793 2331 1908 2388 siti.
1940 2331 2014 2385 Ea

433 2413 632 2469 deinde
664 2426 820 2485 capta
882 2434 1134 2490 magnam
1188 2419 1498 2476 Jodmorum
1536 2430 1776 2492 stragem
1818 2422 2013 2488 edidit,

436 2497 737 2574 urbemque
765 2508 933 2562 diruit
971 2509 1108 2565 adeo
1134 2520 1194 2564 ut
1217 2512 1487 2567 desertam
1523 2514 1880 2583 relinqueret.
1914 2513 2015 2567 At—

435 2613 541 2665 que
578 2598 680 2654 hoc
715 2601 963 2656 ultimum
1016 2603 1372 2675 353-355
1397 2617 1479 2661 est
1508 2606 2014 2676 Hierosolymorum

435 2693 735 2749 excidium.
769 2694 1012 2750 Fuerunt
1070 2705 1252 2752 autem
1286 2714 1315 2752 e
1349 2698 1577 2765 Judaais,
1606 2701 1699 2769 qui
1723 2700 2016 2772 Egyptum

436 2784 705 2852 fugerent.
744 2787 837 2842 alii
874 2788 963 2849 qui
1015 2789 1227 2861 Syriam
1284 2802 1337 2845 et
1369 2792 1421 2844 in
1460 2800 1698 2854 montes,
1744 2801 1797 2846 et
1836 2792 2016 2855 regio-

437 2891 557 2928 nem
587 2877 807 2947 Algattr.
841 2878 1012 2935 Jussit
1037 2896 1164 2935 vero
1192 2897 1306 2945 rev,
1333 2897 1399 2935 ne
1422 2883 1544 2951 quis
1571 2881 1795 2938 Judaaus
1825 2884 2014 2938 urbem

437 2969 727 3033 incoleret,
780 2988 970 3026 verum
1030 2974 1261 3028 interﬁci
1313 2976 1461 3043 ipsos
1512 2984 1793 3045 totamque
1824 2991 2014 3031 eorum

438 3061 660 3130 stirpem
701 3064 870 3119 deleri
908 3082 923 3126 ;

971 3067 1159 3121 urbem
1194 3074 1373 3121 autem
1405 3082 1434 3121 a
1461 3066 1665 3122 Grzecis
1702 3068 1932 3122 habitari
1961 3077 2017 3123 et
2053 3114 2059 3122 .

2111 590 2276 643 quam
2351 590 2527 632 annos
2604 586 2720 633 tres
2777 579 3011 633 sedisset
3058 588 3313 633 mortuus
3363 587 3466 633 est.
3532 580 3695 635 Anno

2110 668 2353 737 ejusdem
2387 669 2622 735 decimo,
2655 671 2831 725 factus
2860 677 2944 725 est
2975 668 3215 725 Joannes
3245 671 3538 740 episcopus
3568 670 3694 725 Hie-

2114 759 2562 829 rosolymitanus,
2599 761 2692 830 qui
2722 776 2845 817 cum
2884 777 3059 818 annos
3097 764 3235 818 duos
3268 763 3503 818 sedisset
3537 780 3690 818 mor-

2114 859 2244 905 tuus
2303 860 2408 906 est.
2472 852 2630 907 Auno
2661 854 2904 922 ejusdem
2969 854 3182 910 decimo
3209 855 3371 909 tertio
3400 856 3576 911 factus
3604 865 3693 911 est

2114 942 2437 1000 Matathaeus
2470 946 2761 1015 episcopus
2786 946 3332 1019 Hierosolymitanus,
3357 949 3448 1017 qui
3466 959 3522 1003 et
3549 948 3692 1004 duos

2114 1047 2289 1088 annos
2324 1034 2489 1098 sedit,
2520 1036 2644 1090 dein
2693 1046 2945 1092 mortuus
2982 1046 3086 1094 est.
3118 1038 3279 1094 Anno
3310 1039 3561 1108 ejusdem
3595 1040 3695 1093 de-

2113 1125 2258 1180 cimo
2307 1128 2502 1194 quinto
2554 1130 2885 1185 constitutus
2937 1139 3022 1187 est
3077 1131 3357 1201 Philippus
3401 1133 3696 1202 episcopus

2116 1214 2662 1289 Hierosolymitanus,
2689 1222 2781 1290 qui
2813 1237 2938 1277 cum
2965 1239 3141 1280 annos
3163 1226 3327 1280 etiam
3356 1226 3494 1282 duos
3518 1226 3697 1282 sedis-

2115 1314 2197 1359 set
2249 1317 2497 1365 mortuus
2553 1320 2658 1367 est.
2704 1315 2863 1369 Anno
2915 1315 3162 1385 ejusdem
3201 1318 3415 1373 decimo
3463 1321 3696 1389 septimo

2116 1397 2293 1454 factus
2322 1410 2405 1456 est
2433 1401 2639 1459 Seneca
2667 1406 2959 1475 episcopus
3009 1408 3567 1482 Hierosolymitanus,
3599 1413 3692 1480 qui

2115 1507 2318 1547 annum
2348 1513 2518 1551 unum
2552 1499 2718 1563 sedit,
2769 1501 2894 1555 dein
2949 1513 3200 1559 mortuus
3229 1513 3333 1560 est.
3360 1502 3519 1559 Anno
3545 1506 3697 1572 ejus-

2115 1587 2237 1641 dem
2286 1587 2501 1645 decimo
2547 1601 2743 1646 octavo
2775 1602 2994 1649 creatus
3027 1607 3113 1651 est
3156 1595 3345 1653 Justus
3405 1598 3695 1668 episcopus

2118 1678 2665 1753 llierosolymitanus,
2700 1685 2789 1739 ubi
2817 1701 2940 1741 cum
2973 1702 3148 1743 annos
3169 1690 3411 1759 quinque
3440 1692 3697 1761 sedisset,

2049 1821 2088 1873 Β
2117 1788 2146 1827 ε
2176 1774 2315 1829 vivis
2344 1777 2605 1831 excessit.
2659 1777 2871 1834 Mortuo
2904 1792 3084 1836 autem
3144 1782 3291 1837 ΔΕΙἰο
3340 1784 3694 1854 imperatore,

2121 1875 2243 1933 post
2290 1866 2467 1934 ipsum
2522 1866 2710 1925 Romae
2751 1886 2928 1928 annos
2980 1875 3168 1944 viginti
3221 1875 3360 1931 duos
3411 1878 3701 1944 imperavit

2118 1959 2430 2015 Antoninus
2458 1961 2643 2017 Caesar
2672 1982 2686 2018 :
2720 1963 2878 2033 cujus
2901 1965 3110 2033 imperii
3142 1984 3283 2021 anno
3309 1970 3500 2037 quinto
3521 1971 3699 2027 factus

2119 2060 2202 2106 est
2273 2053 2536 2109 Anicetus
2591 2056 2902 2124 patriarcha
2933 2057 3293 2130 357-359
3362 2060 3693 2119 Romanus:

2118 2145 2261 2200 sedit
2321 2162 2497 2202 annos
2564 2149 2841 2215 undecim,
2884 2152 3010 2205 dein
3064 2163 3312 2209 mortuus
3361 2165 3465 2209 est.
3540 2157 3700 2212 Anno

2117 2236 2359 2306 ejusdem
2414 2238 2629 2293 decimo
2665 2249 2822 2295 sexto
2878 2242 3056 2297 factus
3090 2255 3177 2299 est
3226 2245 3547 2301 Soterichus
3607 2262 3706 2315 pa-

2118 2330 2361 2385 triarcha
2413 2330 2740 2387 Romanus;
2779 2334 2920 2389 sedit
2955 2350 3130 2390 annos
3182 2347 3331 2401 octo,
3370 2339 3494 2392 dein
3551 2355 3703 2394 mor-

2122 2430 2246 2475 tuus
2295 2430 2401 2476 est.
2438 2422 2598 2477 Anno
2643 2423 2859 2492 imperii
2907 2425 3079 2494 ipsius
3122 2436 3324 2495 quarto
3370 2430 3707 2485 constitutus

2120 2517 2204 2565 est
2254 2510 2470 2566 Clarius
2516 2513 2829 2581 patriarcha
2883 2514 3305 2580 Alexandrinus,
3341 2518 3484 2573 sedit
3529 2534 3706 2575 annos

2127 2604 2403 2667 undecim,
2434 2603 2558 2658 dein
2590 2612 2843 2661 mortuus
2876 2614 2978 2661 est.
3015 2607 3175 2661 Anno
3210 2608 3456 2681 ejusdem
3488 2608 3705 2665 decimo

2122 2694 2319 2763 quinto
2349 2695 2683 2751 constitutus
2707 2704 2792 2751 est
2821 2696 3091 2765 Agrabius
3117 2701 3427 2767 patriarcha
3464 2699 3706 2756 Alexan-

2120 2786 2336 2851 drinus,
2375 2787 2468 2855 qui
2519 2802 2692 2843 annos
2750 2788 3037 2844 duodecim
3069 2790 3237 2853 sedit,
3284 2791 3410 2845 dein
3457 2803 3707 2849 mmtuns

2122 2884 2230 2931 est.
2265 2876 2426 2931 Anno
2481 2878 2692 2946 imperii
2752 2880 2929 2948 ipsius
2986 2882 3148 2935 tertio
3188 2892 3406 2937 creatus
3434 2893 3519 2938 est
3566 2884 3708 2939 Erus

2126 2969 2439 3037 patriarcha
2494 2970 2927 3039 Antiochenns,
2988 2974 3130 3029 sedit
3195 2976 3361 3030 annis
3421 2978 3705 3043 tredecim,

2124 3060 2250 3114 dein
2284 3061 2437 3117 obiit.
2470 3065 2626 3117 Anno
2650 3063 2895 3131 ejusdem
2921 3066 3139 3120 decimo
3187 3077 3345 3124 sexto
3367 3079 3588 3126 creatus
3622 3079 3709 3125 est

438 3160 504 3215 de
537 3159 883 3228 imperatoris
924 3161 1145 3215 nomine
1173 3159 1371 3214 Etiam
1400 3162 1659 3228 appellari
1694 3182 1709 3217 :
1740 3177 1911 3231 quare
1953 3162 2024 3218 ab
2050 3157 2093 3214 (Ξ
2129 3153 2464 3223 Theophilus
2497 3157 2805 3224 PatriarCha
2833 3157 3225 3222 Antiocbettus,
3255 3163 3350 3232 qui
3381 3178 3505 3217 cum
3530 3180 3710 3223 annos

439 3268 504 3308 eo
544 3263 793 3322 tempore
823 3254 970 3307 hunc
1010 3268 1183 3322 usque
1216 3253 1359 3308 diem
1386 3253 1528 3307 Elia
1556 3264 1783 3309 vocatur
1812 3271 1826 3308 :
1857 3268 2020 3323 quam

440 3345 787 3400 incoluerunt
826 3344 1022 3409 Graeci,
1057 3354 1110 3400 et
1161 3348 1227 3399 ad
1270 3356 1484 3416 portam
1525 3348 1707 3416 templi
1760 3363 1884 3417 quae
1924 3350 2020 3402 Al—

440 3437 582 3490 Baha
616 3436 895 3509 [pulchra]
933 3438 1110 3502 audit,
1133 3452 1313 3491 arcem
1339 3447 1683 3499 struxerunt,
1717 3454 1880 3508 super
1911 3456 2020 3508 qua

441 3528 681 3583 tabulam
735 3545 988 3600 magnam
1034 3543 1355 3599 posuerunt,
1393 3532 1740 3599 imperatoris
1800 3533 2026 3589 nomine

442 3621 583 3676 {Elio
617 3622 960 3691 inscriptam,
994 3624 1159 3691 idque
1184 3638 1331 3677 anno
1359 3622 1574 3693 imperii
1604 3623 1776 3691 ipsius
1803 3630 2022 3677 octavo.

442 3716 548 3768 Arx
613 3715 717 3769 ista
762 3714 925 3769 hodie
978 3715 1047 3769 ad
1079 3724 1290 3783 portam
1353 3712 1863 3785 Hierosolymorum
1919 3715 2026 3769 sita

442 3807 662 3862 Davidis
692 3807 1000 3861 sacrarium
1049 3809 1377 3877 appellatur.
1414 3807 1534 3862 Jam
1568 3808 1636 3863 ab
1663 3807 1883 3862 excidio
1916 3808 2027 3877 pri-

441 3916 529 3954 mo
553 3917 647 3969 per
678 3900 859 3955 Titum
885 3901 1032 3956 facto
1056 3902 1122 3956 ad
1152 3902 1256 3957 hoc
1286 3902 1517 3957 alterum
1548 3903 1676 3955 anni
1713 3909 1841 3957 sunt
1867 3902 2029 3970 quin-

440 3993 702 4062 quaginta
760 4002 895 4049 tres.
955 3993 1181 4063 lmpleta
1232 4001 1415 4049 autem
1471 4003 1602 4048 sunt
1648 3992 2025 4063 Hierosolyma

444 4086 668 4151 Graecis,
704 4088 796 4155 qui
836 4103 959 4141 cum
1013 4086 1365 4142 Christianos
1398 4089 1664 4151 tltnetutn,
1721 4086 1869 4141 istud
1927 4086 2029 4140 sub

444 4191 551 4244 quo
589 4184 706 4228 erat
740 4176 1089 4242 Sepulcrum,
1151 4184 1207 4230 et
1254 4175 1514 4231 Craniutn
1551 4175 1722 4239 adire,
1749 4183 1916 4245 atque
1952 4175 2026 4230 ibi

445 4281 636 4333 preces
671 4266 903 4320 fundere
930 4268 1200 4330 viderent,
1226 4283 1325 4322 eos
1383 4268 1488 4322 hoc
1521 4266 1703 4323 facere
1734 4269 2030 4338 prohiben-

445 4369 528 4412 tes
564 4374 733 4428 super
784 4359 969 4414 timeto
1001 4360 1261 4429 templum
1294 4360 1490 4416 Veneri
1518 4361 1762 4416 dicatum
1811 4371 2030 4417 struxe-

447 4460 596 4503 t‘ttttl.

521 4542 678 4596 Anno
707 4542 915 4611 imperii
950 4543 1070 4613 ejus
1094 4554 1248 4601 sexto
1278 4546 1616 4602 constitutus
1646 4554 1730 4601 est
1757 4546 2031 4617 Eugenius

436 4635 756 4703 patriarcha
794 4635 1093 4702 Romanus,
1130 4640 1221 4707 qui
1249 4655 1372 4693 cum
1398 4655 1573 4694 annos
1595 4649 1833 4709 quatuor
1862 4639 2033 4695 sedis-

436 4735 531 4780 set
566 4737 816 4780 mortuus
846 4739 949 4782 est.
982 4732 1142 4783 Anno
1172 4729 1415 4798 ejusdem
1449 4729 1662 4785 decimo
1703 4732 2035 4786 constitutus

435 4826 533 4872 .est
563 4816 780 4872 Marcus
810 4819 1122 4888 patriarcha
1156 4822 1456 4889 Romanus,
1485 4823 1577 4891 qui
1604 4839 1781 4879 annos
1808 4823 2036 4891 quinde-

451 4910 557 4963 cim
594 4911 754 4975 sedit,
783 4911 907 4965 dein
952 4923 1207 4968 mortuus
1235 4924 1338 4968 est.
1394 4916 1553 4969 Anno
1619 4929 1764 4969 nono
1819 4914 2033 4983 imperii

439 4999 574 5066 .ejus
605 4999 780 5055 factus
819 5010 903 5056 est
932 5001 1220 5056 Cornelius
1266 5004 1579 5071 patriarclra
1624 5004 2026 5066 Antiocheuus,

459 5090 551 5145 ubi
581 5105 704 5147 cum
747 5106 921 5147 annos
954 5074 1421 5164 356se§decitu
1454 5095 1686 5151 sedisset
1709 5095 1851 5150 diem
1878 5094 2036 5150 obiit.

455 5186 614 5238 Anno
651 5184 858 5253 imperii
914 5185 1032 5254 ejus
1062 5186 1305 5241 secundo
1346 5195 1565 5242 creatus
1612 5200 1696 5243 est
1729 5187 2031 5243 Eumenius

454 5277 766 5347 patriarcha
798 5277 1227 5343 Alexandrinus,
1253 5278 1343 5346 qui
1380 5294 1505 5331 cum
1534 5295 1707 5334 annos
1742 5280 2031 5334 duodecim

456 5371 693 5427 sedisset
727 5381 975 5424 mortuus
1000 5380 1105 5425 est.
1131 5373 1290 5424 Anno
1320 5371 1564 5440 ejusdem
1595 5372 1809 5425 decimo
1836 5381 2033 5441 quarto

451 5466 789 5519 constitutus
819 5474 903 5520 est
930 5463 1240 5519 Marcianus
1266 5463 1578 5532 patriarcha
1606 5463 2036 5530 Alexandrinus,

452 5555 553 5624 qui
587 5565 875 5625 postquam
920 5570 1095 5609 annos
1136 5556 1325 5609 decem
1361 5554 1598 5610 sedisset
1652 5564 1900 5609 mortuus
1931 5563 2037 5609 est.

459 5647 620 5701 Anno
671 5648 885 5717 imperii
945 5647 1065 5718 ejus
1097 5654 1295 5716 quarto
1356 5648 1690 5703 constitutus
1715 5656 1802 5703 est
1833 5646 2039 5703 Tobias

458 5739 755 5808 cpiscOpus
816 5739 1372 5814 Hierosolymitanus,
1402 5744 1493 5798 ubi
1526 5758 1651 5797 eum
1702 5752 1813 5800 tres
1866 5758 2039 5797 annos

461 5828 696 5884 sedisset
732 5842 981 5888 mortuus
1016 5846 1117 5890 est.
1149 5835 1307 5890 Anno
1337 5835 1575 5905 ejusdem
1602 5836 1832 5905 septimo
1863 5834 2036 5890 factus

2125 3246 2314 3314 viginti
2350 3263 2517 3300 unum
2539 3249 2773 3303 sedisset
2798 3260 3048 3305 mortuus
3077 3261 3180 3306 est.
3200 3251 3359 3308 Anno
3385 3253 3597 3325 imperii
3624 3257 3708 3326 ip-

2124 3339 2239 3395 sius
2274 3340 2452 3409 pritno
2488 3343 2856 3417 .constitutus
2886 3353 2969 3399 est
3012 3345 3140 3400 Levi
3176 3348 3465 3418 episcopus
3509 3347 3707 3404 Hiero-

2122 3433 2524 3503 solymitanus;
2575 3436 2717 3489 sedit
2751 3451 2927 3493 annos
2972 3438 3234 3510 quinque,
3287 3438 3411 3494 dein
3452 3452 3702 3497 mortuus

2122 3534 2225 3580 est.
2250 3526 2407 3579 Anno
2423 3525 2669 3595 ejusdem
2696 3537 2854 3582 sexto
2875 3530 3208 3586 constitutus
3227 3540 3313 3587 est
3335 3530 3569 3601 Ephrem
3587 3532 3708 3601 epi-

2124 3632 2328 3685 scopus
2372 3616 2940 3691 Hierosolymitanus;
2978 3622 3120 3677 sedit
3163 3638 3339 3680 annos
3379 3624 3541 3688 duos,
3581 3624 3710 3680 dein

2129 3722 2377 3764 mortuus
2407 3720 2511 3765 est.
2539 3711 2697 3764 Anno
2724 3712 2971 3780 ejusdem
2997 3725 3192 3769 octavo
3216 3714 3393 3771 factus
3415 3724 3502 3771 est
3533 3715 3709 3770 Arsa-

2127 3799 2253 3852 nius
2270 3799 2562 3868 episcopus
2582 3798 3131 3873 Hlerosolymitanus.
3152 3804 3381 3872 quicum
3403 3820 3577 3860 annos
3599 3815 3713 3858 tres

2128 3890 2365 3946 sedisset
2396 3901 2649 3947 mortuus
2681 3903 2788 3950 est.
2816 3895 2973 3948 Anno
2994 3893 3239 3961 ejusdem
3265 3896 3553 3951 undecimo
3576 3912 3711 3953 cou-

2127 3982 2354 4038 stitutus
2387 3981 2530 4038 Juda
2588 3985 2883 4054 episcopus
2917 3985 3465 4056 llierosolymitanus,
3498 3986 3713 4044 duobus

2131 4074 2291 4129 annis
2314 4075 2476 4138 sedit,
2505 4074 2630 4129 dein
2661 4076 2817 4132 obiit.
2844 4075 2963 4132 Jam
3001 4092 3131 4131 vero
3165 4092 3194 4131 a
3221 4077 3425 4132 Jacobo
3453 4078 3714 4148 episcopo

2141 4167 2647 4238 Ilierosolytnitano
2704 4169 2905 4237 primo,
2956 4183 3131 4237 usque
3167 4169 3235 4223 ad
3288 4168 3483 4223 Judam
3546 4169 3711 4224 istum

2135 4260 2384 4330 ejusdem
2420 4260 2522 4315 loci
2557 4261 2903 4330 episcopum,
2936 4261 3156 4317 fuerunt
3180 4262 3450 4332 episcopi,
3484 4264 3573 4331 qui
3595 4262 3710 4318 sedi

2134 4352 2225 4408 isti
2278 4351 2737 4421 praeﬁciebantur,
2774 4353 3112 4407 circumcisi.
3144 4353 3303 4408 Anno
3335 4353 3547 4421 imperii
3601 4356 3715 4408 An-

2137 4445 2311 4500 tonini
2336 4444 2553 4501 decimo
2605 4446 2765 4499 tertio
2805 4446 3141 4502 constitutus
3176 4455 3261 4499 est
3291 4447 3454 4515 360
3497 4444 3715 4500 Marcus

2146 4538 2440 4607 episcopus
2479 4534 3034 4603 Hierosolytnitanus,
3064 4538 3153 4592 ubi
3176 4553 3351 4593 annos
3383 4548 3507 4593 octo
3547 4538 3716 4601 sedit,

2135 4630 2263 4685 dein
2308 4638 2561 4683 mortuus
2595 4637 2702 4682 est.
2754 4629 2912 4684 Anno
2945 4629 3193 4698 ejusdem
3232 4631 3491 4685 vicesimo
3539 4629 3717 4699 primo

2135 4733 2353 4777 creatus
2384 4728 2468 4775 est
2491 4720 2788 4775 Cassianus
2818 4724 3112 4791 episcopus
3159 4722 3717 4794 llierosolymitanus,

2136 4814 2231 4885 qui
2257 4828 2380 4867 cum
2413 4826 2588 4868 annos
2627 4814 2868 4881 quinque.
2905 4815 3140 4871 sedisset
3173 4814 3317 4870 diem
3351 4815 3508 4869 obiit.

2207 4905 2422 4961 Mortuo
2444 4903 2722 4981 Antonino
2751 4903 2987 4967 Cmsare,
3024 4907 3127 4974 ipsi
3160 4906 3213 4959 itt
3250 4906 3479 4975 imperio
3504 4921 3722 4967 succes-

2140 4999 2213 5054 sit
2243 4998 2477 5065 Marcus,
2514 4999 2607 5067 qui
2638 4997 2896 5054 Aurelius
2925 4998 3128 5063 Caesar,
3163 5016 3263 5054 nec
3296 5015 3403 5054 non
3442 5000 3719 5055 Antonius

2139 5101 2192 5147 et
2216 5092 2390 5147 Verus
2413 5091 2717 5160 appellatus
2739 5098 2844 5153 est,
2868 5093 3104 5160 quicum
3139 5107 3315 5147 annos
3343 5093 3716 5149 novemdecim

2143 5184 2469 5254 imperasset
2493 5199 2524 5237 e
2553 5184 2694 5239 vivis
2719 5183 2979 5238 excessit.
3007 5183 3215 5251 Magnae
3244 5183 3334 5237 hic
3360 5185 3718 5248 calamitatis,

2142 5286 2195 5330 et
2226 5277 2465 5332 tristitia:
2493 5277 2769 5332 diuturna:
2802 5276 3134 5331 Christianis
3183 5286 3377 5331 auctor
3415 5276 3538 5339 fuit,
3577 5279 3721 5330 mul-

2145 5371 2216 5424 tis
2248 5370 2352 5424 sub
2376 5371 2496 5439 ipso
2540 5370 2861 5441 martyrium
2914 5370 3118 5439 passis.
3152 5367 3285 5437 Ejus
3317 5380 3562 5439 tempore
3609 5384 3726 5422 ma-

2144 5477 2247 5529 gna
2310 5460 2413 5517 fuit
2463 5462 2659 5525 fames,
2720 5461 3071 5530 siccitasque,
3102 5469 3156 5513 et
3208 5464 3402 5530 pestis,
3437 5460 3567 5515 dum
3622 5474 3723 5531 per

2147 5553 2425 5610 biennium
2460 5570 2567 5607 non
2598 5554 2829 5622 plueret,
2856 5554 2993 5608 adeo
3022 5563 3081 5607 ut
3114 5568 3305 5623 parum
3335 5554 3555 5609 abesset
3588 5554 3723 5622 quin

2145 5658 2199 5703 et
2243 5662 2338 5702 rex
2371 5657 2424 5699 et
2455 5645 2688 5715 populus
2734 5646 2966 5714 imperio
2990 5644 3165 5714 ipsius
3207 5644 3463 5700 subditus
3494 5646 3638 5698 fame
3668 5655 3722 5699 et

2145 5747 2298 5810 peste
2321 5740 2593 5808 perirent:
2622 5736 2861 5807 quiergo
2876 5737 3217 5793 Christianos
3240 5743 3577 5808 rogaruntut
3595 5752 3723 5806 pre-

2153 5835 2309 5890 cihus
2333 5849 2362 5888 a
2386 5832 2618 5889 Domino
2637 5847 2737 5889 suo
2751 5832 2989 5900 pluviam
3011 5832 3391 5899 impetrarent.
3427 5830 3537 5887 Illis
3555 5828 3723 5900 igitur
