4076 6436
389 417 498 479 989

1828 418 2206 479 ANNALES.

3538 414 3646 482 990

391 545 584 599 preces
611 530 680 586 ad
719 530 1008 587 Dominum
1058 531 1442 600 fundentibus,
1483 551 1733 606 magnam
1772 508 1966 606 pluvia:
1997 537 2039 591 Α
2070 535 2162 589 ubi
2199 543 2346 590 esset
2394 534 2641 604 ipsorum
2695 532 2955 590 dominus
3001 532 3107 602 ipsi
3167 532 3498 594 indicarent,
3542 533 3642 598 illi,

394 627 611 689 copiam
640 621 885 689 demisit,
926 641 1034 694 quo
1060 635 1221 695 pacto
1250 627 1466 683 sublata
1506 637 1594 684 est
1621 639 1675 684 et
1708 628 1881 685 fames
1913 638 1967 684 et

393 719 586 786 pestis.
627 716 741 772 Sub
765 718 886 786 ipso
915 719 968 772 in
993 716 1199 774 Graecia
1222 718 1407 775 ﬂoruit
1436 720 1684 789 Magnius
1720 722 1967 791 sapiens.

392 811 551 864 Anno
582 810 795 879 imperii
819 811 1065 879 ejusdem
1089 813 1329 867 secundo
1354 817 1687 871 constitutus
1703 824 1783 870 est
1804 815 1969 870 Eleu-

394 901 603 957 therius
650 903 966 972 patriarcha
1016 903 1325 970 Romanus,
1350 908 1442 975 qui
1472 918 1759 976 postquam
1790 922 1968 963 annos

392 998 705 1065 quindecim
739 998 998 1061 sedisset,
1034 1007 1284 1056 mortuus
1313 1011 1420 1056 est.
1452 999 1675 1068 Imperii
1721 1001 1966 1069 ejusdem

393 1098 540 1142 anno
561 1087 777 1142 decimo
821 1092 1058 1158 septimo
1082 1089 1259 1146 factus
1289 1090 1480 1146 Victor
1521 1091 1707 1146 Romae
1738 1091 1969 1162 patriar-

394 1181 498 1234 cha
533 1182 718 1235 decem
748 1196 924 1237 annos
986 1181 1147 1244 sedit,
1197 1182 1320 1238 dein
1368 1193 1618 1238 mortuus
1655 1191 1759 1239 est.
1810 1184 1969 1237 Anno

391 1272 635 1348 ejusdem
671 1272 863 1340 quinto
898 1274 1233 1329 constitutus
1273 1284 1353 1329 est
1376 1274 1629 1330 Julianus
1660 1276 1967 1345 patriarcha

393 1363 803 1419 Alexandrinus
838 1380 1124 1434 annosque
1155 1366 1339 1421 decem
1370 1367 1529 1432 sedit,
1553 1366 1678 1423 dein
1721 1379 1969 1423 mortuus

392 1466 499 1510 est.
550 1453 708 1508 Auno
769 1456 982 1510 decimo
1039 1457 1394 1529 361-363
1416 1459 1612 1528 quinto
1634 1461 1969 1515 constitutus

399 1562 484 1606 est
523 1552 830 1609 Demetrius
867 1553 1176 1622 patriarcha
1214 1553 1644 1618 Alexandrinus,
1669 1556 1765 1623 qui
1795 1570 1969 1608 annos

398 1642 765 1711 quadraginta
803 1652 916 1699 tres
946 1643 1109 1708 sedit,
1143 1643 1269 1697 dein
1296 1651 1547 1699 mortuus
1587 1653 1692 1700 est.
1747 1643 1970 1700 Primus

395 1735 491 1789 ille
525 1735 960 1801 patriarcharum
997 1735 1287 1804 episcopos
1317 1736 1369 1788 in
1401 1734 1620 1805 Egypti
1652 1735 1857 1790 ditione
1884 1750 1973 1787 or-

2070 643 2186 697 prae
2214 625 2382 680 animi
2416 627 2779 697 generositate
2810 640 2873 680 ac
2914 625 3120 681 domini
3152 626 3239 682 sui
3266 625 3513 680 servandi
3545 626 3645 680 de-

2070 722 2300 786 siderio,
2330 721 2458 776 illud
2492 720 2671 776 facere
2702 730 3028 777 recusarunt
3063 736 3077 774 :
3113 727 3169 774 et
3218 719 3288 774 ab
3337 719 3647 772 Alexandro

2072 814 2138 867 ad
2191 814 2543 881 Perennium-
2578 829 2755 868 annos
2792 813 2964 874 fuisse
3013 812 3341 883 quingentos
3395 820 3449 865 et
3484 811 3647 865 sede-

2071 907 2174 960 cim
2212 923 2227 960 :
2258 906 2422 976 idque
2455 921 2598 960 anno
2630 905 2846 974 imperii
2883 903 3173 960 Commodi
3198 902 3435 958 Casaris
3462 900 3651 973 365-

2070 999 2232 1070 367
2264 1014 2428 1054 nono.
2458 1000 2580 1055 Haec
2600 1000 2863 1056 Galenus.
3116 1010 3119 1011 '

2144 1093 2349 1148 Floruit
2373 1094 2537 1148 etiam
2591 1092 2836 1159 ejusdem
2869 1101 3115 1161 tempore
3155 1089 3511 1144 Democrates
3545 1101 3651 1142 sa-

2072 1186 2250 1256 piens.
2299 1186 2457 1242 Anno
2510 1187 2722 1255 imperii
2767 1187 2937 1255 ipsius
2968 1196 3161 1240 octavo
3188 1190 3404 1237 creatus
3434 1190 3517 1236 est
3546 1179 3652 1236 Ze-

2070 1280 2323 1348 phiriuus
2381 1280 2690 1349 patriarcha
2727 1279 3027 1343 Romanus,
3058 1278 3151 1347 qui
3195 1291 3370 1331 annos
3423 1275 3649 1331 octode-

2072 1374 2178 1426 cim
2208 1371 2366 1440 sedit,
2406 1373 2529 1427 dein
2566 1380 2809 1426 mortuus
2835 1380 2938 1425 est.
2970 1371 3126 1424 Anno
3151 1370 3271 1439 ejus
3300 1368 3493 1438 quinto
3519 1382 3652 1422 con-

2071 1465 2297 1521 stitutus
2327 1473 2413 1520 est
2435 1463 2698 1534 Serapion
2756 1463 3065 1532 patriarcha
3111 1461 3509 1524 Antiochenus,
3555 1462 3650 1527 qui

2070 1572 2193 1611 cum
2240 1557 2431 1612 decem
2490 1571 2665 1612 annos
2715 1557 2970 1619 sedisset,
3026 1564 3273 1609 mortuus
3330 1560 3433 1607 est.
3493 1556 3652 1605 Anno

2071 1649 2313 1718 ejusdem
2339 1650 2517 1720 primo
2541 1650 2875 1704 constitutus
2904 1658 2989 1703 est
3036 1644 3405 1717 Symmachus
3431 1644 3653 1714 episco-

2074 1756 2174 1809 pus
2197 1738 2751 1813 Hierosoiymitanus,
2777 1740 2863 1794 ubi
2891 1755 3015 1794 cum
3043 1739 3182 1793 duos
3222 1752 3394 1791 annos
3420 1736 3654 1791 sedisset

393 1826 624 1881 diaavit.
658 1826 815 1881 Anno
846 1826 1059 1895 imperii
1084 1826 1335 1894 ejusdem
1358 1827 1574 1881 decimo
1598 1827 1792 1895 quinto
1817 1842 1971 1881 crea-
2002 1869 2044 1923 Β
2075 1841 2323 1889 mortuus
2355 1842 2462 1890 est.
2499 1834 2660 1888 Anno
2706 1833 2824 1901 ejus
2854 1834 3013 1886 tertio
3046 1834 3223 1887 factus
3255 1842 3340 1886 est
3375 1831 3655 1887 Cabianus

394 1929 482 1973 tus
511 1928 594 1973 est
635 1918 905 1972 Maximus
934 1919 1246 1986 patriarcha
1292 1920 1695 1981 Antiochenus,
1736 1919 1828 1973 ubi
1869 1934 1969 1972 no-

396 2026 517 2064 vem
556 2026 729 2066 annos
756 2011 920 2078 sedit,
948 2010 1076 2065 dein
1113 2021 1366 2067 mortuus
1396 2021 1502 2067 est.
1540 2014 1697 2067 Auno
1723 2011 1969 2078 ejusdem

393 2110 593 2171 quarto
629 2102 809 2155 factus
837 2111 921 2156 est
950 2100 1223 2157 Eusebius
1255 2101 1550 2171 episcopus
1574 2101 1972 2172 Hierosolymi-

395 2207 578 2261 tzinus,
607 2196 698 2263 qui
747 2210 871 2249 cum
918 2211 1094 2250 annos
1123 2196 1262 2251 duos
1301 2195 1535 2250 sedisset
1570 2206 1819 2250 mortuus
1867 2207 1970 2251 est.

396 2288 552 2342 Anno
579 2286 702 2355 ejus
733 2297 887 2342 sexto
924 2295 1147 2343 creatus
1172 2295 1257 2341 est
1291 2284 1471 2341 Julius
1502 2287 1812 2357 patriarcha
1846 2288 1974 2341 Hie-

402 2380 849 2451 rosolymitanus,
903 2380 994 2449 qui
1024 2395 1149 2434 cum
1183 2395 1359 2436 annos
1387 2380 1525 2435 duos
1567 2381 1797 2435 sedisset
1825 2397 1975 2434 mor-

398 2480 528 2525 tuus
561 2478 663 2525 est.
714 2472 874 2525 Anno
923 2470 1166 2538 ejusdem
1202 2470 1419 2526 decimo
1466 2469 1645 2525 factus
1693 2479 1779 2527 est
1803 2471 1974 2527 Maxi-

396 2578 519 2618 mus
554 2564 844 2631 episcopus
878 2562 1429 2633 llierosolymitanus,
1452 2564 1558 2634 qui
1612 2580 1789 2620 annos
1828 2582 1971 2635 qua-

394 2667 520 2710 tuor
567 2654 732 2718 sedit,
767 2654 894 2710 dein
936 2663 1184 2709 mortuus
1211 2662 1314 2709 est.
1344 2656 1503 2710 Anno
1538 2656 1782 2724 ejusdem
1818 2657 1972 2712 deci-

394 2762 485 2802 mo
534 2746 731 2816 quinto
765 2744 968 2799 ibidem
1024 2744 1362 2800 constitutus
1395 2753 1480 2800 est
1528 2745 1821 2814 episcOpus
1870 2745 1969 2799 Ju-

392 2839 590 2904 lianus,
625 2840 718 2910 qui
755 2853 878 2894 cum
905 2838 1045 2893 duos
1079 2852 1254 2893 annos
1276 2836 1512 2893 sedisset
1552 2846 1803 2893 mortuus
1840 2846 1965 2893 est:

392 2947 538 2986 anno
568 2939 748 2986 autem
783 2930 994 2985 decimo
1010 2928 1242 2998 septimo
1270 2927 1497 2993 Gabius,
1532 2929 1623 2998 qui
1652 2936 1765 2984 tres
1792 2944 1967 2984 annos

391 3024 549 3084 sedit,
579 3023 701 3079 dein
726 3030 976 3076 mortuus
1007 3031 1112 3075 est.
1150 3020 1225 3077 Eo
1252 3029 1496 3091 tempore
1525 3021 1748 3090 scripsit
1780 3022 1971 3075 Deme-

391 3113 530 3167 trius
565 3112 875 3181 patriarcha
922 3111 1334 3167 Alexandrinus
1364 3111 1432 3165 ad
1468 3111 1700 3167 Gabium
1756 3112 1973 3181 episco-

2074 1925 2361 1996 episcopus
2410 1924 2976 1995 Hierosolymitanus,
3011 1928 3102 1995 qui
3140 1940 3265 1979 cum
3320 1935 3433 1978 tres
3481 1937 3655 1977 annos

2076 2018 2329 2082 sedisset,
2390 2026 2640 2072 mortuus
2672 2027 2778 2073 est.
2828 2018 2987 2070 Anno
3018 2017 3139 2086 ejus
3181 2024 3335 2072 sexto
3370 2017 3544 2071 factus
3572 2024 3658 2069 est

2074 2107 2324 2166 Julianus
2346 2109 2638 2179 episcOpus
2672 2108 3224 2179 Hierosolymitanus.
3248 2110 3342 2177 qui
3375 2122 3499 2162 cum
3526 2122 3660 2175 qua-

2076 2210 2201 2255 tuor
2249 2216 2423 2257 annos
2470 2201 2700 2255 sedisset
2738 2209 2989 2255 mortuus
3030 2211 3139 2255 eSt.
3186 2200 3348 2254 Auno
3404 2197 3652 2266 ejusdem

2078 2291 2370 2345 undecimo
2414 2293 2744 2345 constitutus
2774 2299 2858 2345 est
2893 2290 3039 2344 Elias
3070 2290 3363 2359 episCOpus
3399 2288 3657 2341 Hieroso-

2076 2381 2388 2452 lymitanus,
2419 2383 2511 2451 qui
2549 2374 2687 2437 ducs
2721 2396 2894 2437 annos
2918 2381 3082 2445 sedit,
3113 2380 3237 2435 dein
3275 2387 3524 2434 mortuus
3548 2387 3651 2432 est.

2074 2475 2235 2529 Anno
2268 2475 2482 2546 imperii
2510 2475 2684 2545 ipsius
2707 2474 2943 2536 decimo,
2965 2473 3139 2527 exorti
3174 2473 3352 2529 Persae
3382 2472 3656 2535 Babelem,

2078 2566 2360 2634 Amidum,
2400 2576 2454 2621 et
2508 2566 2744 2621 Persiam
2786 2570 3177 2634 occuparunt,
3243 2561 3430 2636 [duce]
3466 2577 3660 2630 nempe

2075 2660 2379 2714 Azdashiro
2407 2658 2518 2713 ﬁlio
2550 2657 2769 2722 Babeci,
2804 2657 2897 2710 lilii
2932 2657 3151 2721 Sasani,
3197 2655 3535 2717 Estochrita,
3563 2654 3655 2720 qui

2079 2753 2287 2819 primus
2322 2766 2530 2820 regum,
2557 2751 2738 2803 denuo
2770 2750 2823 2803 in
2857 2747 3101 2802 Persiam
3138 2748 3419 2817 regnavit,
3464 2746 3660 2800 litteris

2079 2842 2145 2896 ad
2188 2856 2379 2897 omnes
2410 2852 2523 2895 tum
2573 2842 2679 2895 sibi
2732 2842 2943 2896 vicinos
2972 2840 3170 2894 Persia
3216 2854 3393 2909 reges,
3425 2848 3535 2893 tum
3566 2838 3659 2907 qui

2082 2934 2298 3003 longius
2329 2934 2382 2987 in
2412 2934 2536 2988 aliis
2574 2934 2801 2988 aberant
2842 2933 3171 3002 provinciis,
3205 2932 3443 2985 tribuum
3482 2942 3660 2999 reges,

2077 3025 2238 3090 datis,
2267 3025 2464 3094 quibus
2503 3026 2653 3094 ipsos
2699 3025 2766 3079 ad
2815 3025 2917 3080 sibi
2970 3023 3380 3078 assentiendum
3413 3031 3469 3075 et
3500 3036 3656 3089 opem

2080 3118 2356 3173 ferendam
2396 3118 2687 3180 invitavit,
2742 3134 2973 3173 monens
3026 3133 3094 3171 ne
3141 3116 3242 3184 ipsi
3298 3116 3556 3169 adversos
3604 3130 3664 3168 se

393 3221 521 3275 pum
600 3203 1183 3276 Hierosolymitanum,
1248 3203 1544 3259 Maximum
1599 3204 1969 3271 patriarcham
2001 3230 2042 3287 α
2077 3210 2416 3280 praeberent,
2456 3218 2686 3265 mortem
2712 3219 2765 3263 et
2803 3224 2996 3280 pinnas
3027 3210 3071 3263 si
3106 3209 3159 3262 id
3196 3205 3442 3261 facerem
3476 3207 3660 3259 mina-

390 3298 817 3363 Antiochenum,
853 3306 909 3352 et
952 3298 1229 3353 Victorem
1260 3298 1633 3367 patriarcham
1659 3296 1971 3353 Romanum

391 3393 459 3449 de
490 3393 701 3447 ratione
726 3392 970 3462 computi
996 3388 1283 3445 Paschalis
1310 3396 1367 3445 et
1396 3389 1595 3459 jejunii
1628 3387 1977 3444 Christiano-

392 3493 617 3550 rum,et
651 3484 926 3554 quomodo
978 3496 1010 3537 a
1059 3481 1335 3538 Paschate
1388 3481 1704 3536 Judaeorum
1737 3480 1976 3535 deduca-
2024 3544 2027 3545 ν

393 3584 520 3639 tur;
550 3573 620 3630 de
659 3588 767 3643 qua
812 3588 873 3628 re
909 3572 1115 3628 multos
1157 3580 1460 3627 exararunt
1491 3571 1662 3625 libros
1691 3581 1745 3624 et
1770 3570 1976 3640 episto-

391 3666 500 3733 las,
524 3666 702 3721 donec
736 3679 803 3720 eo
831 3664 925 3733 qui
957 3663 1069 3732 jam
1097 3660 1421 3716 observatur
1457 3660 1622 3716 modo
1637 3658 1977 3715 Christiano-

395 3774 515 3813 rum
568 3757 781 3814 Pascha
830 3757 1276 3821 constituerent;
1317 3755 1485 3824 idque
1510 3755 1638 3825 quia
1668 3753 1968 3810 Christiani

396 3858 519 3919 post
560 3865 851 3906 ascensum
885 3848 1102 3904 Domini
1132 3847 1299 3919 365
1324 3847 1527 3902 Christi
1555 3847 1610 3900 in
1644 3847 1836 3911 cmlns,
1880 3846 1975 3900 ubi

394 3942 592 3997 festum
620 3940 876 4010 baptismi
908 3940 1306 4002 eelebrassent,
1329 3939 1417 3992 die
1441 3939 1688 3993 crastino
1703 3936 1974 4005 jejunium

395 4033 764 4106 quadraginta
796 4033 1011 4089 dierum
1038 4034 1278 4102 incipere
1314 4032 1589 4098 solebant,
1619 4033 1760 4101 quod
1784 4030 1976 4085 deinde

395 4128 709 4190 solvebant,
746 4127 890 4182 sicut
944 4124 1077 4179 fecit
1138 4124 1406 4179 Dominus
1455 4123 1736 4188 Christus,
1788 4130 1977 4192 utpote

395 4220 488 4287 qui
521 4227 815 4287 postquam
851 4216 1163 4285 baptizatus
1196 4215 1252 4270 in
1293 4213 1536 4270 Jordane
1568 4215 1766 4270 fuisset
1796 4217 1851 4268 in
1880 4214 1976 4269 de-

396 4323 599 4367 sertum
638 4311 797 4374 abiit,
827 4311 920 4365 ubi
958 4309 1318 4382 quadraginta
1349 4310 1469 4366 dies
1498 4311 1719 4379 jejunus
1754 4311 1974 4364 mansit.

402 4402 566 4457 Iidem
597 4400 928 4457 cum‘Judaei
962 4401 1176 4456 Pascha
1224 4402 1569 4456 celebrarent
1604 4402 1746 4455 idem
1783 4402 1976 4456 obser-

397 4508 602 4551 varunt
637 4496 862 4551 festum.
899 4496 977 4551 lla
1010 4511 1144 4566 ergo
1179 4503 1495 4551 statuerunt
1518 4497 1850 4564 patriarchae
1886 4496 1973 4550 isti

2080 3314 2187 3358 tus.
2226 3304 2305 3357 Ad
2351 3318 2493 3373 quos
2526 3318 2658 3373 ergo
2688 3301 2776 3356 ubi
2830 3303 3202 3371 pervenissent
3230 3300 3425 3353 littera:
3461 3308 3515 3353 et
3546 3299 3664 3367 epi-

2079 3398 2251 3460 stolae,
2292 3396 2450 3452 valde
2481 3396 2558 3450 illi
2594 3396 2832 3460 timere;
2867 3396 2957 3449 alii
2994 3395 3138 3448 ultro
3176 3392 3344 3464 368
3371 3392 3617 3447 obsecuti
3646 3431 3661 3452 ,

2082 3490 2297 3558 ipsique
2326 3490 2390 3541 ad
2429 3501 2587 3558 opem
2630 3486 2703 3540 illi
2759 3487 3036 3541 ferendam
3086 3486 3316 3555 profecti
3358 3492 3524 3546 sunt,
3574 3481 3664 3536 alii

2078 3581 2253 3637 donec
2283 3580 2351 3636 ad
2402 3582 2551 3652 ipsos
2607 3580 2894 3635 accederet
2930 3586 3238 3640 manentes,
3292 3587 3405 3630 tum
3455 3576 3538 3630 vel
3588 3574 3664 3626 illi

2079 3684 2276 3745 sponte
2308 3673 2780 3743 obsequebantur,
2815 3671 2894 3725 vel
2933 3670 3085 3724 inviti
3143 3670 3348 3724 servire
3392 3668 3665 3736 cogeban-

2080 3775 2190 3831 tur,
2226 3765 2321 3821 alii
2357 3779 2567 3819 moram
2604 3770 2891 3818 traxerunt
2929 3762 3104 3815 donec
3145 3760 3347 3814 caedem
3377 3769 3431 3814 et
3469 3757 3663 3813 interi~

2078 3866 2189 3911 tum
2220 3865 2554 3927 paterentur.
2592 3855 2760 3909 Nemo
2794 3861 2975 3907 autem
3013 3852 3086 3905 illi
3122 3850 3444 3921 obsequium
3482 3856 3662 3903 matu-

2078 3950 2196 4004 rius
2230 3949 2508 4020 praestitit,
2539 3962 2700 4018 quem
2726 3961 2836 4000 non
2870 3944 3223 3999 beneficentia
3257 3958 3355 3998 sua
3390 3957 3655 3997 remune-

2078 4041 2247 4107 ravit,
2276 4040 2492 4109 ipsique
2521 4037 2846 4108 dignitatem
2886 4037 3059 4097 auxit,
3108 4035 3266 4089 titulo
3301 4036 3481 4090 solum
3518 4034 3666 4103 regis

2077 4141 2325 4202 excepto,
2349 4146 2458 4202 quo
2487 4130 2785 4194 neminem,
2819 4128 2939 4198 ipso
2973 4136 3226 4197 excepto,
3256 4125 3507 4197 insigniri
3538 4141 3666 4196 per—

2080 4226 2334 4280 missum.
2378 4222 2569 4293 Neque
2603 4237 2631 4276 a
2664 4221 2875 4276 ditione
2910 4220 2977 4275 ad
3005 4220 3296 4281 ditionem,
3339 4233 3367 4272 a
3408 4233 3577 4287 regno
3600 4217 3666 4271 ad

2080 4333 2308 4387 regnum
2339 4356 2356 4380 ,
2392 4330 2420 4370 a
2455 4314 2679 4385 regione
2718 4314 2784 4367 ad
2822 4315 3098 4383 regionem
3148 4312 3381 4366 transire
3420 4310 3668 4373 destitit,

2078 4409 2255 4462 donec
2275 4407 2340 4462 ad
2372 4406 2558 4461 urbem
2589 4406 2833 4470 Saturni,
2871 4420 2992 4475 quae
3018 4413 3101 4460 est
3125 4420 3154 4459 e
3179 4404 3400 4473 regione
3425 4401 3668 4467 Mascen,

2078 4498 2439 4570 pervenisset,
2468 4513 2590 4567 quae
2617 4506 2671 4552 et
2694 4502 2803 4550 Arx
2841 4496 3163 4565 appellatur,
3191 4495 3243 4549 in
3273 4509 3379 4564 qua
3412 4508 3471 4548 se
3492 4495 3672 4546 muni-

399 4587 686 4643 Pascbatis
716 4594 1061 4656 computum,
1094 4596 1153 4641 ut
1179 4587 1494 4657 jejunarent
1519 4588 1821 4642 Christiani
1843 4603 1978 4657 qua-
2011 4589 2056 4647 D
2084 4600 2236 4647 verat
2265 4606 2361 4645 rex
2390 4589 2685 4645 Alsawadi.
2733 4587 2886 4640 Illam
2943 4586 3200 4641 diuturna
3232 4584 3521 4640 obsidione
3553 4585 3674 4637 cin-

395 4683 642 4752 draginta
673 4668 817 4742 dies,
852 4680 1053 4735 deinde
1086 4679 1178 4735 die
1219 4679 1508 4737 Pascbatis
1547 4680 1817 4750 jejunium
1860 4683 1976 4737 sol-

396 4782 607 4831 verem.

464 4866 613 4923 Obiit
644 4856 830 4923 autem
860 4866 1078 4923 Marcus
1103 4867 1288 4923 Caesar
1319 4869 1639 4937 imperator,
1674 4864 1979 4934 imperante

399 4970 528 5029 post
590 4960 773 5031 ipsum
841 4959 1030 5015 Romae
1068 4959 1372 5016 Commodo
1420 4959 1659 5022 Caesare,
1713 4957 1978 5012 Antonini

324 5040 333 5043 V
398 5052 531 5115 lilio.
566 5066 739 5108 annos
770 5052 1080 5107 duodecim.
1115 5052 1250 5118 Ejus
1271 5064 1518 5122 tempore
1542 5049 1726 5104 floruit
1754 5050 1807 5103 in
1831 5050 1982 5105 Grae-

394 5159 584 5199 corum
626 5145 857 5206 ditione,
911 5142 1045 5198 urbe
1096 5142 1383 5214 Pergamo,
1442 5141 1683 5197 Galenus
1732 5142 1975 5211 sapiens,

395 5236 529 5290 artis
584 5235 813 5290 medicae
848 5244 1061 5290 auctor.
1121 5233 1295 5287 Porro
1344 5235 1597 5288 meminit
1654 5231 1893 5289 Galenus
1922 5234 1978 5287 in

396 5328 663 5384 librorum
697 5343 925 5383 suorum
960 5327 1163 5390 indice,
1217 5342 1277 5381 se
1319 5325 1623 5381 Commodo
1658 5325 1977 5395 imperatori

396 5422 682 5478 educando
712 5420 886 5493 [quod
938 5421 1006 5475 ad
1055 5418 1367 5490 sanitatem]
1407 5417 1721 5488 prmfectum
1785 5417 1976 5473 fuisse.

397 5511 645 5567 Meminit
685 5512 850 5566 etiam
905 5524 1161 5566 sermone
1211 5509 1391 5578 primo
1414 5508 1537 5562 libri
1576 5509 1666 5576 qui
1701 5507 1778 5563 De
1808 5508 1978 5561 animi

396 5604 633 5659 moribus
664 5604 1010 5669 inscribitur,
1048 5604 1218 5659 fuisse
1250 5613 1489 5670 tempore
1537 5601 1822 5657 Commodi
1862 5602 1980 5656 im-

394 5698 692 5766 peratoris,
730 5697 937 5763 virum,
975 5694 1200 5750 nomine
1228 5692 1583 5759 Perennium,
1626 5694 1718 5762 qui
1750 5708 1875 5748 cum
1911 5694 1977 5749 ad

396 5803 581 5843 necem
611 5802 641 5843 a
671 5785 973 5844 Commodo
999 5788 1289 5858 quaesitus,
1324 5786 1577 5857 fugisset,
1607 5792 1771 5857 atque
1801 5785 1976 5853 impe-

401 5890 556 5937 rator
584 5881 724 5939 duos
747 5881 843 5951 qui
875 5882 955 5938 illi
1007 5882 1225 5940 fuerant
1271 5897 1461 5939 servos
1494 5881 1829 5949 verberaret,
1866 5895 1975 5951 quo

2083 4694 2223 4741 ctam
2264 4698 2388 4739 cum
2422 4682 2628 4735 nullam
2655 4678 2906 4748 capiendi
2947 4678 3216 4732 rationem
3258 4676 3531 4729 inveniret
3562 4677 3671 4728 Az-

2084 4775 2296 4840 dashir,
2325 4788 2511 4828 arcem
2550 4771 2856 4825 ascendens
2889 4770 3033 4838 regis
3080 4765 3376 4835 (Alsawadi
3435 4764 3666 4833 scilicet)

2084 4868 2191 4921 filia
2218 4865 2286 4920 ad
2314 4861 2601 4919 Azdashiri
2637 4860 2826 4927 copias
2851 4856 3281 4928 perlustrandas,
3328 4869 3454 4908 cum
3496 4852 3677 4907 Asdaa

2083 4956 2219 5014 shiri
2250 4954 2531 5021 conspecti
2567 4952 2739 5007 forma
2768 4951 2869 5019 ipsi
2903 4949 3165 5019 placeret.
3195 4962 3387 5002 amore
3420 4945 3541 5014 ejus
3580 4960 3673 4997 caa-

2083 5057 2174 5119 pta
2207 5055 2314 5103 est.
2366 5044 2661 5100 Prehensze
2691 5042 2859 5112 igitur
2885 5043 3097 5113 sagittae
3129 5056 3254 5094 cum
3306 5040 3424 5094 bare
3468 5040 3671 5093 inscri-

2081 5143 2281 5212 psisset
2308 5154 2321 5190 :
2353 5135 2413 5192 Si
2434 5137 2563 5190 mihi
2584 5135 2888 5205 promiseris
2920 5143 2967 5187 te
3000 5148 3219 5187 uxorem
3251 5148 3333 5185 me
3363 5131 3681 5193 ducturum,

2080 5233 2326 5287 iudicabo
2366 5230 2461 5284 tibi
2492 5233 2660 5283 locum
2707 5244 2809 5297 quo
2855 5227 3037 5281 urbem
3081 5227 3219 5280 hanc
3248 5241 3433 5294 capere
3475 5222 3669 5294 possis,

2082 5340 2202 5381 eam
2265 5322 2627 5377 Azdashirum
2668 5335 2863 5375 versus
2892 5319 3059 5389 jecit;
3113 5318 3201 5373 cui
3254 5332 3380 5372 cum
3435 5314 3673 5384 placeret

2081 5418 2226 5488 quod
2256 5418 2575 5487 scripserat,
2607 5414 2865 5479 sagittam
2918 5414 3024 5465 hoc
3057 5410 3327 5478 inscripto
3379 5419 3668 5475 responso:

2083 5509 2420 5566 Prmtiturus
2451 5524 2567 5561 sum
2601 5506 2694 5560 libi
2717 5504 2857 5575 quod
2887 5504 3091 5573 petiisti
3138 5502 3208 5555 ad
3237 5502 3407 5570 ipsam
3432 5496 3669 5553 remisit.

2082 5603 2238 5671 Quod
2272 5619 2397 5658 cum
2433 5603 2655 5673 legisset
2685 5600 2799 5664 illa,
2834 5589 3162 5666 rescripsit.
3222 5595 3318 5648 Est
3370 5590 3488 5646 urbi
3539 5589 3670 5644 huic

2083 5704 2238 5767 porta
2279 5711 2447 5767 parva
2493 5694 2648 5749 lateri
2690 5692 2783 5747 uni
2816 5696 3211 5759 superstructa,
3245 5686 3299 5740 iu
3347 5687 3470 5739 loco
3522 5682 3616 5736 tali
3652 5699 3666 5736 :

2084 5788 2269 5843 addita
2325 5787 2430 5841 laci
2483 5783 2872 5855 descriptione.
2928 5776 3196 5834 Azdashir
3233 5792 3364 5847 ergo
3397 5788 3669 5830 conversa

2082 5878 2432 5952 369—371
2478 5876 2540 5932 ad
2580 5877 2759 5935 tecum
2807 5876 2969 5931 istum
3021 5870 3298 5929 exercitus
3347 5868 3429 5924 sui
3469 5875 3671 5937 parte,
