4076 6484
351 427 453 494 9‘31

1372 435 1737 497 EUTYCHH
1773 436 2311 498 ALEXANDRINI
2352 440 2571 501 PATR.

3502 433 3614 495 992

351 559 414 597 ex
454 552 605 613 parte
639 542 741 597 alia
776 542 898 599 illos
926 559 1105 614 pugna
1154 554 1453 615 occupatos
1482 546 1733 611 detinuit,
1772 558 1933 617 atque
1963 553 2007 607 A
2036 566 2141 619 que
2169 551 2222 604 iu
2253 552 2444 606 Persia
2478 559 2625 607 sunt.
2653 547 3214 610 Balnuan-Azdashir,
3248 561 3368 616 qua
3397 555 3480 601 est
3506 544 3615 599 Eu—

352 637 427 689 ita
478 644 667 706 aperto
718 637 840 691 loco
895 639 963 691 ab
1017 638 1166 691 urbis
1217 638 1409 692 incolis
1466 638 1713 709 neglecto
1748 653 1928 707 regem

353 727 526 797 ipsius
556 726 953 782 interfecerunt
977 771 993 792 ,
1031 729 1324 798 omniaque
1367 744 1489 798 qua:
1524 729 1577 782 in
1612 730 1726 799 ipsa
1776 737 1933 783 erant

354 827 717 889 occuparunt.
763 819 900 874 Tum
941 822 1191 887 praestitit
1241 821 1511 876 Azelashir
1560 820 1739 893 [juxta
1796 822 1933 876 alios

355 911 611 983 Ardshir]
651 912 771 966 tiliae
821 915 965 983 regis
1005 913 1147 981 quod
1194 913 1269 967 illi
1322 913 1599 982 pollicitus
1638 913 1834 978 fuerat,
1876 928 1936 968 se

356 1018 476 1057 eam
512 1004 721 1057 scilicet
752 1019 977 1058 uxorem
1015 1004 1329 1059 ducturum.
1358 1004 1529 1060 Nocte
1565 1014 1743 1059 autem
1784 1019 1931 1075 qua-

358 1095 482 1149 dam
513 1094 842 1150 decumbens
866 1097 984 1165 ipsa
1021 1096 1077 1151 in
1116 1098 1278 1161 lecto,
1305 1098 1372 1152 de
1405 1098 1524 1153 loco
1558 1098 1611 1151 in
1643 1113 1752 1167 quo
1786 1098 1936 1166 jace-

361 1199 444 1244 ret
485 1197 696 1259 questa,
761 1198 869 1243 tota
907 1199 1065 1244 nocte
1099 1189 1368 1245 insomnis
1403 1191 1724 1260 permansit.
1775 1189 1938 1256 Quaa-

366 1291 522 1336 rente
552 1298 684 1350 ergo
715 1282 806 1335 illo
836 1280 991 1353 [quid
1030 1280 1227 1353 esset].
1260 1297 1390 1337 ecce
1415 1283 1517 1337 sub
1554 1283 1723 1337 linteo
1763 1282 1937 1351 ipsius

362 1377 413 1427 in
469 1374 610 1429 lecto
645 1374 833 1427 folium
870 1374 971 1428 fuit
1009 1374 1350 1441 oleagineunt
1383 1416 1397 1440 ,
1438 1376 1583 1445 quod
1642 1374 1935 1445 vestigium

361 1468 472 1522 cuti
507 1468 626 1536 ejus
662 1468 1038 1536 impresserat.
1071 1469 1295 1538 llogavit
1316 1483 1446 1538 ergo
1478 1468 1650 1531 illam,
1681 1482 1789 1535 quo
1815 1467 1938 1521 cibo

362 1562 531 1629 ipsam
571 1576 794 1629 pascere
829 1560 1025 1615 solitus
1046 1568 1191 1615 esset
1219 1569 1390 1629 pater;
1428 1560 1796 1629 respondente
1820 1558 1934 1614 illa:

363 1651 453 1705 llla
493 1652 694 1721 quibus
752 1654 1026 1722 praecipue
1073 1652 1335 1707 vescehar
1402 1661 1559 1706 erant
1611 1651 1710 1707 tios
1760 1650 1937 1716 lactis,

364 1745 537 1806 favus,
574 1755 627 1799 et
669 1745 939 1809 medulla;
977 1745 1116 1799 dixit
1150 1745 1456 1800 Azdashir:
1489 1743 1605 1799 Non
1643 1745 1758 1798 scio
1796 1758 1938 1812 Quo-

362 1833 524 1887 modo
548 1835 672 1903 quis
713 1843 916 1902 patrem
944 1842 1097 1888 tuum
1124 1873 1141 1899 ,
1169 1836 1223 1888 in
1255 1844 1305 1889 te
1336 1834 1570 1888 amando
1596 1874 1612 1898 ,
1642 1843 1696 1888 et
1732 1834 1939 1888 honore

361 1921 664 1984 alliciendo,
692 1931 900 1990 aequet;
935 1939 1057 1978 cum
1088 1939 1217 1993 ergo
1246 1940 1354 1980 non
1386 1924 1530 1979 aliud
1565 1924 1666 1994 ipsi
1700 1939 1800 1994 pro
1825 1938 1941 1977 ma-

363 2013 487 2082 gnis
525 2014 697 2082 ipsius
737 2015 789 2069 in
823 2024 877 2068 te
921 2014 1134 2071 meritis
1165 2031 1327 2085 quam
1353 2016 1558 2071 eadem
1597 2015 1942 2085 rependeris,

364 2107 556 2158 merita
587 2115 732 2160 certe
774 2121 833 2161 es
872 2106 989 2175 ipsa
1025 2123 1091 2169 ne
1123 2108 1177 2162 in
1217 2118 1361 2162 terra
1412 2117 1689 2177 superstes
1720 2107 1943 2173 sinaris,

366 2208 527 2267 atque
565 2214 665 2268 ego
700 2200 774 2253 illi
805 2200 927 2268 jura
964 2216 1063 2255 sua
1095 2202 1388 2270 rependam
1426 2220 1440 2257 :
1482 2218 1605 2258 eum
1658 2205 1799 2258 enim
1848 2203 1948 2261 ob-

363 2290 647 2344 caecavcrit
678 2306 831 2345 amor
868 2293 1058 2347 oculos
1094 2300 1220 2346 tuos
1244 2333 1259 2359 ,
1290 2304 1345 2348 et
1375 2293 1713 2349 intellectum
1746 2295 1938 2350 turba-

364 2382 503 2435 verit
540 2381 675 2436 adeo
717 2390 775 2436 ut
822 2383 1138 2437 meritorum
1188 2387 1361 2453 patris
1403 2386 1477 2440 tui
1525 2386 1692 2441 oblita
1747 2385 1943 2454 fueris,

366 2490 472 2529 non
503 2472 743 2543 possum
770 2490 871 2545 ego
920 2476 1021 2530 hac
1063 2492 1127 2531 ex
1168 2486 1323 2547 parte
1353 2493 1381 2532 a
1422 2488 1473 2533 te
1524 2494 1752 2535 securus
1796 2496 1942 2536 esse.

363 2565 502 2620 Tum
528 2570 695 2637 jussit
724 2569 937 2639 capillis
971 2569 1155 2624 cauda:
1183 2571 1307 2640 equi
1343 2570 1630 2627 ferocioris
1670 2573 1943 2643 alligatam

365 2661 569 2729 raptari
604 2678 618 2715 :
652 2662 795 2730 quod
828 2669 882 2716 et
917 2660 1117 2716 factum
1148 2661 1323 2716 donec
1372 2670 1486 2717 tota
1532 2662 1637 2733 ipsi
1691 2665 1938 2734 corporis

364 2766 656 2821 compages
689 2753 1033 2807 membratim
1069 2753 1493 2824 discerperetur.

436 2843 598 2912 372
652 2842 865 2899 Mortuo
912 2845 1212 2900 Commodo
1257 2847 1515 2914 Caesare,
1570 2847 1943 2905 Romanorum

364 2935 721 3003 imperatore,
754 2940 1024 2991 successit
1060 2936 1162 3007 ipsi
1214 2937 1470 2995 Pertinax
1511 2940 1695 2996 Caesar
1739 2939 1943 2995 Roma-

365 3042 561 3080 norum
605 3027 919 3096 imperator,
969 3030 1061 3097 qui
1090 3068 1104 3092 ,
1142 3045 1265 3085 cum
1307 3033 1487 3086 tribus
1527 3032 1817 3088 mensibus
1859 3049 1945 3089 re-

363 3128 599 3186 gnasset,
628 3120 947 3176 interfectus
979 3135 1097 3188 est;
1133 3122 1435 3192 imperante
1466 3138 1591 3196 post
1628 3128 1803 3197 ipsum
1837 3124 1947 3181 Ro-

362 3210 540 3265 manis
567 3210 783 3264 Juliano
808 3211 1039 3277 Caesare,
1066 3214 1282 3267 duobus
1315 3215 1619 3279 mensibus,
1654 3225 1774 3285 post
1801 3230 1943 3283 quos
1967 3247 2012 3309 Ο

364 3301 688 3356 interfectus
723 3304 887 3357 etiam
925 3314 1030 3360 est.
1080 3304 1345 3373 Regnavit
1379 3315 1499 3375 post
1544 3306 1719 3375 ipsum
1758 3305 1943 3362 Romte

364 3397 417 3448 in
457 3394 732 3452 Romanos
783 3399 1019 3452 Severus
1054 3399 1237 3453 Casar
1281 3416 1455 3454 annos
1509 3400 1941 3468 septemdecim,

366 3486 528 3554 idque
579 3502 723 3541 anno
786 3497 980 3555 quarto
1021 3490 1171 3559 regni
1224 3489 1515 3544 Azdashiri
1555 3489 1668 3543 Ebn
1723 3488 1941 3546 Babeci.

366 3576 603 3648 Fuitque
636 3580 933 3648 imperator
964 3581 1069 3635 iste
1100 3580 1359 3646 Severus,
1390 3581 1471 3634 vir
1511 3596 1746 3649 nequam
1776 3619 1792 3645 ,
1833 3598 1946 3635 ma-

366 3685 597 3738 gnarum
631 3669 959 3726 Christianis
981 3672 1353 3727 calamitatum
1380 3674 1787 3744 multorumque
1811 3690 1941 3729 cru-

366 3764 605 3816 ciatuum
639 3771 855 3826 auctor,
899 3764 1058 3831 cujus
1101 3772 1348 3834 tempore
1385 3764 1702 3835 martyrium
1739 3764 1945 3834 ubique

366 3852 656 3907 subierunt
710 3853 1013 3908 Christiani
1048 3855 1462 3925 quamplurimi.
1505 3855 1642 3909 Tum
1689 3865 1742 3910 et
1778 3855 1949 3928 Egy-

364 3959 518 4019 ptum
556 3949 860 4019 profectus,
911 3966 1101 4007 onmes
1141 3952 1232 4021 qui
1264 3952 1339 4007 ibi
1377 3962 1433 4007 et
1484 3953 1827 4008 Alexandriae
1860 3968 1948 4009 es-

367 4054 490 4095 sent
522 4042 865 4099 Christianos
895 4044 1191 4109 interemit,
1243 4053 1299 4099 et
1344 4045 1610 4099 ecclesias
1635 4045 1823 4110 diruit,
1858 4059 1949 4099 ex-

366 4145 579 4193 strui-to
608 4138 949 4192 Alexandria:
979 4137 1204 4207 templo,
1232 4136 1376 4206 quod
1415 4135 1645 4191 Deorum
1683 4137 1944 4209 templum

367 4229 669 4281 vocitatum
712 4238 820 4283 est.
859 4229 1017 4282 Anno
1050 4222 1261 4297 imperii
1313 4227 1486 4297 ipsius
1531 4227 1948 4296 decimoquarto

368 4318 547 4373 factus
578 4328 666 4373 est
695 4318 941 4373 Calixtus
966 4319 1278 4396 patriarcha
1313 4320 1615 4386 Romanus,
1672 4320 1767 4390 qui
1820 4334 1946 4374 cum

366 4428 461 4466 sex
498 4426 672 4466 annos
701 4412 932 4467 sedisset
965 4420 1210 4467 mortuus
1238 4421 1340 4467 est.

435 4504 594 4556 Anno
622 4503 865 4572 ejusdem
903 4504 1067 4559 tertio
1114 4504 1451 4560 constitutus
1481 4512 1566 4560 est
1595 4505 1947 4573 Asclepiades

2035 644 2245 713 pbratae
2280 643 2498 698 Basorm
2520 684 2535 708 ,
2561 641 2888 706 Astarabad,
2928 656 3048 711 quae
3076 647 3158 695 est
3187 636 3567 693 Corch-Bisan
3595 675 3612 700 ,

2036 733 2141 789 sita
2190 734 2335 787 inter
2378 734 2532 790 vicos
2579 732 2782 803 Tigris,
2815 740 2870 786 et
2911 731 3098 785 urbem
3138 728 3252 783 Suk
3289 728 3565 781 il-Abwaz
3596 766 3615 791 ,

2036 840 2311 894 unamque
2355 825 2519 879 trium
2552 824 2771 879 urbium
2832 837 2953 893 qua:
3005 829 3134 877 sunt
3184 820 3235 873 in
3288 815 3611 872 Al-Sawad:

2037 929 2235 986 praeter
2269 928 2379 973 tres
2424 918 2584 973 urbes
2618 932 2845 987 quarum
2882 930 2988 970 una
3022 924 3107 969 est
3138 912 3365 975 Alchat,
3394 926 3513 976 qum
3548 909 3616 962 ad

2037 1008 2376 1063 oet-identem
2407 1008 2511 1063 sita
2538 1016 2623 1063 est
2648 1006 2886 1077 regionis
2922 1003 3333 1061 transﬂuvialis.
3374 1000 3476 1054 alia
3516 1000 3621 1053 Ba-

2041 1099 2143 1153 har
2181 1098 2374 1153 Samer
2420 1099 2476 1153 in
2524 1098 2889 1162 Caramania,
2937 1096 3096 1151 tertia
3144 1097 3278 1151 urbs
3324 1093 3618 1164 Al-Ayela.

2046 1193 2192 1247 Obiit
2222 1193 2419 1248 deinde
2451 1191 2723 1247 Azdashir
2757 1199 3045 1261 postquam
3080 1204 3251 1243 annos
3279 1187 3621 1256 quatuordc-

2039 1285 2144 1339 cim
2186 1292 2241 1340 et
2276 1300 2370 1339 sex
2403 1298 2620 1339 menses
2645 1291 2948 1352 regnasset.
2977 1280 3241 1351 Regnavit
3282 1287 3402 1349 post
3437 1280 3617 1348 ipsum

2041 1377 2185 1432 Illius
2220 1377 2393 1446 ipsius
2427 1377 2610 1432 Sabur
2646 1376 2762 1431 Ebn
2799 1375 3092 1439 Azdashir,
3127 1389 3301 1428 annos
3344 1373 3570 1441 triginta
3601 1413 3618 1434 ,

2042 1486 2282 1525 mensem
2319 1487 2524 1534 unum;
2564 1470 2729 1538 idque
2771 1484 2919 1524 anno
2957 1468 3174 1538 imperii
3210 1466 3397 1522 Severi
3441 1465 3625 1520 Caesa-

2042 1568 2139 1627 ris,
2171 1564 2520 1634 imperatoris
2552 1562 2824 1627 Romani,
2871 1562 3220 1617 duodecimo.
3268 1558 3480 1614 Mortuo
3524 1558 3624 1612 See

2045 1670 2171 1708 vero
2199 1656 2435 1716 Cmsare,
2470 1653 2658 1709 Romae
2686 1662 2808 1724 post
2845 1654 3019 1723 ipsum
3048 1669 3140 1708 sex
3170 1667 3345 1708 annos
3376 1650 3624 1721 regnavit

2040 1746 2311 1799 Antonius
2370 1744 2552 1799 Caesar
2595 1743 2875 1799 Caracalla
2939 1743 3105 1811 (quod
3166 1748 3292 1805 est,
3348 1740 3598 1805 Calvus).

2042 1836 2200 1889 Anno
2249 1836 2461 1904 imperii
2499 1834 2619 1904 ejus
2649 1835 2811 1889 tertio
2857 1832 3035 1886 factus
3067 1840 3151 1885 est
3200 1829 3479 1885 Aurianus
3523 1845 3623 1898 pa-

2048 1928 2285 1981 triarcha
2317 1926 2617 1988 Romanus,
2655 1925 2747 1993 qui
2780 1932 3021 1991 quatuor
3054 1937 3229 1975 annos
3280 1921 3422 1976 sedit
3445 1961 3461 1987 ,
3494 1920 3627 1975 dein

2047 2027 2316 2074 mortuus.
2346 2020 2501 2073 Anno
2543 2018 2718 2087 ipsius
2745 2016 2910 2087 376
2939 2015 3120 2086 primo
3154 2024 3373 2069 creatus
3399 2022 3482 2069 est
3518 2010 3630 2067 Va-

2048 2110 2162 2165 lens
2189 2110 2482 2180 episcopus
2520 2109 3072 2179 Hierosolymitanus,
3106 2108 3197 2174 qui
3227 2122 3349 2163 cum
3376 2114 3489 2162 tres
3518 2121 3629 2161 an-

2047 2217 2148 2257 nos
2179 2202 2428 2267 sedisset,
2461 2211 2709 2257 mortuus
2735 2208 2838 2257 εει.

2115 2293 2275 2348 Anno
2301 2294 2547 2364 ejusdem
2578 2295 2772 2364 quinto
2801 2293 3136 2349 constitutus
3181 2299 3267 2346 est
3322 2288 3629 2347 Delitianus

2048 2387 2343 2456 episcOpus
2393 2384 2943 2457 Hierosolymitanus,
3006 2386 3099 2454 qui
3162 2397 3336 2439 annos
3386 2389 3631 2453 quatuor

2047 2475 2209 2539 sedit,
2241 2476 2365 2530 dein
2405 2485 2653 2531 mortuus
2682 2486 2786 2530 est.
2821 2475 2976 2542 Quod
3008 2474 3073 2528 ad
3108 2473 3398 2538 Saburem,
3428 2471 3631 2528 Persa-

2049 2588 2166 2627 rum
2213 2587 2393 2642 regem
2430 2610 2446 2634 ,
2492 2586 2705 2626 summa
2756 2570 2846 2625 ille
2896 2584 3018 2624 cum
3074 2557 3304 2638 justitia'
3346 2566 3492 2622 inter
3522 2566 3624 2621 ho-

2048 2663 2222 2718 mines
2255 2671 2503 2718 versatus
2534 2673 2617 2717 est
2646 2680 2659 2716 :
2688 2663 2969 2732 capitque
2997 2661 3313 2730 provincias
3340 2659 3543 2723 visere,
3576 2665 3633 2714 et

2047 2759 2299 2828 regiones
2330 2756 2592 2812 colendas
2622 2771 2839 2811 curare.
2873 2757 3137 2822 Annoque
3173 2755 3322 2824 regni
3345 2752 3429 2808 sui
3457 2754 3628 2807 unde-

2045 2850 2187 2905 cimo
2216 2858 2427 2915 exacto,
2456 2864 2581 2903 cum
2612 2848 2786 2919 c0piis
2811 2849 2927 2903 suis
2957 2849 3147 2902 urbem
3174 2842 3409 2911 Nisibin,
3437 2846 3491 2899 in
3523 2859 3633 2914 qua

2047 2944 2215 3011 copia:
2245 2958 2310 2995 ex
2352 2940 2611 2997 Antonini
2643 2926 2941 2997 Caracallze
2995 2938 3345 3008 imperatoris
3394 2936 3633 2991 Romani

2045 3033 2287 3088 exercitu
2323 3048 2431 3085 non
2471 3046 2657 3102 paucas
2688 3039 2847 3086 erant
2875 3072 2888 3094 ,
2944 3032 3261 3100 prolectus,
3316 3044 3435 3085 eam
3481 3028 3637 3084 obsi-

2049 3127 2212 3181 dione
2243 3126 2310 3180 ad
2343 3136 2558 3195 tempus
2607 3125 2822 3187 cinxit,
2854 3138 3051 3193 capere
3107 3138 3238 3178 vero
3273 3137 3380 3177 non
3432 3120 3635 3191 potuit.

2046 3218 2182 3273 Cum
2212 3232 2346 3287 ergo
2393 3233 2451 3274 se
2482 3232 2601 3273 eam
2641 3231 2953 3286 expugnare
2995 3230 3105 3271 non
3152 3228 3315 3284 posse
3361 3222 3632 3278 cerneret,

2045 3311 2214 3381 jussit
2241 3325 2407 3379 prope
2431 3310 2602 3377 ipsam
2640 3309 3105 3378 propugnaculum
3130 3306 3325 3369 altum,
3351 3304 3626 3374 amplum,

2053 3421 2158 3459 una
2183 3420 2307 3457 cum
2344 3413 2495 3457 turre
2529 3401 2764 3467 exstrui,
2798 3402 2850 3453 in
2874 3398 3042 3469 quod,
3082 3399 3171 3453 ubi
3211 3398 3421 3451 tinitum
3463 3404 3635 3462 esset,

2053 3497 2358 3552 ascendens
2392 3496 2509 3564 ipse
2539 3509 2665 3549 cum
2699 3493 2979 3547 exercitus
3022 3493 3105 3546 sui
3145 3490 3460 3560 praecipuis,
3486 3504 3639 3560 qua)-

2052 3602 2269 3657 cunque
2303 3586 2445 3639 intra
2484 3585 2675 3639 urbem
2704 3591 2889 3639 essent
2922 3584 3047 3637 inde
3088 3582 3392 3652 prospexit,
3420 3596 3521 3634 nec
3544 3595 3636 3634 sa-

2053 3680 2204 3750 gittis
2234 3692 2329 3733 eos
2370 3687 2553 3747 petere
2583 3677 2957 3740 destiterunt,
3006 3674 3142 3729 adeo
3176 3687 3237 3730 ut
3270 3689 3376 3729 non
3414 3672 3639 3727 auderet

2052 3788 2137 3826 ει·
2170 3770 2305 3841 ipsis
2335 3770 2612 3841 quispiam
2670 3770 2817 3824 iuras
2851 3768 3058 3838 egredi.
3094 3766 3294 3821 Urbem
3346 3765 3513 3836 igitur
3562 3762 3638 3817 illi

2054 3863 2254 3919 dedere
2304 3864 2357 3917 in
2410 3864 2593 3917 animo
2627 3862 2979 3924 habuerunt,
3029 3868 3084 3914 at
3118 3860 3295 3914 delato
3345 3859 3413 3913 ad
3458 3860 3638 3928 ipsum

2053 3957 2245 4011 nuntio
2275 3957 2485 4012 hostem
2522 3952 2812 4025 quemdam
2863 3953 3107 4007 subditos
3139 3953 3313 4022 ipsius
3368 3968 3437 4006 ex
3483 3960 3641 4021 parte

2053 4045 2356 4101 Chorasani
2390 4045 2685 4110 invasisse,
2716 4044 2807 4098 ille
2843 4042 2909 4121 ad
2938 4041 3321 4097 Nisebensium
3355 4049 3641 4110 magnates

2055 4141 2276 4194 mittens
2307 4139 2614 4207 eligendum
2644 4138 2778 4205 ipsis
2817 4137 3122 4206 proposuit,
3149 4143 3330 4189 utrum
3363 4136 3642 4203 relinque-

2056 4240 2137 4286 ret
2170 4231 2313 4301 apud
2342 4231 2490 4300 ipsos
2527 4230 2620 4300 qui
2666 4230 2790 4284 illos
2822 4228 2990 4293 bello,
3023 4243 3196 4297 usque
3244 4230 3372 4281 dum
3408 4227 3521 4297 ipse
3554 4241 3644 4277 re-

2053 4331 2395 4386 verteretur,
2427 4322 2791 4382 lacesserent,
2844 4334 2913 4373 an
2959 4333 3083 4372 eum
3132 4318 3249 4387 ipso
3282 4316 3644 4388 377379

2056 4416 2236 4471 {trdus
2270 4430 2509 4485 pangere
2526 4415 2733 4469 vellent
2763 4428 2831 4468 ne
2866 4412 3277 4483 propugnaculo
3309 4420 3434 4465 ante
3463 4410 3643 4480 ipsius

2058 4508 2295 4562 reditum
2329 4522 2526 4561 manus
2558 4508 2932 4561 admoverent.
2968 4505 3047 4558 Illi
3082 4521 3211 4574 ergo
3243 4502 3422 4559 foedus
3454 4512 3508 4558 et
3541 4516 3638 4572 pa-

368 4594 678 4664 patriarcba
710 4596 1117 4660 Antiochenus,
1150 4598 1242 4668 qui
1293 4613 1469 4654 annos
1513 4614 1707 4653 novem
1759 4598 1940 4664 sedit,
1975 4606 2021 4663 D
2048 4611 2196 4657 ctum
2229 4615 2352 4654 cum
2400 4599 2517 4667 ipso
2552 4597 2795 4651 inierunt
2842 4597 2978 4650 nihil
3011 4611 3069 4650 se
3103 4597 3169 4650 de
3219 4594 3637 4666 propugnaculo

367 4689 493 4743 dein
529 4696 779 4743 mortuus
812 4699 917 4745 est.
961 4691 1121 4745 Anno
1159 4690 1404 4758 ejusdem
1446 4691 1778 4746 duodecimo
1818 4706 1948 4745 con-

369 4782 593 4835 stitutus
622 4789 707 4836 est
742 4780 1028 4836 Philemon
1060 4782 1370 4851 patriarcha
1417 4781 1816 4845 Antiochenus,
1847 4781 1945 4849 qui

366 4889 491 4927 cttm
530 4874 794 4929 tredecim
828 4889 1005 4928 annos
1044 4873 1323 4938 sedisset,
1360 4872 1615 4929 mortuus
1651 4883 1757 4928 est.
1789 4874 1948 4927 Anno

367 4967 789 5036 imperii'ipsius
818 4968 995 5036 primo
1024 4969 1203 5022 factus
1252 4976 1336 5023 est
1380 4966 1613 5036 Capiton
1654 4969 1948 5036 episcopus

367 5058 914 5128 llierosolymitanus,
950 5061 1040 5113 ubi
1083 5074 1207 5113 cum
1242 5069 1483 5128 quatuor
1515 5076 1688 5115 annos
1717 5058 1951 5113 sedisset

365 5159 616 5206 mortuus
640 5158 745 5206 est.
774 5154 929 5205 Anno
950 5152 1307 5222 373-375
1330 5153 1574 5222 ejusdem
1598 5161 1747 5207 sexto
1776 5153 1951 5206 factus

363 5255 450 5300 est
482 5241 753 5298 Maximus
774 5244 1068 5311 episcopus
1103 5243 1664 5311 Hierosolymitanus,
1695 5242 1787 5296 ubi
1823 5257 1947 5296 cum

367 5345 606 5405 quatuor
635 5350 809 5391 annos
839 5337 1074 5391 sedisset
1109 5343 1359 5390 mortuus
1381 5344 1484 5390 est.
1512 5337 1671 5389 Anno
1700 5336 1948 5405 ejusdem

365 5430 579 5484 decimo
612 5428 943 5484 constitutus
981 5440 1066 5483 est
1098 5428 1368 5481 Antonius
1415 5428 1709 5497 episcopus
1747 5428 1942 5482 Hiero-

367 5523 757 5593 SuIymitanus,
784 5523 876 5591 qui
920 5523 1165 5590 quinque
1216 5534 1391 5575 annos
1422 5521 1582 5584 sedit,
1628 5520 1753 5573 dein
1800 5534 1951 5573 rnor-

368 5625 493 5669 tuus
545 5627 655 5669 est.
697 5613 966 5667 Azdashir
1021 5626 1152 5665 vero
1196 5611 1390 5666 Babeci
1440 5612 1611 5678 ﬁlius,
1662 5610 1949 5665 Persarum

368 5720 482 5769 rex,
518 5714 720 5774 quanta
757 5705 872 5759 ﬁeri
907 5704 1087 5773 potuit
1123 5718 1247 5757 cum
1271 5702 1486 5772 justitia
1520 5704 1664 5758 inter
1696 5704 1950 5758 [nomines

369 5804 621 5849 versatus
649 5805 769 5861 est;
798 5813 895 5851 sex
942 5799 1106 5851 etiam
1157 5796 1323 5849 urbes
1370 5794 1657 5861 condidit,
1700 5796 1954 5850 videlicet

373 5885 561 5939 ltt'bcnl
597 5887 750 5948 Jaur,
777 5887 963 5939 urbem
994 5885 1261 5939 Aztlashir
1305 5883 1579 5952 Achorba,
1624 5901 1744 5956 qua:
1791 5896 1952 5943 utrm-

2054 4701 2385 4747 mutaturos.
2414 4689 2552 4745 Cum
2601 4698 2782 4744 autem
2819 4691 2888 4744 ab
2938 4689 3072 4757 ipsis
3119 4690 3463 4751 recessisset,
3497 4684 3643 4741 Nisi-

2056 4789 2253 4841 benses
2286 4783 2459 4838 muris
2508 4783 2662 4838 urbis
2714 4796 2935 4835 manum
2977 4781 3370 4845 admoventes,
3427 4778 3563 4849 ipsis
3610 4794 3643 4833 a

2051 4886 2203 4949 parte
2230 4879 2340 4931 arei
2374 4879 2622 4945 proxima
2653 4874 2872 4935 dirutis,
2898 4874 3045 4928 illam
3083 4873 3219 4928 urbe
3253 4887 3367 4927 sua:
3394 4871 3639 4926 additam

2052 4982 2211 5022 muro
2248 4966 2375 5020 forti
2410 4966 2724 5020 cinxerunt.
2770 4961 2991 5017 Mortuo
3042 4977 3168 5016 vero
3206 4960 3485 5016 Antonino
3522 4958 3646 5013 Cte-

2064 5071 2187 5113 sare
2217 5055 2587 5110 Romanorum
2626 5056 2975 5124 imperatore,
3021 5060 3148 5123 post
3197 5052 3377 5122 ipsum
3429 5050 3485 5104 in
3521 5049 3646 5105 illos

2053 5148 2301 5218 regnavit
2341 5148 2649 5201 Marcianus
2678 5146 2863 5200 Caesar
2904 5158 3109 5197 annum
3142 5152 3195 5197 et
3227 5148 3367 5196 duos
3399 5154 3642 5194 menses.

2052 5240 2185 5295 Dein
2223 5240 2314 5294 illo
2348 5239 2636 5293 interfecto
2663 5236 2953 5307 imperavit
3000 5235 3275 5288 Antonius
3297 5232 3480 5288 Caesar
3505 5233 3645 5285 alter

2053 5347 2227 5386 annos
2260 5340 2368 5385 tres
2397 5340 2453 5384 et
2480 5345 2696 5385 menses
2728 5344 2942 5389 novem,
2971 5326 3131 5395 idque
3170 5340 3318 5379 anno
3353 5325 3507 5391 regni
3539 5321 3644 5377 Sa-

2053 5427 2205 5497 poris
2240 5428 2379 5495 regis
2421 5424 2713 5479 Persarum
2751 5424 3194 5492 decimoquarto.
3241 5421 3389 5475 Misit
3420 5421 3512 5473 hic
3544 5418 3643 5471 Ni-

2054 5520 2215 5575 sibim
2266 5518 2571 5572 exercitum
2636 5530 2892 5585 magnum
2927 5514 3021 5585 qui
3058 5515 3231 5584 ipsam
3274 5518 3647 5582 propugnaret

2056 5622 2111 5667 et
2138 5611 2478 5667 defenderet.

2125 5705 2299 5760 Porro
2330 5718 2474 5756 anno
2499 5700 2709 5769 imperii
2741 5700 3003 5753 Antonini
3036 5699 3267 5754 Czesaris
3299 5699 3476 5769 primo
3506 5714 3644 5753 con-

2057 5795 2286 5849 stitutus
2363 5799 2447 5846 est
2504 5790 2753 5845 Bitianus
2822 5790 3133 5859 patriarcha
3194 5788 3495 5857 Romanus,
3550 5788 3643 5858 qui

2063 5905 2237 5946 annos
2268 5886 2509 5959 quinque
2542 5882 2706 5951 sedit,
2736 5881 2859 5938 dein
2899 5893 3149 5940 mortuus
3183 5885 3475 5943 cst.jAnnu
3503 5881 3647 5953 ejus-
