  <div class='ocr_page' id='page_1' title='image "/cluster/home/n/w/nwhite01/storage/ocr_20150623/111/coo.31924054870153/504.png"; bbox 0 0 4076 6394; ppageno 0'>
   <div class='ocr_carea' id='block_1_1' title="bbox 384 304 490 368">
    <p class='ocr_par' dir='ltr' id='par_1_1' title="bbox 384 304 490 368">
     <span class='ocr_line' id='line_1_1' title="bbox 384 304 490 368; baseline -0.038 0"><span class='ocrx_word' id='word_1_1' title='bbox 384 304 490 368; x_wconf 82' lang='lat'><strong>993</strong></span> 
     </span>
    </p>
   </div>
   <div class='ocr_carea' id='block_1_2' title="bbox 1832 296 2209 359">
    <p class='ocr_par' dir='ltr' id='par_1_2' title="bbox 1832 296 2209 359">
     <span class='ocr_line' id='line_1_2' title="bbox 1832 296 2209 359; baseline 0.008 -3"><span class='ocrx_word' id='word_1_2' title='bbox 1832 296 2209 359; x_wconf 81' lang='lat' dir='ltr'><strong>ANNALES.</strong></span> 
     </span>
    </p>
   </div>
   <div class='ocr_carea' id='block_1_3' title="bbox 3548 300 3656 361">
    <p class='ocr_par' dir='ltr' id='par_1_3' title="bbox 3548 300 3656 361">
     <span class='ocr_line' id='line_1_3' title="bbox 3548 300 3656 361; baseline 0 -1"><span class='ocrx_word' id='word_1_3' title='bbox 3548 300 3656 361; x_wconf 65' lang='lat'><strong>991</strong></span> 
     </span>
    </p>
   </div>
   <div class='ocr_carea' id='block_1_4' title="bbox 388 408 3655 483">
    <p class='ocr_par' dir='ltr' id='par_1_4' title="bbox 388 408 3655 483">
     <span class='ocr_line' id='line_1_4' title="bbox 388 408 3655 483; baseline -0.001 -18"><span class='ocrx_word' id='word_1_4' title='bbox 388 410 512 465; x_wconf 87' lang='lat' dir='ltr'><strong>dem</strong></span> <span class='ocrx_word' id='word_1_5' title='bbox 549 408 793 474; x_wconf 77' lang='lat' dir='ltr'><strong>secundo</strong></span> <span class='ocrx_word' id='word_1_6' title='bbox 844 412 1174 467; x_wconf 88' lang='lat' dir='ltr'><strong>constitutus</strong></span> <span class='ocrx_word' id='word_1_7' title='bbox 1216 421 1302 467; x_wconf 90' lang='lat' dir='ltr'><strong>est</strong></span> <span class='ocrx_word' id='word_1_8' title='bbox 1351 410 1609 467; x_wconf 78' lang='lat' dir='ltr'><strong>Rabonas</strong></span> <span class='ocrx_word' id='word_1_9' title='bbox 1656 409 1962 481; x_wconf 89' lang='lat' dir='ltr'><strong>patriarcha</strong></span> <span class='ocrx_word' id='word_1_10' title='bbox 1994 416 2042 472; x_wconf 78' lang='grc' dir='ltr'>Α</span> <span class='ocrx_word' id='word_1_11' title='bbox 2068 408 2404 465; x_wconf 89' lang='lat' dir='ltr'><strong>constitutus</strong></span> <span class='ocrx_word' id='word_1_12' title='bbox 2433 419 2521 465; x_wconf 90' lang='lat' dir='ltr'><strong>est</strong></span> <span class='ocrx_word' id='word_1_13' title='bbox 2554 409 2847 467; x_wconf 81' lang='lat' dir='ltr'><strong>Narcissus</strong></span> <span class='ocrx_word' id='word_1_14' title='bbox 2873 412 3165 481; x_wconf 88' lang='lat' dir='ltr'><strong>episcopus</strong></span> <span class='ocrx_word' id='word_1_15' title='bbox 3195 410 3655 483; x_wconf 80' lang='lat' dir='ltr'><strong>liierosolymita-</strong></span> 
     </span>
    </p>
   </div>
   <div class='ocr_carea' id='block_1_5' title="bbox 388 503 1959 575">
    <p class='ocr_par' dir='ltr' id='par_1_5' title="bbox 388 503 1959 575">
     <span class='ocr_line' id='line_1_5' title="bbox 388 503 1959 575; baseline 0.001 -17"><span class='ocrx_word' id='word_1_16' title='bbox 388 503 789 568; x_wconf 84' lang='lat' dir='ltr'><strong>Antiochenus,</strong></span> <span class='ocrx_word' id='word_1_17' title='bbox 827 506 921 575; x_wconf 90' lang='lat' dir='ltr'><strong>qui</strong></span> <span class='ocrx_word' id='word_1_18' title='bbox 958 515 1244 575; x_wconf 76' lang='lat' dir='ltr'><strong>postquam</strong></span> <span class='ocrx_word' id='word_1_19' title='bbox 1274 522 1449 561; x_wconf 87' lang='lat' dir='ltr'><strong>annos</strong></span> <span class='ocrx_word' id='word_1_20' title='bbox 1481 521 1674 561; x_wconf 85' lang='lat' dir='ltr'><strong>novem</strong></span> <span class='ocrx_word' id='word_1_21' title='bbox 1703 506 1959 569; x_wconf 86' lang='lat' dir='ltr'><strong>sedisset,</strong></span> 
     </span>
    </p>
   </div>
   <div class='ocr_carea' id='block_1_6' title="bbox 390 596 1963 667">
    <p class='ocr_par' dir='ltr' id='par_1_6' title="bbox 390 596 1963 667">
     <span class='ocr_line' id='line_1_6' title="bbox 390 596 1963 667; baseline 0 -17"><span class='ocrx_word' id='word_1_22' title='bbox 390 604 640 652; x_wconf 88' lang='lat' dir='ltr'><strong>mortuus</strong></span> <span class='ocrx_word' id='word_1_23' title='bbox 678 606 782 653; x_wconf 93' lang='lat' dir='ltr'><strong>est.</strong></span> <span class='ocrx_word' id='word_1_24' title='bbox 810 598 1044 667; x_wconf 88' lang='lat' dir='ltr'><strong>Sapores</strong></span> <span class='ocrx_word' id='word_1_25' title='bbox 1071 614 1197 653; x_wconf 90' lang='lat' dir='ltr'><strong>vero</strong></span> <span class='ocrx_word' id='word_1_26' title='bbox 1226 599 1516 653; x_wconf 80' lang='lat' dir='ltr'><strong>Azdashiri</strong></span> <span class='ocrx_word' id='word_1_27' title='bbox 1563 597 1727 663; x_wconf 86' lang='lat' dir='ltr'><strong>filius,</strong></span> <span class='ocrx_word' id='word_1_28' title='bbox 1767 596 1963 651; x_wconf 83' lang='lat' dir='ltr'><strong>Persa-</strong></span> 
     </span>
    </p>
   </div>
   <div class='ocr_carea' id='block_1_7' title="bbox 392 686 1966 758">
    <p class='ocr_par' dir='ltr' id='par_1_7' title="bbox 392 686 1966 758">
     <span class='ocr_line' id='line_1_7' title="bbox 392 686 1966 758; baseline 0 -17"><span class='ocrx_word' id='word_1_29' title='bbox 392 702 511 741; x_wconf 87' lang='lat' dir='ltr'><strong>rum</strong></span> <span class='ocrx_word' id='word_1_30' title='bbox 543 702 635 741; x_wconf 90' lang='lat' dir='ltr'><strong>rex</strong></span> <span class='ocrx_word' id='word_1_31' title='bbox 684 686 897 741; x_wconf 81' lang='lat' dir='ltr'><strong>Nisibin</strong></span> <span class='ocrx_word' id='word_1_32' title='bbox 938 704 1190 743; x_wconf 86' lang='lat' dir='ltr'><strong>reversus</strong></span> <span class='ocrx_word' id='word_1_33' title='bbox 1248 704 1372 743; x_wconf 87' lang='lat' dir='ltr'><strong>eum</strong></span> <span class='ocrx_word' id='word_1_34' title='bbox 1408 688 1631 743; x_wconf 91' lang='lat' dir='ltr'><strong>vidisset</strong></span> <span class='ocrx_word' id='word_1_35' title='bbox 1670 688 1801 758; x_wconf 91' lang='lat' dir='ltr'><strong>quid</strong></span> <span class='ocrx_word' id='word_1_36' title='bbox 1837 703 1966 757; x_wconf 85' lang='lat' dir='ltr'><strong>pro-</strong></span> 
     </span>
    </p>
   </div>
   <div class='ocr_carea' id='block_1_8' title="bbox 392 777 1965 848">
    <p class='ocr_par' dir='ltr' id='par_1_8' title="bbox 392 777 1965 848">
     <span class='ocr_line' id='line_1_8' title="bbox 392 777 1965 848; baseline 0 -16"><span class='ocrx_word' id='word_1_37' title='bbox 392 780 693 848; x_wconf 89' lang='lat' dir='ltr'><strong>pugnaculo</strong></span> <span class='ocrx_word' id='word_1_38' title='bbox 725 777 999 845; x_wconf 82' lang='lat' dir='ltr'><strong>fecissent,</strong></span> <span class='ocrx_word' id='word_1_39' title='bbox 1026 780 1231 833; x_wconf 83' lang='lat' dir='ltr'><strong>fraudis</strong></span> <span class='ocrx_word' id='word_1_40' title='bbox 1264 779 1385 835; x_wconf 92' lang='lat' dir='ltr'><strong>illos</strong></span> <span class='ocrx_word' id='word_1_41' title='bbox 1416 780 1699 847; x_wconf 87' lang='lat' dir='ltr'><strong>incusans,</strong></span> <span class='ocrx_word' id='word_1_42' title='bbox 1727 777 1965 835; x_wconf 82' lang='lat' dir='ltr'><strong>Fraudu-</strong></span> 
     </span>
    </p>
   </div>
   <div class='ocr_carea' id='block_1_9' title="bbox 392 870 1965 945">
    <p class='ocr_par' dir='ltr' id='par_1_9' title="bbox 392 870 1965 945">
     <span class='ocr_line' id='line_1_9' title="bbox 392 870 1965 945; baseline 0.004 -25"><span class='ocrx_word' id='word_1_43' title='bbox 392 870 566 924; x_wconf 89' lang='lat' dir='ltr'><strong>lenter</strong></span> <span class='ocrx_word' id='word_1_44' title='bbox 596 871 820 942; x_wconf 90' lang='lat' dir='ltr'><strong>(lnquit)</strong></span> <span class='ocrx_word' id='word_1_45' title='bbox 860 883 915 925; x_wconf 90' lang='lat' dir='ltr'><strong>et</strong></span> <span class='ocrx_word' id='word_1_46' title='bbox 963 872 1150 928; x_wconf 85' lang='lat' dir='ltr'><strong>dolose</strong></span> <span class='ocrx_word' id='word_1_47' title='bbox 1182 873 1371 943; x_wconf 75' lang='lat' dir='ltr'><strong>egistis</strong></span> <span class='ocrx_word' id='word_1_48' title='bbox 1400 889 1414 937; x_wconf 92' lang='lat'><strong>;</strong></span> <span class='ocrx_word' id='word_1_49' title='bbox 1453 873 1707 943; x_wconf 87' lang='lat' dir='ltr'><strong>ipsosque</strong></span> <span class='ocrx_word' id='word_1_50' title='bbox 1736 871 1965 945; x_wconf 82' lang='lat' dir='ltr'><strong>[denuo]</strong></span> 
     </span>
    </p>
   </div>
   <div class='ocr_carea' id='block_1_10' title="bbox 390 963 1966 1036">
    <p class='ocr_par' dir='ltr' id='par_1_10' title="bbox 390 963 1966 1036">
     <span class='ocr_line' id='line_1_10' title="bbox 390 963 1966 1036; baseline 0.001 -19"><span class='ocrx_word' id='word_1_51' title='bbox 390 964 625 1018; x_wconf 85' lang='lat' dir='ltr'><strong>obsedit.</strong></span> <span class='ocrx_word' id='word_1_52' title='bbox 660 963 797 1018; x_wconf 83' lang='lat' dir='ltr'><strong>Cum</strong></span> <span class='ocrx_word' id='word_1_53' title='bbox 827 974 1007 1020; x_wconf 89' lang='lat' dir='ltr'><strong>autem</strong></span> <span class='ocrx_word' id='word_1_54' title='bbox 1045 973 1170 1036; x_wconf 84' lang='lat' dir='ltr'><strong>post</strong></span> <span class='ocrx_word' id='word_1_55' title='bbox 1198 966 1427 1020; x_wconf 90' lang='lat' dir='ltr'><strong>multum</strong></span> <span class='ocrx_word' id='word_1_56' title='bbox 1468 968 1728 1036; x_wconf 89' lang='lat' dir='ltr'><strong>temporis</strong></span> <span class='ocrx_word' id='word_1_57' title='bbox 1765 968 1837 1021; x_wconf 87' lang='lat' dir='ltr'><strong>ibi</strong></span> <span class='ocrx_word' id='word_1_58' title='bbox 1885 968 1966 1020; x_wconf 89' lang='lat' dir='ltr'><strong>in-</strong></span> 
     </span>
    </p>
   </div>
   <div class='ocr_carea' id='block_1_11' title="bbox 390 1056 1966 1129">
    <p class='ocr_par' dir='ltr' id='par_1_11' title="bbox 390 1056 1966 1129">
     <span class='ocr_line' id='line_1_11' title="bbox 390 1056 1966 1129; baseline 0.001 -18"><span class='ocrx_word' id='word_1_59' title='bbox 390 1065 671 1126; x_wconf 83' lang='lat' dir='ltr'><strong>sumptum</strong></span> <span class='ocrx_word' id='word_1_60' title='bbox 704 1056 892 1111; x_wconf 86' lang='lat' dir='ltr'><strong>urbem</strong></span> <span class='ocrx_word' id='word_1_61' title='bbox 925 1073 1235 1129; x_wconf 82' lang='lat' dir='ltr'><strong>expugnare</strong></span> <span class='ocrx_word' id='word_1_62' title='bbox 1268 1059 1641 1128; x_wconf 85' lang='lat' dir='ltr'><strong>nequivisset,</strong></span> <span class='ocrx_word' id='word_1_63' title='bbox 1670 1073 1815 1128; x_wconf 68' lang='lat' dir='ltr'><strong>aegre</strong></span> <span class='ocrx_word' id='word_1_64' title='bbox 1861 1058 1966 1113; x_wconf 90' lang='lat' dir='ltr'><strong>hoc</strong></span> 
     </span>
    </p>
   </div>
   <div class='ocr_carea' id='block_1_12' title="bbox 390 1145 1967 1219">
    <p class='ocr_par' dir='ltr' id='par_1_12' title="bbox 390 1145 1967 1219">
     <span class='ocr_line' id='line_1_12' title="bbox 390 1145 1967 1219; baseline 0.002 -20"><span class='ocrx_word' id='word_1_65' title='bbox 390 1145 570 1215; x_wconf 89' lang='lat' dir='ltr'><strong>ipsum</strong></span> <span class='ocrx_word' id='word_1_66' title='bbox 602 1147 813 1201; x_wconf 87' lang='lat' dir='ltr'><strong>habuit.</strong></span> <span class='ocrx_word' id='word_1_67' title='bbox 848 1146 992 1202; x_wconf 87' lang='lat' dir='ltr'><strong>Dixit</strong></span> <span class='ocrx_word' id='word_1_68' title='bbox 1025 1162 1158 1219; x_wconf 91' lang='lat' dir='ltr'><strong>ergo</strong></span> <span class='ocrx_word' id='word_1_69' title='bbox 1184 1150 1483 1204; x_wconf 89' lang='lat' dir='ltr'><strong>comitibus</strong></span> <span class='ocrx_word' id='word_1_70' title='bbox 1508 1149 1621 1204; x_wconf 84' lang='lat' dir='ltr'><strong>suis</strong></span> <span class='ocrx_word' id='word_1_71' title='bbox 1648 1165 1661 1201; x_wconf 90' lang='lat'><strong>:</strong></span> <span class='ocrx_word' id='word_1_72' title='bbox 1691 1148 1829 1203; x_wconf 90' lang='lat' dir='ltr'><strong>Num</strong></span> <span class='ocrx_word' id='word_1_73' title='bbox 1880 1163 1967 1202; x_wconf 86' lang='lat' dir='ltr'><strong>re-</strong></span> 
     </span>
    </p>
   </div>
   <div class='ocr_carea' id='block_1_13' title="bbox 390 1238 1967 1311">
    <p class='ocr_par' dir='ltr' id='par_1_13' title="bbox 390 1238 1967 1311">
     <span class='ocr_line' id='line_1_13' title="bbox 390 1238 1967 1311; baseline 0 -20"><span class='ocrx_word' id='word_1_74' title='bbox 390 1238 569 1307; x_wconf 90' lang='lat' dir='ltr'><strong>perire</strong></span> <span class='ocrx_word' id='word_1_75' title='bbox 599 1240 825 1308; x_wconf 89' lang='lat' dir='ltr'><strong>potestis</strong></span> <span class='ocrx_word' id='word_1_76' title='bbox 854 1240 906 1293; x_wconf 93' lang='lat' dir='ltr'><strong>in</strong></span> <span class='ocrx_word' id='word_1_77' title='bbox 946 1241 1189 1296; x_wconf 86' lang='lat' dir='ltr'><strong>exercitu</strong></span> <span class='ocrx_word' id='word_1_78' title='bbox 1224 1249 1412 1295; x_wconf 90' lang='lat' dir='ltr'><strong>nostro</strong></span> <span class='ocrx_word' id='word_1_79' title='bbox 1437 1243 1767 1311; x_wconf 85' lang='lat' dir='ltr'><strong>quempiam,</strong></span> <span class='ocrx_word' id='word_1_80' title='bbox 1800 1240 1967 1311; x_wconf 83' lang='lat' dir='ltr'><strong>38o</strong></span> 
     </span>
    </p>
   </div>
   <div class='ocr_carea' id='block_1_14' title="bbox 388 1330 1967 1404">
    <p class='ocr_par' dir='ltr' id='par_1_14' title="bbox 388 1330 1967 1404">
     <span class='ocr_line' id='line_1_14' title="bbox 388 1330 1967 1404; baseline 0.003 -21"><span class='ocrx_word' id='word_1_81' title='bbox 388 1330 482 1398; x_wconf 88' lang='lat' dir='ltr'><strong>qui</strong></span> <span class='ocrx_word' id='word_1_82' title='bbox 523 1346 631 1386; x_wconf 92' lang='lat' dir='ltr'><strong>non</strong></span> <span class='ocrx_word' id='word_1_83' title='bbox 670 1330 763 1385; x_wconf 88' lang='lat' dir='ltr'><strong>illo</strong></span> <span class='ocrx_word' id='word_1_84' title='bbox 793 1332 939 1400; x_wconf 87' lang='lat' dir='ltr'><strong>quod</strong></span> <span class='ocrx_word' id='word_1_85' title='bbox 996 1348 1095 1388; x_wconf 92' lang='lat' dir='ltr'><strong>nos</strong></span> <span class='ocrx_word' id='word_1_86' title='bbox 1140 1334 1377 1401; x_wconf 85' lang='lat' dir='ltr'><strong>patimur</strong></span> <span class='ocrx_word' id='word_1_87' title='bbox 1413 1333 1681 1404; x_wconf 70' lang='lat' dir='ltr'><strong>angatur?</strong></span> <span class='ocrx_word' id='word_1_88' title='bbox 1729 1332 1967 1403; x_wconf 81' lang='lat' dir='ltr'><strong>Inquisi-</strong></span> 
     </span>
    </p>
   </div>
   <div class='ocr_carea' id='block_1_15' title="bbox 391 1420 1964 1492">
    <p class='ocr_par' dir='ltr' id='par_1_15' title="bbox 391 1420 1964 1492">
     <span class='ocr_line' id='line_1_15' title="bbox 391 1420 1964 1492; baseline 0.002 -18"><span class='ocrx_word' id='word_1_89' title='bbox 391 1420 538 1476; x_wconf 90' lang='lat' dir='ltr'><strong>tione</strong></span> <span class='ocrx_word' id='word_1_90' title='bbox 562 1437 691 1492; x_wconf 88' lang='lat' dir='ltr'><strong>ergo</strong></span> <span class='ocrx_word' id='word_1_91' title='bbox 727 1427 869 1476; x_wconf 82' lang='lat' dir='ltr'><strong>facta</strong></span> <span class='ocrx_word' id='word_1_92' title='bbox 894 1423 1032 1477; x_wconf 92' lang='lat' dir='ltr'><strong>duos</strong></span> <span class='ocrx_word' id='word_1_93' title='bbox 1063 1424 1388 1479; x_wconf 89' lang='lat' dir='ltr'><strong>invenerunt</strong></span> <span class='ocrx_word' id='word_1_94' title='bbox 1418 1425 1563 1479; x_wconf 89' lang='lat' dir='ltr'><strong>viros</strong></span> <span class='ocrx_word' id='word_1_95' title='bbox 1596 1426 1721 1479; x_wconf 89' lang='lat' dir='ltr'><strong>vino</strong></span> <span class='ocrx_word' id='word_1_96' title='bbox 1750 1433 1803 1478; x_wconf 92' lang='lat' dir='ltr'><strong>et</strong></span> <span class='ocrx_word' id='word_1_97' title='bbox 1833 1438 1964 1478; x_wconf 83' lang='lat' dir='ltr'><strong>can-</strong></span> 
     </span>
    </p>
   </div>
   <div class='ocr_carea' id='block_1_16' title="bbox 390 1513 1967 1587">
    <p class='ocr_par' dir='ltr' id='par_1_16' title="bbox 390 1513 1967 1587">
     <span class='ocr_line' id='line_1_16' title="bbox 390 1513 1967 1587; baseline 0.002 -20"><span class='ocrx_word' id='word_1_98' title='bbox 390 1513 468 1568; x_wconf 91' lang='lat' dir='ltr'><strong>tui</strong></span> <span class='ocrx_word' id='word_1_99' title='bbox 504 1514 880 1583; x_wconf 79' lang='lat' dir='ltr'><strong>indulgentes;</strong></span> <span class='ocrx_word' id='word_1_100' title='bbox 917 1516 1117 1585; x_wconf 91' lang='lat' dir='ltr'><strong>quibus</strong></span> <span class='ocrx_word' id='word_1_101' title='bbox 1156 1516 1245 1571; x_wconf 89' lang='lat' dir='ltr'><strong>ille</strong></span> <span class='ocrx_word' id='word_1_102' title='bbox 1290 1532 1304 1567; x_wconf 89' lang='lat'>:</span> <span class='ocrx_word' id='word_1_103' title='bbox 1337 1518 1594 1587; x_wconf 81' lang='lat' dir='ltr'><strong>Apparet,</strong></span> <span class='ocrx_word' id='word_1_104' title='bbox 1629 1516 1829 1586; x_wconf 87' lang='lat' dir='ltr'><strong>inquit,</strong></span> <span class='ocrx_word' id='word_1_105' title='bbox 1871 1532 1967 1587; x_wconf 64' lang='lat' dir='ltr'><strong>pa»</strong></span> 
     </span>
    </p>
   </div>
   <div class='ocr_carea' id='block_1_17' title="bbox 390 1606 1964 1677">
    <p class='ocr_par' dir='ltr' id='par_1_17' title="bbox 390 1606 1964 1677">
     <span class='ocr_line' id='line_1_17' title="bbox 390 1606 1964 1677; baseline 0.003 -18"><span class='ocrx_word' id='word_1_106' title='bbox 390 1620 509 1659; x_wconf 85' lang='lat' dir='ltr'><strong>rum</strong></span> <span class='ocrx_word' id='word_1_107' title='bbox 544 1606 696 1663; x_wconf 83' lang='lat' dir='ltr'><strong>vobis</strong></span> <span class='ocrx_word' id='word_1_108' title='bbox 723 1609 875 1663; x_wconf 89' lang='lat' dir='ltr'><strong>cordi</strong></span> <span class='ocrx_word' id='word_1_109' title='bbox 911 1623 1034 1664; x_wconf 92' lang='lat' dir='ltr'><strong>esse</strong></span> <span class='ocrx_word' id='word_1_110' title='bbox 1070 1625 1159 1663; x_wconf 91' lang='lat' dir='ltr'><strong>res</strong></span> <span class='ocrx_word' id='word_1_111' title='bbox 1194 1620 1435 1674; x_wconf 90' lang='lat' dir='ltr'><strong>nostras,</strong></span> <span class='ocrx_word' id='word_1_112' title='bbox 1470 1625 1595 1665; x_wconf 89' lang='lat' dir='ltr'><strong>cum</strong></span> <span class='ocrx_word' id='word_1_113' title='bbox 1628 1612 1705 1663; x_wconf 89' lang='lat' dir='ltr'><strong>ita</strong></span> <span class='ocrx_word' id='word_1_114' title='bbox 1738 1623 1834 1663; x_wconf 84' lang='lat' dir='ltr'><strong>vos</strong></span> <span class='ocrx_word' id='word_1_115' title='bbox 1878 1624 1964 1677; x_wconf 84' lang='lat' dir='ltr'><strong>ge-</strong></span> 
     </span>
    </p>
   </div>
   <div class='ocr_carea' id='block_1_18' title="bbox 390 1698 1961 1771">
    <p class='ocr_par' dir='ltr' id='par_1_18' title="bbox 390 1698 1961 1771">
     <span class='ocr_line' id='line_1_18' title="bbox 390 1698 1961 1771; baseline 0.003 -20"><span class='ocrx_word' id='word_1_116' title='bbox 390 1698 526 1752; x_wconf 86' lang='lat' dir='ltr'><strong>ratis</strong></span> <span class='ocrx_word' id='word_1_117' title='bbox 559 1712 621 1752; x_wconf 92' lang='lat' dir='ltr'><strong>ac</strong></span> <span class='ocrx_word' id='word_1_118' title='bbox 670 1701 715 1755; x_wconf 89' lang='lat' dir='ltr'><strong>si</strong></span> <span class='ocrx_word' id='word_1_119' title='bbox 765 1700 900 1753; x_wconf 89' lang='lat' dir='ltr'><strong>nihil</strong></span> <span class='ocrx_word' id='word_1_120' title='bbox 950 1703 1017 1754; x_wconf 91' lang='lat' dir='ltr'><strong>ad</strong></span> <span class='ocrx_word' id='word_1_121' title='bbox 1054 1717 1151 1756; x_wconf 91' lang='lat' dir='ltr'><strong>vos</strong></span> <span class='ocrx_word' id='word_1_122' title='bbox 1202 1710 1510 1771; x_wconf 83' lang='lat' dir='ltr'><strong>spectarent</strong></span> <span class='ocrx_word' id='word_1_123' title='bbox 1562 1717 1684 1771; x_wconf 67' lang='lat' dir='ltr'><strong>quae</strong></span> <span class='ocrx_word' id='word_1_124' title='bbox 1728 1702 1961 1771; x_wconf 82' lang='lat' dir='ltr'><strong>agimus.</strong></span> 
     </span>
    </p>
   </div>
   <div class='ocr_carea' id='block_1_19' title="bbox 2077 503 3655 574">
    <p class='ocr_par' dir='ltr' id='par_1_19' title="bbox 2077 503 3655 574">
     <span class='ocr_line' id='line_1_19' title="bbox 2077 503 3655 574; baseline 0.002 -17"><span class='ocrx_word' id='word_1_125' title='bbox 2077 520 2214 570; x_wconf 91' lang='lat' dir='ltr'><strong>nus,</strong></span> <span class='ocrx_word' id='word_1_126' title='bbox 2245 503 2339 573; x_wconf 90' lang='lat' dir='ltr'><strong>qui</strong></span> <span class='ocrx_word' id='word_1_127' title='bbox 2366 514 2650 574; x_wconf 84' lang='lat' dir='ltr'><strong>postquam</strong></span> <span class='ocrx_word' id='word_1_128' title='bbox 2687 518 2863 558; x_wconf 88' lang='lat' dir='ltr'><strong>annos</strong></span> <span class='ocrx_word' id='word_1_129' title='bbox 2887 505 3174 559; x_wconf 88' lang='lat' dir='ltr'><strong>duodecim</strong></span> <span class='ocrx_word' id='word_1_130' title='bbox 3212 506 3464 569; x_wconf 82' lang='lat' dir='ltr'><strong>sedisset,</strong></span> <span class='ocrx_word' id='word_1_131' title='bbox 3494 504 3655 573; x_wconf 88' lang='lat' dir='ltr'><strong>fugit.</strong></span> 
     </span>
    </p>
   </div>
   <div class='ocr_carea' id='block_1_20' title="bbox 2075 596 3653 666">
    <p class='ocr_par' dir='ltr' id='par_1_20' title="bbox 2075 596 3653 666">
     <span class='ocr_line' id='line_1_20' title="bbox 2075 596 3653 666; baseline 0 -16"><span class='ocrx_word' id='word_1_132' title='bbox 2075 596 2290 651; x_wconf 81' lang='lat' dir='ltr'><strong>Mortuo</strong></span> <span class='ocrx_word' id='word_1_133' title='bbox 2329 598 2638 652; x_wconf 83' lang='lat' dir='ltr'><strong>Alexandro</strong></span> <span class='ocrx_word' id='word_1_134' title='bbox 2668 598 2907 663; x_wconf 64' lang='lat' dir='ltr'><strong>Caesare,</strong></span> <span class='ocrx_word' id='word_1_135' title='bbox 2943 600 3150 665; x_wconf 64' lang='lat' dir='ltr'><strong>liniue,</strong></span> <span class='ocrx_word' id='word_1_136' title='bbox 3182 601 3446 655; x_wconf 76' lang='lat' dir='ltr'><strong>Romanis</strong></span> <span class='ocrx_word' id='word_1_137' title='bbox 3479 600 3653 666; x_wconf 81' lang='lat' dir='ltr'><strong>impe-</strong></span> 
     </span>
    </p>
   </div>
   <div class='ocr_carea' id='block_1_21' title="bbox 2075 685 3654 760">
    <p class='ocr_par' dir='ltr' id='par_1_21' title="bbox 2075 685 3654 760">
     <span class='ocr_line' id='line_1_21' title="bbox 2075 685 3654 760; baseline 0.001 -20"><span class='ocrx_word' id='word_1_138' title='bbox 2075 688 2217 741; x_wconf 88' lang='lat' dir='ltr'><strong>ravit</strong></span> <span class='ocrx_word' id='word_1_139' title='bbox 2268 685 2598 743; x_wconf 76' lang='lat' dir='ltr'><strong>Maximinus</strong></span> <span class='ocrx_word' id='word_1_140' title='bbox 2648 689 2833 743; x_wconf 66' lang='lat' dir='ltr'><strong>Caesar</strong></span> <span class='ocrx_word' id='word_1_141' title='bbox 2863 688 3031 760; x_wconf 59' lang='lat'><strong>385.</strong></span> <span class='ocrx_word' id='word_1_142' title='bbox 3079 697 3192 744; x_wconf 88' lang='lat' dir='ltr'><strong>tres</strong></span> <span class='ocrx_word' id='word_1_143' title='bbox 3224 704 3398 744; x_wconf 88' lang='lat' dir='ltr'><strong>annos</strong></span> <span class='ocrx_word' id='word_1_144' title='bbox 3430 705 3445 743; x_wconf 90' lang='lat'><strong>:</strong></span> <span class='ocrx_word' id='word_1_145' title='bbox 3477 689 3654 756; x_wconf 87' lang='lat' dir='ltr'><strong>&#39;idque</strong></span> 
     </span>
    </p>
   </div>
   <div class='ocr_carea' id='block_1_22' title="bbox 2074 778 3659 848">
    <p class='ocr_par' dir='ltr' id='par_1_22' title="bbox 2074 778 3659 848">
     <span class='ocr_line' id='line_1_22' title="bbox 2074 778 3659 848; baseline 0.001 -18"><span class='ocrx_word' id='word_1_146' title='bbox 2074 793 2219 832; x_wconf 87' lang='lat' dir='ltr'><strong>anno</strong></span> <span class='ocrx_word' id='word_1_147' title='bbox 2266 781 2418 847; x_wconf 84' lang='lat' dir='ltr'><strong>regni</strong></span> <span class='ocrx_word' id='word_1_148' title='bbox 2454 779 2679 848; x_wconf 76' lang='lat' dir='ltr'><strong>Saporis</strong></span> <span class='ocrx_word' id='word_1_149' title='bbox 2722 779 3012 833; x_wconf 82' lang='lat' dir='ltr'><strong>Azdashiri</strong></span> <span class='ocrx_word' id='word_1_150' title='bbox 3050 778 3143 832; x_wconf 88' lang='lat' dir='ltr'><strong>ftlii</strong></span> <span class='ocrx_word' id='word_1_151' title='bbox 3187 779 3478 833; x_wconf 82' lang='lat' dir='ltr'><strong>Persarum</strong></span> <span class='ocrx_word' id='word_1_152' title='bbox 3512 778 3659 847; x_wconf 87' lang='lat' dir='ltr'><strong>regis</strong></span> 
     </span>
    </p>
   </div>
   <div class='ocr_carea' id='block_1_23' title="bbox 2076 871 3655 940">
    <p class='ocr_par' dir='ltr' id='par_1_23' title="bbox 2076 871 3655 940">
     <span class='ocr_line' id='line_1_23' title="bbox 2076 871 3655 940; baseline 0.001 -18"><span class='ocrx_word' id='word_1_153' title='bbox 2076 872 2381 926; x_wconf 85' lang='lat' dir='ltr'><strong>tricesimo.</strong></span> <span class='ocrx_word' id='word_1_154' title='bbox 2442 871 2771 926; x_wconf 76' lang='lat' dir='ltr'><strong>Maximinus</strong></span> <span class='ocrx_word' id='word_1_155' title='bbox 2826 873 3126 940; x_wconf 83' lang='lat' dir='ltr'><strong>imperator</strong></span> <span class='ocrx_word' id='word_1_156' title='bbox 3176 871 3276 924; x_wconf 90' lang='lat' dir='ltr'><strong>iste</strong></span> <span class='ocrx_word' id='word_1_157' title='bbox 3334 886 3655 937; x_wconf 67' lang='lat' dir='ltr'><strong>magnarum</strong></span> 
     </span>
    </p>
   </div>
   <div class='ocr_carea' id='block_1_24' title="bbox 2073 961 3659 1017">
    <p class='ocr_par' dir='ltr' id='par_1_24' title="bbox 2073 961 3659 1017">
     <span class='ocr_line' id='line_1_24' title="bbox 2073 961 3659 1017; baseline 0.001 -2"><span class='ocrx_word' id='word_1_158' title='bbox 2073 961 2402 1017; x_wconf 88' lang='lat' dir='ltr'><strong>Christianis</strong></span> <span class='ocrx_word' id='word_1_159' title='bbox 2433 962 2804 1015; x_wconf 83' lang='lat' dir='ltr'><strong>calamitatum</strong></span> <span class='ocrx_word' id='word_1_160' title='bbox 2828 971 2881 1017; x_wconf 90' lang='lat' dir='ltr'><strong>et</strong></span> <span class='ocrx_word' id='word_1_161' title='bbox 2904 962 3142 1015; x_wconf 66' lang='lat' dir='ltr'><strong>tristitiae</strong></span> <span class='ocrx_word' id='word_1_162' title='bbox 3172 964 3443 1015; x_wconf 75' lang='lat' dir='ltr'><strong>diuturna.-</strong></span> <span class='ocrx_word' id='word_1_163' title='bbox 3466 971 3659 1016; x_wconf 76' lang='lat' dir='ltr'><strong>auctor</strong></span> 
     </span>
    </p>
   </div>
   <div class='ocr_carea' id='block_1_25' title="bbox 2074 1053 3652 1124">
    <p class='ocr_par' dir='ltr' id='par_1_25' title="bbox 2074 1053 3652 1124">
     <span class='ocr_line' id='line_1_25' title="bbox 2074 1053 3652 1124; baseline 0.001 -17"><span class='ocrx_word' id='word_1_164' title='bbox 2074 1054 2202 1117; x_wconf 87' lang='lat' dir='ltr'><strong>fuit,</strong></span> <span class='ocrx_word' id='word_1_165' title='bbox 2238 1055 2681 1109; x_wconf 86' lang='lat' dir='ltr'><strong>Christianorum</strong></span> <span class='ocrx_word' id='word_1_166' title='bbox 2717 1064 2899 1124; x_wconf 79' lang='lat' dir='ltr'><strong>strage</strong></span> <span class='ocrx_word' id='word_1_167' title='bbox 2933 1054 3079 1108; x_wconf 88' lang='lat' dir='ltr'><strong>edita</strong></span> <span class='ocrx_word' id='word_1_168' title='bbox 3120 1054 3547 1123; x_wconf 87' lang='lat' dir='ltr'><strong>hominibusque</strong></span> <span class='ocrx_word' id='word_1_169' title='bbox 3584 1053 3652 1108; x_wconf 78' lang='lat' dir='ltr'><strong>ad</strong></span> 
     </span>
    </p>
   </div>
   <div class='ocr_carea' id='block_1_26' title="bbox 2074 1145 3657 1216">
    <p class='ocr_par' dir='ltr' id='par_1_26' title="bbox 2074 1145 3657 1216">
     <span class='ocr_line' id='line_1_26' title="bbox 2074 1145 3657 1216; baseline -0.001 -16"><span class='ocrx_word' id='word_1_170' title='bbox 2074 1146 2343 1201; x_wconf 83' lang='lat' dir='ltr'><strong>idolorum</strong></span> <span class='ocrx_word' id='word_1_171' title='bbox 2366 1187 2381 1211; x_wconf 92' lang='lat'><strong>,</strong></span> <span class='ocrx_word' id='word_1_172' title='bbox 2420 1161 2540 1216; x_wconf 78' lang='lat' dir='ltr'><strong>qua:</strong></span> <span class='ocrx_word' id='word_1_173' title='bbox 2573 1146 2691 1214; x_wconf 90' lang='lat' dir='ltr'><strong>ipse</strong></span> <span class='ocrx_word' id='word_1_174' title='bbox 2727 1161 2827 1215; x_wconf 93' lang='lat' dir='ltr'><strong>pro</strong></span> <span class='ocrx_word' id='word_1_175' title='bbox 2861 1146 2968 1200; x_wconf 88' lang='lat' dir='ltr'><strong>diis</strong></span> <span class='ocrx_word' id='word_1_176' title='bbox 3002 1145 3229 1208; x_wconf 87' lang='lat' dir='ltr'><strong>habuit,</strong></span> <span class='ocrx_word' id='word_1_177' title='bbox 3271 1145 3478 1199; x_wconf 92' lang='lat' dir='ltr'><strong>cultum</strong></span> <span class='ocrx_word' id='word_1_178' title='bbox 3525 1161 3657 1214; x_wconf 80' lang='lat' dir='ltr'><strong>pro-</strong></span> 
     </span>
    </p>
   </div>
   <div class='ocr_carea' id='block_1_27' title="bbox 2074 1239 3657 1309">
    <p class='ocr_par' dir='ltr' id='par_1_27' title="bbox 2074 1239 3657 1309">
     <span class='ocr_line' id='line_1_27' title="bbox 2074 1239 3657 1309; baseline -0.001 -14"><span class='ocrx_word' id='word_1_179' title='bbox 2074 1241 2275 1309; x_wconf 79' lang='lat' dir='ltr'><strong>lapsis,</strong></span> <span class='ocrx_word' id='word_1_180' title='bbox 2323 1240 2710 1309; x_wconf 89' lang='lat' dir='ltr'><strong>episcopisqne</strong></span> <span class='ocrx_word' id='word_1_181' title='bbox 2743 1255 2849 1294; x_wconf 90' lang='lat' dir='ltr'><strong>non</strong></span> <span class='ocrx_word' id='word_1_182' title='bbox 2897 1239 3090 1309; x_wconf 85' lang='lat' dir='ltr'><strong>paucis</strong></span> <span class='ocrx_word' id='word_1_183' title='bbox 3124 1254 3155 1292; x_wconf 91' lang='lat' dir='ltr'><strong>e</strong></span> <span class='ocrx_word' id='word_1_184' title='bbox 3186 1239 3366 1293; x_wconf 90' lang='lat' dir='ltr'><strong>medio</strong></span> <span class='ocrx_word' id='word_1_185' title='bbox 3400 1239 3657 1303; x_wconf 84' lang='lat' dir='ltr'><strong>sublatis,</strong></span> 
     </span>
    </p>
   </div>
   <div class='ocr_carea' id='block_1_28' title="bbox 2076 1329 3657 1402">
    <p class='ocr_par' dir='ltr' id='par_1_28' title="bbox 2076 1329 3657 1402">
     <span class='ocr_line' id='line_1_28' title="bbox 2076 1329 3657 1402; baseline -0.001 -16"><span class='ocrx_word' id='word_1_186' title='bbox 2076 1334 2217 1387; x_wconf 81' lang='lat' dir='ltr'><strong>inter</strong></span> <span class='ocrx_word' id='word_1_187' title='bbox 2237 1348 2378 1402; x_wconf 87' lang='lat' dir='ltr'><strong>quos</strong></span> <span class='ocrx_word' id='word_1_188' title='bbox 2412 1332 2598 1386; x_wconf 86' lang='lat' dir='ltr'><strong>Babila</strong></span> <span class='ocrx_word' id='word_1_189' title='bbox 2633 1332 2941 1386; x_wconf 68' lang='lat' dir='ltr'><strong>Antiochiae</strong></span> <span class='ocrx_word' id='word_1_190' title='bbox 2974 1330 3283 1401; x_wconf 84' lang='lat' dir='ltr'><strong>patriarcha</strong></span> <span class='ocrx_word' id='word_1_191' title='bbox 3318 1346 3332 1383; x_wconf 91' lang='lat'><strong>:</strong></span> <span class='ocrx_word' id='word_1_192' title='bbox 3362 1329 3657 1385; x_wconf 82' lang='lat' dir='ltr'><strong>Narcissus</strong></span> 
     </span>
    </p>
   </div>
   <div class='ocr_carea' id='block_1_29' title="bbox 2074 1422 3657 1494">
    <p class='ocr_par' dir='ltr' id='par_1_29' title="bbox 2074 1422 3657 1494">
     <span class='ocr_line' id='line_1_29' title="bbox 2074 1422 3657 1494; baseline -0.003 -17"><span class='ocrx_word' id='word_1_193' title='bbox 2074 1438 2201 1494; x_wconf 92' lang='lat' dir='ltr'><strong>ergo</strong></span> <span class='ocrx_word' id='word_1_194' title='bbox 2224 1425 2518 1493; x_wconf 76' lang='lat' dir='ltr'><strong>epis00pus</strong></span> <span class='ocrx_word' id='word_1_195' title='bbox 2544 1422 3075 1493; x_wconf 88' lang='lat' dir='ltr'><strong>Hierosolymitanus</strong></span> <span class='ocrx_word' id='word_1_196' title='bbox 3097 1422 3283 1476; x_wconf 90' lang='lat' dir='ltr'><strong>audito</strong></span> <span class='ocrx_word' id='word_1_197' title='bbox 3307 1422 3657 1477; x_wconf 86' lang='lat' dir='ltr'><strong>interfectum</strong></span> 
     </span>
    </p>
   </div>
   <div class='ocr_carea' id='block_1_30' title="bbox 2071 1514 3662 1583">
    <p class='ocr_par' dir='ltr' id='par_1_30' title="bbox 2071 1514 3662 1583">
     <span class='ocr_line' id='line_1_30' title="bbox 2071 1514 3662 1583; baseline -0.003 -13"><span class='ocrx_word' id='word_1_198' title='bbox 2071 1530 2195 1570; x_wconf 89' lang='lat' dir='ltr'><strong>esse</strong></span> <span class='ocrx_word' id='word_1_199' title='bbox 2225 1514 2467 1569; x_wconf 84' lang='lat' dir='ltr'><strong>Dabilam</strong></span> <span class='ocrx_word' id='word_1_200' title='bbox 2512 1515 2882 1583; x_wconf 78' lang='lat' dir='ltr'><strong>patriarcham</strong></span> <span class='ocrx_word' id='word_1_201' title='bbox 2919 1514 3341 1577; x_wconf 87' lang='lat' dir='ltr'><strong>Antiochenum,</strong></span> <span class='ocrx_word' id='word_1_202' title='bbox 3375 1514 3494 1583; x_wconf 87' lang='lat' dir='ltr'><strong>fuga</strong></span> <span class='ocrx_word' id='word_1_203' title='bbox 3530 1527 3662 1576; x_wconf 79' lang='lat' dir='ltr'><strong>pro-</strong></span> 
     </span>
    </p>
   </div>
   <div class='ocr_carea' id='block_1_31' title="bbox 2074 1598 3659 1677">
    <p class='ocr_par' dir='ltr' id='par_1_31' title="bbox 2074 1598 3659 1677">
     <span class='ocr_line' id='line_1_31' title="bbox 2074 1598 3659 1677; baseline -0.002 -15"><span class='ocrx_word' id='word_1_204' title='bbox 2074 1608 2261 1677; x_wconf 84' lang='lat' dir='ltr'><strong>lapsus</strong></span> <span class='ocrx_word' id='word_1_205' title='bbox 2316 1598 2632 1662; x_wconf 83' lang='lat' dir='ltr'><strong>cathedram</strong></span> <span class='ocrx_word' id='word_1_206' title='bbox 2683 1608 2951 1662; x_wconf 78' lang='lat' dir='ltr'><strong>deseruit.</strong></span> <span class='ocrx_word' id='word_1_207' title='bbox 3011 1608 3168 1661; x_wconf 81' lang='lat' dir='ltr'><strong>Anno</strong></span> <span class='ocrx_word' id='word_1_208' title='bbox 3222 1607 3387 1677; x_wconf 90' lang='lat' dir='ltr'><strong>igitur</strong></span> <span class='ocrx_word' id='word_1_209' title='bbox 3442 1605 3659 1674; x_wconf 90' lang='lat' dir='ltr'><strong>imperii</strong></span> 
     </span>
    </p>
   </div>
   <div class='ocr_carea' id='block_1_32' title="bbox 2075 1698 3661 1769">
    <p class='ocr_par' dir='ltr' id='par_1_32' title="bbox 2075 1698 3661 1769">
     <span class='ocr_line' id='line_1_32' title="bbox 2075 1698 3661 1769; baseline -0.002 -18"><span class='ocrx_word' id='word_1_210' title='bbox 2075 1700 2251 1769; x_wconf 90' lang='lat' dir='ltr'><strong>ipsius</strong></span> <span class='ocrx_word' id='word_1_211' title='bbox 2276 1699 2520 1755; x_wconf 90' lang='lat' dir='ltr'><strong>secundo</strong></span> <span class='ocrx_word' id='word_1_212' title='bbox 2555 1700 2731 1754; x_wconf 89' lang='lat' dir='ltr'><strong>factus</strong></span> <span class='ocrx_word' id='word_1_213' title='bbox 2766 1699 2899 1754; x_wconf 83' lang='lat' dir='ltr'><strong>Dius</strong></span> <span class='ocrx_word' id='word_1_214' title='bbox 2930 1698 3226 1769; x_wconf 87' lang='lat' dir='ltr'><strong>cpiscopus</strong></span> <span class='ocrx_word' id='word_1_215' title='bbox 3262 1698 3661 1767; x_wconf 82' lang='lat' dir='ltr'><strong>Hierosolymi-</strong></span> 
     </span>
    </p>
   </div>
   <div class='ocr_carea' id='block_1_33' title="bbox 391 1768 3661 1861">
    <p class='ocr_par' dir='ltr' id='par_1_33' title="bbox 391 1768 3661 1861">
     <span class='ocr_line' id='line_1_33' title="bbox 391 1768 3661 1861; baseline -0.001 -17"><span class='ocrx_word' id='word_1_216' title='bbox 391 1790 811 1861; x_wconf 81' lang='lat' dir='ltr'><strong>Responderunt</strong></span> <span class='ocrx_word' id='word_1_217' title='bbox 842 1792 919 1847; x_wconf 87' lang='lat' dir='ltr'><strong>illi</strong></span> <span class='ocrx_word' id='word_1_218' title='bbox 945 1808 959 1845; x_wconf 90' lang='lat'><strong>:</strong></span> <span class='ocrx_word' id='word_1_219' title='bbox 990 1793 1049 1847; x_wconf 90' lang='lat' dir='ltr'><strong>Si</strong></span> <span class='ocrx_word' id='word_1_220' title='bbox 1092 1803 1143 1849; x_wconf 89' lang='lat' dir='ltr'><strong>te</strong></span> <span class='ocrx_word' id='word_1_221' title='bbox 1176 1795 1316 1848; x_wconf 90' lang='lat' dir='ltr'><strong>male</strong></span> <span class='ocrx_word' id='word_1_222' title='bbox 1349 1794 1565 1859; x_wconf 89' lang='lat' dir='ltr'><strong>habeat,</strong></span> <span class='ocrx_word' id='word_1_223' title='bbox 1597 1811 1630 1849; x_wconf 91' lang='grc' dir='ltr'>ο</span> <span class='ocrx_word' id='word_1_224' title='bbox 1666 1811 1781 1860; x_wconf 90' lang='lat' dir='ltr'><strong>rex,</strong></span> <span class='ocrx_word' id='word_1_225' title='bbox 1819 1796 1968 1851; x_wconf 90' lang='lat' dir='ltr'><strong>urbis</strong></span> <span class='ocrx_word' id='word_1_226' title='bbox 1998 1768 2045 1828; x_wconf 62' lang='grc' dir='ltr'><strong>Β</strong></span> <span class='ocrx_word' id='word_1_227' title='bbox 2075 1799 2257 1853; x_wconf 85' lang='lat' dir='ltr'><strong>Ianus,</strong></span> <span class='ocrx_word' id='word_1_228' title='bbox 2285 1792 2399 1845; x_wconf 83' lang='lat' dir='ltr'><strong>vice</strong></span> <span class='ocrx_word' id='word_1_229' title='bbox 2427 1789 2695 1852; x_wconf 85' lang='lat' dir='ltr'><strong>Narcissi,</strong></span> <span class='ocrx_word' id='word_1_230' title='bbox 2724 1804 2898 1844; x_wconf 92' lang='lat' dir='ltr'><strong>annos</strong></span> <span class='ocrx_word' id='word_1_231' title='bbox 2925 1802 3037 1844; x_wconf 89' lang='lat' dir='ltr'><strong>tres</strong></span> <span class='ocrx_word' id='word_1_232' title='bbox 3064 1791 3229 1853; x_wconf 86' lang='lat' dir='ltr'><strong>sedit,</strong></span> <span class='ocrx_word' id='word_1_233' title='bbox 3263 1790 3383 1843; x_wconf 92' lang='lat' dir='ltr'><strong>dein</strong></span> <span class='ocrx_word' id='word_1_234' title='bbox 3413 1798 3661 1843; x_wconf 90' lang='lat' dir='ltr'><strong>mortuus</strong></span> 
     </span>
    </p>
   </div>
   <div class='ocr_carea' id='block_1_34' title="bbox 390 1883 1971 1955">
    <p class='ocr_par' dir='ltr' id='par_1_34' title="bbox 390 1883 1971 1955">
     <span class='ocr_line' id='line_1_34' title="bbox 390 1883 1971 1955; baseline 0.003 -19"><span class='ocrx_word' id='word_1_235' title='bbox 390 1883 553 1953; x_wconf 85' lang='lat' dir='ltr'><strong>hujus</strong></span> <span class='ocrx_word' id='word_1_236' title='bbox 592 1891 787 1949; x_wconf 88' lang='lat' dir='ltr'><strong>status,</strong></span> <span class='ocrx_word' id='word_1_237' title='bbox 820 1897 1105 1953; x_wconf 89' lang='lat' dir='ltr'><strong>speramus</strong></span> <span class='ocrx_word' id='word_1_238' title='bbox 1140 1899 1232 1949; x_wconf 87' lang='lat' dir='ltr'><strong>ea,</strong></span> <span class='ocrx_word' id='word_1_239' title='bbox 1271 1901 1369 1940; x_wconf 93' lang='lat' dir='ltr'><strong>nos</strong></span> <span class='ocrx_word' id='word_1_240' title='bbox 1399 1900 1517 1939; x_wconf 90' lang='lat' dir='ltr'><strong>eam</strong></span> <span class='ocrx_word' id='word_1_241' title='bbox 1547 1902 1712 1955; x_wconf 90' lang='lat' dir='ltr'><strong>quam</strong></span> <span class='ocrx_word' id='word_1_242' title='bbox 1750 1886 1844 1942; x_wconf 90' lang='lat' dir='ltr'><strong>tibi</strong></span> <span class='ocrx_word' id='word_1_243' title='bbox 1889 1888 1971 1941; x_wconf 91' lang='lat' dir='ltr'><strong>in-</strong></span> 
     </span>
    </p>
   </div>
   <div class='ocr_carea' id='block_1_35' title="bbox 389 1974 1968 2046">
    <p class='ocr_par' dir='ltr' id='par_1_35' title="bbox 389 1974 1968 2046">
     <span class='ocr_line' id='line_1_35' title="bbox 389 1974 1968 2046; baseline 0.003 -16"><span class='ocrx_word' id='word_1_244' title='bbox 389 1974 629 2030; x_wconf 86' lang='lat' dir='ltr'><strong>dicaturi</strong></span> <span class='ocrx_word' id='word_1_245' title='bbox 682 1990 877 2031; x_wconf 90' lang='lat' dir='ltr'><strong>sumus</strong></span> <span class='ocrx_word' id='word_1_246' title='bbox 940 1978 1153 2031; x_wconf 87' lang='lat' dir='ltr'><strong>ratione</strong></span> <span class='ocrx_word' id='word_1_247' title='bbox 1211 1984 1496 2046; x_wconf 89' lang='lat' dir='ltr'><strong>capturos.</strong></span> <span class='ocrx_word' id='word_1_248' title='bbox 1560 1977 1781 2033; x_wconf 87' lang='lat' dir='ltr'><strong>Dicente</strong></span> <span class='ocrx_word' id='word_1_249' title='bbox 1853 1980 1968 2046; x_wconf 92' lang='lat' dir='ltr'><strong>illo,</strong></span> 
     </span>
    </p>
   </div>
   <div class='ocr_carea' id='block_1_36' title="bbox 390 2065 1970 2140">
    <p class='ocr_par' dir='ltr' id='par_1_36' title="bbox 390 2065 1970 2140">
     <span class='ocr_line' id='line_1_36' title="bbox 390 2065 1970 2140; baseline 0.003 -19"><span class='ocrx_word' id='word_1_250' title='bbox 390 2065 651 2134; x_wconf 69' lang='lat' dir='ltr'><strong>Quaenam</strong></span> <span class='ocrx_word' id='word_1_251' title='bbox 704 2082 836 2138; x_wconf 90' lang='lat' dir='ltr'><strong>ergo</strong></span> <span class='ocrx_word' id='word_1_252' title='bbox 893 2066 1029 2121; x_wconf 82' lang='lat' dir='ltr'><strong>illa?</strong></span> <span class='ocrx_word' id='word_1_253' title='bbox 1073 2068 1491 2137; x_wconf 90' lang='lat' dir='ltr'><strong>responderunt,</strong></span> <span class='ocrx_word' id='word_1_254' title='bbox 1536 2078 1595 2123; x_wconf 95' lang='lat' dir='ltr'><strong>ut</strong></span> <span class='ocrx_word' id='word_1_255' title='bbox 1649 2085 1970 2140; x_wconf 72' lang='lat' dir='ltr'><strong>progressus</strong></span> 
     </span>
    </p>
   </div>
   <div class='ocr_carea' id='block_1_37' title="bbox 391 2158 1971 2237">
    <p class='ocr_par' dir='ltr' id='par_1_37' title="bbox 391 2158 1971 2237">
     <span class='ocr_line' id='line_1_37' title="bbox 391 2158 1971 2237; baseline 0.001 -25"><span class='ocrx_word' id='word_1_256' title='bbox 391 2159 507 2228; x_wconf 86' lang='lat' dir='ltr'><strong>ipse</strong></span> <span class='ocrx_word' id='word_1_257' title='bbox 534 2172 659 2237; x_wconf 78' lang='lat' dir='ltr'><strong>cum</strong></span> <span class='ocrx_word' id='word_1_258' title='bbox 683 2158 858 2227; x_wconf 89' lang='lat' dir='ltr'><strong>copiis</strong></span> <span class='ocrx_word' id='word_1_259' title='bbox 888 2158 996 2212; x_wconf 92' lang='lat' dir='ltr'><strong>tuis</strong></span> <span class='ocrx_word' id='word_1_260' title='bbox 1024 2158 1277 2213; x_wconf 90' lang='lat' dir='ltr'><strong>manibus</strong></span> <span class='ocrx_word' id='word_1_261' title='bbox 1301 2160 1512 2227; x_wconf 85' lang='lat' dir='ltr'><strong>junctis</strong></span> <span class='ocrx_word' id='word_1_262' title='bbox 1544 2175 1733 2229; x_wconf 87' lang='lat' dir='ltr'><strong>preces</strong></span> <span class='ocrx_word' id='word_1_263' title='bbox 1764 2161 1830 2215; x_wconf 91' lang='lat' dir='ltr'><strong>ad</strong></span> <span class='ocrx_word' id='word_1_264' title='bbox 1864 2160 1971 2214; x_wconf 87' lang='lat' dir='ltr'><strong>Do-</strong></span> 
     </span>
    </p>
   </div>
   <div class='ocr_carea' id='block_1_38' title="bbox 393 2247 1970 2323">
    <p class='ocr_par' dir='ltr' id='par_1_38' title="bbox 393 2247 1970 2323">
     <span class='ocr_line' id='line_1_38' title="bbox 393 2247 1970 2323; baseline 0.005 -22"><span class='ocrx_word' id='word_1_265' title='bbox 393 2247 598 2302; x_wconf 76' lang='lat' dir='ltr'><strong>tuinum</strong></span> <span class='ocrx_word' id='word_1_266' title='bbox 636 2249 877 2305; x_wconf 84' lang='lat' dir='ltr'><strong>fundatis</strong></span> <span class='ocrx_word' id='word_1_267' title='bbox 926 2264 1036 2320; x_wconf 87' lang='lat' dir='ltr'><strong>quo</strong></span> <span class='ocrx_word' id='word_1_268' title='bbox 1084 2250 1240 2305; x_wconf 87' lang='lat' dir='ltr'><strong>vobis</strong></span> <span class='ocrx_word' id='word_1_269' title='bbox 1291 2260 1351 2305; x_wconf 92' lang='lat' dir='ltr'><strong>ut</strong></span> <span class='ocrx_word' id='word_1_270' title='bbox 1404 2252 1590 2307; x_wconf 92' lang='lat' dir='ltr'><strong>urbem</strong></span> <span class='ocrx_word' id='word_1_271' title='bbox 1649 2254 1970 2323; x_wconf 81' lang='lat' dir='ltr'><strong>expugnetis</strong></span> 
     </span>
    </p>
   </div>
   <div class='ocr_carea' id='block_1_39' title="bbox 391 2341 1969 2418">
    <p class='ocr_par' dir='ltr' id='par_1_39' title="bbox 391 2341 1969 2418">
     <span class='ocr_line' id='line_1_39' title="bbox 391 2341 1969 2418; baseline 0.004 -25"><span class='ocrx_word' id='word_1_272' title='bbox 391 2341 673 2395; x_wconf 87' lang='lat' dir='ltr'><strong>concedat.</strong></span> <span class='ocrx_word' id='word_1_273' title='bbox 704 2342 861 2406; x_wconf 87' lang='lat' dir='ltr'><strong>Quod</strong></span> <span class='ocrx_word' id='word_1_274' title='bbox 914 2357 1036 2396; x_wconf 90' lang='lat' dir='ltr'><strong>cum</strong></span> <span class='ocrx_word' id='word_1_275' title='bbox 1092 2343 1315 2397; x_wconf 88' lang='lat' dir='ltr'><strong>fecisset</strong></span> <span class='ocrx_word' id='word_1_276' title='bbox 1367 2342 1626 2413; x_wconf 89' lang='lat' dir='ltr'><strong>Sapores,</strong></span> <span class='ocrx_word' id='word_1_277' title='bbox 1676 2361 1774 2400; x_wconf 89' lang='lat' dir='ltr'><strong>nec</strong></span> <span class='ocrx_word' id='word_1_278' title='bbox 1809 2346 1969 2418; x_wconf 88' lang='lat' dir='ltr'><strong>quid-</strong></span> 
     </span>
    </p>
   </div>
   <div class='ocr_carea' id='block_1_40' title="bbox 390 2430 1972 2503">
    <p class='ocr_par' dir='ltr' id='par_1_40' title="bbox 390 2430 1972 2503">
     <span class='ocr_line' id='line_1_40' title="bbox 390 2430 1972 2503; baseline 0.008 -24"><span class='ocrx_word' id='word_1_279' title='bbox 390 2442 557 2496; x_wconf 86' lang='lat' dir='ltr'><strong>quam</strong></span> <span class='ocrx_word' id='word_1_280' title='bbox 594 2430 853 2497; x_wconf 81' lang='lat' dir='ltr'><strong>prodesse</strong></span> <span class='ocrx_word' id='word_1_281' title='bbox 889 2430 1118 2493; x_wconf 80' lang='lat' dir='ltr'><strong>vlderet,</strong></span> <span class='ocrx_word' id='word_1_282' title='bbox 1150 2431 1286 2486; x_wconf 90' lang='lat' dir='ltr'><strong>dlxit</strong></span> <span class='ocrx_word' id='word_1_283' title='bbox 1320 2434 1496 2503; x_wconf 88' lang='lat' dir='ltr'><strong>ipsis:</strong></span> <span class='ocrx_word' id='word_1_284' title='bbox 1536 2435 1836 2491; x_wconf 85' lang='lat' dir='ltr'><strong>Consilium</strong></span> <span class='ocrx_word' id='word_1_285' title='bbox 1880 2453 1972 2492; x_wconf 91' lang='lat' dir='ltr'><strong>vc-</strong></span> 
     </span>
    </p>
   </div>
   <div class='ocr_carea' id='block_1_41' title="bbox 391 2521 1967 2597">
    <p class='ocr_par' dir='ltr' id='par_1_41' title="bbox 391 2521 1967 2597">
     <span class='ocr_line' id='line_1_41' title="bbox 391 2521 1967 2597; baseline 0.006 -22"><span class='ocrx_word' id='word_1_286' title='bbox 391 2529 564 2575; x_wconf 90' lang='lat' dir='ltr'><strong>strum</strong></span> <span class='ocrx_word' id='word_1_287' title='bbox 613 2521 806 2586; x_wconf 91' lang='lat' dir='ltr'><strong>secuti,</strong></span> <span class='ocrx_word' id='word_1_288' title='bbox 870 2522 1025 2576; x_wconf 91' lang='lat' dir='ltr'><strong>nihili</strong></span> <span class='ocrx_word' id='word_1_289' title='bbox 1081 2526 1309 2579; x_wconf 87' lang='lat' dir='ltr'><strong>subesse</strong></span> <span class='ocrx_word' id='word_1_290' title='bbox 1359 2526 1612 2582; x_wconf 70' lang='lat' dir='ltr'><strong>eiiieacia:</strong></span> <span class='ocrx_word' id='word_1_291' title='bbox 1668 2529 1917 2585; x_wconf 85' lang='lat' dir='ltr'><strong>videmus</strong></span> <span class='ocrx_word' id='word_1_292' title='bbox 1951 2571 1967 2597; x_wconf 93' lang='lat'><strong>,</strong></span> 
     </span>
    </p>
   </div>
   <div class='ocr_carea' id='block_1_42' title="bbox 392 2612 1971 2686">
    <p class='ocr_par' dir='ltr' id='par_1_42' title="bbox 392 2612 1971 2686">
     <span class='ocr_line' id='line_1_42' title="bbox 392 2612 1971 2686; baseline 0.009 -23"><span class='ocrx_word' id='word_1_293' title='bbox 392 2612 518 2681; x_wconf 90' lang='lat' dir='ltr'><strong>quid</strong></span> <span class='ocrx_word' id='word_1_294' title='bbox 552 2627 681 2682; x_wconf 88' lang='lat' dir='ltr'><strong>ergo</strong></span> <span class='ocrx_word' id='word_1_295' title='bbox 704 2613 815 2682; x_wconf 93' lang='lat' dir='ltr'><strong>jam</strong></span> <span class='ocrx_word' id='word_1_296' title='bbox 851 2613 1072 2668; x_wconf 86' lang='lat' dir='ltr'><strong>dicitis?</strong></span> <span class='ocrx_word' id='word_1_297' title='bbox 1100 2613 1546 2686; x_wconf 82' lang='lat' dir='ltr'><strong>Responderunt:</strong></span> <span class='ocrx_word' id='word_1_298' title='bbox 1579 2618 1875 2676; x_wconf 87' lang='lat' dir='ltr'><strong>Metuimus</strong></span> <span class='ocrx_word' id='word_1_299' title='bbox 1904 2637 1971 2677; x_wconf 91' lang='lat' dir='ltr'><strong>ne</strong></span> 
     </span>
    </p>
   </div>
   <div class='ocr_carea' id='block_1_43' title="bbox 393 2701 1969 2782">
    <p class='ocr_par' dir='ltr' id='par_1_43' title="bbox 393 2701 1969 2782">
     <span class='ocr_line' id='line_1_43' title="bbox 393 2701 1969 2782; baseline 0.008 -28"><span class='ocrx_word' id='word_1_300' title='bbox 393 2701 780 2773; x_wconf 87' lang='lat' dir='ltr'><strong>vilipenderint</strong></span> <span class='ocrx_word' id='word_1_301' title='bbox 812 2706 1061 2761; x_wconf 86' lang='lat' dir='ltr'><strong>homines</strong></span> <span class='ocrx_word' id='word_1_302' title='bbox 1091 2708 1380 2762; x_wconf 90' lang='lat' dir='ltr'><strong>consilium</strong></span> <span class='ocrx_word' id='word_1_303' title='bbox 1426 2720 1709 2775; x_wconf 89' lang='lat' dir='ltr'><strong>nostrum;</strong></span> <span class='ocrx_word' id='word_1_304' title='bbox 1744 2712 1889 2782; x_wconf 92' lang='lat' dir='ltr'><strong>quod</strong></span> <span class='ocrx_word' id='word_1_305' title='bbox 1923 2712 1969 2767; x_wconf 90' lang='lat' dir='ltr'><strong>si</strong></span> 
     </span>
    </p>
   </div>
   <div class='ocr_carea' id='block_1_44' title="bbox 391 2796 1970 2860">
    <p class='ocr_par' dir='ltr' id='par_1_44' title="bbox 391 2796 1970 2860">
     <span class='ocr_line' id='line_1_44' title="bbox 391 2796 1970 2860; baseline 0.008 -13"><span class='ocrx_word' id='word_1_306' title='bbox 391 2796 673 2849; x_wconf 68' lang='lat' dir='ltr'><strong>curaveris</strong></span> <span class='ocrx_word' id='word_1_307' title='bbox 704 2804 761 2851; x_wconf 94' lang='lat' dir='ltr'><strong>ut</strong></span> <span class='ocrx_word' id='word_1_308' title='bbox 788 2797 1018 2855; x_wconf 88' lang='lat' dir='ltr'><strong>sinceris</strong></span> <span class='ocrx_word' id='word_1_309' title='bbox 1055 2800 1345 2856; x_wconf 81' lang='lat' dir='ltr'><strong>aﬂ‘ectibus</strong></span> <span class='ocrx_word' id='word_1_310' title='bbox 1377 2815 1568 2857; x_wconf 90' lang='lat' dir='ltr'><strong>omnes</strong></span> <span class='ocrx_word' id='word_1_311' title='bbox 1602 2802 1774 2857; x_wconf 88' lang='lat' dir='ltr'><strong>instar</strong></span> <span class='ocrx_word' id='word_1_312' title='bbox 1802 2804 1970 2860; x_wconf 90' lang='lat' dir='ltr'><strong>unius</strong></span> 
     </span>
    </p>
   </div>
   <div class='ocr_carea' id='block_1_45' title="bbox 396 2886 1970 2966">
    <p class='ocr_par' dir='ltr' id='par_1_45' title="bbox 396 2886 1970 2966">
     <span class='ocr_line' id='line_1_45' title="bbox 396 2886 1970 2966; baseline 0.008 -27"><span class='ocrx_word' id='word_1_313' title='bbox 396 2900 589 2956; x_wconf 92' lang='lat' dir='ltr'><strong>preces</strong></span> <span class='ocrx_word' id='word_1_314' title='bbox 622 2886 875 2954; x_wconf 87' lang='lat' dir='ltr'><strong>fundant,</strong></span> <span class='ocrx_word' id='word_1_315' title='bbox 904 2891 1016 2946; x_wconf 89' lang='lat' dir='ltr'><strong>voti</strong></span> <span class='ocrx_word' id='word_1_316' title='bbox 1040 2892 1120 2947; x_wconf 93' lang='lat' dir='ltr'><strong>tui</strong></span> <span class='ocrx_word' id='word_1_317' title='bbox 1154 2909 1379 2963; x_wconf 84' lang='lat' dir='ltr'><strong>compos</strong></span> <span class='ocrx_word' id='word_1_318' title='bbox 1402 2894 1535 2949; x_wconf 88' lang='lat' dir='ltr'><strong>eris.</strong></span> <span class='ocrx_word' id='word_1_319' title='bbox 1575 2893 1811 2965; x_wconf 90' lang='lat' dir='ltr'><strong>Sapores</strong></span> <span class='ocrx_word' id='word_1_320' title='bbox 1839 2911 1970 2966; x_wconf 90' lang='lat' dir='ltr'><strong>ergo</strong></span> 
     </span>
    </p>
   </div>
   <div class='ocr_carea' id='block_1_46' title="bbox 392 2980 1970 3054">
    <p class='ocr_par' dir='ltr' id='par_1_46' title="bbox 392 2980 1970 3054">
     <span class='ocr_line' id='line_1_46' title="bbox 392 2980 1970 3054; baseline 0.006 -21"><span class='ocrx_word' id='word_1_321' title='bbox 392 2980 711 3034; x_wconf 89' lang='lat' dir='ltr'><strong>convocatis</strong></span> <span class='ocrx_word' id='word_1_322' title='bbox 746 2984 1038 3038; x_wconf 89' lang='lat' dir='ltr'><strong>comitibus</strong></span> <span class='ocrx_word' id='word_1_323' title='bbox 1077 2986 1194 3039; x_wconf 90' lang='lat' dir='ltr'><strong>suis</strong></span> <span class='ocrx_word' id='word_1_324' title='bbox 1224 2986 1434 3054; x_wconf 79' lang='lat' dir='ltr'><strong>rogavit</strong></span> <span class='ocrx_word' id='word_1_325' title='bbox 1473 2994 1532 3039; x_wconf 94' lang='lat' dir='ltr'><strong>ut</strong></span> <span class='ocrx_word' id='word_1_326' title='bbox 1565 2987 1801 3042; x_wconf 81' lang='lat' dir='ltr'><strong>sinceris</strong></span> <span class='ocrx_word' id='word_1_327' title='bbox 1832 2987 1970 3043; x_wconf 76' lang='lat' dir='ltr'><strong>affe-</strong></span> 
     </span>
    </p>
   </div>
   <div class='ocr_carea' id='block_1_47' title="bbox 2071 1878 3662 1950">
    <p class='ocr_par' dir='ltr' id='par_1_47' title="bbox 2071 1878 3662 1950">
     <span class='ocr_line' id='line_1_47' title="bbox 2071 1878 3662 1950; baseline -0.002 -14"><span class='ocrx_word' id='word_1_328' title='bbox 2071 1892 2179 1936; x_wconf 84' lang='lat' dir='ltr'><strong>est.</strong></span> <span class='ocrx_word' id='word_1_329' title='bbox 2212 1882 2376 1935; x_wconf 82' lang='lat' dir='ltr'><strong>Anno</strong></span> <span class='ocrx_word' id='word_1_330' title='bbox 2413 1882 2626 1950; x_wconf 89' lang='lat' dir='ltr'><strong>imperii</strong></span> <span class='ocrx_word' id='word_1_331' title='bbox 2660 1882 2782 1950; x_wconf 86' lang='lat' dir='ltr'><strong>ejus</strong></span> <span class='ocrx_word' id='word_1_332' title='bbox 2815 1882 2977 1936; x_wconf 90' lang='lat' dir='ltr'><strong>tertio</strong></span> <span class='ocrx_word' id='word_1_333' title='bbox 3007 1890 3228 1936; x_wconf 87' lang='lat' dir='ltr'><strong>creatus</strong></span> <span class='ocrx_word' id='word_1_334' title='bbox 3248 1891 3329 1935; x_wconf 91' lang='lat' dir='ltr'><strong>est</strong></span> <span class='ocrx_word' id='word_1_335' title='bbox 3364 1878 3662 1933; x_wconf 80' lang='lat' dir='ltr'><strong>Flavianus</strong></span> 
     </span>
    </p>
   </div>
   <div class='ocr_carea' id='block_1_48' title="bbox 2072 1975 3656 2045">
    <p class='ocr_par' dir='ltr' id='par_1_48' title="bbox 2072 1975 3656 2045">
     <span class='ocr_line' id='line_1_48' title="bbox 2072 1975 3656 2045; baseline -0.002 -16"><span class='ocrx_word' id='word_1_336' title='bbox 2072 1976 2383 2045; x_wconf 88' lang='lat' dir='ltr'><strong>patriarcha</strong></span> <span class='ocrx_word' id='word_1_337' title='bbox 2418 1975 2722 2039; x_wconf 82' lang='lat' dir='ltr'><strong>Romanus,</strong></span> <span class='ocrx_word' id='word_1_338' title='bbox 2750 1976 2840 2029; x_wconf 91' lang='lat' dir='ltr'><strong>ubi</strong></span> <span class='ocrx_word' id='word_1_339' title='bbox 2872 1986 3164 2045; x_wconf 90' lang='lat' dir='ltr'><strong>postquam</strong></span> <span class='ocrx_word' id='word_1_340' title='bbox 3189 1989 3364 2029; x_wconf 88' lang='lat' dir='ltr'><strong>annos</strong></span> <span class='ocrx_word' id='word_1_341' title='bbox 3392 1975 3656 2029; x_wconf 84' lang='lat' dir='ltr'><strong>tredecim</strong></span> 
     </span>
    </p>
   </div>
   <div class='ocr_carea' id='block_1_49' title="bbox 2073 2067 3661 2139">
    <p class='ocr_par' dir='ltr' id='par_1_49' title="bbox 2073 2067 3661 2139">
     <span class='ocr_line' id='line_1_49' title="bbox 2073 2067 3661 2139; baseline -0.001 -16"><span class='ocrx_word' id='word_1_342' title='bbox 2073 2070 2342 2132; x_wconf 88' lang='lat' dir='ltr'><strong>sedisset,</strong></span> <span class='ocrx_word' id='word_1_343' title='bbox 2379 2070 2599 2124; x_wconf 86' lang='lat' dir='ltr'><strong>occisus</strong></span> <span class='ocrx_word' id='word_1_344' title='bbox 2629 2077 2735 2124; x_wconf 91' lang='lat' dir='ltr'><strong>est.</strong></span> <span class='ocrx_word' id='word_1_345' title='bbox 2775 2069 2936 2125; x_wconf 87' lang='lat' dir='ltr'><strong>Anno</strong></span> <span class='ocrx_word' id='word_1_346' title='bbox 2981 2070 3157 2139; x_wconf 90' lang='lat' dir='ltr'><strong>ipsius</strong></span> <span class='ocrx_word' id='word_1_347' title='bbox 3199 2069 3447 2124; x_wconf 88' lang='lat' dir='ltr'><strong>secundo</strong></span> <span class='ocrx_word' id='word_1_348' title='bbox 3480 2067 3661 2122; x_wconf 84' lang='lat' dir='ltr'><strong>factos</strong></span> 
     </span>
    </p>
   </div>
   <div class='ocr_carea' id='block_1_50' title="bbox 2073 2159 3662 2232">
    <p class='ocr_par' dir='ltr' id='par_1_50' title="bbox 2073 2159 3662 2232">
     <span class='ocr_line' id='line_1_50' title="bbox 2073 2159 3662 2232; baseline -0.001 -19"><span class='ocrx_word' id='word_1_349' title='bbox 2073 2159 2369 2232; x_wconf 82' lang='lat' dir='ltr'><strong>Dionysius</strong></span> <span class='ocrx_word' id='word_1_350' title='bbox 2416 2163 2729 2231; x_wconf 85' lang='lat' dir='ltr'><strong>patriarcha</strong></span> <span class='ocrx_word' id='word_1_351' title='bbox 2778 2162 3216 2227; x_wconf 82' lang='lat' dir='ltr'><strong>Alexandrinus,</strong></span> <span class='ocrx_word' id='word_1_352' title='bbox 3278 2162 3372 2232; x_wconf 91' lang='lat' dir='ltr'><strong>qui</strong></span> <span class='ocrx_word' id='word_1_353' title='bbox 3425 2162 3662 2230; x_wconf 78' lang='lat' dir='ltr'><strong>scriptor</strong></span> 
     </span>
    </p>
   </div>
   <div class='ocr_carea' id='block_1_51' title="bbox 2072 2253 3658 2324">
    <p class='ocr_par' dir='ltr' id='par_1_51' title="bbox 2072 2253 3658 2324">
     <span class='ocr_line' id='line_1_51' title="bbox 2072 2253 3658 2324; baseline 0.001 -19"><span class='ocrx_word' id='word_1_354' title='bbox 2072 2253 2197 2317; x_wconf 86' lang='lat' dir='ltr'><strong>fuit,</strong></span> <span class='ocrx_word' id='word_1_355' title='bbox 2243 2268 2419 2308; x_wconf 87' lang='lat' dir='ltr'><strong>annos</strong></span> <span class='ocrx_word' id='word_1_356' title='bbox 2463 2255 2856 2324; x_wconf 88' lang='lat' dir='ltr'><strong>septemdecim</strong></span> <span class='ocrx_word' id='word_1_357' title='bbox 2904 2255 3069 2319; x_wconf 90' lang='lat' dir='ltr'><strong>sedit,</strong></span> <span class='ocrx_word' id='word_1_358' title='bbox 3103 2254 3229 2307; x_wconf 92' lang='lat' dir='ltr'><strong>dein</strong></span> <span class='ocrx_word' id='word_1_359' title='bbox 3260 2263 3513 2308; x_wconf 90' lang='lat' dir='ltr'><strong>mortuus</strong></span> <span class='ocrx_word' id='word_1_360' title='bbox 3550 2262 3658 2307; x_wconf 87' lang='lat' dir='ltr'><strong>est.</strong></span> 
     </span>
    </p>
   </div>
   <div class='ocr_carea' id='block_1_52' title="bbox 2069 2347 3662 2416">
    <p class='ocr_par' dir='ltr' id='par_1_52' title="bbox 2069 2347 3662 2416">
     <span class='ocr_line' id='line_1_52' title="bbox 2069 2347 3662 2416; baseline -0.003 -16"><span class='ocrx_word' id='word_1_361' title='bbox 2069 2348 2231 2400; x_wconf 84' lang='lat' dir='ltr'><strong>Anno</strong></span> <span class='ocrx_word' id='word_1_362' title='bbox 2274 2349 2439 2401; x_wconf 89' lang='lat' dir='ltr'><strong>etiam</strong></span> <span class='ocrx_word' id='word_1_363' title='bbox 2494 2348 2739 2402; x_wconf 89' lang='lat' dir='ltr'><strong>secundo</strong></span> <span class='ocrx_word' id='word_1_364' title='bbox 2785 2348 2995 2416; x_wconf 90' lang='lat' dir='ltr'><strong>imperii</strong></span> <span class='ocrx_word' id='word_1_365' title='bbox 3048 2347 3223 2416; x_wconf 88' lang='lat' dir='ltr'><strong>ipsius</strong></span> <span class='ocrx_word' id='word_1_366' title='bbox 3274 2354 3527 2399; x_wconf 89' lang='lat' dir='ltr'><strong>mortuus</strong></span> <span class='ocrx_word' id='word_1_367' title='bbox 3574 2353 3662 2397; x_wconf 85' lang='lat' dir='ltr'><strong>est</strong></span> 
     </span>
    </p>
   </div>
   <div class='ocr_carea' id='block_1_53' title="bbox 2074 2438 3657 2508">
    <p class='ocr_par' dir='ltr' id='par_1_53' title="bbox 2074 2438 3657 2508">
     <span class='ocr_line' id='line_1_53' title="bbox 2074 2438 3657 2508; baseline -0.004 -14"><span class='ocrx_word' id='word_1_368' title='bbox 2074 2438 2316 2508; x_wconf 86' lang='lat' dir='ltr'><strong>Sapores</strong></span> <span class='ocrx_word' id='word_1_369' title='bbox 2350 2439 2638 2494; x_wconf 85' lang='lat' dir='ltr'><strong>Azdashiri</strong></span> <span class='ocrx_word' id='word_1_370' title='bbox 2680 2440 2824 2493; x_wconf 82' lang='lat' dir='ltr'><strong>filius</strong></span> <span class='ocrx_word' id='word_1_371' title='bbox 2851 2454 2945 2493; x_wconf 80' lang='lat' dir='ltr'><strong>rex</strong></span> <span class='ocrx_word' id='word_1_372' title='bbox 2984 2438 3303 2502; x_wconf 88' lang='lat' dir='ltr'><strong>Persarum,</strong></span> <span class='ocrx_word' id='word_1_373' title='bbox 3336 2446 3462 2507; x_wconf 86' lang='lat' dir='ltr'><strong>post</strong></span> <span class='ocrx_word' id='word_1_374' title='bbox 3494 2451 3657 2507; x_wconf 88' lang='lat' dir='ltr'><strong>quem</strong></span> 
     </span>
    </p>
   </div>
   <div class='ocr_carea' id='block_1_54' title="bbox 2074 2527 3660 2604">
    <p class='ocr_par' dir='ltr' id='par_1_54' title="bbox 2074 2527 3660 2604">
     <span class='ocr_line' id='line_1_54' title="bbox 2074 2527 3660 2604; baseline -0.006 -16"><span class='ocrx_word' id='word_1_375' title='bbox 2074 2535 2322 2604; x_wconf 87' lang='lat' dir='ltr'><strong>regnavit</strong></span> <span class='ocrx_word' id='word_1_376' title='bbox 2366 2533 2602 2588; x_wconf 83' lang='lat' dir='ltr'><strong>Hormoz</strong></span> <span class='ocrx_word' id='word_1_377' title='bbox 2658 2532 2884 2601; x_wconf 89' lang='lat' dir='ltr'><strong>Saporis</strong></span> <span class='ocrx_word' id='word_1_378' title='bbox 2928 2531 3074 2586; x_wconf 84' lang='lat' dir='ltr'><strong>filius</strong></span> <span class='ocrx_word' id='word_1_379' title='bbox 3119 2530 3244 2603; x_wconf 87' lang='lat' dir='ltr'><strong>(qui</strong></span> <span class='ocrx_word' id='word_1_380' title='bbox 3287 2539 3373 2584; x_wconf 90' lang='lat' dir='ltr'><strong>est</strong></span> <span class='ocrx_word' id='word_1_381' title='bbox 3422 2527 3660 2583; x_wconf 87' lang='lat' dir='ltr'><strong>llortnoz</strong></span> 
     </span>
    </p>
   </div>
   <div class='ocr_carea' id='block_1_55' title="bbox 2072 2622 3662 2695">
    <p class='ocr_par' dir='ltr' id='par_1_55' title="bbox 2072 2622 3662 2695">
     <span class='ocr_line' id='line_1_55' title="bbox 2072 2622 3662 2695; baseline -0.006 -15"><span class='ocrx_word' id='word_1_382' title='bbox 2072 2624 2373 2695; x_wconf 80' lang='lat' dir='ltr'><strong>Al-llorri)</strong></span> <span class='ocrx_word' id='word_1_383' title='bbox 2420 2640 2649 2679; x_wconf 86' lang='lat' dir='ltr'><strong>annum</strong></span> <span class='ocrx_word' id='word_1_384' title='bbox 2680 2639 2847 2678; x_wconf 91' lang='lat' dir='ltr'><strong>unum</strong></span> <span class='ocrx_word' id='word_1_385' title='bbox 2897 2634 2952 2678; x_wconf 90' lang='lat' dir='ltr'><strong>et</strong></span> <span class='ocrx_word' id='word_1_386' title='bbox 2998 2637 3216 2677; x_wconf 87' lang='lat' dir='ltr'><strong>menses</strong></span> <span class='ocrx_word' id='word_1_387' title='bbox 3262 2622 3485 2685; x_wconf 90' lang='lat' dir='ltr'><strong>decem,</strong></span> <span class='ocrx_word' id='word_1_388' title='bbox 3535 2628 3662 2690; x_wconf 89' lang='lat' dir='ltr'><strong>post</strong></span> 
     </span>
    </p>
   </div>
   <div class='ocr_carea' id='block_1_56' title="bbox 2073 2711 3659 2789">
    <p class='ocr_par' dir='ltr' id='par_1_56' title="bbox 2073 2711 3659 2789">
     <span class='ocr_line' id='line_1_56' title="bbox 2073 2711 3659 2789; baseline -0.004 -18"><span class='ocrx_word' id='word_1_389' title='bbox 2073 2734 2213 2789; x_wconf 91' lang='lat' dir='ltr'><strong>quos</strong></span> <span class='ocrx_word' id='word_1_390' title='bbox 2260 2727 2511 2772; x_wconf 90' lang='lat' dir='ltr'><strong>mortuus</strong></span> <span class='ocrx_word' id='word_1_391' title='bbox 2588 2725 2690 2772; x_wconf 78' lang='lat' dir='ltr'><strong>est.</strong></span> <span class='ocrx_word' id='word_1_392' title='bbox 2718 2718 2875 2770; x_wconf 83' lang='lat' dir='ltr'><strong>Anno</strong></span> <span class='ocrx_word' id='word_1_393' title='bbox 2913 2716 3077 2769; x_wconf 84' lang='lat' dir='ltr'><strong>tertio</strong></span> <span class='ocrx_word' id='word_1_394' title='bbox 3116 2714 3329 2782; x_wconf 90' lang='lat' dir='ltr'><strong>imperii</strong></span> <span class='ocrx_word' id='word_1_395' title='bbox 3373 2711 3659 2765; x_wconf 81' lang='lat' dir='ltr'><strong>Maximini</strong></span> 
     </span>
    </p>
   </div>
   <div class='ocr_carea' id='block_1_57' title="bbox 2075 2799 3661 2877">
    <p class='ocr_par' dir='ltr' id='par_1_57' title="bbox 2075 2799 3661 2877">
     <span class='ocr_line' id='line_1_57' title="bbox 2075 2799 3661 2877; baseline -0.007 -15"><span class='ocrx_word' id='word_1_396' title='bbox 2075 2808 2308 2863; x_wconf 63' lang='lat' dir='ltr'><strong>Cmsaris</strong></span> <span class='ocrx_word' id='word_1_397' title='bbox 2356 2822 2584 2877; x_wconf 89' lang='lat' dir='ltr'><strong>regnum</strong></span> <span class='ocrx_word' id='word_1_398' title='bbox 2638 2806 2691 2861; x_wconf 93' lang='lat' dir='ltr'><strong>in</strong></span> <span class='ocrx_word' id='word_1_399' title='bbox 2727 2806 2920 2861; x_wconf 83' lang='lat' dir='ltr'><strong>Persas</strong></span> <span class='ocrx_word' id='word_1_400' title='bbox 2970 2804 3212 2860; x_wconf 90' lang='lat' dir='ltr'><strong>obtinuit</strong></span> <span class='ocrx_word' id='word_1_401' title='bbox 3258 2802 3489 2857; x_wconf 88' lang='lat' dir='ltr'><strong>Bahram</strong></span> <span class='ocrx_word' id='word_1_402' title='bbox 3520 2799 3661 2853; x_wconf 85' lang='lat' dir='ltr'><strong>Hor-</strong></span> 
     </span>
    </p>
   </div>
   <div class='ocr_carea' id='block_1_58' title="bbox 2074 2893 3660 2969">
    <p class='ocr_par' dir='ltr' id='par_1_58' title="bbox 2074 2893 3660 2969">
     <span class='ocr_line' id='line_1_58' title="bbox 2074 2893 3660 2969; baseline -0.005 -14"><span class='ocrx_word' id='word_1_403' title='bbox 2074 2901 2216 2955; x_wconf 85' lang='lat' dir='ltr'><strong>mozi</strong></span> <span class='ocrx_word' id='word_1_404' title='bbox 2251 2901 2419 2964; x_wconf 85' lang='lat' dir='ltr'><strong>lilius,</strong></span> <span class='ocrx_word' id='word_1_405' title='bbox 2469 2899 2563 2969; x_wconf 94' lang='lat' dir='ltr'><strong>qui</strong></span> <span class='ocrx_word' id='word_1_406' title='bbox 2610 2912 2784 2953; x_wconf 88' lang='lat' dir='ltr'><strong>annos</strong></span> <span class='ocrx_word' id='word_1_407' title='bbox 2823 2910 2934 2954; x_wconf 85' lang='lat' dir='ltr'><strong>tres</strong></span> <span class='ocrx_word' id='word_1_408' title='bbox 2981 2913 3105 2951; x_wconf 93' lang='lat' dir='ltr'><strong>cum</strong></span> <span class='ocrx_word' id='word_1_409' title='bbox 3150 2896 3326 2951; x_wconf 87' lang='lat' dir='ltr'><strong>tribus</strong></span> <span class='ocrx_word' id='word_1_410' title='bbox 3371 2893 3660 2948; x_wconf 86' lang='lat' dir='ltr'><strong>mensibus</strong></span> 
     </span>
    </p>
   </div>
   <div class='ocr_carea' id='block_1_59' title="bbox 2074 2986 3651 3061">
    <p class='ocr_par' dir='ltr' id='par_1_59' title="bbox 2074 2986 3651 3061">
     <span class='ocr_line' id='line_1_59' title="bbox 2074 2986 3651 3061; baseline -0.006 -14"><span class='ocrx_word' id='word_1_411' title='bbox 2074 2993 2342 3061; x_wconf 81' lang='lat' dir='ltr'><strong>regnavit.</strong></span> <span class='ocrx_word' id='word_1_412' title='bbox 2396 2992 2556 3047; x_wconf 86' lang='lat' dir='ltr'><strong>Anno</strong></span> <span class='ocrx_word' id='word_1_413' title='bbox 2610 2991 2772 3045; x_wconf 87' lang='lat' dir='ltr'><strong>tertio</strong></span> <span class='ocrx_word' id='word_1_414' title='bbox 2830 2990 3087 3043; x_wconf 87' lang='lat' dir='ltr'><strong>Bahrami</strong></span> <span class='ocrx_word' id='word_1_415' title='bbox 3148 2990 3292 3058; x_wconf 90' lang='lat' dir='ltr'><strong>regis</strong></span> <span class='ocrx_word' id='word_1_416' title='bbox 3354 2986 3651 3041; x_wconf 84' lang='lat' dir='ltr'><strong>Persarum</strong></span> 
     </span>
    </p>
   </div>
   <div class='ocr_carea' id='block_1_60' title="bbox 392 3071 3659 3167">
    <p class='ocr_par' dir='ltr' id='par_1_60' title="bbox 392 3071 3659 3167">
     <span class='ocr_line' id='line_1_60' title="bbox 392 3071 3659 3167; baseline 0.002 -44"><span class='ocrx_word' id='word_1_417' title='bbox 392 3071 652 3167; x_wconf 36' lang='lat' dir='ltr'><strong>eti—busct</strong></span> <span class='ocrx_word' id='word_1_418' title='bbox 682 3088 816 3167; x_wconf 79' lang='lat' dir='ltr'><strong>pura</strong></span> <span class='ocrx_word' id='word_1_419' title='bbox 854 3084 1033 3131; x_wconf 91' lang='lat' dir='ltr'><strong>mente</strong></span> <span class='ocrx_word' id='word_1_420' title='bbox 1071 3075 1363 3149; x_wconf 89' lang='lat' dir='ltr'><strong>[agerent].</strong></span> <span class='ocrx_word' id='word_1_421' title='bbox 1407 3077 1675 3133; x_wconf 87' lang='lat' dir='ltr'><strong>Asserunt</strong></span> <span class='ocrx_word' id='word_1_422' title='bbox 1702 3094 1832 3150; x_wconf 90' lang='lat' dir='ltr'><strong>ergo</strong></span> <span class='ocrx_word' id='word_1_423' title='bbox 1862 3096 1967 3135; x_wconf 91' lang='lat' dir='ltr'><strong>non</strong></span> <span class='ocrx_word' id='word_1_424' title='bbox 2000 3108 2043 3167; x_wconf 68' lang='grc' dir='ltr'>ο</span> <span class='ocrx_word' id='word_1_425' title='bbox 2075 3086 2433 3158; x_wconf 76' lang='lat'><strong>385-387</strong></span> <span class='ocrx_word' id='word_1_426' title='bbox 2480 3085 2617 3138; x_wconf 90' lang='lat' dir='ltr'><strong>obiit</strong></span> <span class='ocrx_word' id='word_1_427' title='bbox 2646 3083 2977 3137; x_wconf 62' lang='lat' dir='ltr'><strong>Maximinus</strong></span> <span class='ocrx_word' id='word_1_428' title='bbox 3021 3081 3230 3145; x_wconf 73' lang='lat' dir='ltr'><strong>Caesar,</strong></span> <span class='ocrx_word' id='word_1_429' title='bbox 3275 3080 3659 3134; x_wconf 78' lang='lat' dir='ltr'><strong>Romanorum</strong></span> 
     </span>
    </p>
   </div>
   <div class='ocr_carea' id='block_1_61' title="bbox 393 3163 1970 3240">
    <p class='ocr_par' dir='ltr' id='par_1_61' title="bbox 393 3163 1970 3240">
     <span class='ocr_line' id='line_1_61' title="bbox 393 3163 1970 3240; baseline 0.007 -25"><span class='ocrx_word' id='word_1_430' title='bbox 393 3164 544 3233; x_wconf 88' lang='lat' dir='ltr'><strong>prius</strong></span> <span class='ocrx_word' id='word_1_431' title='bbox 576 3163 724 3234; x_wconf 80' lang='lat' dir='ltr'><strong>ipsos</strong></span> <span class='ocrx_word' id='word_1_432' title='bbox 755 3165 916 3221; x_wconf 88' lang='lat' dir='ltr'><strong>binas</strong></span> <span class='ocrx_word' id='word_1_433' title='bbox 943 3168 1259 3238; x_wconf 88' lang='lat' dir='ltr'><strong>concepisse</strong></span> <span class='ocrx_word' id='word_1_434' title='bbox 1289 3168 1538 3238; x_wconf 83' lang='lat' dir='ltr'><strong>preculas</strong></span> <span class='ocrx_word' id='word_1_435' title='bbox 1567 3185 1729 3240; x_wconf 91' lang='lat' dir='ltr'><strong>quam</strong></span> <span class='ocrx_word' id='word_1_436' title='bbox 1763 3186 1791 3224; x_wconf 90' lang='lat' dir='ltr'><strong>a</strong></span> <span class='ocrx_word' id='word_1_437' title='bbox 1819 3187 1970 3226; x_wconf 86' lang='lat' dir='ltr'><strong>sum-</strong></span> 
     </span>
    </p>
   </div>
   <div class='ocr_carea' id='block_1_62' title="bbox 393 3253 1967 3331">
    <p class='ocr_par' dir='ltr' id='par_1_62' title="bbox 393 3253 1967 3331">
     <span class='ocr_line' id='line_1_62' title="bbox 393 3253 1967 3331; baseline 0.007 -23"><span class='ocrx_word' id='word_1_438' title='bbox 393 3268 481 3308; x_wconf 89' lang='lat' dir='ltr'><strong>mo</strong></span> <span class='ocrx_word' id='word_1_439' title='bbox 509 3253 574 3308; x_wconf 91' lang='lat' dir='ltr'><strong>ad</strong></span> <span class='ocrx_word' id='word_1_440' title='bbox 607 3255 772 3309; x_wconf 88' lang='lat' dir='ltr'><strong>imum</strong></span> <span class='ocrx_word' id='word_1_441' title='bbox 807 3256 937 3312; x_wconf 83' lang='lat' dir='ltr'><strong>fisso</strong></span> <span class='ocrx_word' id='word_1_442' title='bbox 983 3259 1135 3313; x_wconf 88' lang='lat' dir='ltr'><strong>urbis</strong></span> <span class='ocrx_word' id='word_1_443' title='bbox 1165 3275 1320 3314; x_wconf 89' lang='lat' dir='ltr'><strong>muro</strong></span> <span class='ocrx_word' id='word_1_444' title='bbox 1348 3271 1594 3331; x_wconf 92' lang='lat' dir='ltr'><strong>apertum</strong></span> <span class='ocrx_word' id='word_1_445' title='bbox 1629 3263 1700 3315; x_wconf 92' lang='lat' dir='ltr'><strong>sit</strong></span> <span class='ocrx_word' id='word_1_446' title='bbox 1728 3264 1967 3331; x_wconf 90' lang='lat' dir='ltr'><strong>spatium</strong></span> 
     </span>
    </p>
   </div>
   <div class='ocr_carea' id='block_1_63' title="bbox 393 3348 1971 3423">
    <p class='ocr_par' dir='ltr' id='par_1_63' title="bbox 393 3348 1971 3423">
     <span class='ocr_line' id='line_1_63' title="bbox 393 3348 1971 3423; baseline 0.007 -23"><span class='ocrx_word' id='word_1_447' title='bbox 393 3362 504 3414; x_wconf 81' lang='lat' dir='ltr'><strong>quo</strong></span> <span class='ocrx_word' id='word_1_448' title='bbox 533 3348 738 3402; x_wconf 91' lang='lat' dir='ltr'><strong>intrare</strong></span> <span class='ocrx_word' id='word_1_449' title='bbox 769 3358 991 3419; x_wconf 86' lang='lat' dir='ltr'><strong>possent</strong></span> <span class='ocrx_word' id='word_1_450' title='bbox 1022 3351 1307 3418; x_wconf 89' lang='lat' dir='ltr'><strong>homines;</strong></span> <span class='ocrx_word' id='word_1_451' title='bbox 1330 3368 1439 3423; x_wconf 91' lang='lat' dir='ltr'><strong>quo</strong></span> <span class='ocrx_word' id='word_1_452' title='bbox 1471 3352 1622 3407; x_wconf 89' lang='lat' dir='ltr'><strong>valde</strong></span> <span class='ocrx_word' id='word_1_453' title='bbox 1659 3356 1833 3409; x_wconf 88' lang='lat' dir='ltr'><strong>territi</strong></span> <span class='ocrx_word' id='word_1_454' title='bbox 1874 3373 1971 3411; x_wconf 86' lang='lat' dir='ltr'><strong>ur—</strong></span> 
     </span>
    </p>
   </div>
   <div class='ocr_carea' id='block_1_64' title="bbox 396 3437 1968 3512">
    <p class='ocr_par' dir='ltr' id='par_1_64' title="bbox 396 3437 1968 3512">
     <span class='ocr_line' id='line_1_64' title="bbox 396 3437 1968 3512; baseline 0.009 -21"><span class='ocrx_word' id='word_1_455' title='bbox 396 3437 477 3494; x_wconf 84' lang='lat' dir='ltr'><strong>bts</strong></span> <span class='ocrx_word' id='word_1_456' title='bbox 505 3440 696 3496; x_wconf 75' lang='lat' dir='ltr'><strong>incola:</strong></span> <span class='ocrx_word' id='word_1_457' title='bbox 722 3459 735 3494; x_wconf 91' lang='lat'>:</span> <span class='ocrx_word' id='word_1_458' title='bbox 776 3440 897 3504; x_wconf 83' lang='lat' dir='ltr'><strong>Hic,</strong></span> <span class='ocrx_word' id='word_1_459' title='bbox 928 3443 1205 3512; x_wconf 89' lang='lat' dir='ltr'><strong>inquiunt,</strong></span> <span class='ocrx_word' id='word_1_460' title='bbox 1240 3445 1445 3500; x_wconf 87' lang='lat' dir='ltr'><strong>fraudis</strong></span> <span class='ocrx_word' id='word_1_461' title='bbox 1476 3457 1675 3500; x_wconf 79' lang='lat' dir='ltr'><strong>nostrae</strong></span> <span class='ocrx_word' id='word_1_462' title='bbox 1713 3448 1835 3503; x_wconf 86' lang='lat' dir='ltr'><strong>linis</strong></span> <span class='ocrx_word' id='word_1_463' title='bbox 1863 3458 1968 3505; x_wconf 92' lang='lat' dir='ltr'><strong>est.</strong></span> 
     </span>
    </p>
   </div>
   <div class='ocr_carea' id='block_1_65' title="bbox 396 3528 1968 3615">
    <p class='ocr_par' dir='ltr' id='par_1_65' title="bbox 396 3528 1968 3615">
     <span class='ocr_line' id='line_1_65' title="bbox 396 3528 1968 3615; baseline 0.012 -33"><span class='ocrx_word' id='word_1_464' title='bbox 396 3528 676 3600; x_wconf 78' lang='lat' dir='ltr'><strong>Ingressus</strong></span> <span class='ocrx_word' id='word_1_465' title='bbox 705 3548 834 3605; x_wconf 90' lang='lat' dir='ltr'><strong>ergo</strong></span> <span class='ocrx_word' id='word_1_466' title='bbox 864 3535 1053 3591; x_wconf 91' lang='lat' dir='ltr'><strong>urbem</strong></span> <span class='ocrx_word' id='word_1_467' title='bbox 1078 3537 1317 3608; x_wconf 86' lang='lat' dir='ltr'><strong>Sapores</strong></span> <span class='ocrx_word' id='word_1_468' title='bbox 1352 3542 1626 3598; x_wconf 87' lang='lat' dir='ltr'><strong>interfecit</strong></span> <span class='ocrx_word' id='word_1_469' title='bbox 1646 3546 1968 3615; x_wconf 88' lang='lat' dir='ltr'><strong>quicunque</strong></span> 
     </span>
    </p>
   </div>
   <div class='ocr_carea' id='block_1_66' title="bbox 395 3621 1970 3699">
    <p class='ocr_par' dir='ltr' id='par_1_66' title="bbox 395 3621 1970 3699">
     <span class='ocr_line' id='line_1_66' title="bbox 395 3621 1970 3699; baseline 0.012 -26"><span class='ocrx_word' id='word_1_470' title='bbox 395 3621 450 3673; x_wconf 93' lang='lat' dir='ltr'><strong>in</strong></span> <span class='ocrx_word' id='word_1_471' title='bbox 484 3637 679 3677; x_wconf 85' lang='lat' dir='ltr'><strong>manus</strong></span> <span class='ocrx_word' id='word_1_472' title='bbox 714 3624 888 3695; x_wconf 87' lang='lat' dir='ltr'><strong>ipsius</strong></span> <span class='ocrx_word' id='word_1_473' title='bbox 940 3641 1311 3696; x_wconf 88' lang='lat' dir='ltr'><strong>pervenerunt</strong></span> <span class='ocrx_word' id='word_1_474' title='bbox 1359 3635 1507 3687; x_wconf 90' lang='lat' dir='ltr'><strong>viros</strong></span> <span class='ocrx_word' id='word_1_475' title='bbox 1545 3634 1686 3688; x_wconf 89' lang='lat' dir='ltr'><strong>bello</strong></span> <span class='ocrx_word' id='word_1_476' title='bbox 1723 3634 1970 3699; x_wconf 88' lang='lat' dir='ltr'><strong>idoneos,</strong></span> 
     </span>
    </p>
   </div>
   <div class='ocr_carea' id='block_1_67' title="bbox 396 3710 1968 3792">
    <p class='ocr_par' dir='ltr' id='par_1_67' title="bbox 396 3710 1968 3792">
     <span class='ocr_line' id='line_1_67' title="bbox 396 3710 1968 3792; baseline 0.01 -29"><span class='ocrx_word' id='word_1_477' title='bbox 396 3710 637 3782; x_wconf 90' lang='lat' dir='ltr'><strong>reliquos</strong></span> <span class='ocrx_word' id='word_1_478' title='bbox 675 3714 796 3782; x_wconf 91' lang='lat' dir='ltr'><strong>ejus</strong></span> <span class='ocrx_word' id='word_1_479' title='bbox 824 3717 1029 3772; x_wconf 81' lang='lat' dir='ltr'><strong>incolas</strong></span> <span class='ocrx_word' id='word_1_480' title='bbox 1060 3718 1421 3792; x_wconf 82' lang='lat'><strong>381-383</strong></span> <span class='ocrx_word' id='word_1_481' title='bbox 1452 3726 1699 3792; x_wconf 89' lang='lat' dir='ltr'><strong>captivos</strong></span> <span class='ocrx_word' id='word_1_482' title='bbox 1724 3725 1968 3791; x_wconf 84' lang='lat' dir='ltr'><strong>abduxit,</strong></span> 
     </span>
    </p>
   </div>
   <div class='ocr_carea' id='block_1_68' title="bbox 396 3808 1971 3880">
    <p class='ocr_par' dir='ltr' id='par_1_68' title="bbox 396 3808 1971 3880">
     <span class='ocr_line' id='line_1_68' title="bbox 396 3808 1971 3880; baseline 0.009 -27"><span class='ocrx_word' id='word_1_483' title='bbox 396 3816 757 3874; x_wconf 88' lang='lat' dir='ltr'><strong>magnamque</strong></span> <span class='ocrx_word' id='word_1_484' title='bbox 790 3808 840 3860; x_wconf 93' lang='lat' dir='ltr'><strong>in</strong></span> <span class='ocrx_word' id='word_1_485' title='bbox 873 3822 938 3861; x_wconf 93' lang='lat' dir='ltr'><strong>eo</strong></span> <span class='ocrx_word' id='word_1_486' title='bbox 958 3825 1122 3878; x_wconf 90' lang='lat' dir='ltr'><strong>opum</strong></span> <span class='ocrx_word' id='word_1_487' title='bbox 1153 3814 1258 3865; x_wconf 90' lang='lat' dir='ltr'><strong>vim</strong></span> <span class='ocrx_word' id='word_1_488' title='bbox 1294 3814 1519 3880; x_wconf 89' lang='lat' dir='ltr'><strong>reperit.</strong></span> <span class='ocrx_word' id='word_1_489' title='bbox 1548 3812 1751 3867; x_wconf 90' lang='lat' dir='ltr'><strong>Locum</strong></span> <span class='ocrx_word' id='word_1_490' title='bbox 1788 3824 1971 3868; x_wconf 91' lang='lat' dir='ltr'><strong>autem</strong></span> 
     </span>
    </p>
   </div>
   <div class='ocr_carea' id='block_1_69' title="bbox 395 3894 1973 3974">
    <p class='ocr_par' dir='ltr' id='par_1_69' title="bbox 395 3894 1973 3974">
     <span class='ocr_line' id='line_1_69' title="bbox 395 3894 1973 3974; baseline 0.008 -29"><span class='ocrx_word' id='word_1_491' title='bbox 395 3894 493 3963; x_wconf 90' lang='lat' dir='ltr'><strong>qui</strong></span> <span class='ocrx_word' id='word_1_492' title='bbox 522 3896 574 3949; x_wconf 90' lang='lat' dir='ltr'><strong>in</strong></span> <span class='ocrx_word' id='word_1_493' title='bbox 610 3912 767 3951; x_wconf 88' lang='lat' dir='ltr'><strong>muro</strong></span> <span class='ocrx_word' id='word_1_494' title='bbox 798 3898 962 3953; x_wconf 80' lang='lat' dir='ltr'><strong>fissus</strong></span> <span class='ocrx_word' id='word_1_495' title='bbox 988 3909 1070 3954; x_wconf 92' lang='lat' dir='ltr'><strong>est</strong></span> <span class='ocrx_word' id='word_1_496' title='bbox 1100 3917 1163 3955; x_wconf 90' lang='lat' dir='ltr'><strong>ea</strong></span> <span class='ocrx_word' id='word_1_497' title='bbox 1196 3904 1359 3958; x_wconf 90' lang='lat' dir='ltr'><strong>modo</strong></span> <span class='ocrx_word' id='word_1_498' title='bbox 1406 3905 1638 3974; x_wconf 90' lang='lat' dir='ltr'><strong>relinqui</strong></span> <span class='ocrx_word' id='word_1_499' title='bbox 1675 3906 1876 3974; x_wconf 89' lang='lat' dir='ltr'><strong>jussit,</strong></span> <span class='ocrx_word' id='word_1_500' title='bbox 1915 3912 1973 3959; x_wconf 89' lang='lat' dir='ltr'><strong>ut</strong></span> 
     </span>
    </p>
   </div>
   <div class='ocr_carea' id='block_1_70' title="bbox 397 3992 1972 4067">
    <p class='ocr_par' dir='ltr' id='par_1_70' title="bbox 397 3992 1972 4067">
     <span class='ocr_line' id='line_1_70' title="bbox 397 3992 1972 4067; baseline 0.004 -22"><span class='ocrx_word' id='word_1_501' title='bbox 397 4001 462 4045; x_wconf 65' lang='lat' dir='ltr'><strong>eo</strong></span> <span class='ocrx_word' id='word_1_502' title='bbox 502 4000 796 4059; x_wconf 89' lang='lat' dir='ltr'><strong>conspecto</strong></span> <span class='ocrx_word' id='word_1_503' title='bbox 847 3992 1099 4048; x_wconf 87' lang='lat' dir='ltr'><strong>homines</strong></span> <span class='ocrx_word' id='word_1_504' title='bbox 1150 3997 1460 4067; x_wconf 86' lang='lat' dir='ltr'><strong>exemplum</strong></span> <span class='ocrx_word' id='word_1_505' title='bbox 1504 4006 1784 4067; x_wconf 88' lang='lat' dir='ltr'><strong>caperent.</strong></span> <span class='ocrx_word' id='word_1_506' title='bbox 1837 3996 1972 4051; x_wconf 86' lang='lat' dir='ltr'><strong>Dein</strong></span> 
     </span>
    </p>
   </div>
   <div class='ocr_carea' id='block_1_71' title="bbox 397 4081 1974 4155">
    <p class='ocr_par' dir='ltr' id='par_1_71' title="bbox 397 4081 1974 4155">
     <span class='ocr_line' id='line_1_71' title="bbox 397 4081 1974 4155; baseline 0.004 -19"><span class='ocrx_word' id='word_1_507' title='bbox 397 4082 577 4136; x_wconf 89' lang='lat' dir='ltr'><strong>varias</strong></span> <span class='ocrx_word' id='word_1_508' title='bbox 622 4082 676 4135; x_wconf 91' lang='lat' dir='ltr'><strong>in</strong></span> <span class='ocrx_word' id='word_1_509' title='bbox 707 4081 864 4154; x_wconf 85' lang='lat' dir='ltr'><strong>Syria</strong></span> <span class='ocrx_word' id='word_1_510' title='bbox 900 4085 1067 4139; x_wconf 91' lang='lat' dir='ltr'><strong>urbes</strong></span> <span class='ocrx_word' id='word_1_511' title='bbox 1096 4088 1258 4155; x_wconf 81' lang='lat' dir='ltr'><strong>cepit,</strong></span> <span class='ocrx_word' id='word_1_512' title='bbox 1292 4088 1480 4142; x_wconf 91' lang='lat' dir='ltr'><strong>multis</strong></span> <span class='ocrx_word' id='word_1_513' title='bbox 1533 4089 1710 4153; x_wconf 67' lang='lat' dir='ltr'><strong>cmsis,</strong></span> <span class='ocrx_word' id='word_1_514' title='bbox 1755 4088 1974 4143; x_wconf 85' lang='lat' dir='ltr'><strong>multis-</strong></span> 
     </span>
    </p>
   </div>
   <div class='ocr_carea' id='block_1_72' title="bbox 397 4177 1978 4250">
    <p class='ocr_par' dir='ltr' id='par_1_72' title="bbox 397 4177 1978 4250">
     <span class='ocr_line' id='line_1_72' title="bbox 397 4177 1978 4250; baseline 0.006 -23"><span class='ocrx_word' id='word_1_515' title='bbox 397 4192 500 4244; x_wconf 91' lang='lat' dir='ltr'><strong>que</strong></span> <span class='ocrx_word' id='word_1_516' title='bbox 527 4177 757 4246; x_wconf 87' lang='lat' dir='ltr'><strong>captivis</strong></span> <span class='ocrx_word' id='word_1_517' title='bbox 789 4178 965 4233; x_wconf 91' lang='lat' dir='ltr'><strong>factis.</strong></span> <span class='ocrx_word' id='word_1_518' title='bbox 989 4177 1209 4234; x_wconf 89' lang='lat' dir='ltr'><strong>Terram</strong></span> <span class='ocrx_word' id='word_1_519' title='bbox 1237 4182 1396 4235; x_wconf 90' lang='lat' dir='ltr'><strong>etiam</strong></span> <span class='ocrx_word' id='word_1_520' title='bbox 1430 4180 1741 4237; x_wconf 87' lang='lat' dir='ltr'><strong>Graecorum</strong></span> <span class='ocrx_word' id='word_1_521' title='bbox 1773 4183 1978 4250; x_wconf 77' lang='lat' dir='ltr'><strong>ingres-</strong></span> 
     </span>
    </p>
   </div>
   <div class='ocr_carea' id='block_1_73' title="bbox 398 4270 1977 4341">
    <p class='ocr_par' dir='ltr' id='par_1_73' title="bbox 398 4270 1977 4341">
     <span class='ocr_line' id='line_1_73' title="bbox 398 4270 1977 4341; baseline 0.003 -22"><span class='ocrx_word' id='word_1_522' title='bbox 398 4281 495 4321; x_wconf 91' lang='lat' dir='ltr'><strong>sus</strong></span> <span class='ocrx_word' id='word_1_523' title='bbox 515 4283 767 4338; x_wconf 88' lang='lat' dir='ltr'><strong>magnam</strong></span> <span class='ocrx_word' id='word_1_524' title='bbox 793 4284 980 4323; x_wconf 88' lang='lat' dir='ltr'><strong>eorum</strong></span> <span class='ocrx_word' id='word_1_525' title='bbox 1002 4280 1236 4340; x_wconf 87' lang='lat' dir='ltr'><strong>stragem</strong></span> <span class='ocrx_word' id='word_1_526' title='bbox 1256 4271 1448 4336; x_wconf 90' lang='lat' dir='ltr'><strong>edidit,</strong></span> <span class='ocrx_word' id='word_1_527' title='bbox 1469 4271 1641 4341; x_wconf 82' lang='lat' dir='ltr'><strong>captis</strong></span> <span class='ocrx_word' id='word_1_528' title='bbox 1668 4270 1896 4325; x_wconf 85' lang='lat' dir='ltr'><strong>Kalonia</strong></span> <span class='ocrx_word' id='word_1_529' title='bbox 1921 4276 1977 4323; x_wconf 83' lang='lat' dir='ltr'><strong>et</strong></span> 
     </span>
    </p>
   </div>
   <div class='ocr_carea' id='block_1_74' title="bbox 397 4356 763 4429">
    <p class='ocr_par' dir='ltr' id='par_1_74' title="bbox 397 4356 763 4429">
     <span class='ocr_line' id='line_1_74' title="bbox 397 4356 763 4429; baseline 0.005 -16"><span class='ocrx_word' id='word_1_530' title='bbox 397 4356 763 4429; x_wconf 88' lang='lat' dir='ltr'><strong>Cappadocia.</strong></span> 
     </span>
    </p>
   </div>
   <div class='ocr_carea' id='block_1_75' title="bbox 470 4452 1971 4526">
    <p class='ocr_par' dir='ltr' id='par_1_75' title="bbox 470 4452 1971 4526">
     <span class='ocr_line' id='line_1_75' title="bbox 470 4452 1971 4526; baseline 0.003 -21"><span class='ocrx_word' id='word_1_531' title='bbox 470 4452 684 4508; x_wconf 83' lang='lat' dir='ltr'><strong>Mortuo</strong></span> <span class='ocrx_word' id='word_1_532' title='bbox 720 4454 997 4508; x_wconf 84' lang='lat' dir='ltr'><strong>Antonino</strong></span> <span class='ocrx_word' id='word_1_533' title='bbox 1031 4452 1247 4509; x_wconf 71' lang='lat' dir='ltr'><strong>Cmsare</strong></span> <span class='ocrx_word' id='word_1_534' title='bbox 1269 4496 1284 4519; x_wconf 96' lang='lat'><strong>,</strong></span> <span class='ocrx_word' id='word_1_535' title='bbox 1329 4453 1513 4509; x_wconf 72' lang='lat' dir='ltr'><strong>Romae</strong></span> <span class='ocrx_word' id='word_1_536' title='bbox 1546 4466 1670 4526; x_wconf 91' lang='lat' dir='ltr'><strong>post</strong></span> <span class='ocrx_word' id='word_1_537' title='bbox 1704 4457 1878 4526; x_wconf 91' lang='lat' dir='ltr'><strong>ipsum</strong></span> <span class='ocrx_word' id='word_1_538' title='bbox 1917 4456 1971 4510; x_wconf 90' lang='lat' dir='ltr'><strong>in</strong></span> 
     </span>
    </p>
   </div>
   <div class='ocr_carea' id='block_1_76' title="bbox 2076 3170 3658 3245">
    <p class='ocr_par' dir='ltr' id='par_1_76' title="bbox 2076 3170 3658 3245">
     <span class='ocr_line' id='line_1_76' title="bbox 2076 3170 3658 3245; baseline -0.005 -15"><span class='ocrx_word' id='word_1_539' title='bbox 2076 3178 2408 3245; x_wconf 88' lang='lat' dir='ltr'><strong>imperator;</strong></span> <span class='ocrx_word' id='word_1_540' title='bbox 2460 3183 2587 3244; x_wconf 88' lang='lat' dir='ltr'><strong>post</strong></span> <span class='ocrx_word' id='word_1_541' title='bbox 2636 3189 2799 3243; x_wconf 86' lang='lat' dir='ltr'><strong>quem</strong></span> <span class='ocrx_word' id='word_1_542' title='bbox 2845 3172 3093 3241; x_wconf 87' lang='lat' dir='ltr'><strong>regnavit</strong></span> <span class='ocrx_word' id='word_1_543' title='bbox 3128 3171 3405 3240; x_wconf 86' lang='lat' dir='ltr'><strong>Pupienus</strong></span> <span class='ocrx_word' id='word_1_544' title='bbox 3450 3170 3658 3232; x_wconf 76' lang='lat' dir='ltr'><strong>Caesar,</strong></span> 
     </span>
    </p>
   </div>
   <div class='ocr_carea' id='block_1_77' title="bbox 2074 3263 3659 3340">
    <p class='ocr_par' dir='ltr' id='par_1_77' title="bbox 2074 3263 3659 3340">
     <span class='ocr_line' id='line_1_77' title="bbox 2074 3263 3659 3340; baseline -0.005 -17"><span class='ocrx_word' id='word_1_545' title='bbox 2074 3269 2167 3340; x_wconf 92' lang='lat' dir='ltr'><strong>qui</strong></span> <span class='ocrx_word' id='word_1_546' title='bbox 2208 3279 2262 3323; x_wconf 93' lang='lat' dir='ltr'><strong>et</strong></span> <span class='ocrx_word' id='word_1_547' title='bbox 2295 3266 2550 3322; x_wconf 83' lang='lat' dir='ltr'><strong>Julianus</strong></span> <span class='ocrx_word' id='word_1_548' title='bbox 2593 3268 2903 3335; x_wconf 87' lang='lat' dir='ltr'><strong>appellatus</strong></span> <span class='ocrx_word' id='word_1_549' title='bbox 2934 3274 3039 3329; x_wconf 85' lang='lat' dir='ltr'><strong>est,</strong></span> <span class='ocrx_word' id='word_1_550' title='bbox 3084 3273 3197 3320; x_wconf 88' lang='lat' dir='ltr'><strong>tres</strong></span> <span class='ocrx_word' id='word_1_551' title='bbox 3232 3278 3488 3326; x_wconf 84' lang='lat' dir='ltr'><strong>menses,</strong></span> <span class='ocrx_word' id='word_1_552' title='bbox 3532 3263 3659 3316; x_wconf 90' lang='lat' dir='ltr'><strong>dein</strong></span> 
     </span>
    </p>
   </div>
   <div class='ocr_carea' id='block_1_78' title="bbox 2075 3355 3664 3429">
    <p class='ocr_par' dir='ltr' id='par_1_78' title="bbox 2075 3355 3664 3429">
     <span class='ocr_line' id='line_1_78' title="bbox 2075 3355 3664 3429; baseline -0.004 -14"><span class='ocrx_word' id='word_1_553' title='bbox 2075 3361 2295 3416; x_wconf 87' lang='lat' dir='ltr'><strong>occisos</strong></span> <span class='ocrx_word' id='word_1_554' title='bbox 2324 3370 2439 3425; x_wconf 91' lang='lat' dir='ltr'><strong>est;</strong></span> <span class='ocrx_word' id='word_1_555' title='bbox 2476 3360 2782 3429; x_wconf 89' lang='lat' dir='ltr'><strong>imperante</strong></span> <span class='ocrx_word' id='word_1_556' title='bbox 2815 3368 2935 3427; x_wconf 89' lang='lat' dir='ltr'><strong>post</strong></span> <span class='ocrx_word' id='word_1_557' title='bbox 2965 3359 3145 3426; x_wconf 91' lang='lat' dir='ltr'><strong>ipsum</strong></span> <span class='ocrx_word' id='word_1_558' title='bbox 3181 3356 3367 3409; x_wconf 75' lang='lat' dir='ltr'><strong>Romae</strong></span> <span class='ocrx_word' id='word_1_559' title='bbox 3394 3355 3664 3409; x_wconf 83' lang='lat' dir='ltr'><strong>Romanis</strong></span> 
     </span>
    </p>
   </div>
   <div class='ocr_carea' id='block_1_79' title="bbox 2075 3446 3662 3520">
    <p class='ocr_par' dir='ltr' id='par_1_79' title="bbox 2075 3446 3662 3520">
     <span class='ocr_line' id='line_1_79' title="bbox 2075 3446 3662 3520; baseline -0.004 -12"><span class='ocrx_word' id='word_1_560' title='bbox 2075 3451 2353 3508; x_wconf 86' lang='lat' dir='ltr'><strong>Gordiano</strong></span> <span class='ocrx_word' id='word_1_561' title='bbox 2400 3451 2614 3506; x_wconf 75' lang='lat' dir='ltr'><strong>Caesare</strong></span> <span class='ocrx_word' id='word_1_562' title='bbox 2666 3466 2845 3506; x_wconf 88' lang='lat' dir='ltr'><strong>annos</strong></span> <span class='ocrx_word' id='word_1_563' title='bbox 2893 3460 3156 3520; x_wconf 90' lang='lat' dir='ltr'><strong>quatuor.</strong></span> <span class='ocrx_word' id='word_1_564' title='bbox 3215 3449 3390 3518; x_wconf 86' lang='lat' dir='ltr'><strong>Cujus</strong></span> <span class='ocrx_word' id='word_1_565' title='bbox 3441 3446 3662 3517; x_wconf 87' lang='lat' dir='ltr'><strong>imperii</strong></span> 
     </span>
    </p>
   </div>
   <div class='ocr_carea' id='block_1_80' title="bbox 2075 3541 3661 3613">
    <p class='ocr_par' dir='ltr' id='par_1_80' title="bbox 2075 3541 3661 3613">
     <span class='ocr_line' id='line_1_80' title="bbox 2075 3541 3661 3613; baseline -0.003 -14"><span class='ocrx_word' id='word_1_566' title='bbox 2075 3560 2221 3599; x_wconf 91' lang='lat' dir='ltr'><strong>anno</strong></span> <span class='ocrx_word' id='word_1_567' title='bbox 2264 3545 2441 3613; x_wconf 90' lang='lat' dir='ltr'><strong>primo</strong></span> <span class='ocrx_word' id='word_1_568' title='bbox 2493 3544 2830 3599; x_wconf 90' lang='lat' dir='ltr'><strong>constitutus</strong></span> <span class='ocrx_word' id='word_1_569' title='bbox 2874 3552 2959 3599; x_wconf 89' lang='lat' dir='ltr'><strong>est</strong></span> <span class='ocrx_word' id='word_1_570' title='bbox 3008 3541 3306 3597; x_wconf 86' lang='lat' dir='ltr'><strong>Flavianos</strong></span> <span class='ocrx_word' id='word_1_571' title='bbox 3348 3542 3661 3610; x_wconf 85' lang='lat' dir='ltr'><strong>patriarcha</strong></span> 
     </span>
    </p>
   </div>
   <div class='ocr_carea' id='block_1_81' title="bbox 2075 3633 3663 3706">
    <p class='ocr_par' dir='ltr' id='par_1_81' title="bbox 2075 3633 3663 3706">
     <span class='ocr_line' id='line_1_81' title="bbox 2075 3633 3663 3706; baseline -0.003 -16"><span class='ocrx_word' id='word_1_572' title='bbox 2075 3636 2602 3706; x_wconf 88' lang='lat' dir='ltr'><strong>Antiochenus,.qui</strong></span> <span class='ocrx_word' id='word_1_573' title='bbox 2640 3651 2815 3690; x_wconf 90' lang='lat' dir='ltr'><strong>annos</strong></span> <span class='ocrx_word' id='word_1_574' title='bbox 2852 3635 3107 3691; x_wconf 89' lang='lat' dir='ltr'><strong>undecim</strong></span> <span class='ocrx_word' id='word_1_575' title='bbox 3142 3636 3308 3697; x_wconf 87' lang='lat' dir='ltr'><strong>sedit,</strong></span> <span class='ocrx_word' id='word_1_576' title='bbox 3348 3633 3475 3688; x_wconf 87' lang='lat' dir='ltr'><strong>dein</strong></span> <span class='ocrx_word' id='word_1_577' title='bbox 3513 3647 3663 3685; x_wconf 89' lang='lat' dir='ltr'><strong>mor-</strong></span> 
     </span>
    </p>
   </div>
   <div class='ocr_carea' id='block_1_82' title="bbox 2079 3722 3665 3796">
    <p class='ocr_par' dir='ltr' id='par_1_82' title="bbox 2079 3722 3665 3796">
     <span class='ocr_line' id='line_1_82' title="bbox 2079 3722 3665 3796; baseline -0.004 -16"><span class='ocrx_word' id='word_1_578' title='bbox 2079 3737 2205 3781; x_wconf 91' lang='lat' dir='ltr'><strong>tuus</strong></span> <span class='ocrx_word' id='word_1_579' title='bbox 2246 3736 2352 3783; x_wconf 91' lang='lat' dir='ltr'><strong>est.</strong></span> <span class='ocrx_word' id='word_1_580' title='bbox 2384 3727 2545 3782; x_wconf 83' lang='lat' dir='ltr'><strong>Anno</strong></span> <span class='ocrx_word' id='word_1_581' title='bbox 2589 3726 2803 3796; x_wconf 84' lang='lat' dir='ltr'><strong>imperii</strong></span> <span class='ocrx_word' id='word_1_582' title='bbox 2850 3727 3024 3796; x_wconf 89' lang='lat' dir='ltr'><strong>ipsius</strong></span> <span class='ocrx_word' id='word_1_583' title='bbox 3068 3723 3313 3779; x_wconf 65' lang='lat' dir='ltr'><strong>secunda</strong></span> <span class='ocrx_word' id='word_1_584' title='bbox 3357 3722 3539 3775; x_wconf 89' lang='lat' dir='ltr'><strong>factus</strong></span> <span class='ocrx_word' id='word_1_585' title='bbox 3580 3731 3665 3775; x_wconf 91' lang='lat' dir='ltr'><strong>est</strong></span> 
     </span>
    </p>
   </div>
   <div class='ocr_carea' id='block_1_83' title="bbox 2075 3816 3660 3890">
    <p class='ocr_par' dir='ltr' id='par_1_83' title="bbox 2075 3816 3660 3890">
     <span class='ocr_line' id='line_1_83' title="bbox 2075 3816 3660 3890; baseline -0.007 -17"><span class='ocrx_word' id='word_1_586' title='bbox 2075 3819 2383 3875; x_wconf 90' lang='lat' dir='ltr'><strong>Germanus</strong></span> <span class='ocrx_word' id='word_1_587' title='bbox 2434 3819 2731 3890; x_wconf 89' lang='lat' dir='ltr'><strong>episcopus</strong></span> <span class='ocrx_word' id='word_1_588' title='bbox 2782 3817 3356 3886; x_wconf 82' lang='lat' dir='ltr'><strong>Hierosolymitanus,</strong></span> <span class='ocrx_word' id='word_1_589' title='bbox 3408 3816 3502 3883; x_wconf 88' lang='lat' dir='ltr'><strong>qni</strong></span> <span class='ocrx_word' id='word_1_590' title='bbox 3535 3828 3660 3867; x_wconf 89' lang='lat' dir='ltr'><strong>cum</strong></span> 
     </span>
    </p>
   </div>
   <div class='ocr_carea' id='block_1_84' title="bbox 2077 3906 3665 3981">
    <p class='ocr_par' dir='ltr' id='par_1_84' title="bbox 2077 3906 3665 3981">
     <span class='ocr_line' id='line_1_84' title="bbox 2077 3906 3665 3981; baseline -0.005 -16"><span class='ocrx_word' id='word_1_591' title='bbox 2077 3927 2249 3966; x_wconf 89' lang='lat' dir='ltr'><strong>annos</strong></span> <span class='ocrx_word' id='word_1_592' title='bbox 2282 3922 2522 3981; x_wconf 88' lang='lat' dir='ltr'><strong>quatuor</strong></span> <span class='ocrx_word' id='word_1_593' title='bbox 2562 3912 2831 3978; x_wconf 88' lang='lat' dir='ltr'><strong>sedisset,</strong></span> <span class='ocrx_word' id='word_1_594' title='bbox 2870 3920 3123 3965; x_wconf 89' lang='lat' dir='ltr'><strong>mortuus</strong></span> <span class='ocrx_word' id='word_1_595' title='bbox 3163 3919 3271 3963; x_wconf 89' lang='lat' dir='ltr'><strong>est.</strong></span> <span class='ocrx_word' id='word_1_596' title='bbox 3305 3911 3467 3961; x_wconf 82' lang='lat' dir='ltr'><strong>Anno</strong></span> <span class='ocrx_word' id='word_1_597' title='bbox 3512 3906 3665 3975; x_wconf 81' lang='lat' dir='ltr'><strong>ejus-</strong></span> 
     </span>
    </p>
   </div>
   <div class='ocr_carea' id='block_1_85' title="bbox 2076 3998 3665 4061">
    <p class='ocr_par' dir='ltr' id='par_1_85' title="bbox 2076 3998 3665 4061">
     <span class='ocr_line' id='line_1_85' title="bbox 2076 3998 3665 4061; baseline -0.008 -1"><span class='ocrx_word' id='word_1_598' title='bbox 2076 4004 2200 4060; x_wconf 90' lang='lat' dir='ltr'><strong>dem</strong></span> <span class='ocrx_word' id='word_1_599' title='bbox 2256 4006 2420 4060; x_wconf 90' lang='lat' dir='ltr'><strong>tertio</strong></span> <span class='ocrx_word' id='word_1_600' title='bbox 2472 4014 2720 4060; x_wconf 89' lang='lat' dir='ltr'><strong>mortuus</strong></span> <span class='ocrx_word' id='word_1_601' title='bbox 2770 4012 2855 4058; x_wconf 90' lang='lat' dir='ltr'><strong>est</strong></span> <span class='ocrx_word' id='word_1_602' title='bbox 2901 4002 3133 4055; x_wconf 86' lang='lat' dir='ltr'><strong>Babram</strong></span> <span class='ocrx_word' id='word_1_603' title='bbox 3192 3998 3449 4055; x_wconf 84' lang='lat' dir='ltr'><strong>llormozi</strong></span> <span class='ocrx_word' id='word_1_604' title='bbox 3495 3998 3665 4061; x_wconf 85' lang='lat' dir='ltr'><strong>filius,</strong></span> 
     </span>
    </p>
   </div>
   <div class='ocr_carea' id='block_1_86' title="bbox 2078 4086 3665 4164">
    <p class='ocr_par' dir='ltr' id='par_1_86' title="bbox 2078 4086 3665 4164">
     <span class='ocr_line' id='line_1_86' title="bbox 2078 4086 3665 4164; baseline -0.008 -14"><span class='ocrx_word' id='word_1_605' title='bbox 2078 4111 2172 4150; x_wconf 90' lang='lat' dir='ltr'><strong>rex</strong></span> <span class='ocrx_word' id='word_1_606' title='bbox 2207 4095 2532 4159; x_wconf 88' lang='lat' dir='ltr'><strong>Persarum;</strong></span> <span class='ocrx_word' id='word_1_607' title='bbox 2572 4103 2696 4164; x_wconf 91' lang='lat' dir='ltr'><strong>post</strong></span> <span class='ocrx_word' id='word_1_608' title='bbox 2743 4109 2905 4164; x_wconf 86' lang='lat' dir='ltr'><strong>quem</strong></span> <span class='ocrx_word' id='word_1_609' title='bbox 2943 4094 3191 4162; x_wconf 89' lang='lat' dir='ltr'><strong>regnavit</strong></span> <span class='ocrx_word' id='word_1_610' title='bbox 3236 4091 3467 4144; x_wconf 86' lang='lat' dir='ltr'><strong>Bahram</strong></span> <span class='ocrx_word' id='word_1_611' title='bbox 3515 4086 3665 4140; x_wconf 87' lang='lat' dir='ltr'><strong>Bah-</strong></span> 
     </span>
    </p>
   </div>
   <div class='ocr_carea' id='block_1_87' title="bbox 2049 4179 3665 4254">
    <p class='ocr_par' dir='ltr' id='par_1_87' title="bbox 2049 4179 3665 4254">
     <span class='ocr_line' id='line_1_87' title="bbox 2049 4179 3665 4254; baseline -0.006 -11"><span class='ocrx_word' id='word_1_612' title='bbox 2049 4190 2215 4243; x_wconf 83' lang='lat' dir='ltr'><strong>.rami</strong></span> <span class='ocrx_word' id='word_1_613' title='bbox 2250 4188 2395 4245; x_wconf 81' lang='lat' dir='ltr'><strong>[ilius</strong></span> <span class='ocrx_word' id='word_1_614' title='bbox 2436 4188 2489 4242; x_wconf 90' lang='lat' dir='ltr'><strong>in</strong></span> <span class='ocrx_word' id='word_1_615' title='bbox 2526 4187 2724 4242; x_wconf 83' lang='lat' dir='ltr'><strong>Persas</strong></span> <span class='ocrx_word' id='word_1_616' title='bbox 2747 4226 2762 4250; x_wconf 90' lang='lat'><strong>,</strong></span> <span class='ocrx_word' id='word_1_617' title='bbox 2800 4202 2976 4241; x_wconf 89' lang='lat' dir='ltr'><strong>annos</strong></span> <span class='ocrx_word' id='word_1_618' title='bbox 3024 4183 3437 4254; x_wconf 81' lang='lat' dir='ltr'><strong>septemdecim.</strong></span> <span class='ocrx_word' id='word_1_619' title='bbox 3491 4179 3665 4248; x_wconf 89' lang='lat' dir='ltr'><strong>Cujus</strong></span> 
     </span>
    </p>
   </div>
   <div class='ocr_carea' id='block_1_88' title="bbox 2079 4274 3665 4353">
    <p class='ocr_par' dir='ltr' id='par_1_88' title="bbox 2079 4274 3665 4353">
     <span class='ocr_line' id='line_1_88' title="bbox 2079 4274 3665 4353; baseline -0.008 -16"><span class='ocrx_word' id='word_1_620' title='bbox 2079 4291 2327 4353; x_wconf 89' lang='lat' dir='ltr'><strong>tempore</strong></span> <span class='ocrx_word' id='word_1_621' title='bbox 2361 4282 2619 4352; x_wconf 90' lang='lat' dir='ltr'><strong>prodiens</strong></span> <span class='ocrx_word' id='word_1_622' title='bbox 2665 4279 2888 4350; x_wconf 89' lang='lat' dir='ltr'><strong>quidam</strong></span> <span class='ocrx_word' id='word_1_623' title='bbox 2938 4278 3153 4348; x_wconf 86' lang='lat' dir='ltr'><strong>origine</strong></span> <span class='ocrx_word' id='word_1_624' title='bbox 3199 4276 3387 4339; x_wconf 87' lang='lat' dir='ltr'><strong>Persa,</strong></span> <span class='ocrx_word' id='word_1_625' title='bbox 3439 4274 3665 4328; x_wconf 85' lang='lat' dir='ltr'><strong>nomine</strong></span> 
     </span>
    </p>
   </div>
   <div class='ocr_carea' id='block_1_89' title="bbox 2079 4370 3665 4442">
    <p class='ocr_par' dir='ltr' id='par_1_89' title="bbox 2079 4370 3665 4442">
     <span class='ocr_line' id='line_1_89' title="bbox 2079 4370 3665 4442; baseline -0.008 -13"><span class='ocrx_word' id='word_1_626' title='bbox 2079 4375 2247 4441; x_wconf 79' lang='lat' dir='ltr'><strong>Mani,</strong></span> <span class='ocrx_word' id='word_1_627' title='bbox 2274 4374 2700 4429; x_wconf 69' lang='lat' dir='ltr'><strong>Manichaeorum</strong></span> <span class='ocrx_word' id='word_1_628' title='bbox 2729 4372 3018 4442; x_wconf 88' lang='lat' dir='ltr'><strong>religionis</strong></span> <span class='ocrx_word' id='word_1_629' title='bbox 3048 4379 3236 4425; x_wconf 92' lang='lat' dir='ltr'><strong>auctor</strong></span> <span class='ocrx_word' id='word_1_630' title='bbox 3264 4370 3386 4430; x_wconf 84' lang='lat' dir='ltr'><strong>iuit,</strong></span> <span class='ocrx_word' id='word_1_631' title='bbox 3411 4380 3665 4421; x_wconf 89' lang='lat' dir='ltr'><strong>asserens</strong></span> 
     </span>
    </p>
   </div>
   <div class='ocr_carea' id='block_1_90' title="bbox 2080 4456 3665 4537">
    <p class='ocr_par' dir='ltr' id='par_1_90' title="bbox 2080 4456 3665 4537">
     <span class='ocr_line' id='line_1_90' title="bbox 2080 4456 3665 4537; baseline -0.008 -15"><span class='ocrx_word' id='word_1_632' title='bbox 2080 4483 2140 4522; x_wconf 92' lang='lat' dir='ltr'><strong>se</strong></span> <span class='ocrx_word' id='word_1_633' title='bbox 2173 4470 2494 4537; x_wconf 81' lang='lat' dir='ltr'><strong>prephetam</strong></span> <span class='ocrx_word' id='word_1_634' title='bbox 2537 4481 2681 4532; x_wconf 90' lang='lat' dir='ltr'><strong>esse,</strong></span> <span class='ocrx_word' id='word_1_635' title='bbox 2716 4480 2881 4534; x_wconf 88' lang='lat' dir='ltr'><strong>quem</strong></span> <span class='ocrx_word' id='word_1_636' title='bbox 2917 4465 3256 4533; x_wconf 88' lang='lat' dir='ltr'><strong>prehensum</strong></span> <span class='ocrx_word' id='word_1_637' title='bbox 3301 4459 3543 4514; x_wconf 89' lang='lat' dir='ltr'><strong>medium</strong></span> <span class='ocrx_word' id='word_1_638' title='bbox 3576 4456 3665 4511; x_wconf 77' lang='lat' dir='ltr'><strong>di—</strong></span> 
     </span>
    </p>
   </div>
   <div class='ocr_carea' id='block_1_91' title="bbox 397 4538 3663 4623">
    <p class='ocr_par' dir='ltr' id='par_1_91' title="bbox 397 4538 3663 4623">
     <span class='ocr_line' id='line_1_91' title="bbox 397 4538 3663 4623; baseline 0.002 -25"><span class='ocrx_word' id='word_1_639' title='bbox 397 4542 675 4601; x_wconf 82' lang='lat' dir='ltr'><strong>Romanos</strong></span> <span class='ocrx_word' id='word_1_640' title='bbox 722 4546 965 4616; x_wconf 82' lang='lat' dir='ltr'><strong>regnavit</strong></span> <span class='ocrx_word' id='word_1_641' title='bbox 1001 4547 1312 4601; x_wconf 80' lang='lat' dir='ltr'><strong>Alexander</strong></span> <span class='ocrx_word' id='word_1_642' title='bbox 1356 4547 1539 4602; x_wconf 68' lang='lat' dir='ltr'><strong>Caesar</strong></span> <span class='ocrx_word' id='word_1_643' title='bbox 1578 4564 1750 4604; x_wconf 87' lang='lat' dir='ltr'><strong>annos</strong></span> <span class='ocrx_word' id='word_1_644' title='bbox 1793 4548 1977 4603; x_wconf 86' lang='lat' dir='ltr'><strong>trede-</strong></span> <span class='ocrx_word' id='word_1_645' title='bbox 2007 4538 2052 4594; x_wconf 79' lang='grc' dir='ltr'>ο</span> <span class='ocrx_word' id='word_1_646' title='bbox 2083 4561 2213 4615; x_wconf 59' lang='lat' dir='ltr'><strong>visi;</strong></span> <span class='ocrx_word' id='word_1_647' title='bbox 2262 4559 2519 4623; x_wconf 70' lang='lat' dir='ltr'><strong>Bahmm,</strong></span> <span class='ocrx_word' id='word_1_648' title='bbox 2570 4557 2828 4611; x_wconf 80' lang='lat' dir='ltr'><strong>Bahrami</strong></span> <span class='ocrx_word' id='word_1_649' title='bbox 2885 4556 3053 4620; x_wconf 80' lang='lat' dir='ltr'><strong>ﬁlius,</strong></span> <span class='ocrx_word' id='word_1_650' title='bbox 3108 4554 3285 4622; x_wconf 87' lang='lat' dir='ltr'><strong>captis</strong></span> <span class='ocrx_word' id='word_1_651' title='bbox 3337 4553 3566 4621; x_wconf 89' lang='lat' dir='ltr'><strong>insuper</strong></span> <span class='ocrx_word' id='word_1_652' title='bbox 3598 4565 3663 4603; x_wconf 84' lang='lat' dir='ltr'><strong>ex</strong></span> 
     </span>
    </p>
   </div>
   <div class='ocr_carea' id='block_1_92' title="bbox 400 4639 1975 4713">
    <p class='ocr_par' dir='ltr' id='par_1_92' title="bbox 400 4639 1975 4713">
     <span class='ocr_line' id='line_1_92' title="bbox 400 4639 1975 4713; baseline 0.004 -21"><span class='ocrx_word' id='word_1_653' title='bbox 400 4639 528 4704; x_wconf 78' lang='lat' dir='ltr'><strong>cini,</strong></span> <span class='ocrx_word' id='word_1_654' title='bbox 566 4639 729 4706; x_wconf 87' lang='lat' dir='ltr'><strong>idque</strong></span> <span class='ocrx_word' id='word_1_655' title='bbox 760 4655 904 4693; x_wconf 89' lang='lat' dir='ltr'><strong>anno</strong></span> <span class='ocrx_word' id='word_1_656' title='bbox 937 4642 1084 4709; x_wconf 79' lang='lat' dir='ltr'><strong>regni</strong></span> <span class='ocrx_word' id='word_1_657' title='bbox 1117 4639 1343 4709; x_wconf 83' lang='lat' dir='ltr'><strong>Saporis</strong></span> <span class='ocrx_word' id='word_1_658' title='bbox 1378 4639 1472 4694; x_wconf 84' lang='lat' dir='ltr'><strong>filii</strong></span> <span class='ocrx_word' id='word_1_659' title='bbox 1503 4641 1790 4697; x_wconf 83' lang='lat' dir='ltr'><strong>Azdashiri</strong></span> <span class='ocrx_word' id='word_1_660' title='bbox 1829 4643 1975 4713; x_wconf 86' lang='lat' dir='ltr'><strong>regis</strong></span> 
     </span>
    </p>
   </div>
   <div class='ocr_carea' id='block_1_93' title="bbox 398 4731 1975 4805">
    <p class='ocr_par' dir='ltr' id='par_1_93' title="bbox 398 4731 1975 4805">
     <span class='ocr_line' id='line_1_93' title="bbox 398 4731 1975 4805; baseline 0.003 -20"><span class='ocrx_word' id='word_1_661' title='bbox 398 4731 693 4786; x_wconf 89' lang='lat' dir='ltr'><strong>Persarum</strong></span> <span class='ocrx_word' id='word_1_662' title='bbox 728 4733 1224 4802; x_wconf 84' lang='lat' dir='ltr'><strong>decimo-septimo.</strong></span> <span class='ocrx_word' id='word_1_663' title='bbox 1262 4732 1376 4787; x_wconf 86' lang='lat' dir='ltr'><strong>Sub</strong></span> <span class='ocrx_word' id='word_1_664' title='bbox 1413 4748 1478 4787; x_wconf 91' lang='lat' dir='ltr'><strong>eo</strong></span> <span class='ocrx_word' id='word_1_665' title='bbox 1506 4750 1640 4805; x_wconf 88' lang='lat' dir='ltr'><strong>pace</strong></span> <span class='ocrx_word' id='word_1_666' title='bbox 1673 4744 1727 4789; x_wconf 91' lang='lat' dir='ltr'><strong>et</strong></span> <span class='ocrx_word' id='word_1_667' title='bbox 1762 4735 1975 4789; x_wconf 87' lang='lat' dir='ltr'><strong>incolu-</strong></span> 
     </span>
    </p>
   </div>
   <div class='ocr_carea' id='block_1_94' title="bbox 400 4824 1977 4897">
    <p class='ocr_par' dir='ltr' id='par_1_94' title="bbox 400 4824 1977 4897">
     <span class='ocr_line' id='line_1_94' title="bbox 400 4824 1977 4897; baseline 0.004 -20"><span class='ocrx_word' id='word_1_668' title='bbox 400 4824 594 4879; x_wconf 86' lang='lat' dir='ltr'><strong>tnitate</strong></span> <span class='ocrx_word' id='word_1_669' title='bbox 648 4825 821 4893; x_wconf 87' lang='lat' dir='ltr'><strong>gavisi</strong></span> <span class='ocrx_word' id='word_1_670' title='bbox 857 4835 984 4879; x_wconf 91' lang='lat' dir='ltr'><strong>sunt</strong></span> <span class='ocrx_word' id='word_1_671' title='bbox 1029 4825 1353 4881; x_wconf 87' lang='lat' dir='ltr'><strong>Christiani.</strong></span> <span class='ocrx_word' id='word_1_672' title='bbox 1390 4825 1561 4881; x_wconf 84' lang='lat' dir='ltr'><strong>Mater</strong></span> <span class='ocrx_word' id='word_1_673' title='bbox 1599 4830 1743 4882; x_wconf 88' lang='lat' dir='ltr'><strong>enim</strong></span> <span class='ocrx_word' id='word_1_674' title='bbox 1780 4828 1977 4897; x_wconf 89' lang='lat' dir='ltr'><strong>ipsius,</strong></span> 
     </span>
    </p>
   </div>
   <div class='ocr_carea' id='block_1_95' title="bbox 398 4916 1978 4988">
    <p class='ocr_par' dir='ltr' id='par_1_95' title="bbox 398 4916 1978 4988">
     <span class='ocr_line' id='line_1_95' title="bbox 398 4916 1978 4988; baseline 0.001 -18"><span class='ocrx_word' id='word_1_675' title='bbox 398 4917 623 4970; x_wconf 86' lang='lat' dir='ltr'><strong>nomine</strong></span> <span class='ocrx_word' id='word_1_676' title='bbox 656 4916 861 4977; x_wconf 79' lang='lat' dir='ltr'><strong>Manta,</strong></span> <span class='ocrx_word' id='word_1_677' title='bbox 899 4932 1096 4988; x_wconf 82' lang='lat' dir='ltr'><strong>magno</strong></span> <span class='ocrx_word' id='word_1_678' title='bbox 1140 4918 1191 4971; x_wconf 88' lang='lat' dir='ltr'><strong>in</strong></span> <span class='ocrx_word' id='word_1_679' title='bbox 1238 4916 1586 4973; x_wconf 87' lang='lat' dir='ltr'><strong>Christianos</strong></span> <span class='ocrx_word' id='word_1_680' title='bbox 1626 4932 1812 4972; x_wconf 84' lang='lat' dir='ltr'><strong>amore</strong></span> <span class='ocrx_word' id='word_1_681' title='bbox 1848 4934 1978 4988; x_wconf 89' lang='lat' dir='ltr'><strong>pro-</strong></span> 
     </span>
    </p>
   </div>
   <div class='ocr_carea' id='block_1_96' title="bbox 401 5007 1982 5078">
    <p class='ocr_par' dir='ltr' id='par_1_96' title="bbox 401 5007 1982 5078">
     <span class='ocr_line' id='line_1_96' title="bbox 401 5007 1982 5078; baseline 0.001 -15"><span class='ocrx_word' id='word_1_682' title='bbox 401 5007 617 5078; x_wconf 88' lang='lat' dir='ltr'><strong>pendil.</strong></span> <span class='ocrx_word' id='word_1_683' title='bbox 655 5008 816 5061; x_wconf 83' lang='lat' dir='ltr'><strong>Anno</strong></span> <span class='ocrx_word' id='word_1_684' title='bbox 848 5008 1063 5077; x_wconf 89' lang='lat' dir='ltr'><strong>imperii</strong></span> <span class='ocrx_word' id='word_1_685' title='bbox 1099 5008 1273 5078; x_wconf 87' lang='lat' dir='ltr'><strong>ipsius</strong></span> <span class='ocrx_word' id='word_1_686' title='bbox 1308 5010 1484 5077; x_wconf 89' lang='lat' dir='ltr'><strong>primo</strong></span> <span class='ocrx_word' id='word_1_687' title='bbox 1523 5010 1863 5066; x_wconf 84' lang='lat' dir='ltr'><strong>constitutus</strong></span> <span class='ocrx_word' id='word_1_688' title='bbox 1897 5019 1982 5065; x_wconf 84' lang='lat' dir='ltr'><strong>est</strong></span> 
     </span>
    </p>
   </div>
   <div class='ocr_carea' id='block_1_97' title="bbox 404 5098 1979 5172">
    <p class='ocr_par' dir='ltr' id='par_1_97' title="bbox 404 5098 1979 5172">
     <span class='ocr_line' id='line_1_97' title="bbox 404 5098 1979 5172; baseline 0.003 -19"><span class='ocrx_word' id='word_1_689' title='bbox 404 5098 693 5156; x_wconf 80' lang='lat' dir='ltr'><strong>Heraclius</strong></span> <span class='ocrx_word' id='word_1_690' title='bbox 722 5102 1035 5172; x_wconf 89' lang='lat' dir='ltr'><strong>patriarcha</strong></span> <span class='ocrx_word' id='word_1_691' title='bbox 1072 5102 1497 5169; x_wconf 85' lang='lat' dir='ltr'><strong>Alexandrinus,</strong></span> <span class='ocrx_word' id='word_1_692' title='bbox 1530 5103 1620 5156; x_wconf 92' lang='lat' dir='ltr'><strong>ubi</strong></span> <span class='ocrx_word' id='word_1_693' title='bbox 1649 5118 1773 5157; x_wconf 91' lang='lat' dir='ltr'><strong>cum</strong></span> <span class='ocrx_word' id='word_1_694' title='bbox 1803 5119 1979 5159; x_wconf 90' lang='lat' dir='ltr'><strong>annos</strong></span> 
     </span>
    </p>
   </div>
   <div class='ocr_carea' id='block_1_98' title="bbox 408 5194 1980 5267">
    <p class='ocr_par' dir='ltr' id='par_1_98' title="bbox 408 5194 1980 5267">
     <span class='ocr_line' id='line_1_98' title="bbox 408 5194 1980 5267; baseline 0.004 -20"><span class='ocrx_word' id='word_1_695' title='bbox 408 5195 667 5249; x_wconf 85' lang='lat' dir='ltr'><strong>tredecim</strong></span> <span class='ocrx_word' id='word_1_696' title='bbox 692 5195 944 5260; x_wconf 88' lang='lat' dir='ltr'><strong>sedisset,</strong></span> <span class='ocrx_word' id='word_1_697' title='bbox 972 5202 1221 5249; x_wconf 90' lang='lat' dir='ltr'><strong>mortuus</strong></span> <span class='ocrx_word' id='word_1_698' title='bbox 1245 5202 1348 5249; x_wconf 89' lang='lat' dir='ltr'><strong>est.</strong></span> <span class='ocrx_word' id='word_1_699' title='bbox 1376 5194 1506 5264; x_wconf 87' lang='lat' dir='ltr'><strong>Ejus</strong></span> <span class='ocrx_word' id='word_1_700' title='bbox 1532 5205 1779 5265; x_wconf 91' lang='lat' dir='ltr'><strong>tempore</strong></span> <span class='ocrx_word' id='word_1_701' title='bbox 1797 5196 1980 5267; x_wconf 83' lang='lat' dir='ltr'><strong>appel-</strong></span> 
     </span>
    </p>
   </div>
   <div class='ocr_carea' id='block_1_99' title="bbox 406 5287 1984 5358">
    <p class='ocr_par' dir='ltr' id='par_1_99' title="bbox 406 5287 1984 5358">
     <span class='ocr_line' id='line_1_99' title="bbox 406 5287 1984 5358; baseline 0.001 -15"><span class='ocrx_word' id='word_1_702' title='bbox 406 5289 551 5343; x_wconf 87' lang='lat' dir='ltr'><strong>latus</strong></span> <span class='ocrx_word' id='word_1_703' title='bbox 603 5294 687 5343; x_wconf 85' lang='lat' dir='ltr'><strong>est</strong></span> <span class='ocrx_word' id='word_1_704' title='bbox 742 5288 1051 5358; x_wconf 87' lang='lat' dir='ltr'><strong>patriarcha</strong></span> <span class='ocrx_word' id='word_1_705' title='bbox 1102 5287 1505 5343; x_wconf 86' lang='lat' dir='ltr'><strong>Alexandrinus</strong></span> <span class='ocrx_word' id='word_1_706' title='bbox 1556 5288 1741 5354; x_wconf 89' lang='lat' dir='ltr'><strong>Baha,</strong></span> <span class='ocrx_word' id='word_1_707' title='bbox 1792 5289 1843 5344; x_wconf 93' lang='lat' dir='ltr'><strong>id</strong></span> <span class='ocrx_word' id='word_1_708' title='bbox 1901 5296 1984 5344; x_wconf 85' lang='lat' dir='ltr'><strong>est</strong></span> 
     </span>
    </p>
   </div>
   <div class='ocr_carea' id='block_1_100' title="bbox 406 5381 1983 5452">
    <p class='ocr_par' dir='ltr' id='par_1_100' title="bbox 406 5381 1983 5452">
     <span class='ocr_line' id='line_1_100' title="bbox 406 5381 1983 5452; baseline 0.001 -16"><span class='ocrx_word' id='word_1_709' title='bbox 406 5397 565 5437; x_wconf 89' lang='lat' dir='ltr'><strong>avus.</strong></span> <span class='ocrx_word' id='word_1_710' title='bbox 602 5384 759 5436; x_wconf 84' lang='lat' dir='ltr'><strong>Anno</strong></span> <span class='ocrx_word' id='word_1_711' title='bbox 792 5382 1003 5451; x_wconf 90' lang='lat' dir='ltr'><strong>imperii</strong></span> <span class='ocrx_word' id='word_1_712' title='bbox 1031 5381 1153 5452; x_wconf 91' lang='lat' dir='ltr'><strong>ejus</strong></span> <span class='ocrx_word' id='word_1_713' title='bbox 1186 5382 1348 5436; x_wconf 88' lang='lat' dir='ltr'><strong>tertio</strong></span> <span class='ocrx_word' id='word_1_714' title='bbox 1376 5392 1600 5437; x_wconf 89' lang='lat' dir='ltr'><strong>creatus</strong></span> <span class='ocrx_word' id='word_1_715' title='bbox 1629 5390 1716 5437; x_wconf 89' lang='lat' dir='ltr'><strong>est</strong></span> <span class='ocrx_word' id='word_1_716' title='bbox 1747 5381 1983 5437; x_wconf 87' lang='lat' dir='ltr'><strong>Anterus</strong></span> 
     </span>
    </p>
   </div>
   <div class='ocr_carea' id='block_1_101' title="bbox 406 5471 1981 5543">
    <p class='ocr_par' dir='ltr' id='par_1_101' title="bbox 406 5471 1981 5543">
     <span class='ocr_line' id='line_1_101' title="bbox 406 5471 1981 5543; baseline 0 -17"><span class='ocrx_word' id='word_1_717' title='bbox 406 5474 719 5543; x_wconf 86' lang='lat' dir='ltr'><strong>patriarcha</strong></span> <span class='ocrx_word' id='word_1_718' title='bbox 753 5471 1038 5528; x_wconf 82' lang='lat' dir='ltr'><strong>Romanus</strong></span> <span class='ocrx_word' id='word_1_719' title='bbox 1064 5514 1078 5538; x_wconf 94' lang='lat'><strong>,</strong></span> <span class='ocrx_word' id='word_1_720' title='bbox 1131 5474 1223 5542; x_wconf 86' lang='lat' dir='ltr'><strong>qui</strong></span> <span class='ocrx_word' id='word_1_721' title='bbox 1266 5488 1440 5528; x_wconf 89' lang='lat' dir='ltr'><strong>annos</strong></span> <span class='ocrx_word' id='word_1_722' title='bbox 1477 5474 1768 5527; x_wconf 85' lang='lat' dir='ltr'><strong>duodecim</strong></span> <span class='ocrx_word' id='word_1_723' title='bbox 1819 5474 1981 5541; x_wconf 85' lang='lat' dir='ltr'><strong>sedit,</strong></span> 
     </span>
    </p>
   </div>
   <div class='ocr_carea' id='block_1_102' title="bbox 406 5563 1985 5634">
    <p class='ocr_par' dir='ltr' id='par_1_102' title="bbox 406 5563 1985 5634">
     <span class='ocr_line' id='line_1_102' title="bbox 406 5563 1985 5634; baseline -0.003 -14"><span class='ocrx_word' id='word_1_724' title='bbox 406 5568 533 5620; x_wconf 88' lang='lat' dir='ltr'><strong>dein</strong></span> <span class='ocrx_word' id='word_1_725' title='bbox 563 5574 815 5621; x_wconf 89' lang='lat' dir='ltr'><strong>mortuus</strong></span> <span class='ocrx_word' id='word_1_726' title='bbox 849 5574 954 5621; x_wconf 88' lang='lat' dir='ltr'><strong>est.</strong></span> <span class='ocrx_word' id='word_1_727' title='bbox 995 5566 1152 5619; x_wconf 86' lang='lat' dir='ltr'><strong>Anno</strong></span> <span class='ocrx_word' id='word_1_728' title='bbox 1182 5567 1427 5634; x_wconf 88' lang='lat' dir='ltr'><strong>ejusdem</strong></span> <span class='ocrx_word' id='word_1_729' title='bbox 1454 5574 1644 5618; x_wconf 70' lang='lat' dir='ltr'><strong>octavo</strong></span> <span class='ocrx_word' id='word_1_730' title='bbox 1677 5564 1855 5621; x_wconf 87' lang='lat' dir='ltr'><strong>factus</strong></span> <span class='ocrx_word' id='word_1_731' title='bbox 1884 5563 1985 5616; x_wconf 77' lang='lat' dir='ltr'><strong>Ba-</strong></span> 
     </span>
    </p>
   </div>
   <div class='ocr_carea' id='block_1_103' title="bbox 406 5657 1982 5728">
    <p class='ocr_par' dir='ltr' id='par_1_103' title="bbox 406 5657 1982 5728">
     <span class='ocr_line' id='line_1_103' title="bbox 406 5657 1982 5728; baseline -0.001 -17"><span class='ocrx_word' id='word_1_732' title='bbox 406 5658 515 5712; x_wconf 87' lang='lat' dir='ltr'><strong>hila</strong></span> <span class='ocrx_word' id='word_1_733' title='bbox 580 5658 891 5728; x_wconf 88' lang='lat' dir='ltr'><strong>patriarcha</strong></span> <span class='ocrx_word' id='word_1_734' title='bbox 942 5659 1360 5723; x_wconf 87' lang='lat' dir='ltr'><strong>Antiochenus,</strong></span> <span class='ocrx_word' id='word_1_735' title='bbox 1413 5671 1588 5711; x_wconf 90' lang='lat' dir='ltr'><strong>annos</strong></span> <span class='ocrx_word' id='word_1_736' title='bbox 1642 5666 1768 5710; x_wconf 91' lang='lat' dir='ltr'><strong>octo</strong></span> <span class='ocrx_word' id='word_1_737' title='bbox 1819 5657 1982 5722; x_wconf 87' lang='lat' dir='ltr'><strong>sedit,</strong></span> 
     </span>
    </p>
   </div>
   <div class='ocr_carea' id='block_1_104' title="bbox 405 5749 1985 5827">
    <p class='ocr_par' dir='ltr' id='par_1_104' title="bbox 405 5749 1985 5827">
     <span class='ocr_line' id='line_1_104' title="bbox 405 5749 1985 5827; baseline 0.001 -21"><span class='ocrx_word' id='word_1_738' title='bbox 405 5751 535 5806; x_wconf 87' lang='lat' dir='ltr'><strong>dein</strong></span> <span class='ocrx_word' id='word_1_739' title='bbox 586 5760 836 5808; x_wconf 89' lang='lat' dir='ltr'><strong>mortuus</strong></span> <span class='ocrx_word' id='word_1_740' title='bbox 890 5761 996 5808; x_wconf 87' lang='lat' dir='ltr'><strong>est.</strong></span> <span class='ocrx_word' id='word_1_741' title='bbox 1044 5752 1202 5808; x_wconf 78' lang='lat' dir='ltr'><strong>Anno</strong></span> <span class='ocrx_word' id='word_1_742' title='bbox 1251 5751 1463 5823; x_wconf 88' lang='lat' dir='ltr'><strong>imperii</strong></span> <span class='ocrx_word' id='word_1_743' title='bbox 1519 5749 1690 5827; x_wconf 89' lang='lat' dir='ltr'><strong>ipsius</strong></span> <span class='ocrx_word' id='word_1_744' title='bbox 1742 5750 1985 5807; x_wconf 78' lang='lat' dir='ltr'><strong>secundo</strong></span> 
     </span>
    </p>
   </div>
   <div class='ocr_carea' id='block_1_105' title="bbox 2084 4640 3669 4719">
    <p class='ocr_par' dir='ltr' id='par_1_105' title="bbox 2084 4640 3669 4719">
     <span class='ocr_line' id='line_1_105' title="bbox 2084 4640 3669 4719; baseline -0.006 -17"><span class='ocrx_word' id='word_1_745' title='bbox 2084 4648 2257 4719; x_wconf 90' lang='lat' dir='ltr'><strong>ipsius</strong></span> <span class='ocrx_word' id='word_1_746' title='bbox 2296 4646 2527 4701; x_wconf 86' lang='lat' dir='ltr'><strong>asseclis</strong></span> <span class='ocrx_word' id='word_1_747' title='bbox 2574 4653 2631 4699; x_wconf 87' lang='lat' dir='ltr'><strong>et</strong></span> <span class='ocrx_word' id='word_1_748' title='bbox 2679 4645 2774 4715; x_wconf 88' lang='lat' dir='ltr'><strong>qui</strong></span> <span class='ocrx_word' id='word_1_749' title='bbox 2825 4644 2947 4714; x_wconf 89' lang='lat' dir='ltr'><strong>ejus</strong></span> <span class='ocrx_word' id='word_1_750' title='bbox 2990 4642 3323 4698; x_wconf 88' lang='lat' dir='ltr'><strong>sententiam</strong></span> <span class='ocrx_word' id='word_1_751' title='bbox 3371 4640 3669 4709; x_wconf 83' lang='lat' dir='ltr'><strong>amplecte-</strong></span> 
     </span>
    </p>
   </div>
   <div class='ocr_carea' id='block_1_106' title="bbox 2080 4730 3670 4807">
    <p class='ocr_par' dir='ltr' id='par_1_106' title="bbox 2080 4730 3670 4807">
     <span class='ocr_line' id='line_1_106' title="bbox 2080 4730 3670 4807; baseline -0.006 -14"><span class='ocrx_word' id='word_1_752' title='bbox 2080 4750 2271 4796; x_wconf 90' lang='lat' dir='ltr'><strong>rentur</strong></span> <span class='ocrx_word' id='word_1_753' title='bbox 2328 4739 2465 4794; x_wconf 88' lang='lat' dir='ltr'><strong>viris</strong></span> <span class='ocrx_word' id='word_1_754' title='bbox 2511 4737 2809 4801; x_wconf 87' lang='lat' dir='ltr'><strong>ducentis,</strong></span> <span class='ocrx_word' id='word_1_755' title='bbox 2866 4750 3008 4807; x_wconf 90' lang='lat' dir='ltr'><strong>quos</strong></span> <span class='ocrx_word' id='word_1_756' title='bbox 3058 4734 3335 4805; x_wconf 88' lang='lat' dir='ltr'><strong>capitibus</strong></span> <span class='ocrx_word' id='word_1_757' title='bbox 3392 4730 3670 4783; x_wconf 89' lang='lat' dir='ltr'><strong>immersis</strong></span> 
     </span>
    </p>
   </div>
   <div class='ocr_carea' id='block_1_107' title="bbox 2081 4821 3668 4891">
    <p class='ocr_par' dir='ltr' id='par_1_107' title="bbox 2081 4821 3668 4891">
     <span class='ocr_line' id='line_1_107' title="bbox 2081 4821 3668 4891; baseline -0.009 -3"><span class='ocrx_word' id='word_1_758' title='bbox 2081 4833 2197 4888; x_wconf 91' lang='lat' dir='ltr'><strong>luto</strong></span> <span class='ocrx_word' id='word_1_759' title='bbox 2254 4832 2432 4887; x_wconf 85' lang='lat' dir='ltr'><strong>infixit</strong></span> <span class='ocrx_word' id='word_1_760' title='bbox 2485 4831 2663 4886; x_wconf 90' lang='lat' dir='ltr'><strong>donec</strong></span> <span class='ocrx_word' id='word_1_761' title='bbox 2715 4840 3094 4891; x_wconf 88' lang='lat' dir='ltr'><strong>morerentur,</strong></span> <span class='ocrx_word' id='word_1_762' title='bbox 3155 4826 3382 4881; x_wconf 87' lang='lat' dir='ltr'><strong>dicens:</strong></span> <span class='ocrx_word' id='word_1_763' title='bbox 3433 4821 3668 4876; x_wconf 81' lang='lat' dir='ltr'><strong>Hortum</strong></span> 
     </span>
    </p>
   </div>
   <div class='ocr_carea' id='block_1_108' title="bbox 2082 4915 3670 4995">
    <p class='ocr_par' dir='ltr' id='par_1_108' title="bbox 2082 4915 3670 4995">
     <span class='ocr_line' id='line_1_108' title="bbox 2082 4915 3670 4995; baseline -0.01 -14"><span class='ocrx_word' id='word_1_764' title='bbox 2082 4941 2245 4995; x_wconf 86' lang='lat' dir='ltr'><strong>quem</strong></span> <span class='ocrx_word' id='word_1_765' title='bbox 2294 4926 2398 4980; x_wconf 92' lang='lat' dir='ltr'><strong>feci</strong></span> <span class='ocrx_word' id='word_1_766' title='bbox 2442 4923 2760 4978; x_wconf 88' lang='lat' dir='ltr'><strong>hominibus</strong></span> <span class='ocrx_word' id='word_1_767' title='bbox 2801 4922 2920 4977; x_wconf 90' lang='lat' dir='ltr'><strong>vice</strong></span> <span class='ocrx_word' id='word_1_768' title='bbox 2952 4920 3214 4975; x_wconf 83' lang='lat' dir='ltr'><strong>arborum</strong></span> <span class='ocrx_word' id='word_1_769' title='bbox 3247 4916 3513 4985; x_wconf 86' lang='lat' dir='ltr'><strong>plantavi.</strong></span> <span class='ocrx_word' id='word_1_770' title='bbox 3555 4915 3670 4982; x_wconf 77' lang='lat' dir='ltr'><strong>Ap-</strong></span> 
     </span>
    </p>
   </div>
   <div class='ocr_carea' id='block_1_109' title="bbox 2082 5002 3671 5085">
    <p class='ocr_par' dir='ltr' id='par_1_109' title="bbox 2082 5002 3671 5085">
     <span class='ocr_line' id='line_1_109' title="bbox 2082 5002 3671 5085; baseline -0.008 -18"><span class='ocrx_word' id='word_1_771' title='bbox 2082 5013 2265 5085; x_wconf 87' lang='lat' dir='ltr'><strong>pellati</strong></span> <span class='ocrx_word' id='word_1_772' title='bbox 2314 5023 2495 5066; x_wconf 90' lang='lat' dir='ltr'><strong>autem</strong></span> <span class='ocrx_word' id='word_1_773' title='bbox 2544 5019 2676 5065; x_wconf 91' lang='lat' dir='ltr'><strong>sunt</strong></span> <span class='ocrx_word' id='word_1_774' title='bbox 2716 5009 3034 5078; x_wconf 85' lang='lat' dir='ltr'><strong>religionem</strong></span> <span class='ocrx_word' id='word_1_775' title='bbox 3086 5007 3263 5077; x_wconf 85' lang='lat' dir='ltr'><strong>ipsius</strong></span> <span class='ocrx_word' id='word_1_776' title='bbox 3307 5002 3577 5074; x_wconf 88' lang='lat' dir='ltr'><strong>professi,</strong></span> <span class='ocrx_word' id='word_1_777' title='bbox 3614 5010 3671 5055; x_wconf 89' lang='lat' dir='ltr'><strong>et</strong></span> 
     </span>
    </p>
   </div>
   <div class='ocr_carea' id='block_1_110' title="bbox 2082 5097 3671 5170">
    <p class='ocr_par' dir='ltr' id='par_1_110' title="bbox 2082 5097 3671 5170">
     <span class='ocr_line' id='line_1_110' title="bbox 2082 5097 3671 5170; baseline -0.005 -11"><span class='ocrx_word' id='word_1_778' title='bbox 2082 5104 2411 5159; x_wconf 81' lang='lat' dir='ltr'><strong>sententiam</strong></span> <span class='ocrx_word' id='word_1_779' title='bbox 2463 5100 2739 5170; x_wconf 88' lang='lat' dir='ltr'><strong>amplexi,</strong></span> <span class='ocrx_word' id='word_1_780' title='bbox 2795 5098 3105 5163; x_wconf 66' lang='lat' dir='ltr'><strong>M’anicbaei,</strong></span> <span class='ocrx_word' id='word_1_781' title='bbox 3160 5097 3319 5153; x_wconf 90' lang='lat' dir='ltr'><strong>titulo</strong></span> <span class='ocrx_word' id='word_1_782' title='bbox 3372 5114 3402 5154; x_wconf 87' lang='lat' dir='ltr'><strong>a</strong></span> <span class='ocrx_word' id='word_1_783' title='bbox 3451 5097 3671 5152; x_wconf 81' lang='lat' dir='ltr'><strong>nomine</strong></span> 
     </span>
    </p>
   </div>
   <div class='ocr_carea' id='block_1_111' title="bbox 2083 5193 2772 5264">
    <p class='ocr_par' dir='ltr' id='par_1_111' title="bbox 2083 5193 2772 5264">
     <span class='ocr_line' id='line_1_111' title="bbox 2083 5193 2772 5264; baseline -0.003 -15"><span class='ocrx_word' id='word_1_784' title='bbox 2083 5194 2259 5264; x_wconf 88' lang='lat' dir='ltr'><strong>ipsius</strong></span> <span class='ocrx_word' id='word_1_785' title='bbox 2290 5194 2432 5249; x_wconf 77' lang='lat' dir='ltr'><strong>Mani</strong></span> <span class='ocrx_word' id='word_1_786' title='bbox 2456 5193 2772 5262; x_wconf 90' lang='lat' dir='ltr'><strong>desumpto.</strong></span> 
     </span>
    </p>
   </div>
   <div class='ocr_carea' id='block_1_112' title="bbox 2155 5281 3671 5355">
    <p class='ocr_par' dir='ltr' id='par_1_112' title="bbox 2155 5281 3671 5355">
     <span class='ocr_line' id='line_1_112' title="bbox 2155 5281 3671 5355; baseline -0.005 -13"><span class='ocrx_word' id='word_1_787' title='bbox 2155 5288 2327 5343; x_wconf 88' lang='lat' dir='ltr'><strong>Porro</strong></span> <span class='ocrx_word' id='word_1_788' title='bbox 2358 5302 2503 5342; x_wconf 89' lang='lat' dir='ltr'><strong>anno</strong></span> <span class='ocrx_word' id='word_1_789' title='bbox 2548 5288 2699 5355; x_wconf 83' lang='lat' dir='ltr'><strong>regni</strong></span> <span class='ocrx_word' id='word_1_790' title='bbox 2747 5284 3006 5339; x_wconf 83' lang='lat' dir='ltr'><strong>Bahrami</strong></span> <span class='ocrx_word' id='word_1_791' title='bbox 3053 5285 3147 5338; x_wconf 80' lang='lat' dir='ltr'><strong>filii</strong></span> <span class='ocrx_word' id='word_1_792' title='bbox 3202 5284 3454 5337; x_wconf 85' lang='lat' dir='ltr'><strong>Bahrami</strong></span> <span class='ocrx_word' id='word_1_793' title='bbox 3503 5281 3671 5336; x_wconf 79' lang='lat' dir='ltr'><strong>tertio</strong></span> 
     </span>
    </p>
   </div>
   <div class='ocr_carea' id='block_1_113' title="bbox 2085 5374 3670 5445">
    <p class='ocr_par' dir='ltr' id='par_1_113' title="bbox 2085 5374 3670 5445">
     <span class='ocr_line' id='line_1_113' title="bbox 2085 5374 3670 5445; baseline -0.006 -8"><span class='ocrx_word' id='word_1_794' title='bbox 2085 5391 2337 5437; x_wconf 91' lang='lat' dir='ltr'><strong>mortuus</strong></span> <span class='ocrx_word' id='word_1_795' title='bbox 2366 5389 2449 5435; x_wconf 88' lang='lat' dir='ltr'><strong>est</strong></span> <span class='ocrx_word' id='word_1_796' title='bbox 2495 5378 2811 5434; x_wconf 84' lang='lat' dir='ltr'><strong>Gordianus</strong></span> <span class='ocrx_word' id='word_1_797' title='bbox 2847 5376 3031 5432; x_wconf 67' lang='lat' dir='ltr'><strong>Caesar</strong></span> <span class='ocrx_word' id='word_1_798' title='bbox 3062 5376 3437 5430; x_wconf 83' lang='lat' dir='ltr'><strong>Romanorum</strong></span> <span class='ocrx_word' id='word_1_799' title='bbox 3491 5374 3670 5445; x_wconf 78' lang='lat' dir='ltr'><strong>impe-</strong></span> 
     </span>
    </p>
   </div>
   <div class='ocr_carea' id='block_1_114' title="bbox 2085 5467 3672 5547">
    <p class='ocr_par' dir='ltr' id='par_1_114' title="bbox 2085 5467 3672 5547">
     <span class='ocr_line' id='line_1_114' title="bbox 2085 5467 3672 5547; baseline -0.009 -15"><span class='ocrx_word' id='word_1_800' title='bbox 2085 5487 2258 5547; x_wconf 79' lang='lat' dir='ltr'><strong>rator,</strong></span> <span class='ocrx_word' id='word_1_801' title='bbox 2296 5474 2599 5544; x_wconf 88' lang='lat' dir='ltr'><strong>imperante</strong></span> <span class='ocrx_word' id='word_1_802' title='bbox 2631 5482 2757 5541; x_wconf 88' lang='lat' dir='ltr'><strong>post</strong></span> <span class='ocrx_word' id='word_1_803' title='bbox 2802 5472 2978 5540; x_wconf 90' lang='lat' dir='ltr'><strong>ipsum</strong></span> <span class='ocrx_word' id='word_1_804' title='bbox 3015 5469 3204 5523; x_wconf 70' lang='lat' dir='ltr'><strong>Roma:</strong></span> <span class='ocrx_word' id='word_1_805' title='bbox 3246 5467 3507 5522; x_wconf 74' lang='lat' dir='ltr'><strong>Romanis</strong></span> <span class='ocrx_word' id='word_1_806' title='bbox 3539 5467 3672 5521; x_wconf 84' lang='lat' dir='ltr'><strong>Phi-</strong></span> 
     </span>
    </p>
   </div>
   <div class='ocr_carea' id='block_1_115' title="bbox 2087 5559 3668 5639">
    <p class='ocr_par' dir='ltr' id='par_1_115' title="bbox 2087 5559 3668 5639">
     <span class='ocr_line' id='line_1_115' title="bbox 2087 5559 3668 5639; baseline -0.006 -17"><span class='ocrx_word' id='word_1_807' title='bbox 2087 5570 2235 5639; x_wconf 90' lang='lat' dir='ltr'><strong>lippo</strong></span> <span class='ocrx_word' id='word_1_808' title='bbox 2258 5566 2494 5631; x_wconf 70' lang='lat' dir='ltr'><strong>Caesare,</strong></span> <span class='ocrx_word' id='word_1_809' title='bbox 2514 5566 2685 5637; x_wconf 86' lang='lat'><strong>388</strong></span> <span class='ocrx_word' id='word_1_810' title='bbox 2699 5581 2874 5620; x_wconf 87' lang='lat' dir='ltr'><strong>annos</strong></span> <span class='ocrx_word' id='word_1_811' title='bbox 2900 5573 3134 5634; x_wconf 89' lang='lat' dir='ltr'><strong>septem,</strong></span> <span class='ocrx_word' id='word_1_812' title='bbox 3161 5563 3253 5631; x_wconf 91' lang='lat' dir='ltr'><strong>qui</strong></span> <span class='ocrx_word' id='word_1_813' title='bbox 3286 5563 3340 5615; x_wconf 93' lang='lat' dir='ltr'><strong>in</strong></span> <span class='ocrx_word' id='word_1_814' title='bbox 3369 5559 3668 5615; x_wconf 87' lang='lat' dir='ltr'><strong>Dominum</strong></span> 
     </span>
    </p>
   </div>
   <div class='ocr_carea' id='block_1_116' title="bbox 2086 5656 3674 5728">
    <p class='ocr_par' dir='ltr' id='par_1_116' title="bbox 2086 5656 3674 5728">
     <span class='ocr_line' id='line_1_116' title="bbox 2086 5656 3674 5728; baseline -0.007 -12"><span class='ocrx_word' id='word_1_815' title='bbox 2086 5662 2368 5716; x_wconf 83' lang='lat' dir='ltr'><strong>Christum</strong></span> <span class='ocrx_word' id='word_1_816' title='bbox 2403 5661 2656 5715; x_wconf 88' lang='lat' dir='ltr'><strong>credidit.</strong></span> <span class='ocrx_word' id='word_1_817' title='bbox 2686 5661 2848 5714; x_wconf 81' lang='lat' dir='ltr'><strong>Anno</strong></span> <span class='ocrx_word' id='word_1_818' title='bbox 2879 5658 3092 5728; x_wconf 90' lang='lat' dir='ltr'><strong>imperii</strong></span> <span class='ocrx_word' id='word_1_819' title='bbox 3124 5656 3299 5727; x_wconf 85' lang='lat' dir='ltr'><strong>ipsius</strong></span> <span class='ocrx_word' id='word_1_820' title='bbox 3333 5656 3513 5725; x_wconf 87' lang='lat' dir='ltr'><strong>primo</strong></span> <span class='ocrx_word' id='word_1_821' title='bbox 3541 5669 3674 5706; x_wconf 90' lang='lat' dir='ltr'><strong>con-</strong></span> 
     </span>
    </p>
   </div>
   <div class='ocr_carea' id='block_1_117' title="bbox 2087 5747 3671 5823">
    <p class='ocr_par' dir='ltr' id='par_1_117' title="bbox 2087 5747 3671 5823">
     <span class='ocr_line' id='line_1_117' title="bbox 2087 5747 3671 5823; baseline -0.004 -14"><span class='ocrx_word' id='word_1_822' title='bbox 2087 5755 2311 5814; x_wconf 84' lang='lat' dir='ltr'><strong>stitutus</strong></span> <span class='ocrx_word' id='word_1_823' title='bbox 2336 5763 2417 5811; x_wconf 91' lang='lat' dir='ltr'><strong>est</strong></span> <span class='ocrx_word' id='word_1_824' title='bbox 2448 5754 2762 5811; x_wconf 81' lang='lat' dir='ltr'><strong>Gordianus</strong></span> <span class='ocrx_word' id='word_1_825' title='bbox 2793 5753 3088 5823; x_wconf 85' lang='lat' dir='ltr'><strong>cpiscopus</strong></span> <span class='ocrx_word' id='word_1_826' title='bbox 3120 5747 3671 5819; x_wconf 82' lang='lat' dir='ltr'><strong>llierosolymitanos.</strong></span> 
     </span>
    </p>
   </div>
  </div>
