4076 6478
397 343 504 406 993

1406 327 1713 390 EUTYCH
1728 323 1786 385 ιῐ
1828 316 2370 383 ΑιΕΧΑἵΒΙὶΙΝΙ
2415 311 2645 376 PATR.

3559 293 3667 358 996

399 459 492 513 ubi
516 471 636 512 cum
670 453 913 524 quinque
941 465 1118 506 annos
1144 449 1378 505 sedisset
1404 459 1656 502 mortuus
1683 455 1783 501 est.
1821 443 1980 496 Anno
2007 439 2053 499 Α
2083 437 2270 493 Caesar
2303 434 2494 496 audit,
2527 444 2704 524 annos
2743 424 3058 524 quindecim
3083 462 3096 486 ,
3139 419 3306 490 idque
3339 429 3486 524 anno
3518 429 3668 524 regni

401 549 575 619 ipsius
610 556 808 615 quarto
839 558 1093 599 reversus
1126 541 1420 597 Narcissus
1457 541 1751 609 epiSc0pus
1786 535 1980 590 Hiero-

401 643 768 714 solymitanus
812 640 905 711 qui
953 639 1193 708 fugerat,
1245 652 1448 690 annum
1495 635 1636 689 sedit
1680 648 1805 687 eum
1837 630 1982 686 Gor-

401 737 590 800 diano,
623 749 734 804 quo
775 733 970 787 deinde
1017 738 1255 792 mortuo,
1297 729 1440 784 sedit
1480 738 1604 797 post
1635 727 1810 795 ipsum
1848 722 1984 778 Nar-

406 828 588 881 cissus
649 840 824 878 annos
872 824 1080 885 decem,
1137 822 1264 876 dein
1321 830 1570 874 mortuus
1621 827 1748 882 est,
1808 832 1984 871 annos

407 929 568 974 natus
615 927 834 974 centum
881 930 934 970 et
969 915 1270 972 sexdecim.
1324 913 1382 967 In
1436 912 1748 983 Philippum
1802 919 1980 964 autem

405 1011 677 1066 Caesarem
725 1011 1112 1080 imperatorem
1158 1008 1408 1062 insiliens
1451 1005 1562 1061 dux
1603 1003 1850 1074 quidam,
1883 1018 1984 1055 no-

409 1103 556 1155 mine
588 1100 816 1163 Decius,
846 1099 963 1168 ipso
1006 1084 1295 1153 interfecto
1337 1098 1622 1166 imperium
1675 1093 1981 1160 occupavit,

410 1192 766 1261 regnavitque
800 1191 986 1246 Romae
1017 1189 1073 1244 in
1118 1189 1397 1243 Romanos
1427 1202 1600 1242 annos
1628 1185 1791 1250 duos,
1825 1184 1986 1254 idque

409 1300 555 1337 anno
587 1284 736 1354 regni
776 1283 1036 1336 Bahrami
1081 1282 1174 1335 ﬁlii
1219 1282 1470 1335 Bahrami
1513 1284 1656 1351 regis
1697 1279 1983 1334 Persarum

407 1375 644 1429 decimo.
679 1375 722 1426 Α
751 1374 915 1427 Decio
944 1373 1052 1428 isto
1086 1374 1525 1442 persecutionem
1556 1387 1776 1439 gravem
1817 1371 1990 1425 mala-

405 1483 514 1536 que
548 1482 743 1538 magna
773 1468 918 1536 passi
950 1475 1081 1520 sunt
1113 1465 1436 1530 Christiani,
1464 1465 1594 1519 dum
1627 1481 1693 1519 ex
1727 1466 1795 1518 iis
1826 1463 1990 1516 innu-

410 1573 590 1613 meros
632 1557 992 1612 interfecerit.
1025 1556 1344 1628 Martyrium
1391 1558 1494 1611 sub
1541 1559 1663 1625 ipso
1695 1556 1989 1611 subierunt

407 1649 827 1718 quamplurimi,
889 1648 1036 1704 inter
1071 1664 1211 1718 quos
1248 1657 1424 1703 morte
1473 1647 1699 1703 affectus
1736 1655 1819 1702 est
1863 1645 1989 1700 Fla-

409 1743 601 1796 vianus
622 1740 810 1795 Romae
839 1741 1175 1810 patriarcha.
1207 1739 1413 1795 Deinde
1433 1740 1770 1810 Carthagine
1794 1741 1987 1793 urbem

407 1832 680 1902 Ephesum
723 1833 1003 1902 profect-us
1039 1833 1093 1886 in
1143 1834 1315 1901 ipsius
1347 1833 1528 1887 medio
1558 1833 1818 1901 templum
1871 1848 1990 1885 ma-

407 1942 575 1996 gnum
606 1926 885 1981 exstruxit
927 1927 981 1979 i-n
1012 1940 1123 1994 quo
1157 1923 1302 1978 idola
1343 1926 1572 1989 statuit,
1605 1925 1780 1992 jussis
1811 1923 1994 1977 homi-

409 2015 575 2068 nibus
621 2013 732 2069 illis
773 2015 982 2067 cultum
1032 2025 1333 2083 praestare,
1366 2023 1422 2067 et
1467 2013 1738 2068 sacriﬁcia
1775 2013 1993 2076 offerre,

409 2107 520 2161 illis
564 2108 657 2174 qui
709 2106 762 2160 id
812 2105 995 2160 facere
1040 2115 1370 2160 recusarent
1417 2114 1648 2160 mortem
1705 2105 1991 2161 inferens:

407 2198 770 2266 quamobrem
830 2197 951 2256 neci
1002 2197 1125 2252 data
1175 2207 1260 2253 est
1316 2213 1508 2268 magna
1555 2197 1993 2253 Christianorum

411 2290 742 2356 multitudo,
785 2307 924 2359 quos
973 2308 1141 2358 super
1177 2292 1374 2361 Ephesi
1426 2307 1584 2347 muro
1620 2293 1884 2361 patibulis
1912 2293 1995 2345 af-

411 2381 547 2434 lixit.
570 2379 766 2434 Decius
788 2381 953 2434 etiam
979 2380 1278 2450 imperator
1297 2391 1610 2449 assumptos
1631 2379 1991 2449 389-391

411 2487 442 2526 e
475 2481 791 2542 magnatum
828 2472 1029 2541 Ephesi
1070 2473 1194 2527 filiis
1227 2488 1428 2542 pueros
1461 2481 1696 2540 septem,
1734 2475 1882 2540 ipsos
1921 2473 1996 2525 rei

412 2565 684 2618 vestiaris:
706 2580 820 2618 suae
839 2564 1122 2634 .pra:l‘ecit;
1152 2580 1388 2633 quormn
1419 2565 1641 2619 nomina
1670 2565 1799 2618 sunt
1822 2563 1997 2618 Maxi-

417 2657 655 2717 mianus.
690 2655 1006 2724 Amlichus,
1045 2656 1283 2722 Dianus,
1323 2655 1642 2720 Martimus,
1679 2657 1996 2732 Dionysius,

414 2748 709 2813 Antonius,
739 2745 1006 2805 Joannes.
1047 2747 1266 2818 Septem
1307 2749 1397 2804 isti
1425 2748 1661 2817 juvenes
1687 2764 1816 2803 cum
1853 2749 1998 2803 idola

416 2853 522 2891 non
558 2839 824 2904 colerent,
865 2851 1059 2893 n0tum
1096 2838 1302 2894 factum
1337 2849 1419 2895 est
1454 2841 1554 2895 hoc
1581 2841 1694 2909 regi
1728 2857 1824 2910 per
1846 2841 1999 2896 dela-

416 2939 605 2985 tores:
636 2945 808 2999 quare
843 2931 1021 2986 iratus
1058 2931 1176 3002 ipse
1225 2933 1347 2987 illos
1380 2933 1435 2986 in
1484 2947 1766 2988 carcerem
1797 2934 1997 3002 conjici

415 3022 619 3091 jussit,
650 3022 848 3079 deinde
890 3027 956 3078 ad
999 3026 1304 3079 exercitum
1351 3025 1636 3095 profectus
1671 3026 1795 3082 illos
1824 3028 2001 3082 donec

2023 1785 2066 1840 Β

2085 529 2338 583 Bahrami
2407 526 2499 580 lilii
2579 517 2835 576 Balirami
2893 519 3190 571 Persarum
3259 510 3403 584 regis
3456 508 3673 564 decimo

2085 634 2302 693 quarto.
2336 620 2498 674 Anno
2532 614 2744 684 imperii
2780 611 2956 680 ipsius
3003 607 3183 676 primo
3216 602 3556 680 constitutus
3590 607 3677 650 est

2088 713 2360 767 Maximus
2392 707 2704 780 patriarcha
2735 701 3165 763 Alexandrinus,
3197 697 3287 767 qui
3322 711 3496 748 annos
3522 701 3677 745 octo-

2085 808 2262 864 decim
2293 805 2460 866 Sedit,
2496 802 2621 856 dein
2653 805 2909 852 mortuus
2940 800 3044 849 est.
3080 792 3280 845 Eodem
3314 804 3460 842 anno
3493 787 3675 840 factus

2087 912 2172 958 est
2205 909 2259 955 et
2309 898 2511 952 Lucius
2548 891 2864 963 patriarcha
2899 887 3220 946 Romanus,
3257 884 3348 953 qui
3387 896 3511 936 cum
3547 889 3674 933 orto

2089 1009 2308 1049 menses
2361 989 2594 1044 sedisset
2648 991 2905 1039 mortuus
2957 990 3064 1034 est.
3118 977 3256 1046 Post
3307 990 3431 1027 enm
3495 973 3676 1026 factus

2089 1086 2332 1142 Estatius
2379 1083 2580 1136 ibidem
2611 1077 2952 1150 patriarcha,
2995 1089 3089 1127 sex
3136 1084 3313 1124 annos
3350 1067 3516 1132 sedit,
3547 1064 3674 1118 dein

2092 1189 2343 1234 mortuus
2365 1185 2474 1232 est.
2509 1175 2670 1230 Anno
2705 1171 2953 1242 ejusdem
2989 1179 3187 1223 octavo
3213 1163 3554 1220 constitutus
3592 1167 3679 1214 est

2087 1272 2298 1344 Xystus
2337 1268 2650 1339 patriarcha
2683 1265 2887 1320 ibidem
2912 1304 2924 1326 ,
2963 1261 3056 1330 qui
3096 1273 3222 1315 cum
3271 1270 3464 1311 novem
3500 1268 3678 1308 annos

2091 1365 2328 1421 sedisset
2363 1370 2617 1416 mortuus
2651 1366 2758 1413 est.
2797 1355 3000 1409 Eodem
3038 1367 3183 1407 anno
3227 1347 3563 1404 constitutus
3594 1351 3680 1398 est

2093 1457 2359 1512 Dominus
2391 1453 2698 1507 Antiochiae
2731 1446 3038 1520 patriarcha
3076 1445 3168 1513 qui
3200 1457 3324 1496 cum
3358 1449 3468 1494 tres
3502 1449 3679 1490 annos

2094 1550 2332 1606 sedisset
2379 1553 2632 1600 mortuus
2683 1550 2788 1597 est.
2841 1540 3002 1593 Anno
3051 1536 3299 1606 ejusdem
3351 1529 3680 1586 duodecimo

2093 1638 2450 1714 393-395
2482 1645 2701 1692 creatus
2731 1645 2815 1690 est
2852 1632 3176 1688 Timotheus
3210 1625 3410 1681 ibidem
3441 1624 3681 1695 patriar-

2097 1737 2222 1800 cha,
2259 1737 2351 1803 qui
2386 1742 2439 1787 et
2479 1738 2770 1801 postquam
2805 1737 2916 1781 tres
2949 1739 3124 1778 annos
3158 1721 3394 1775 sedisset
3431 1726 3682 1770 mortuus

2097 1836 2199 1881 est.
2237 1827 2396 1878 Anno
2426 1821 2641 1892 imperii
2678 1817 2853 1888 ipsius
2892 1818 3087 1885 quinto
3122 1812 3298 1867 facltts
3332 1820 3413 1864 est
3446 1807 3650 1890 Alexan
3672 1834 3684 1846 -

2097 1922 2196 1973 der
2220 1917 2510 1988 cpiscopus
2538 1912 3094 1983 Hierosolymitanus,
3120 1921 3284 1976 quem
3315 1919 3441 1959 cum
3468 1908 3682 1969 septem

2098 2024 2274 2064 annos
2322 2007 2596 2070 sedisset,
2657 2015 2835 2057 morte
2882 2000 3064 2055 atfecit
3114 1999 3420 2068 imperator
3476 1994 3582 2047 iste
3627 1991 3682 2044 in

2102 2103 2236 2156 urbe
2267 2100 2542 2163 Caesarea,
2583 2099 2749 2166 idque
2798 2107 2942 2149 anno
2987 2090 3202 2162 imperii
3249 2089 3334 2143 sui
3366 2086 3685 2141 undecimo.

2099 2197 2260 2250 Anno
2287 2193 2532 2260 ejusdem
2566 2191 2778 2246 decimo
2817 2198 3015 2256 quarto
3049 2184 3387 2240 constitutus
3426 2190 3509 2235 est
3539 2179 3684 2233 Mar-

2100 2290 2276 2345 znban
2317 2287 2612 2358 cpiscopus
2657 2280 3226 2350 Hierosolymitanus,
3270 2275 3362 2344 qui
3394 2288 3572 2327 annos
3603 2273 3689 2324 vi-

2101 2382 2238 2454 ginti
2275 2396 2442 2435 unum
2475 2379 2636 2438 sedit,
2673 2376 2798 2429 dein
2834 2381 3088 2427 mortuus
3118 2377 3222 2424 est.
3261 2368 3420 2421 Anno
3452 2365 3686 2436 septimo

2103 2475 2317 2546 imperii
2365 2473 2576 2529 Galieni
2616 2471 2849 2525 Caesaris
2884 2467 3208 2522 interfectus
3251 2477 3336 2518 εει
3372 2461 3687 2533 Cyprianus

2103 2579 2313 2640 martyr
2348 2571 2400 2620 in
2435 2566 2637 2635 oppido
2669 2564 2819 2617 dicto
2862 2565 3168 2631 Arsagcna.
3217 2557 3468 2612 Crudelis
3503 2565 3688 2608 autem

2102 2663 2204 2715 fuit
2231 2659 2520 2729 Galitenns
2545 2653 2854 2728 [Galienus]
2880 2655 3063 2709 Carsar
3091 2653 3144 2705 in
3174 2649 3542 2711 Christianos,
3574 2661 3693 2700 ma-

2103 2768 2336 2824 gnorum
2375 2750 2485 2805 illis
2525 2749 2790 2804 malorum
2826 2755 3041 2801 auctor.
3078 2745 3212 2815 Ejus
3246 2743 3418 2796 ﬁlimn
3445 2781 3461 2807 ,
3490 2741 3582 2812 qui
3618 2741 3686 2792 ad

2101 2845 2303 2900 bellum
2327 2859 2453 2899 cum
2482 2842 2666 2897 Persis
2696 2842 2996 2912 gerendum
3024 2838 3304 2908 profectus
3328 2843 3438 2902 est,
3467 2844 3686 2904 captum

2101 2939 2281 2994 Persa:
2299 2938 2364 2992 ad
2387 2937 2714 2992 Bahramum
2739 2935 2904 2988 ﬁlium
2923 2933 3032 2994 Bal)
3043 2934 3179 2986 rami
3198 2932 3486 2986 Persarum
3508 2941 3692 2997 regem

2104 3034 2405 3094 miserunt,
2437 3029 2531 3098 qui
2575 3029 2755 3098 capite
2781 3027 2960 3097 ipsum
3005 3025 3312 3087 truncavit,
3359 3037 3468 3091 quo
3500 3021 3694 3074 audito

421 3121 796 3169 reverteretur
839 3115 1069 3171 dimisit.
1122 3117 1465 3182 lmperatore
1505 3134 1640 3190 ergo
1705 3119 1841 3175 urbe
1873 3136 2001 3190 pro-
2028 3131 2073 3186 (ζ
2109 3141 2306 3196 magna
2351 3123 2581 3178 tristitia
2627 3120 2855 3174 affectus
2887 3126 2971 3174 est
3012 3116 3300 3172 Calitenus
3341 3114 3542 3176 Cilisai‘,
3577 3121 3631 3166 et
3662 3127 3694 3164 a

422 3205 588 3272 lecto,
617 3207 871 3263 omnibus
893 3223 1015 3278 quae
1045 3208 1323 3263 habebant
1353 3209 1406 3262 in
1451 3209 1853 3282 eleemusynam
1888 3213 2004 3268 dis-

421 3298 643 3355 tributis
683 3300 754 3353 ad
798 3308 1040 3356 montem
1087 3316 1369 3371 magnmn,
1407 3301 1589 3359 Chaos
1651 3305 2003 3376 appellatum,

423 3389 491 3456 ad
540 3399 751 3460 partem
803 3392 1002 3462 Ephesi
1053 3394 1376 3449 orientalem
1421 3397 1686 3466 profecti,
1735 3399 1787 3450 in
1840 3413 2003 3467 specu

422 3484 659 3552 quodam
716 3500 918 3557 magno
962 3489 1056 3556 qui
1110 3489 1165 3542 in
1217 3490 1338 3557 ipso
1387 3491 1488 3543 fuit
1540 3505 1600 3545 se
1653 3491 2004 3560 abdiderunt,

426 3575 572 3628 unde
599 3590 743 3630 unus
777 3578 978 3646 aliquis
1021 3593 1085 3632 ex
1139 3579 1273 3646 ipsis
1313 3582 1560 3648 quotidie
1591 3582 1783 3636 urbem
1815 3598 2006 3650 perso-

423 3675 589 3722 natus
643 3668 1088 3738 ingrediebatur,
1146 3680 1206 3724 ut
1253 3673 1387 3742 quid
1441 3671 1510 3727 de
1566 3674 1700 3742 ipsis
1759 3675 2007 3729 dicerent

426 3763 677 3817 homines
719 3763 954 3825 audiret,
997 3765 1254 3834 victuque
1285 3767 1420 3835 ipsis
1457 3776 1776 3835 comparato
1823 3783 2008 3823 rever-

428 3866 527 3905 sus
558 3851 666 3908 illis
696 3853 986 3908 indicaret.
1017 3854 1264 3909 Reverso
1299 3855 1465 3926 igitur
1493 3857 1818 3924 imperaturi
1853 3873 1917 3912 ac
1941 3859 2009 3913 de

427 3941 566 4011 ipsis
603 3945 815 4012 roganti
846 3960 973 3999 cum
1005 3946 1320 4000 nuntiatum
1359 3955 1526 4014 esset,
1566 3947 1738 4004 fuisse
1775 3951 1924 4018 ipsos
1951 3951 2004 4004 in

429 4043 613 4088 monte
661 4037 718 4089 in
773 4039 1072 4105 spelunca,
1107 4038 1275 4107 jussit
1321 4039 1439 4108 ipse
1482 4041 1692 4096 obstrui
1738 4043 2010 4111 spelunca:

426 4126 680 4192 aditum,
725 4137 784 4182 ut
831 4129 904 4184 ibi
953 4143 1324 4184 morerentur.
1376 4132 1519 4188 Deus
1567 4142 1753 4186 autem
1802 4144 2007 4203 septem

424 4219 718 4289 juvenibus
763 4220 887 4276 istis
929 4237 1183 4276 somnum
1218 4223 1469 4288 immisit,
1514 4239 1624 4294 quo
1655 4225 1832 4280 instar
1864 4241 2028 4279 11101·-⁴

433 4319 650 4364 tuorum
686 4310 1052 4368 dormierunt.
1087 4309 1318 4379 Quidam
1362 4330 1494 4385 ergo
1536 4332 1601 4370 cx
1647 4317 1824 4387 ipsius
1869 4333 2008 4388 prae-

447 4400 606 4455 feCtis
640 4414 857 4472 sumpta
887 4403 1092 4458 lamina
1129 4405 1380 4474 plumbea
1414 4408 1700 4461 historiam
1740 4410 2008 4478 ipsorum,

2110 3219 2253 3272 malo
2289 3215 2622 3272 Christianis
2657 3211 2950 3268 inferendo
2979 3209 3239 3265 cessavit.
3274 3208 3436 3262 Anno
3475 3204 3696 3274 imperii

2105 3309 2280 3377 ipsius
2308 3309 2501 3378 quinto
2533 3315 2779 3360 mortuus
2808 3312 2893 3358 est
2922 3303 3154 3357 Bahram
3175 3341 3190 3365 ,
3235 3301 3377 3354 ﬁl‘us
3409 3297 3692 3364 Bahrami,

2105 3403 2400 3468 Persarum
2435 3414 2569 3459 rex:
2605 3409 2726 3467 post
2757 3411 2921 3467 quem
2957 3395 3203 3466 regnavit
3231 3393 3486 3458 Baliram,
3525 3391 3691 3445 etiam

2106 3493 2365 3548 Balirami
2399 3492 2563 3557 ﬁlius,
2602 3491 2695 3559 qui
2725 3500 2780 3545 et
2816 3491 3037 3545 Shahan
3078 3486 3222 3542 Shah
3265 3486 3438 3551 audit,
3474 3500 3693 3538 menses

2106 3592 2365 3654 quatuor,
2403 3582 2530 3635 dein
2572 3589 2825 3634 mortuus
2865 3589 2973 3643 est,
3005 3579 3338 3632 succedente
3380 3577 3484 3646 ipsi
3526 3576 3699 3630 fratre

2109 3678 2284 3746 ipsius
2317 3674 2489 3730 Narsa
2520 3674 2631 3728 ﬁlio
2663 3672 2948 3736 Bahrami,
2985 3669 3079 3726 ﬁlii
3112 3670 3362 3738 Saporis,
3391 3668 3485 3722 ﬁlii
3517 3667 3699 3722 Azda-

2108 3771 2267 3834 shiri,
2300 3767 2397 3822 lilii
2429 3768 2624 3833 Babec,
2663 3766 2757 3820 lilii
2794 3765 3031 3831 Sasani;
3064 3764 3154 3832 qui
3199 3765 3252 3818 in
3289 3762 3486 3818 Persas
3520 3777 3696 3816 annos

2111 3879 2304 3919 novem
2352 3862 2637 3931 regnavit,
2677 3858 2804 3912 dein
2849 3868 3103 3912 mortuus
3152 3869 3255 3911 est.
3289 3859 3448 3910 Anno
3481 3855 3697 3926 imperii

2110 3955 2355 4026 ejusdem
2389 3954 2661 4025 (videlicet
2690 3951 2904 4006 Galieni
2935 3951 3188 4020 Caesaris)
3221 3951 3435 4004 decimo
3469 3958 3692 4019 quarto,

2109 4047 2277 4118 396
2321 4061 2550 4116 regnum
2592 4047 2646 4100 in
2684 4044 2882 4101 Persas
2925 4044 3162 4100 obtinuit
3206 4042 3466 4105 llormoz,
3511 4042 3701 4096 Narsae

2111 4142 2293 4204 filius,
2343 4140 2504 4193 annis
2549 4148 2761 4209 septem
2813 4147 2869 4194 et
2919 4139 3163 4208 quinque
3199 4137 3520 4203 mensibus,
3570 4135 3699 4191 dein

2112 4241 2360 4287 mortuus
2388 4241 2494 4285 est.

2182 4320 2401 4376 Mortuo
2434 4330 2616 4377 autem
2655 4320 2883 4376 Galieno
2909 4321 3149 4387 Caesare,
3185 4321 3560 4376 Romanorum
3592 4319 3698 4373 im-

2118 4424 2402 4484 peratore,
2456 4415 2748 4484 imperavit
2797 4423 2920 4484 post
2973 4416 3154 4484 ipsum
3201 4412 3388 4468 Romae
3433 4413 3699 4468 Claudius

431 4501 488 4548 ει
529 4492 661 4564 quid
707 4494 845 4564 ἱρείδ
887 4511 1013 4552 cum
1065 4497 1395 4567 ίιηῐιθνῆῑοτθ
1445 4497 1606 4553 θεοίο
1651 4501 2008 4570 contigisset.
2047 4479 2088 4534 θ
2124 4511 2330 4576 Caesar,
2373 4524 2578 4562 annum
2633 4523 2834 4573 unum,
2872 4509 3040 4577 idque
3088 4523 3232 4561 anno
3270 4509 3420 4577 regni
3459 4507 3698 4562 Hormoz

431 4590 760 4660 inscripsit;
801 4605 966 4660 quam
999 4591 1196 4646 deinde
1228 4607 1371 4646 arcte
1399 4606 1570 4647 aeneae
1612 4592 1864 4657 inclusit,
1906 4609 2010 4663 qua

432 4681 490 4734 in
521 4694 687 4749 specu
718 4680 910 4734 relicta
948 4679 1174 4750 januam
1209 4681 1381 4752 ipsius
1401 4681 1700 4736 obstruxit.

505 4773 668 4844 392
729 4771 948 4828 Mortuo
1011 4773 1174 4828 Decio
1227 4774 1444 4830 Caesare
1503 4777 1836 4845 imperatore
1891 4783 2014 4846 post

429 4865 611 4935 ipsum
659 4863 847 4920 Rome
887 4865 943 4919 in
995 4864 1279 4921 Romanos
1313 4866 1604 4935 imperium
1654 4868 2018 4921 obtinuerunt

431 4970 611 5010 annos
648 4955 824 5021 duos,
866 4957 1230 5026 imperatores
1262 4957 1372 5012 duo
1412 4957 1606 5012 Galius
1644 4968 1698 5012 et
1740 4957 2014 5026 Julianus,

433 5045 713 5111 Caesares;
753 5046 918 5115 idque
945 5060 1092 5100 anno
1119 5047 1269 5116 regni
1314 5046 1570 5100 Bahrami
1611 5047 1707 5102 ﬁlii
1739 5047 2016 5114 Bahrami,

436 5136 723 5189 Persarum
759 5137 926 5206 regis.
957 5137 1306 5192 duodecimo.
1339 5141 1498 5193 Anno
1528 5139 1748 5208 imperii
1776 5141 2018 5209 ipsorum

437 5229 615 5298 primo
645 5227 936 5284 Cornelius
965 5229 1153 5283 Romae
1179 5231 1490 5299 patriarcha
1517 5234 1853 5286 constitutus
1877 5232 2019 5287 duos

433 5337 610 5378 annos
641 5323 807 5388 sedit,
830 5323 957 5378 dein
999 5332 1253 5379 mortuus
1278 5333 1384 5379 est.
1421 5324 1632 5380 Eodem
1665 5339 1812 5379 anno
1841 5325 2021 5381 factus

434 5426 518 5470 est
563 5413 872 5471 Demetrius
924 5415 1239 5486 patriarcha
1291 5417 1706 5482 Antiochenus,
1753 5418 1846 5487 qui
1895 5427 2022 5472 octo

434 5523 610 5562 annos
641 5508 802 5571 sedit,
841 5509 968 5563 dein
1003 5517 1254 5563 mortuus
1293 5517 1397 5563 est.
1433 5509 1685 5565 Mortuus
1716 5518 1802 5565 est
1837 5519 2018 5574 autem

436 5599 692 5655 Julianus
717 5602 1036 5669 imperator,
1057 5610 1114 5657 et
1137 5602 1447 5656 octodecim
1477 5612 1599 5672 post
1629 5602 1823 5657 diebus
1850 5604 2022 5657 inter-

440 5690 619 5748 fectus
669 5691 902 5758 Gaiius,
950 5693 1168 5766 imperii
1213 5709 1484 5762 consors,
1543 5697 1850 5767 imperante
1896 5680 2056 5767 posti

442 5787 589 5851 ipsos
637 5788 900 5843 Romanis
944 5788 1150 5857 Galitio
1195 5792 1450 5861 Caesare,
1487 5795 1579 5865 qui
1617 5807 1669 5850 et
1709 5795 2022 5850 Alterianus

2123 4601 2411 4655 Persarum
2438 4599 2585 4668 regis
2611 4597 2793 4652 tertio.
2811 4598 2967 4652 Anno
2994 4598 3203 4668 imperii
3229 4597 3695 4654 ClaudiiCaasaris

2120 4693 2300 4762 primo
2332 4690 2669 4746 constitutus
2706 4699 2786 4742 est
2822 4687 3024 4744 Paulus
3055 4691 3369 4761 patriarcha
3405 4692 3707 4746 Antioche-

2122 4793 2259 4843 nus,
2309 4777 2402 4846 qui
2454 4790 2582 4829 eum
2631 4791 2808 4830 annos
2855 4784 2980 4831 octo
3026 4778 3260 4834 sedisset
3309 4791 3562 4836 mortuus
3596 4791 3704 4835 est.

2119 4869 2556 4939 Cognominatus
2613 4879 2698 4924 est
2767 4877 2947 4924 autem
3003 4868 3208 4927 Paulus
3263 4872 3703 4941 Somaisetanus,

2120 4961 2267 5030 quod
2297 4976 2363 5015 ex
2391 4960 2590 5016 incolis
2616 4960 2887 5016 Somaiset
2917 4973 3086 5026 esset,
3113 4963 3323 5036 fuitque
3347 4966 3487 5022 idem
3513 4978 3706 5024 auctor

2121 5053 2396 5108 haereseos
2449 5053 2912 5109 Paulicianorum.
2960 5054 3065 5121 Qui
3113 5059 3363 5113 eamdem
3411 5076 3534 5114 cum
3587 5062 3705 5130 ipso

2121 5143 2280 5198 ﬁdem
2329 5144 2564 5214 professi
2615 5154 2773 5210 sunt,
2822 5147 3183 5216 eamdemque
3227 5150 3554 5203 sententiam
3587 5167 3707 5204 am-

2125 5237 2287 5307 plexi,
2315 5253 2342 5292 a
2375 5238 2595 5293 nomine
2629 5239 2807 5308 ipsius
2833 5238 3027 5301 Paulo,
3057 5241 3380 5296 l’auliciani.
3415 5243 3704 5300 Sententia

2122 5339 2303 5382 autem
2331 5326 2482 5382 Pauli
2514 5330 2856 5383 Samosetani
2892 5332 3007 5385 haec
3037 5340 3192 5386 erat:
3226 5332 3515 5389 Dominum
3546 5336 3707 5391 Chri-

2122 5429 2266 5475 stum
2313 5419 2591 5475 hominem
2635 5419 2809 5477 fuissc
2852 5438 2879 5474 a
2927 5422 3136 5478 Deitate
3170 5437 3413 5481 creatum
3457 5428 3705 5498 ejusdem

2123 5526 2247 5568 cum
2281 5520 2531 5566 nostrum
2556 5512 2742 5581 aliquo
2772 5512 3116 5579 substantias,
3144 5525 3198 5571 et
3229 5519 3556 5588 principium
3583 5520 3706 5576 Filii

2124 5620 2151 5656 a
2193 5604 2360 5658 Maria
2396 5604 2604 5671 fuisse,
2656 5605 2947 5676 ipsumque
2985 5609 3221 5663 electum
3258 5613 3428 5668 fuisse
3469 5625 3527 5666 ut
3559 5628 3708 5671 esset

2125 5699 2379 5752 Salvator
2432 5699 2758 5752 substantia:
2813 5701 3104 5767 humanae,
3170 5707 3466 5763 comitante
3524 5710 3704 5779 ipsum

2124 5793 2299 5862 gratia
2345 5792 2530 5847 divina
2574 5801 2630 5847 et
2657 5793 2711 5846 in
2753 5793 2871 5864 ipso
2907 5795 3187 5854 habitante
3237 5815 3331 5865 per
3375 5817 3614 5860 amorem
3652 5815 3708 5861 et
