  <div class='ocr_page' id='page_1' title='image "/cluster/home/n/w/nwhite01/storage/ocr_20150623/111/coo.31924054870153/506.png"; bbox 0 0 4076 6432; ppageno 0'>
   <div class='ocr_carea' id='block_1_1' title="bbox 430 334 530 395">
    <p class='ocr_par' dir='ltr' id='par_1_1' title="bbox 430 334 530 395">
     <span class='ocr_line' id='line_1_1' title="bbox 430 334 530 395; baseline -0.02 0"><span class='ocrx_word' id='word_1_1' title='bbox 430 334 530 395; x_wconf 79' lang='grc'><strong>997</strong></span> 
     </span>
    </p>
   </div>
   <div class='ocr_carea' id='block_1_2' title="bbox 1875 330 2250 392">
    <p class='ocr_par' dir='ltr' id='par_1_2' title="bbox 1875 330 2250 392">
     <span class='ocr_line' id='line_1_2' title="bbox 1875 330 2250 392; baseline 0.008 -3"><span class='ocrx_word' id='word_1_2' title='bbox 1875 330 2250 392; x_wconf 78' lang='lat' dir='ltr'><strong>ANNALES.</strong></span> 
     </span>
    </p>
   </div>
   <div class='ocr_carea' id='block_1_3' title="bbox 3589 336 3691 399">
    <p class='ocr_par' dir='ltr' id='par_1_3' title="bbox 3589 336 3691 399">
     <span class='ocr_line' id='line_1_3' title="bbox 3589 336 3691 399; baseline 0 0"><span class='ocrx_word' id='word_1_3' title='bbox 3589 336 3691 399; x_wconf 55' lang='lat' dir='ltr'><strong>9J8</strong></span> 
     </span>
    </p>
   </div>
   <div class='ocr_carea' id='block_1_4' title="bbox 431 434 3690 513">
    <p class='ocr_par' dir='ltr' id='par_1_4' title="bbox 431 434 3690 513">
     <span class='ocr_line' id='line_1_4' title="bbox 431 434 3690 513; baseline 0 -16"><span class='ocrx_word' id='word_1_4' title='bbox 431 443 791 509; x_wconf 75' lang='lat' dir='ltr'><strong>voluntatem,</strong></span> <span class='ocrx_word' id='word_1_5' title='bbox 847 443 1101 513; x_wconf 48' lang='lat' dir='ltr'><strong>ideoque.</strong></span> <span class='ocrx_word' id='word_1_6' title='bbox 1145 450 1392 498; x_wconf 87' lang='lat' dir='ltr'><strong>vocatum</strong></span> <span class='ocrx_word' id='word_1_7' title='bbox 1444 458 1566 498; x_wconf 80' lang='lat' dir='ltr'><strong>esse</strong></span> <span class='ocrx_word' id='word_1_8' title='bbox 1619 440 1819 495; x_wconf 82' lang='lat' dir='ltr'><strong>Filium</strong></span> <span class='ocrx_word' id='word_1_9' title='bbox 1885 437 1999 492; x_wconf 87' lang='lat' dir='ltr'><strong>Dei.</strong></span> <span class='ocrx_word' id='word_1_10' title='bbox 2040 443 2081 496; x_wconf 69' lang='grc' dir='ltr'><strong>Α</strong></span> <span class='ocrx_word' id='word_1_11' title='bbox 2111 434 2296 490; x_wconf 83' lang='grc' dir='ltr'><strong>Τίιιιιιι</strong></span> <span class='ocrx_word' id='word_1_12' title='bbox 2336 445 2542 491; x_wconf 86' lang='lat' dir='ltr'><strong>vastata</strong></span> <span class='ocrx_word' id='word_1_13' title='bbox 2590 438 2719 492; x_wconf 89' lang='lat' dir='ltr'><strong>anni</strong></span> <span class='ocrx_word' id='word_1_14' title='bbox 2765 447 2893 493; x_wconf 89' lang='lat' dir='ltr'><strong>sunt</strong></span> <span class='ocrx_word' id='word_1_15' title='bbox 2937 439 3158 495; x_wconf 88' lang='lat' dir='ltr'><strong>ducenti</strong></span> <span class='ocrx_word' id='word_1_16' title='bbox 3206 456 3324 497; x_wconf 83' lang='lat' dir='ltr'><strong>sex.</strong></span> <span class='ocrx_word' id='word_1_17' title='bbox 3371 441 3454 497; x_wconf 81' lang='lat' dir='ltr'><strong>Ad</strong></span> <span class='ocrx_word' id='word_1_18' title='bbox 3488 437 3628 499; x_wconf 84' lang='lat' dir='ltr'><strong>idem</strong></span> <span class='ocrx_word' id='word_1_19' title='bbox 3660 460 3690 498; x_wconf 82' lang='lat' dir='ltr'><strong>a</strong></span> 
     </span>
    </p>
   </div>
   <div class='ocr_carea' id='block_1_5' title="bbox 433 534 2009 600">
    <p class='ocr_par' dir='ltr' id='par_1_5' title="bbox 433 534 2009 600">
     <span class='ocr_line' id='line_1_5' title="bbox 433 534 2009 600; baseline -0.004 -13"><span class='ocrx_word' id='word_1_20' title='bbox 433 534 576 588; x_wconf 82' lang='lat' dir='ltr'><strong>Dixit</strong></span> <span class='ocrx_word' id='word_1_21' title='bbox 606 535 768 588; x_wconf 91' lang='lat' dir='ltr'><strong>etiam</strong></span> <span class='ocrx_word' id='word_1_22' title='bbox 816 534 990 600; x_wconf 75' lang='lat' dir='ltr'><strong>Deum</strong></span> <span class='ocrx_word' id='word_1_23' title='bbox 1024 550 1185 589; x_wconf 91' lang='lat' dir='ltr'><strong>unam</strong></span> <span class='ocrx_word' id='word_1_24' title='bbox 1217 550 1342 590; x_wconf 90' lang='lat' dir='ltr'><strong>esse</strong></span> <span class='ocrx_word' id='word_1_25' title='bbox 1385 534 1776 597; x_wconf 91' lang='lat' dir='ltr'><strong>substantiam,</strong></span> <span class='ocrx_word' id='word_1_26' title='bbox 1814 545 2009 585; x_wconf 88' lang='lat' dir='ltr'><strong>unam-</strong></span> 
     </span>
    </p>
   </div>
   <div class='ocr_carea' id='block_1_6' title="bbox 428 624 2009 697">
    <p class='ocr_par' dir='ltr' id='par_1_6' title="bbox 428 624 2009 697">
     <span class='ocr_line' id='line_1_6' title="bbox 428 624 2009 697; baseline -0.004 -17"><span class='ocrx_word' id='word_1_27' title='bbox 428 642 534 696; x_wconf 93' lang='lat' dir='ltr'><strong>que</strong></span> <span class='ocrx_word' id='word_1_28' title='bbox 566 641 860 697; x_wconf 87' lang='lat' dir='ltr'><strong>personam</strong></span> <span class='ocrx_word' id='word_1_29' title='bbox 884 670 899 694; x_wconf 92' lang='lat'><strong>,</strong></span> <span class='ocrx_word' id='word_1_30' title='bbox 946 642 1124 695; x_wconf 86' lang='lat' dir='ltr'><strong>neque</strong></span> <span class='ocrx_word' id='word_1_31' title='bbox 1155 627 1209 681; x_wconf 93' lang='lat' dir='ltr'><strong>in</strong></span> <span class='ocrx_word' id='word_1_32' title='bbox 1248 626 1485 682; x_wconf 86' lang='lat' dir='ltr'><strong>Verbum</strong></span> <span class='ocrx_word' id='word_1_33' title='bbox 1514 624 1792 686; x_wconf 83' lang='lat' dir='ltr'><strong>credebat,</strong></span> <span class='ocrx_word' id='word_1_34' title='bbox 1832 635 2009 690; x_wconf 90' lang='lat' dir='ltr'><strong>neque</strong></span> 
     </span>
    </p>
   </div>
   <div class='ocr_carea' id='block_1_7' title="bbox 430 714 2009 788">
    <p class='ocr_par' dir='ltr' id='par_1_7' title="bbox 430 714 2009 788">
     <span class='ocr_line' id='line_1_7' title="bbox 430 714 2009 788; baseline -0.003 -17"><span class='ocrx_word' id='word_1_35' title='bbox 430 721 482 772; x_wconf 90' lang='lat' dir='ltr'><strong>in</strong></span> <span class='ocrx_word' id='word_1_36' title='bbox 524 718 789 788; x_wconf 85' lang='lat' dir='ltr'><strong>Spiritum</strong></span> <span class='ocrx_word' id='word_1_37' title='bbox 837 727 1115 774; x_wconf 87' lang='lat' dir='ltr'><strong>sanctum.</strong></span> <span class='ocrx_word' id='word_1_38' title='bbox 1161 720 1291 774; x_wconf 83' lang='lat' dir='ltr'><strong>Post</strong></span> <span class='ocrx_word' id='word_1_39' title='bbox 1339 727 1573 773; x_wconf 88' lang='lat' dir='ltr'><strong>mortem</strong></span> <span class='ocrx_word' id='word_1_40' title='bbox 1615 717 1781 787; x_wconf 80' lang='lat' dir='ltr'><strong>igitur</strong></span> <span class='ocrx_word' id='word_1_41' title='bbox 1834 714 2009 783; x_wconf 79' lang='lat' dir='ltr'><strong>ipsius</strong></span> 
     </span>
    </p>
   </div>
   <div class='ocr_carea' id='block_1_8' title="bbox 427 808 2010 882">
    <p class='ocr_par' dir='ltr' id='par_1_8' title="bbox 427 808 2010 882">
     <span class='ocr_line' id='line_1_8' title="bbox 427 808 2010 882; baseline -0.004 -15"><span class='ocrx_word' id='word_1_42' title='bbox 427 812 746 882; x_wconf 76' lang='lat' dir='ltr'><strong>congregati</strong></span> <span class='ocrx_word' id='word_1_43' title='bbox 784 820 915 867; x_wconf 89' lang='lat' dir='ltr'><strong>sunt</strong></span> <span class='ocrx_word' id='word_1_44' title='bbox 956 811 1202 881; x_wconf 91' lang='lat' dir='ltr'><strong>episcopi</strong></span> <span class='ocrx_word' id='word_1_45' title='bbox 1242 810 1503 865; x_wconf 84' lang='lat' dir='ltr'><strong>tredecim</strong></span> <span class='ocrx_word' id='word_1_46' title='bbox 1548 812 1601 864; x_wconf 93' lang='lat' dir='ltr'><strong>in</strong></span> <span class='ocrx_word' id='word_1_47' title='bbox 1644 809 1780 864; x_wconf 83' lang='lat' dir='ltr'><strong>urbe</strong></span> <span class='ocrx_word' id='word_1_48' title='bbox 1810 808 2010 861; x_wconf 86' lang='lat' dir='ltr'><strong>Antio-</strong></span> 
     </span>
    </p>
   </div>
   <div class='ocr_carea' id='block_1_9' title="bbox 429 897 2006 974">
    <p class='ocr_par' dir='ltr' id='par_1_9' title="bbox 429 897 2006 974">
     <span class='ocr_line' id='line_1_9' title="bbox 429 897 2006 974; baseline -0.005 -15"><span class='ocrx_word' id='word_1_49' title='bbox 429 907 624 968; x_wconf 89' lang='lat' dir='ltr'><strong>chena,</strong></span> <span class='ocrx_word' id='word_1_50' title='bbox 656 903 750 974; x_wconf 90' lang='lat' dir='ltr'><strong>qui</strong></span> <span class='ocrx_word' id='word_1_51' title='bbox 780 904 835 958; x_wconf 91' lang='lat' dir='ltr'><strong>in</strong></span> <span class='ocrx_word' id='word_1_52' title='bbox 871 903 1047 973; x_wconf 85' lang='lat' dir='ltr'><strong>ipsius</strong></span> <span class='ocrx_word' id='word_1_53' title='bbox 1083 904 1285 956; x_wconf 79' lang='lat' dir='ltr'><strong>factum</strong></span> <span class='ocrx_word' id='word_1_54' title='bbox 1317 911 1373 956; x_wconf 90' lang='lat' dir='ltr'><strong>et</strong></span> <span class='ocrx_word' id='word_1_55' title='bbox 1407 901 1735 955; x_wconf 88' lang='lat' dir='ltr'><strong>sententiam</strong></span> <span class='ocrx_word' id='word_1_56' title='bbox 1768 897 2006 967; x_wconf 89' lang='lat' dir='ltr'><strong>inquisi-</strong></span> 
     </span>
    </p>
   </div>
   <div class='ocr_carea' id='block_1_10' title="bbox 427 987 2007 1061">
    <p class='ocr_par' dir='ltr' id='par_1_10' title="bbox 427 987 2007 1061">
     <span class='ocr_line' id='line_1_10' title="bbox 427 987 2007 1061; baseline -0.006 -14"><span class='ocrx_word' id='word_1_57' title='bbox 427 1002 648 1057; x_wconf 89' lang='lat' dir='ltr'><strong>verunt,</strong></span> <span class='ocrx_word' id='word_1_58' title='bbox 692 1002 900 1049; x_wconf 86' lang='lat' dir='ltr'><strong>etcum</strong></span> <span class='ocrx_word' id='word_1_59' title='bbox 963 992 1167 1061; x_wconf 90' lang='lat' dir='ltr'><strong>ipsum,</strong></span> <span class='ocrx_word' id='word_1_60' title='bbox 1232 1001 1287 1046; x_wconf 90' lang='lat' dir='ltr'><strong>et</strong></span> <span class='ocrx_word' id='word_1_61' title='bbox 1352 998 1624 1060; x_wconf 87' lang='lat' dir='ltr'><strong>quotquot</strong></span> <span class='ocrx_word' id='word_1_62' title='bbox 1680 987 2007 1043; x_wconf 87' lang='lat' dir='ltr'><strong>sententiam</strong></span> 
     </span>
    </p>
   </div>
   <div class='ocr_carea' id='block_1_11' title="bbox 427 1079 2007 1156">
    <p class='ocr_par' dir='ltr' id='par_1_11' title="bbox 427 1079 2007 1156">
     <span class='ocr_line' id='line_1_11' title="bbox 427 1079 2007 1156; baseline -0.006 -14"><span class='ocrx_word' id='word_1_63' title='bbox 427 1087 545 1155; x_wconf 86' lang='lat' dir='ltr'><strong>ejus</strong></span> <span class='ocrx_word' id='word_1_64' title='bbox 580 1085 1045 1156; x_wconf 82' lang='lat' dir='ltr'><strong>amplecterentur</strong></span> <span class='ocrx_word' id='word_1_65' title='bbox 1066 1086 1410 1138; x_wconf 79' lang='lat' dir='ltr'><strong>anathemate</strong></span> <span class='ocrx_word' id='word_1_66' title='bbox 1431 1081 1781 1138; x_wconf 79' lang='lat' dir='ltr'><strong>devovissent</strong></span> <span class='ocrx_word' id='word_1_67' title='bbox 1803 1079 2007 1134; x_wconf 82' lang='lat' dir='ltr'><strong>reversi</strong></span> 
     </span>
    </p>
   </div>
   <div class='ocr_carea' id='block_1_12' title="bbox 427 1189 576 1234">
    <p class='ocr_par' dir='ltr' id='par_1_12' title="bbox 427 1189 576 1234">
     <span class='ocr_line' id='line_1_12' title="bbox 427 1189 576 1234; baseline 0.013 -2"><span class='ocrx_word' id='word_1_68' title='bbox 427 1189 576 1234; x_wconf 87' lang='lat' dir='ltr'><strong>sunt.</strong></span> 
     </span>
    </p>
   </div>
   <div class='ocr_carea' id='block_1_13' title="bbox 497 1267 2005 1341">
    <p class='ocr_par' dir='ltr' id='par_1_13' title="bbox 497 1267 2005 1341">
     <span class='ocr_line' id='line_1_13' title="bbox 497 1267 2005 1341; baseline -0.009 -10"><span class='ocrx_word' id='word_1_69' title='bbox 497 1270 858 1341; x_wconf 81' lang='lat'><strong>397-399</strong></span> <span class='ocrx_word' id='word_1_70' title='bbox 889 1269 1104 1325; x_wconf 86' lang='lat' dir='ltr'><strong>Mortuo</strong></span> <span class='ocrx_word' id='word_1_71' title='bbox 1127 1268 1355 1324; x_wconf 89' lang='lat' dir='ltr'><strong>Claudio</strong></span> <span class='ocrx_word' id='word_1_72' title='bbox 1382 1267 1598 1323; x_wconf 61' lang='lat' dir='ltr'><strong>Caesare</strong></span> <span class='ocrx_word' id='word_1_73' title='bbox 1628 1267 2005 1321; x_wconf 82' lang='lat' dir='ltr'><strong>Romanorum</strong></span> 
     </span>
    </p>
   </div>
   <div class='ocr_carea' id='block_1_14' title="bbox 428 1357 2010 1433">
    <p class='ocr_par' dir='ltr' id='par_1_14' title="bbox 428 1357 2010 1433">
     <span class='ocr_line' id='line_1_14' title="bbox 428 1357 2010 1433; baseline -0.004 -17"><span class='ocrx_word' id='word_1_74' title='bbox 428 1362 780 1433; x_wconf 83' lang='lat' dir='ltr'><strong>imperatore,</strong></span> <span class='ocrx_word' id='word_1_75' title='bbox 818 1370 941 1431; x_wconf 87' lang='lat' dir='ltr'><strong>post</strong></span> <span class='ocrx_word' id='word_1_76' title='bbox 972 1362 1152 1432; x_wconf 86' lang='lat' dir='ltr'><strong>ipsum</strong></span> <span class='ocrx_word' id='word_1_77' title='bbox 1196 1361 1460 1416; x_wconf 75' lang='lat' dir='ltr'><strong>Romanis</strong></span> <span class='ocrx_word' id='word_1_78' title='bbox 1496 1360 1683 1415; x_wconf 65' lang='lat' dir='ltr'><strong>Romae</strong></span> <span class='ocrx_word' id='word_1_79' title='bbox 1720 1357 2010 1428; x_wconf 85' lang='lat' dir='ltr'><strong>imperavit</strong></span> 
     </span>
    </p>
   </div>
   <div class='ocr_carea' id='block_1_15' title="bbox 426 1449 2006 1528">
    <p class='ocr_par' dir='ltr' id='par_1_15' title="bbox 426 1449 2006 1528">
     <span class='ocr_line' id='line_1_15' title="bbox 426 1449 2006 1528; baseline -0.004 -20"><span class='ocrx_word' id='word_1_80' title='bbox 426 1455 684 1510; x_wconf 78' lang='lat' dir='ltr'><strong>Aurelius</strong></span> <span class='ocrx_word' id='word_1_81' title='bbox 714 1455 898 1511; x_wconf 74' lang='lat' dir='ltr'><strong>Caesar</strong></span> <span class='ocrx_word' id='word_1_82' title='bbox 930 1469 1107 1510; x_wconf 89' lang='lat' dir='ltr'><strong>annos</strong></span> <span class='ocrx_word' id='word_1_83' title='bbox 1144 1456 1424 1525; x_wconf 81' lang='lat' dir='ltr'><strong>quinque,</strong></span> <span class='ocrx_word' id='word_1_84' title='bbox 1467 1453 1633 1522; x_wconf 85' lang='lat' dir='ltr'><strong>idque</strong></span> <span class='ocrx_word' id='word_1_85' title='bbox 1665 1467 1812 1528; x_wconf 81' lang='lat' dir='ltr'><strong>anno</strong></span> <span class='ocrx_word' id='word_1_86' title='bbox 1854 1449 2006 1520; x_wconf 88' lang='lat' dir='ltr'><strong>regni</strong></span> 
     </span>
    </p>
   </div>
   <div class='ocr_carea' id='block_1_16' title="bbox 338 1544 2009 1618">
    <p class='ocr_par' dir='ltr' id='par_1_16' title="bbox 338 1544 2009 1618">
     <span class='ocr_line' id='line_1_16' title="bbox 338 1544 2009 1618; baseline -0.003 -18"><span class='ocrx_word' id='word_1_87' title='bbox 338 1557 345 1561; x_wconf 84' lang='lat'><strong>&#39;</strong></span> <span class='ocrx_word' id='word_1_88' title='bbox 429 1547 684 1602; x_wconf 86' lang='lat' dir='ltr'><strong>llurmozi</strong></span> <span class='ocrx_word' id='word_1_89' title='bbox 728 1547 821 1602; x_wconf 76' lang='lat' dir='ltr'><strong>filii</strong></span> <span class='ocrx_word' id='word_1_90' title='bbox 851 1547 1042 1603; x_wconf 86' lang='lat' dir='ltr'><strong>Narzae</strong></span> <span class='ocrx_word' id='word_1_91' title='bbox 1073 1548 1215 1618; x_wconf 91' lang='lat' dir='ltr'><strong>regis</strong></span> <span class='ocrx_word' id='word_1_92' title='bbox 1255 1548 1547 1603; x_wconf 87' lang='lat' dir='ltr'><strong>Persarum</strong></span> <span class='ocrx_word' id='word_1_93' title='bbox 1593 1557 1813 1614; x_wconf 91' lang='lat' dir='ltr'><strong>quarto.</strong></span> <span class='ocrx_word' id='word_1_94' title='bbox 1850 1544 2009 1598; x_wconf 88' lang='lat' dir='ltr'><strong>Anno</strong></span> 
     </span>
    </p>
   </div>
   <div class='ocr_carea' id='block_1_17' title="bbox 429 1636 2007 1711">
    <p class='ocr_par' dir='ltr' id='par_1_17' title="bbox 429 1636 2007 1711">
     <span class='ocr_line' id='line_1_17' title="bbox 429 1636 2007 1711; baseline -0.004 -17"><span class='ocrx_word' id='word_1_95' title='bbox 429 1640 645 1710; x_wconf 91' lang='lat' dir='ltr'><strong>imperii</strong></span> <span class='ocrx_word' id='word_1_96' title='bbox 677 1641 883 1696; x_wconf 82' lang='lat' dir='ltr'><strong>Aurelii</strong></span> <span class='ocrx_word' id='word_1_97' title='bbox 913 1641 1146 1697; x_wconf 77' lang='lat' dir='ltr'><strong>Caesaris</strong></span> <span class='ocrx_word' id='word_1_98' title='bbox 1180 1643 1357 1711; x_wconf 91' lang='lat' dir='ltr'><strong>primo</strong></span> <span class='ocrx_word' id='word_1_99' title='bbox 1396 1640 1737 1693; x_wconf 89' lang='lat' dir='ltr'><strong>constitutus</strong></span> <span class='ocrx_word' id='word_1_100' title='bbox 1770 1646 1850 1698; x_wconf 85' lang='lat' dir='ltr'><strong>est</strong></span> <span class='ocrx_word' id='word_1_101' title='bbox 1880 1636 2007 1689; x_wconf 89' lang='lat' dir='ltr'><strong>Dio-</strong></span> 
     </span>
    </p>
   </div>
   <div class='ocr_carea' id='block_1_18' title="bbox 428 1730 2005 1811">
    <p class='ocr_par' dir='ltr' id='par_1_18' title="bbox 428 1730 2005 1811">
     <span class='ocr_line' id='line_1_18' title="bbox 428 1730 2005 1811; baseline -0.002 -27"><span class='ocrx_word' id='word_1_102' title='bbox 428 1732 622 1801; x_wconf 90' lang='lat' dir='ltr'><strong>nysius</strong></span> <span class='ocrx_word' id='word_1_103' title='bbox 651 1734 965 1802; x_wconf 88' lang='lat' dir='ltr'><strong>patriarcha</strong></span> <span class='ocrx_word' id='word_1_104' title='bbox 1006 1731 1311 1797; x_wconf 82' lang='lat' dir='ltr'><strong>Romanus,</strong></span> <span class='ocrx_word' id='word_1_105' title='bbox 1345 1731 1441 1801; x_wconf 91' lang='lat' dir='ltr'><strong>qui</strong></span> <span class='ocrx_word' id='word_1_106' title='bbox 1476 1741 1601 1786; x_wconf 91' lang='lat' dir='ltr'><strong>octo</strong></span> <span class='ocrx_word' id='word_1_107' title='bbox 1636 1745 1814 1786; x_wconf 90' lang='lat' dir='ltr'><strong>annos</strong></span> <span class='ocrx_word' id='word_1_108' title='bbox 1841 1730 2005 1811; x_wconf 82' lang='lat' dir='ltr'><strong>sedit,</strong></span> 
     </span>
    </p>
   </div>
   <div class='ocr_carea' id='block_1_19' title="bbox 426 1821 2008 1892">
    <p class='ocr_par' dir='ltr' id='par_1_19' title="bbox 426 1821 2008 1892">
     <span class='ocr_line' id='line_1_19' title="bbox 426 1821 2008 1892; baseline 0 -18"><span class='ocrx_word' id='word_1_109' title='bbox 426 1821 551 1877; x_wconf 90' lang='lat' dir='ltr'><strong>dein</strong></span> <span class='ocrx_word' id='word_1_110' title='bbox 612 1832 864 1879; x_wconf 89' lang='lat' dir='ltr'><strong>mortuus</strong></span> <span class='ocrx_word' id='word_1_111' title='bbox 917 1834 1023 1879; x_wconf 83' lang='lat' dir='ltr'><strong>est.</strong></span> <span class='ocrx_word' id='word_1_112' title='bbox 1078 1825 1240 1878; x_wconf 81' lang='lat' dir='ltr'><strong>Anno</strong></span> <span class='ocrx_word' id='word_1_113' title='bbox 1294 1830 1495 1892; x_wconf 87' lang='lat' dir='ltr'><strong>quarto</strong></span> <span class='ocrx_word' id='word_1_114' title='bbox 1556 1822 1773 1891; x_wconf 89' lang='lat' dir='ltr'><strong>imperii</strong></span> <span class='ocrx_word' id='word_1_115' title='bbox 1831 1821 2008 1891; x_wconf 90' lang='lat' dir='ltr'><strong>ipsius</strong></span> 
     </span>
    </p>
   </div>
   <div class='ocr_carea' id='block_1_20' title="bbox 425 1913 2007 1987">
    <p class='ocr_par' dir='ltr' id='par_1_20' title="bbox 425 1913 2007 1987">
     <span class='ocr_line' id='line_1_20' title="bbox 425 1913 2007 1987; baseline -0.003 -18"><span class='ocrx_word' id='word_1_116' title='bbox 425 1922 646 1969; x_wconf 69' lang='lat' dir='ltr'><strong>creatus</strong></span> <span class='ocrx_word' id='word_1_117' title='bbox 702 1924 787 1971; x_wconf 89' lang='lat' dir='ltr'><strong>est</strong></span> <span class='ocrx_word' id='word_1_118' title='bbox 843 1914 1025 1970; x_wconf 85' lang='lat' dir='ltr'><strong>Neron</strong></span> <span class='ocrx_word' id='word_1_119' title='bbox 1054 1917 1363 1987; x_wconf 84' lang='lat' dir='ltr'><strong>patriarcha</strong></span> <span class='ocrx_word' id='word_1_120' title='bbox 1419 1915 1863 1977; x_wconf 79' lang='lat' dir='ltr'><strong>Alexandrinus,</strong></span> <span class='ocrx_word' id='word_1_121' title='bbox 1917 1913 2007 1967; x_wconf 88' lang='lat' dir='ltr'><strong>ubi</strong></span> 
     </span>
    </p>
   </div>
   <div class='ocr_carea' id='block_1_21' title="bbox 425 2004 2006 2072">
    <p class='ocr_par' dir='ltr' id='par_1_21' title="bbox 425 2004 2006 2072">
     <span class='ocr_line' id='line_1_21' title="bbox 425 2004 2006 2072; baseline -0.002 -12"><span class='ocrx_word' id='word_1_122' title='bbox 425 2008 802 2062; x_wconf 87' lang='lat' dir='ltr'><strong>novcmdecim</strong></span> <span class='ocrx_word' id='word_1_123' title='bbox 843 2022 1022 2063; x_wconf 89' lang='lat' dir='ltr'><strong>annos</strong></span> <span class='ocrx_word' id='word_1_124' title='bbox 1057 2008 1220 2072; x_wconf 86' lang='lat' dir='ltr'><strong>sedit,</strong></span> <span class='ocrx_word' id='word_1_125' title='bbox 1256 2007 1383 2062; x_wconf 93' lang='lat' dir='ltr'><strong>dcin</strong></span> <span class='ocrx_word' id='word_1_126' title='bbox 1420 2018 1670 2061; x_wconf 87' lang='lat' dir='ltr'><strong>mortuus</strong></span> <span class='ocrx_word' id='word_1_127' title='bbox 1704 2016 1812 2061; x_wconf 89' lang='lat' dir='ltr'><strong>est.</strong></span> <span class='ocrx_word' id='word_1_128' title='bbox 1848 2004 2006 2060; x_wconf 86' lang='lat' dir='ltr'><strong>Chri-</strong></span> 
     </span>
    </p>
   </div>
   <div class='ocr_carea' id='block_1_22' title="bbox 423 2097 2009 2169">
    <p class='ocr_par' dir='ltr' id='par_1_22' title="bbox 423 2097 2009 2169">
     <span class='ocr_line' id='line_1_22' title="bbox 423 2097 2009 2169; baseline -0.001 -17"><span class='ocrx_word' id='word_1_129' title='bbox 423 2100 589 2153; x_wconf 90' lang='lat' dir='ltr'><strong>stiani</strong></span> <span class='ocrx_word' id='word_1_130' title='bbox 627 2109 812 2153; x_wconf 87' lang='lat' dir='ltr'><strong>autem</strong></span> <span class='ocrx_word' id='word_1_131' title='bbox 839 2100 1196 2155; x_wconf 76' lang='lat' dir='ltr'><strong>Alexandrini</strong></span> <span class='ocrx_word' id='word_1_132' title='bbox 1245 2100 1299 2152; x_wconf 91' lang='lat' dir='ltr'><strong>in</strong></span> <span class='ocrx_word' id='word_1_133' title='bbox 1339 2099 1620 2169; x_wconf 91' lang='lat' dir='ltr'><strong>speluncis</strong></span> <span class='ocrx_word' id='word_1_134' title='bbox 1662 2106 1716 2152; x_wconf 89' lang='lat' dir='ltr'><strong>et</strong></span> <span class='ocrx_word' id='word_1_135' title='bbox 1754 2097 2009 2152; x_wconf 89' lang='lat' dir='ltr'><strong>domibus</strong></span> 
     </span>
    </p>
   </div>
   <div class='ocr_carea' id='block_1_23' title="bbox 425 2188 2011 2259">
    <p class='ocr_par' dir='ltr' id='par_1_23' title="bbox 425 2188 2011 2259">
     <span class='ocr_line' id='line_1_23' title="bbox 425 2188 2011 2259; baseline -0.003 -15"><span class='ocrx_word' id='word_1_136' title='bbox 425 2191 566 2244; x_wconf 91' lang='lat' dir='ltr'><strong>clam</strong></span> <span class='ocrx_word' id='word_1_137' title='bbox 598 2192 867 2253; x_wconf 87' lang='lat' dir='ltr'><strong>orabant,</strong></span> <span class='ocrx_word' id='word_1_138' title='bbox 915 2200 1065 2245; x_wconf 88' lang='lat' dir='ltr'><strong>metu</strong></span> <span class='ocrx_word' id='word_1_139' title='bbox 1100 2188 1517 2254; x_wconf 88' lang='lat' dir='ltr'><strong>Romanorum,</strong></span> <span class='ocrx_word' id='word_1_140' title='bbox 1556 2204 1624 2243; x_wconf 88' lang='lat' dir='ltr'><strong>ne</strong></span> <span class='ocrx_word' id='word_1_141' title='bbox 1657 2188 1804 2259; x_wconf 89' lang='lat' dir='ltr'><strong>ipsos</strong></span> <span class='ocrx_word' id='word_1_142' title='bbox 1842 2188 2011 2241; x_wconf 88' lang='lat' dir='ltr'><strong>truci-</strong></span> 
     </span>
    </p>
   </div>
   <div class='ocr_carea' id='block_1_24' title="bbox 424 2280 2007 2355">
    <p class='ocr_par' dir='ltr' id='par_1_24' title="bbox 424 2280 2007 2355">
     <span class='ocr_line' id='line_1_24' title="bbox 424 2280 2007 2355; baseline -0.004 -17"><span class='ocrx_word' id='word_1_143' title='bbox 424 2287 656 2349; x_wconf 88' lang='lat' dir='ltr'><strong>darent,</strong></span> <span class='ocrx_word' id='word_1_144' title='bbox 700 2298 879 2355; x_wconf 90' lang='lat' dir='ltr'><strong>neque</strong></span> <span class='ocrx_word' id='word_1_145' title='bbox 923 2282 1222 2338; x_wconf 80' lang='lat' dir='ltr'><strong>manifesto</strong></span> <span class='ocrx_word' id='word_1_146' title='bbox 1254 2298 1315 2338; x_wconf 88' lang='lat' dir='ltr'><strong>se</strong></span> <span class='ocrx_word' id='word_1_147' title='bbox 1356 2282 1651 2337; x_wconf 75' lang='lat' dir='ltr'><strong>exhibebat</strong></span> <span class='ocrx_word' id='word_1_148' title='bbox 1696 2280 2007 2351; x_wconf 86' lang='lat' dir='ltr'><strong>patriarcha</strong></span> 
     </span>
    </p>
   </div>
   <div class='ocr_carea' id='block_1_25' title="bbox 426 2373 2006 2446">
    <p class='ocr_par' dir='ltr' id='par_1_25' title="bbox 426 2373 2006 2446">
     <span class='ocr_line' id='line_1_25' title="bbox 426 2373 2006 2446; baseline -0.002 -18"><span class='ocrx_word' id='word_1_149' title='bbox 426 2374 481 2428; x_wconf 89' lang='lat' dir='ltr'><strong>in</strong></span> <span class='ocrx_word' id='word_1_150' title='bbox 508 2375 835 2431; x_wconf 83' lang='lat' dir='ltr'><strong>Alexandria</strong></span> <span class='ocrx_word' id='word_1_151' title='bbox 863 2393 879 2442; x_wconf 87' lang='lat'><strong>;</strong></span> <span class='ocrx_word' id='word_1_152' title='bbox 914 2385 1113 2432; x_wconf 91' lang='lat' dir='ltr'><strong>atcum</strong></span> <span class='ocrx_word' id='word_1_153' title='bbox 1144 2374 1461 2446; x_wconf 88' lang='lat' dir='ltr'><strong>patriarcha</strong></span> <span class='ocrx_word' id='word_1_154' title='bbox 1489 2384 1772 2428; x_wconf 85' lang='lat' dir='ltr'><strong>crearetur</strong></span> <span class='ocrx_word' id='word_1_155' title='bbox 1803 2373 2006 2438; x_wconf 84' lang='lat' dir='ltr'><strong>Neron,</strong></span> 
     </span>
    </p>
   </div>
   <div class='ocr_carea' id='block_1_26' title="bbox 426 2465 2008 2536">
    <p class='ocr_par' dir='ltr' id='par_1_26' title="bbox 426 2465 2008 2536">
     <span class='ocr_line' id='line_1_26' title="bbox 426 2465 2008 2536; baseline -0.001 -15"><span class='ocrx_word' id='word_1_156' title='bbox 426 2467 515 2522; x_wconf 91' lang='lat' dir='ltr'><strong>ille</strong></span> <span class='ocrx_word' id='word_1_157' title='bbox 545 2483 604 2523; x_wconf 91' lang='lat' dir='ltr'><strong>se</strong></span> <span class='ocrx_word' id='word_1_158' title='bbox 638 2468 932 2523; x_wconf 80' lang='lat' dir='ltr'><strong>manifesto</strong></span> <span class='ocrx_word' id='word_1_159' title='bbox 965 2468 1238 2532; x_wconf 77' lang='lat' dir='ltr'><strong>exhibuit,</strong></span> <span class='ocrx_word' id='word_1_160' title='bbox 1272 2482 1451 2536; x_wconf 87' lang='lat' dir='ltr'><strong>neque</strong></span> <span class='ocrx_word' id='word_1_161' title='bbox 1487 2467 1698 2521; x_wconf 89' lang='lat' dir='ltr'><strong>destitit</strong></span> <span class='ocrx_word' id='word_1_162' title='bbox 1730 2465 2008 2520; x_wconf 77' lang='lat' dir='ltr'><strong>Romanos</strong></span> 
     </span>
    </p>
   </div>
   <div class='ocr_carea' id='block_1_27' title="bbox 425 2559 2010 2627">
    <p class='ocr_par' dir='ltr' id='par_1_27' title="bbox 425 2559 2010 2627">
     <span class='ocr_line' id='line_1_27' title="bbox 425 2559 2010 2627; baseline -0.001 -12"><span class='ocrx_word' id='word_1_163' title='bbox 425 2562 776 2627; x_wconf 85' lang='lat' dir='ltr'><strong>demulcere,</strong></span> <span class='ocrx_word' id='word_1_164' title='bbox 824 2562 1000 2616; x_wconf 87' lang='lat' dir='ltr'><strong>donec</strong></span> <span class='ocrx_word' id='word_1_165' title='bbox 1040 2561 1387 2615; x_wconf 79' lang='lat' dir='ltr'><strong>Alexandriae</strong></span> <span class='ocrx_word' id='word_1_166' title='bbox 1425 2562 1716 2615; x_wconf 80' lang='lat' dir='ltr'><strong>ecclesiam</strong></span> <span class='ocrx_word' id='word_1_167' title='bbox 1765 2559 2010 2615; x_wconf 82' lang='lat' dir='ltr'><strong>Dominae</strong></span> 
     </span>
    </p>
   </div>
   <div class='ocr_carea' id='block_1_28' title="bbox 425 2651 2008 2720">
    <p class='ocr_par' dir='ltr' id='par_1_28' title="bbox 425 2651 2008 2720">
     <span class='ocr_line' id='line_1_28' title="bbox 425 2651 2008 2720; baseline -0.001 -14"><span class='ocrx_word' id='word_1_168' title='bbox 425 2652 611 2708; x_wconf 73' lang='lat' dir='ltr'><strong>Mariae</strong></span> <span class='ocrx_word' id='word_1_169' title='bbox 677 2667 891 2708; x_wconf 85' lang='lat' dir='ltr'><strong>sacram</strong></span> <span class='ocrx_word' id='word_1_170' title='bbox 964 2662 1298 2708; x_wconf 85' lang='lat' dir='ltr'><strong>exstrueret.</strong></span> <span class='ocrx_word' id='word_1_171' title='bbox 1375 2653 1536 2706; x_wconf 89' lang='lat' dir='ltr'><strong>Anno</strong></span> <span class='ocrx_word' id='word_1_172' title='bbox 1599 2651 1814 2720; x_wconf 87' lang='lat' dir='ltr'><strong>itnpcrii</strong></span> <span class='ocrx_word' id='word_1_173' title='bbox 1886 2652 2008 2719; x_wconf 84' lang='lat' dir='ltr'><strong>ejus</strong></span> 
     </span>
    </p>
   </div>
   <div class='ocr_carea' id='block_1_29' title="bbox 424 2744 2005 2815">
    <p class='ocr_par' dir='ltr' id='par_1_29' title="bbox 424 2744 2005 2815">
     <span class='ocr_line' id='line_1_29' title="bbox 424 2744 2005 2815; baseline -0.002 -15"><span class='ocrx_word' id='word_1_174' title='bbox 424 2747 655 2815; x_wconf 90' lang='lat' dir='ltr'><strong>quinto,</strong></span> <span class='ocrx_word' id='word_1_175' title='bbox 714 2754 969 2801; x_wconf 91' lang='lat' dir='ltr'><strong>mortuus</strong></span> <span class='ocrx_word' id='word_1_176' title='bbox 1022 2756 1108 2802; x_wconf 90' lang='lat' dir='ltr'><strong>est</strong></span> <span class='ocrx_word' id='word_1_177' title='bbox 1166 2747 1405 2800; x_wconf 82' lang='lat' dir='ltr'><strong>Hormoz</strong></span> <span class='ocrx_word' id='word_1_178' title='bbox 1466 2744 1656 2799; x_wconf 67' lang='lat' dir='ltr'><strong>Narzaa</strong></span> <span class='ocrx_word' id='word_1_179' title='bbox 1712 2744 1856 2799; x_wconf 89' lang='lat' dir='ltr'><strong>lilius</strong></span> <span class='ocrx_word' id='word_1_180' title='bbox 1911 2760 2005 2798; x_wconf 79' lang='lat' dir='ltr'><strong>rex</strong></span> 
     </span>
    </p>
   </div>
   <div class='ocr_carea' id='block_1_30' title="bbox 427 2834 2008 2907">
    <p class='ocr_par' dir='ltr' id='par_1_30' title="bbox 427 2834 2008 2907">
     <span class='ocr_line' id='line_1_30' title="bbox 427 2834 2008 2907; baseline -0.004 -13"><span class='ocrx_word' id='word_1_181' title='bbox 427 2839 739 2903; x_wconf 80' lang='lat' dir='ltr'><strong>Persarum,</strong></span> <span class='ocrx_word' id='word_1_182' title='bbox 779 2836 867 2892; x_wconf 90' lang='lat' dir='ltr'><strong>cui</strong></span> <span class='ocrx_word' id='word_1_183' title='bbox 901 2838 1086 2892; x_wconf 90' lang='lat' dir='ltr'><strong>nullus</strong></span> <span class='ocrx_word' id='word_1_184' title='bbox 1116 2846 1255 2901; x_wconf 89' lang='lat' dir='ltr'><strong>erat,</strong></span> <span class='ocrx_word' id='word_1_185' title='bbox 1285 2852 1446 2907; x_wconf 90' lang='lat' dir='ltr'><strong>quem</strong></span> <span class='ocrx_word' id='word_1_186' title='bbox 1483 2850 1864 2891; x_wconf 89' lang='lat' dir='ltr'><strong>successorem</strong></span> <span class='ocrx_word' id='word_1_187' title='bbox 1901 2834 2008 2889; x_wconf 87' lang='lat' dir='ltr'><strong>sibi</strong></span> 
     </span>
    </p>
   </div>
   <div class='ocr_carea' id='block_1_31' title="bbox 424 2926 2008 2997">
    <p class='ocr_par' dir='ltr' id='par_1_31' title="bbox 424 2926 2008 2997">
     <span class='ocr_line' id='line_1_31' title="bbox 424 2926 2008 2997; baseline -0.003 -12"><span class='ocrx_word' id='word_1_188' title='bbox 424 2932 823 2997; x_wconf 87' lang='lat' dir='ltr'><strong>constitueret,</strong></span> <span class='ocrx_word' id='word_1_189' title='bbox 861 2930 1026 2986; x_wconf 90' lang='lat' dir='ltr'><strong>lilius.</strong></span> <span class='ocrx_word' id='word_1_190' title='bbox 1063 2928 1195 2983; x_wconf 88' lang='lat' dir='ltr'><strong>Erat</strong></span> <span class='ocrx_word' id='word_1_191' title='bbox 1227 2937 1410 2983; x_wconf 90' lang='lat' dir='ltr'><strong>tamen</strong></span> <span class='ocrx_word' id='word_1_192' title='bbox 1437 2946 1503 2983; x_wconf 80' lang='lat' dir='ltr'><strong>ex</strong></span> <span class='ocrx_word' id='word_1_193' title='bbox 1533 2929 1802 2983; x_wconf 81' lang='lat' dir='ltr'><strong>uxoribus</strong></span> <span class='ocrx_word' id='word_1_194' title='bbox 1835 2926 2008 2997; x_wconf 89' lang='lat' dir='ltr'><strong>ipsius</strong></span> 
     </span>
    </p>
   </div>
   <div class='ocr_carea' id='block_1_32' title="bbox 423 3020 2005 3096">
    <p class='ocr_par' dir='ltr' id='par_1_32' title="bbox 423 3020 2005 3096">
     <span class='ocr_line' id='line_1_32' title="bbox 423 3020 2005 3096; baseline -0.004 -17"><span class='ocrx_word' id='word_1_195' title='bbox 423 3024 674 3096; x_wconf 65' lang='lat' dir='ltr'><strong>quaedam</strong></span> <span class='ocrx_word' id='word_1_196' title='bbox 723 3024 986 3093; x_wconf 88' lang='lat' dir='ltr'><strong>gravida,</strong></span> <span class='ocrx_word' id='word_1_197' title='bbox 1042 3038 1207 3093; x_wconf 90' lang='lat' dir='ltr'><strong>quam</strong></span> <span class='ocrx_word' id='word_1_198' title='bbox 1262 3038 1387 3076; x_wconf 86' lang='lat' dir='ltr'><strong>cum</strong></span> <span class='ocrx_word' id='word_1_199' title='bbox 1443 3029 1693 3090; x_wconf 88' lang='lat' dir='ltr'><strong>rogasset</strong></span> <span class='ocrx_word' id='word_1_200' title='bbox 1748 3020 2005 3089; x_wconf 90' lang='lat' dir='ltr'><strong>populus,</strong></span> 
     </span>
    </p>
   </div>
   <div class='ocr_carea' id='block_1_33' title="bbox 2114 529 3689 602">
    <p class='ocr_par' dir='ltr' id='par_1_33' title="bbox 2114 529 3689 602">
     <span class='ocr_line' id='line_1_33' title="bbox 2114 529 3689 602; baseline 0.005 -20"><span class='ocrx_word' id='word_1_201' title='bbox 2114 529 2336 584; x_wconf 84' lang='lat' dir='ltr'><strong>Christo</strong></span> <span class='ocrx_word' id='word_1_202' title='bbox 2366 542 2518 595; x_wconf 84' lang='lat' dir='ltr'><strong>nato,</strong></span> <span class='ocrx_word' id='word_1_203' title='bbox 2549 531 2767 585; x_wconf 85' lang='lat' dir='ltr'><strong>ducenti</strong></span> <span class='ocrx_word' id='word_1_204' title='bbox 2814 534 3162 602; x_wconf 82' lang='lat' dir='ltr'><strong>septuaginta</strong></span> <span class='ocrx_word' id='word_1_205' title='bbox 3202 550 3319 589; x_wconf 79' lang='lat' dir='ltr'><strong>sex.</strong></span> <span class='ocrx_word' id='word_1_206' title='bbox 3360 535 3439 589; x_wconf 79' lang='lat' dir='ltr'><strong>Ad</strong></span> <span class='ocrx_word' id='word_1_207' title='bbox 3485 535 3626 591; x_wconf 89' lang='lat' dir='ltr'><strong>idem</strong></span> <span class='ocrx_word' id='word_1_208' title='bbox 3658 553 3689 590; x_wconf 85' lang='lat' dir='ltr'><strong>a</strong></span> 
     </span>
    </p>
   </div>
   <div class='ocr_carea' id='block_1_34' title="bbox 2114 622 3691 696">
    <p class='ocr_par' dir='ltr' id='par_1_34' title="bbox 2114 622 3691 696">
     <span class='ocr_line' id='line_1_34' title="bbox 2114 622 3691 696; baseline 0.006 -23"><span class='ocrx_word' id='word_1_209' title='bbox 2114 634 2285 691; x_wconf 89' lang='lat' dir='ltr'><strong>regno</strong></span> <span class='ocrx_word' id='word_1_210' title='bbox 2311 622 2637 688; x_wconf 85' lang='lat' dir='ltr'><strong>Alexandri,</strong></span> <span class='ocrx_word' id='word_1_211' title='bbox 2689 622 3048 696; x_wconf 57' lang='lat'><strong>“1-503</strong></span> <span class='ocrx_word' id='word_1_212' title='bbox 3081 625 3361 694; x_wconf 84' lang='lat' dir='ltr'><strong>quingenti</strong></span> <span class='ocrx_word' id='word_1_213' title='bbox 3396 628 3691 696; x_wconf 83' lang='lat' dir='ltr'><strong>nonaginta</strong></span> 
     </span>
    </p>
   </div>
   <div class='ocr_carea' id='block_1_35' title="bbox 2112 714 3690 790">
    <p class='ocr_par' dir='ltr' id='par_1_35' title="bbox 2112 714 3690 790">
     <span class='ocr_line' id='line_1_35' title="bbox 2112 714 3690 790; baseline 0.004 -24"><span class='ocrx_word' id='word_1_214' title='bbox 2112 715 2379 784; x_wconf 89' lang='lat' dir='ltr'><strong>quinque.</strong></span> <span class='ocrx_word' id='word_1_215' title='bbox 2411 714 2492 769; x_wconf 86' lang='lat' dir='ltr'><strong>Ad</strong></span> <span class='ocrx_word' id='word_1_216' title='bbox 2537 716 2681 770; x_wconf 89' lang='lat' dir='ltr'><strong>idem</strong></span> <span class='ocrx_word' id='word_1_217' title='bbox 2716 731 2747 770; x_wconf 89' lang='lat' dir='ltr'><strong>a</strong></span> <span class='ocrx_word' id='word_1_218' title='bbox 2774 720 3093 785; x_wconf 70' lang='lat' dir='ltr'><strong>captivitate</strong></span> <span class='ocrx_word' id='word_1_219' title='bbox 3128 718 3475 790; x_wconf 85' lang='lat' dir='ltr'><strong>Babylonica,</strong></span> <span class='ocrx_word' id='word_1_220' title='bbox 3513 722 3690 775; x_wconf 76' lang='lat' dir='ltr'><strong>Octin-</strong></span> 
     </span>
    </p>
   </div>
   <div class='ocr_carea' id='block_1_36' title="bbox 2111 809 3690 879">
    <p class='ocr_par' dir='ltr' id='par_1_36' title="bbox 2111 809 3690 879">
     <span class='ocr_line' id='line_1_36' title="bbox 2111 809 3690 879; baseline 0.004 -18"><span class='ocrx_word' id='word_1_221' title='bbox 2111 809 2260 873; x_wconf 77' lang='lat' dir='ltr'><strong>genti</strong></span> <span class='ocrx_word' id='word_1_222' title='bbox 2295 809 2696 879; x_wconf 84' lang='lat' dir='ltr'><strong>quinquaginta</strong></span> <span class='ocrx_word' id='word_1_223' title='bbox 2733 817 2880 865; x_wconf 92' lang='lat' dir='ltr'><strong>octo.</strong></span> <span class='ocrx_word' id='word_1_224' title='bbox 2917 810 2994 865; x_wconf 88' lang='lat' dir='ltr'><strong>Ad</strong></span> <span class='ocrx_word' id='word_1_225' title='bbox 3030 811 3172 865; x_wconf 91' lang='lat' dir='ltr'><strong>idem</strong></span> <span class='ocrx_word' id='word_1_226' title='bbox 3205 827 3234 865; x_wconf 92' lang='lat' dir='ltr'><strong>a</strong></span> <span class='ocrx_word' id='word_1_227' title='bbox 3279 811 3502 879; x_wconf 89' lang='lat' dir='ltr'><strong>Davide,</strong></span> <span class='ocrx_word' id='word_1_228' title='bbox 3540 814 3690 867; x_wconf 89' lang='lat' dir='ltr'><strong>mille</strong></span> 
     </span>
    </p>
   </div>
   <div class='ocr_carea' id='block_1_37' title="bbox 2112 900 3692 972">
    <p class='ocr_par' dir='ltr' id='par_1_37' title="bbox 2112 900 3692 972">
     <span class='ocr_line' id='line_1_37' title="bbox 2112 900 3692 972; baseline 0.003 -20"><span class='ocrx_word' id='word_1_229' title='bbox 2112 900 2341 954; x_wconf 86' lang='lat' dir='ltr'><strong>trecenti</strong></span> <span class='ocrx_word' id='word_1_230' title='bbox 2369 901 2587 968; x_wconf 83' lang='lat' dir='ltr'><strong>triginta</strong></span> <span class='ocrx_word' id='word_1_231' title='bbox 2617 901 2882 972; x_wconf 86' lang='lat' dir='ltr'><strong>qninque.</strong></span> <span class='ocrx_word' id='word_1_232' title='bbox 2914 903 2993 956; x_wconf 82' lang='lat' dir='ltr'><strong>Ad</strong></span> <span class='ocrx_word' id='word_1_233' title='bbox 3029 902 3170 957; x_wconf 90' lang='lat' dir='ltr'><strong>idem</strong></span> <span class='ocrx_word' id='word_1_234' title='bbox 3202 904 3270 957; x_wconf 89' lang='lat' dir='ltr'><strong>ab</strong></span> <span class='ocrx_word' id='word_1_235' title='bbox 3299 905 3443 957; x_wconf 85' lang='lat' dir='ltr'><strong>exitu</strong></span> <span class='ocrx_word' id='word_1_236' title='bbox 3478 904 3692 959; x_wconf 73' lang='lat' dir='ltr'><strong>lsrarli-</strong></span> 
     </span>
    </p>
   </div>
   <div class='ocr_carea' id='block_1_38' title="bbox 2114 991 3689 1067">
    <p class='ocr_par' dir='ltr' id='par_1_38' title="bbox 2114 991 3689 1067">
     <span class='ocr_line' id='line_1_38' title="bbox 2114 991 3689 1067; baseline 0.004 -24"><span class='ocrx_word' id='word_1_237' title='bbox 2114 1001 2295 1045; x_wconf 88' lang='lat' dir='ltr'><strong>tarum</strong></span> <span class='ocrx_word' id='word_1_238' title='bbox 2350 1007 2416 1045; x_wconf 85' lang='lat' dir='ltr'><strong>ex</strong></span> <span class='ocrx_word' id='word_1_239' title='bbox 2476 991 2748 1064; x_wconf 60' lang='lat' dir='ltr'><strong>IEgypto,</strong></span> <span class='ocrx_word' id='word_1_240' title='bbox 2804 994 2952 1067; x_wconf 87' lang='lat' dir='ltr'><strong>mille</strong></span> <span class='ocrx_word' id='word_1_241' title='bbox 3006 996 3269 1064; x_wconf 86' lang='lat' dir='ltr'><strong>nongenti</strong></span> <span class='ocrx_word' id='word_1_242' title='bbox 3329 996 3689 1064; x_wconf 75' lang='lat' dir='ltr'><strong>quadraginta</strong></span> 
     </span>
    </p>
   </div>
   <div class='ocr_carea' id='block_1_39' title="bbox 2114 1083 3694 1154">
    <p class='ocr_par' dir='ltr' id='par_1_39' title="bbox 2114 1083 3694 1154">
     <span class='ocr_line' id='line_1_39' title="bbox 2114 1083 3694 1154; baseline 0.004 -19"><span class='ocrx_word' id='word_1_243' title='bbox 2114 1100 2278 1139; x_wconf 91' lang='lat' dir='ltr'><strong>unus.</strong></span> <span class='ocrx_word' id='word_1_244' title='bbox 2322 1083 2401 1138; x_wconf 88' lang='lat' dir='ltr'><strong>Ad</strong></span> <span class='ocrx_word' id='word_1_245' title='bbox 2446 1086 2588 1140; x_wconf 82' lang='lat' dir='ltr'><strong>idern</strong></span> <span class='ocrx_word' id='word_1_246' title='bbox 2620 1087 2687 1138; x_wconf 85' lang='lat' dir='ltr'><strong>ab</strong></span> <span class='ocrx_word' id='word_1_247' title='bbox 2720 1086 3056 1148; x_wconf 81' lang='lat' dir='ltr'><strong>Abrahamo,</strong></span> <span class='ocrx_word' id='word_1_248' title='bbox 3105 1086 3190 1140; x_wconf 93' lang='lat' dir='ltr'><strong>bis</strong></span> <span class='ocrx_word' id='word_1_249' title='bbox 3238 1088 3385 1142; x_wconf 89' lang='lat' dir='ltr'><strong>mille</strong></span> <span class='ocrx_word' id='word_1_250' title='bbox 3427 1087 3694 1154; x_wconf 89' lang='lat' dir='ltr'><strong>quadrin-</strong></span> 
     </span>
    </p>
   </div>
   <div class='ocr_carea' id='block_1_40' title="bbox 2113 1174 3695 1244">
    <p class='ocr_par' dir='ltr' id='par_1_40' title="bbox 2113 1174 3695 1244">
     <span class='ocr_line' id='line_1_40' title="bbox 2113 1174 3695 1244; baseline 0.003 -18"><span class='ocrx_word' id='word_1_251' title='bbox 2113 1174 2260 1244; x_wconf 84' lang='lat' dir='ltr'><strong>genti</strong></span> <span class='ocrx_word' id='word_1_252' title='bbox 2302 1174 2671 1243; x_wconf 83' lang='lat' dir='ltr'><strong>quadraginta</strong></span> <span class='ocrx_word' id='word_1_253' title='bbox 2717 1184 2863 1229; x_wconf 91' lang='lat' dir='ltr'><strong>octo.</strong></span> <span class='ocrx_word' id='word_1_254' title='bbox 2914 1176 3007 1229; x_wconf 80' lang='lat' dir='ltr'><strong>Ad.</strong></span> <span class='ocrx_word' id='word_1_255' title='bbox 3045 1177 3189 1229; x_wconf 88' lang='lat' dir='ltr'><strong>idem</strong></span> <span class='ocrx_word' id='word_1_256' title='bbox 3233 1191 3261 1228; x_wconf 90' lang='lat' dir='ltr'><strong>a</strong></span> <span class='ocrx_word' id='word_1_257' title='bbox 3293 1175 3567 1241; x_wconf 83' lang='lat' dir='ltr'><strong>Phaleko,</strong></span> <span class='ocrx_word' id='word_1_258' title='bbox 3611 1177 3695 1230; x_wconf 89' lang='lat' dir='ltr'><strong>bis</strong></span> 
     </span>
    </p>
   </div>
   <div class='ocr_carea' id='block_1_41' title="bbox 2111 1265 3691 1336">
    <p class='ocr_par' dir='ltr' id='par_1_41' title="bbox 2111 1265 3691 1336">
     <span class='ocr_line' id='line_1_41' title="bbox 2111 1265 3691 1336; baseline 0.003 -18"><span class='ocrx_word' id='word_1_259' title='bbox 2111 1265 2260 1319; x_wconf 88' lang='lat' dir='ltr'><strong>mille</strong></span> <span class='ocrx_word' id='word_1_260' title='bbox 2286 1267 2547 1335; x_wconf 90' lang='lat' dir='ltr'><strong>nongenti</strong></span> <span class='ocrx_word' id='word_1_261' title='bbox 2577 1267 2851 1336; x_wconf 87' lang='lat' dir='ltr'><strong>octoginta</strong></span> <span class='ocrx_word' id='word_1_262' title='bbox 2878 1282 3095 1321; x_wconf 90' lang='lat' dir='ltr'><strong>novem.</strong></span> <span class='ocrx_word' id='word_1_263' title='bbox 3122 1268 3200 1320; x_wconf 71' lang='lat' dir='ltr'><strong>Atl</strong></span> <span class='ocrx_word' id='word_1_264' title='bbox 3228 1268 3373 1321; x_wconf 86' lang='lat' dir='ltr'><strong>idem</strong></span> <span class='ocrx_word' id='word_1_265' title='bbox 3398 1283 3428 1320; x_wconf 87' lang='lat' dir='ltr'><strong>a</strong></span> <span class='ocrx_word' id='word_1_266' title='bbox 3460 1268 3691 1332; x_wconf 89' lang='lat' dir='ltr'><strong>diluvio,</strong></span> 
     </span>
    </p>
   </div>
   <div class='ocr_carea' id='block_1_42' title="bbox 2113 1357 3690 1429">
    <p class='ocr_par' dir='ltr' id='par_1_42' title="bbox 2113 1357 3690 1429">
     <span class='ocr_line' id='line_1_42' title="bbox 2113 1357 3690 1429; baseline 0.004 -21"><span class='ocrx_word' id='word_1_267' title='bbox 2113 1362 2197 1410; x_wconf 89' lang='lat' dir='ltr'><strong>ter</strong></span> <span class='ocrx_word' id='word_1_268' title='bbox 2244 1357 2393 1411; x_wconf 87' lang='lat' dir='ltr'><strong>mille</strong></span> <span class='ocrx_word' id='word_1_269' title='bbox 2438 1358 2723 1428; x_wconf 82' lang='lat' dir='ltr'><strong>quingenti</strong></span> <span class='ocrx_word' id='word_1_270' title='bbox 2763 1359 2980 1429; x_wconf 88' lang='lat' dir='ltr'><strong>viginti.</strong></span> <span class='ocrx_word' id='word_1_271' title='bbox 3021 1359 3103 1413; x_wconf 85' lang='lat' dir='ltr'><strong>Ad</strong></span> <span class='ocrx_word' id='word_1_272' title='bbox 3152 1360 3295 1414; x_wconf 90' lang='lat' dir='ltr'><strong>idem</strong></span> <span class='ocrx_word' id='word_1_273' title='bbox 3344 1360 3412 1413; x_wconf 82' lang='lat' dir='ltr'><strong>al)</strong></span> <span class='ocrx_word' id='word_1_274' title='bbox 3455 1360 3690 1425; x_wconf 89' lang='lat' dir='ltr'><strong>Adamo,</strong></span> 
     </span>
    </p>
   </div>
   <div class='ocr_carea' id='block_1_43' title="bbox 2111 1448 3471 1521">
    <p class='ocr_par' dir='ltr' id='par_1_43' title="bbox 2111 1448 3471 1521">
     <span class='ocr_line' id='line_1_43' title="bbox 2111 1448 3471 1521; baseline 0.005 -21"><span class='ocrx_word' id='word_1_275' title='bbox 2111 1448 2409 1518; x_wconf 88' lang='lat' dir='ltr'><strong>quinquies</strong></span> <span class='ocrx_word' id='word_1_276' title='bbox 2439 1450 2585 1505; x_wconf 89' lang='lat' dir='ltr'><strong>mille</strong></span> <span class='ocrx_word' id='word_1_277' title='bbox 2610 1450 2940 1521; x_wconf 78' lang='lat' dir='ltr'><strong>Septingenti</strong></span> <span class='ocrx_word' id='word_1_278' title='bbox 2977 1452 3323 1521; x_wconf 87' lang='lat' dir='ltr'><strong>septuaginta</strong></span> <span class='ocrx_word' id='word_1_279' title='bbox 3356 1466 3471 1507; x_wconf 78' lang='lat' dir='ltr'><strong>sex.</strong></span> 
     </span>
    </p>
   </div>
   <div class='ocr_carea' id='block_1_44' title="bbox 2185 1634 3692 1708">
    <p class='ocr_par' dir='ltr' id='par_1_44' title="bbox 2185 1634 3692 1708">
     <span class='ocr_line' id='line_1_44' title="bbox 2185 1634 3692 1708; baseline 0.002 -18"><span class='ocrx_word' id='word_1_280' title='bbox 2185 1635 2463 1706; x_wconf 85' lang='lat' dir='ltr'><strong>Imperare</strong></span> <span class='ocrx_word' id='word_1_281' title='bbox 2493 1646 2673 1691; x_wconf 88' lang='lat' dir='ltr'><strong>autem</strong></span> <span class='ocrx_word' id='word_1_282' title='bbox 2698 1636 2915 1708; x_wconf 71' lang='lat' dir='ltr'><strong>[cmpit]</strong></span> <span class='ocrx_word' id='word_1_283' title='bbox 2949 1634 3322 1690; x_wconf 89' lang='lat' dir='ltr'><strong>Diocletianus</strong></span> <span class='ocrx_word' id='word_1_284' title='bbox 3354 1644 3500 1689; x_wconf 87' lang='lat' dir='ltr'><strong>anno</strong></span> <span class='ocrx_word' id='word_1_285' title='bbox 3538 1638 3692 1707; x_wconf 86' lang='lat' dir='ltr'><strong>regni</strong></span> 
     </span>
    </p>
   </div>
   <div class='ocr_carea' id='block_1_45' title="bbox 2116 1708 3679 1797">
    <p class='ocr_par' dir='ltr' id='par_1_45' title="bbox 2116 1708 3679 1797">
     <span class='ocr_line' id='line_1_45' title="bbox 2116 1708 3679 1797; baseline 0.001 -15"><span class='ocrx_word' id='word_1_286' title='bbox 2116 1726 2368 1797; x_wconf 83' lang='lat' dir='ltr'><strong>Saporis,</strong></span> <span class='ocrx_word' id='word_1_287' title='bbox 2399 1727 2493 1781; x_wconf 85' lang='lat' dir='ltr'><strong>ﬁlii</strong></span> <span class='ocrx_word' id='word_1_288' title='bbox 2531 1727 2811 1792; x_wconf 84' lang='lat' dir='ltr'><strong>llormozi,</strong></span> <span class='ocrx_word' id='word_1_289' title='bbox 2839 1726 3135 1782; x_wconf 83' lang='lat' dir='ltr'><strong>Persarum</strong></span> <span class='ocrx_word' id='word_1_290' title='bbox 3168 1708 3336 1797; x_wconf 79' lang='lat' dir='ltr'><strong>regis,</strong></span> <span class='ocrx_word' id='word_1_291' title='bbox 3362 1731 3679 1793; x_wconf 88' lang='lat' dir='ltr'><strong>undecimo,</strong></span> 
     </span>
    </p>
   </div>
   <div class='ocr_carea' id='block_1_46' title="bbox 2115 1821 3693 1893">
    <p class='ocr_par' dir='ltr' id='par_1_46' title="bbox 2115 1821 3693 1893">
     <span class='ocr_line' id='line_1_46' title="bbox 2115 1821 3693 1893; baseline 0.003 -18"><span class='ocrx_word' id='word_1_292' title='bbox 2115 1837 2221 1875; x_wconf 91' lang='lat' dir='ltr'><strong>una</strong></span> <span class='ocrx_word' id='word_1_293' title='bbox 2251 1837 2375 1877; x_wconf 92' lang='lat' dir='ltr'><strong>cum</strong></span> <span class='ocrx_word' id='word_1_294' title='bbox 2415 1822 2533 1891; x_wconf 88' lang='lat' dir='ltr'><strong>ipso</strong></span> <span class='ocrx_word' id='word_1_295' title='bbox 2567 1823 2873 1892; x_wconf 88' lang='lat' dir='ltr'><strong>imperante</strong></span> <span class='ocrx_word' id='word_1_296' title='bbox 2902 1821 3252 1887; x_wconf 81' lang='lat' dir='ltr'><strong>Maximiano,</strong></span> <span class='ocrx_word' id='word_1_297' title='bbox 3286 1825 3380 1893; x_wconf 91' lang='lat' dir='ltr'><strong>qui</strong></span> <span class='ocrx_word' id='word_1_298' title='bbox 3408 1833 3462 1879; x_wconf 91' lang='lat' dir='ltr'><strong>et</strong></span> <span class='ocrx_word' id='word_1_299' title='bbox 3492 1824 3693 1879; x_wconf 90' lang='lat' dir='ltr'><strong>Curius</strong></span> 
     </span>
    </p>
   </div>
   <div class='ocr_carea' id='block_1_47' title="bbox 2112 1915 3695 1984">
    <p class='ocr_par' dir='ltr' id='par_1_47' title="bbox 2112 1915 3695 1984">
     <span class='ocr_line' id='line_1_47' title="bbox 2112 1915 3695 1984; baseline 0.001 -16"><span class='ocrx_word' id='word_1_300' title='bbox 2112 1915 2421 1984; x_wconf 91' lang='lat' dir='ltr'><strong>appellatus</strong></span> <span class='ocrx_word' id='word_1_301' title='bbox 2471 1924 2601 1982; x_wconf 89' lang='lat' dir='ltr'><strong>est;</strong></span> <span class='ocrx_word' id='word_1_302' title='bbox 2650 1917 2972 1984; x_wconf 87' lang='lat' dir='ltr'><strong>potitusque</strong></span> <span class='ocrx_word' id='word_1_303' title='bbox 3019 1925 3105 1971; x_wconf 88' lang='lat' dir='ltr'><strong>est</strong></span> <span class='ocrx_word' id='word_1_304' title='bbox 3152 1917 3207 1970; x_wconf 92' lang='lat' dir='ltr'><strong>in</strong></span> <span class='ocrx_word' id='word_1_305' title='bbox 3256 1915 3535 1972; x_wconf 76' lang='lat' dir='ltr'><strong>Romanos</strong></span> <span class='ocrx_word' id='word_1_306' title='bbox 3588 1918 3695 1971; x_wconf 84' lang='lat' dir='ltr'><strong>im-</strong></span> 
     </span>
    </p>
   </div>
   <div class='ocr_carea' id='block_1_48' title="bbox 2112 2004 3695 2077">
    <p class='ocr_par' dir='ltr' id='par_1_48' title="bbox 2112 2004 3695 2077">
     <span class='ocr_line' id='line_1_48' title="bbox 2112 2004 3695 2077; baseline 0.004 -21"><span class='ocrx_word' id='word_1_307' title='bbox 2112 2004 2267 2074; x_wconf 88' lang='lat' dir='ltr'><strong>perio</strong></span> <span class='ocrx_word' id='word_1_308' title='bbox 2297 2004 2459 2059; x_wconf 88' lang='lat' dir='ltr'><strong>annis</strong></span> <span class='ocrx_word' id='word_1_309' title='bbox 2491 2005 2680 2075; x_wconf 87' lang='lat' dir='ltr'><strong>viginti</strong></span> <span class='ocrx_word' id='word_1_310' title='bbox 2714 2020 2845 2059; x_wconf 91' lang='lat' dir='ltr'><strong>uno.</strong></span> <span class='ocrx_word' id='word_1_311' title='bbox 2895 2004 3211 2077; x_wconf 82' lang='lat' dir='ltr'><strong>Magnarum</strong></span> <span class='ocrx_word' id='word_1_312' title='bbox 3254 2007 3328 2062; x_wconf 88' lang='lat' dir='ltr'><strong>illi</strong></span> <span class='ocrx_word' id='word_1_313' title='bbox 3365 2007 3695 2063; x_wconf 87' lang='lat' dir='ltr'><strong>Christianis</strong></span> 
     </span>
    </p>
   </div>
   <div class='ocr_carea' id='block_1_49' title="bbox 2112 2098 3696 2172">
    <p class='ocr_par' dir='ltr' id='par_1_49' title="bbox 2112 2098 3696 2172">
     <span class='ocr_line' id='line_1_49' title="bbox 2112 2098 3696 2172; baseline 0.004 -21"><span class='ocrx_word' id='word_1_314' title='bbox 2112 2098 2512 2163; x_wconf 83' lang='lat' dir='ltr'><strong>calamitatum,</strong></span> <span class='ocrx_word' id='word_1_315' title='bbox 2537 2110 2589 2154; x_wconf 90' lang='lat' dir='ltr'><strong>et</strong></span> <span class='ocrx_word' id='word_1_316' title='bbox 2617 2101 2856 2155; x_wconf 64' lang='lat' dir='ltr'><strong>tristitiae</strong></span> <span class='ocrx_word' id='word_1_317' title='bbox 2892 2100 3186 2167; x_wconf 61' lang='lat' dir='ltr'><strong>diuturna},</strong></span> <span class='ocrx_word' id='word_1_318' title='bbox 3233 2104 3696 2172; x_wconf 86' lang='lat' dir='ltr'><strong>cruciatuumqtte</strong></span> 
     </span>
    </p>
   </div>
   <div class='ocr_carea' id='block_1_50' title="bbox 2112 2191 3695 2260">
    <p class='ocr_par' dir='ltr' id='par_1_50' title="bbox 2112 2191 3695 2260">
     <span class='ocr_line' id='line_1_50' title="bbox 2112 2191 3695 2260; baseline 0.004 -19"><span class='ocrx_word' id='word_1_319' title='bbox 2112 2191 2359 2258; x_wconf 87' lang='lat' dir='ltr'><strong>gravium</strong></span> <span class='ocrx_word' id='word_1_320' title='bbox 2410 2205 2475 2244; x_wconf 89' lang='lat' dir='ltr'><strong>ac</strong></span> <span class='ocrx_word' id='word_1_321' title='bbox 2520 2191 2928 2260; x_wconf 76' lang='lat' dir='ltr'><strong>persecutionis</strong></span> <span class='ocrx_word' id='word_1_322' title='bbox 2956 2193 3110 2247; x_wconf 71' lang='lat' dir='ltr'><strong>dum</strong></span> <span class='ocrx_word' id='word_1_323' title='bbox 3158 2203 3416 2249; x_wconf 86' lang='lat' dir='ltr'><strong>auctores</strong></span> <span class='ocrx_word' id='word_1_324' title='bbox 3451 2195 3695 2259; x_wconf 77' lang='lat' dir='ltr'><strong>fuerunt,</strong></span> 
     </span>
    </p>
   </div>
   <div class='ocr_carea' id='block_1_51' title="bbox 2111 2278 3697 2355">
    <p class='ocr_par' dir='ltr' id='par_1_51' title="bbox 2111 2278 3697 2355">
     <span class='ocr_line' id='line_1_51' title="bbox 2111 2278 3697 2355; baseline 0.005 -24"><span class='ocrx_word' id='word_1_325' title='bbox 2111 2278 2250 2333; x_wconf 89' lang='lat' dir='ltr'><strong>adeo</strong></span> <span class='ocrx_word' id='word_1_326' title='bbox 2296 2289 2359 2333; x_wconf 92' lang='lat' dir='ltr'><strong>ut</strong></span> <span class='ocrx_word' id='word_1_327' title='bbox 2407 2280 2615 2349; x_wconf 87' lang='lat' dir='ltr'><strong>majora</strong></span> <span class='ocrx_word' id='word_1_328' title='bbox 2657 2282 2769 2336; x_wconf 92' lang='lat' dir='ltr'><strong>sint</strong></span> <span class='ocrx_word' id='word_1_329' title='bbox 2819 2299 2982 2353; x_wconf 90' lang='lat' dir='ltr'><strong>quam</strong></span> <span class='ocrx_word' id='word_1_330' title='bbox 3017 2300 3140 2353; x_wconf 69' lang='lat' dir='ltr'><strong>qua:</strong></span> <span class='ocrx_word' id='word_1_331' title='bbox 3180 2286 3416 2355; x_wconf 81' lang='lat' dir='ltr'><strong>exprimi</strong></span> <span class='ocrx_word' id='word_1_332' title='bbox 3462 2298 3697 2355; x_wconf 85' lang='lat' dir='ltr'><strong>possunt</strong></span> 
     </span>
    </p>
   </div>
   <div class='ocr_carea' id='block_1_52' title="bbox 2111 2372 3693 2446">
    <p class='ocr_par' dir='ltr' id='par_1_52' title="bbox 2111 2372 3693 2446">
     <span class='ocr_line' id='line_1_52' title="bbox 2111 2372 3693 2446; baseline 0.003 -22"><span class='ocrx_word' id='word_1_333' title='bbox 2111 2372 2274 2437; x_wconf 89' lang='lat' dir='ltr'><strong>mala,</strong></span> <span class='ocrx_word' id='word_1_334' title='bbox 2312 2389 2434 2442; x_wconf 87' lang='lat' dir='ltr'><strong>quae</strong></span> <span class='ocrx_word' id='word_1_335' title='bbox 2456 2375 2566 2429; x_wconf 90' lang='lat' dir='ltr'><strong>illis</strong></span> <span class='ocrx_word' id='word_1_336' title='bbox 2606 2374 2931 2440; x_wconf 89' lang='lat' dir='ltr'><strong>intulerunt,</strong></span> <span class='ocrx_word' id='word_1_337' title='bbox 2959 2391 3064 2445; x_wconf 88' lang='lat' dir='ltr'><strong>qua</strong></span> <span class='ocrx_word' id='word_1_338' title='bbox 3095 2378 3262 2441; x_wconf 76' lang='lat' dir='ltr'><strong>caede,</strong></span> <span class='ocrx_word' id='word_1_339' title='bbox 3294 2392 3400 2446; x_wconf 91' lang='lat' dir='ltr'><strong>qua</strong></span> <span class='ocrx_word' id='word_1_340' title='bbox 3426 2377 3693 2432; x_wconf 91' lang='lat' dir='ltr'><strong>bonorum</strong></span> 
     </span>
    </p>
   </div>
   <div class='ocr_carea' id='block_1_53' title="bbox 2118 2463 3696 2537">
    <p class='ocr_par' dir='ltr' id='par_1_53' title="bbox 2118 2463 3696 2537">
     <span class='ocr_line' id='line_1_53' title="bbox 2118 2463 3696 2537; baseline 0.004 -23"><span class='ocrx_word' id='word_1_341' title='bbox 2118 2463 2490 2531; x_wconf 81' lang='lat' dir='ltr'><strong>publicatione</strong></span> <span class='ocrx_word' id='word_1_342' title='bbox 2516 2479 2532 2529; x_wconf 90' lang='lat'><strong>;</strong></span> <span class='ocrx_word' id='word_1_343' title='bbox 2560 2465 2863 2520; x_wconf 81' lang='lat' dir='ltr'><strong>interfectis</strong></span> <span class='ocrx_word' id='word_1_344' title='bbox 2880 2482 2945 2520; x_wconf 86' lang='lat' dir='ltr'><strong>ex</strong></span> <span class='ocrx_word' id='word_1_345' title='bbox 2973 2469 3105 2537; x_wconf 84' lang='lat' dir='ltr'><strong>ipsis</strong></span> <span class='ocrx_word' id='word_1_346' title='bbox 3128 2483 3363 2537; x_wconf 86' lang='lat' dir='ltr'><strong>quorum</strong></span> <span class='ocrx_word' id='word_1_347' title='bbox 3395 2484 3425 2522; x_wconf 83' lang='lat' dir='ltr'><strong>a</strong></span> <span class='ocrx_word' id='word_1_348' title='bbox 3453 2471 3696 2534; x_wconf 75' lang='lat' dir='ltr'><strong>nemine,</strong></span> 
     </span>
    </p>
   </div>
   <div class='ocr_carea' id='block_1_54' title="bbox 2112 2554 3694 2633">
    <p class='ocr_par' dir='ltr' id='par_1_54' title="bbox 2112 2554 3694 2633">
     <span class='ocr_line' id='line_1_54' title="bbox 2112 2554 3694 2633; baseline 0.004 -24"><span class='ocrx_word' id='word_1_349' title='bbox 2112 2565 2342 2625; x_wconf 81' lang='lat' dir='ltr'><strong>excepto</strong></span> <span class='ocrx_word' id='word_1_350' title='bbox 2373 2554 2506 2620; x_wconf 89' lang='lat' dir='ltr'><strong>Deo,</strong></span> <span class='ocrx_word' id='word_1_351' title='bbox 2544 2574 2813 2615; x_wconf 91' lang='lat' dir='ltr'><strong>numerus</strong></span> <span class='ocrx_word' id='word_1_352' title='bbox 2845 2560 2974 2615; x_wconf 91' lang='lat' dir='ltr'><strong>iniri</strong></span> <span class='ocrx_word' id='word_1_353' title='bbox 3005 2570 3209 2631; x_wconf 84' lang='lat' dir='ltr'><strong>potest,</strong></span> <span class='ocrx_word' id='word_1_354' title='bbox 3272 2578 3337 2615; x_wconf 87' lang='lat' dir='ltr'><strong>ac</strong></span> <span class='ocrx_word' id='word_1_355' title='bbox 3371 2564 3694 2633; x_wconf 82' lang='lat' dir='ltr'><strong>martyrium</strong></span> 
     </span>
    </p>
   </div>
   <div class='ocr_carea' id='block_1_55' title="bbox 2111 2653 3697 2724">
    <p class='ocr_par' dir='ltr' id='par_1_55' title="bbox 2111 2653 3697 2724">
     <span class='ocr_line' id='line_1_55' title="bbox 2111 2653 3697 2724; baseline 0.003 -20"><span class='ocrx_word' id='word_1_356' title='bbox 2111 2664 2302 2704; x_wconf 89' lang='lat' dir='ltr'><strong>eorum</strong></span> <span class='ocrx_word' id='word_1_357' title='bbox 2344 2659 2592 2723; x_wconf 89' lang='lat' dir='ltr'><strong>tempore</strong></span> <span class='ocrx_word' id='word_1_358' title='bbox 2644 2653 2824 2721; x_wconf 86' lang='lat' dir='ltr'><strong>passis</strong></span> <span class='ocrx_word' id='word_1_359' title='bbox 2878 2653 3117 2709; x_wconf 85' lang='lat' dir='ltr'><strong>millenis</strong></span> <span class='ocrx_word' id='word_1_360' title='bbox 3170 2664 3475 2724; x_wconf 86' lang='lat' dir='ltr'><strong>martyrum</strong></span> <span class='ocrx_word' id='word_1_361' title='bbox 3532 2656 3697 2709; x_wconf 87' lang='lat' dir='ltr'><strong>milli-</strong></span> 
     </span>
    </p>
   </div>
   <div class='ocr_carea' id='block_1_56' title="bbox 2112 2739 3696 2817">
    <p class='ocr_par' dir='ltr' id='par_1_56' title="bbox 2112 2739 3696 2817">
     <span class='ocr_line' id='line_1_56' title="bbox 2112 2739 3696 2817; baseline 0.002 -21"><span class='ocrx_word' id='word_1_362' title='bbox 2112 2741 2239 2797; x_wconf 89' lang='lat' dir='ltr'><strong>bus.</strong></span> <span class='ocrx_word' id='word_1_363' title='bbox 2283 2739 2451 2796; x_wconf 87' lang='lat' dir='ltr'><strong>Iidem</strong></span> <span class='ocrx_word' id='word_1_364' title='bbox 2483 2754 2738 2797; x_wconf 71' lang='lat' dir='ltr'><strong>sanctum</strong></span> <span class='ocrx_word' id='word_1_365' title='bbox 2770 2743 3061 2814; x_wconf 86' lang='lat' dir='ltr'><strong>Georgium</strong></span> <span class='ocrx_word' id='word_1_366' title='bbox 3097 2746 3265 2800; x_wconf 88' lang='lat' dir='ltr'><strong>variis</strong></span> <span class='ocrx_word' id='word_1_367' title='bbox 3299 2747 3696 2817; x_wconf 84' lang='lat' dir='ltr'><strong>suppliciorum</strong></span> 
     </span>
    </p>
   </div>
   <div class='ocr_carea' id='block_1_57' title="bbox 2112 2834 3700 2903">
    <p class='ocr_par' dir='ltr' id='par_1_57' title="bbox 2112 2834 3700 2903">
     <span class='ocr_line' id='line_1_57' title="bbox 2112 2834 3700 2903; baseline 0.001 -14"><span class='ocrx_word' id='word_1_368' title='bbox 2112 2834 2408 2903; x_wconf 83' lang='lat' dir='ltr'><strong>generibus</strong></span> <span class='ocrx_word' id='word_1_369' title='bbox 2459 2836 2767 2890; x_wconf 89' lang='lat' dir='ltr'><strong>cruciatum</strong></span> <span class='ocrx_word' id='word_1_370' title='bbox 2806 2838 2861 2890; x_wconf 93' lang='lat' dir='ltr'><strong>in</strong></span> <span class='ocrx_word' id='word_1_371' title='bbox 2913 2837 3227 2902; x_wconf 72' lang='lat' dir='ltr'><strong>Palaestina,</strong></span> <span class='ocrx_word' id='word_1_372' title='bbox 3284 2846 3460 2892; x_wconf 89' lang='lat' dir='ltr'><strong>morte</strong></span> <span class='ocrx_word' id='word_1_373' title='bbox 3505 2836 3700 2891; x_wconf 53' lang='lat' dir='ltr'><strong>aﬂecec</strong></span> 
     </span>
    </p>
   </div>
   <div class='ocr_carea' id='block_1_58' title="bbox 2115 2928 3698 3001">
    <p class='ocr_par' dir='ltr' id='par_1_58' title="bbox 2115 2928 3698 3001">
     <span class='ocr_line' id='line_1_58' title="bbox 2115 2928 3698 3001; baseline 0.002 -20"><span class='ocrx_word' id='word_1_374' title='bbox 2115 2935 2246 2982; x_wconf 80' lang='lat' dir='ltr'><strong>runt</strong></span> <span class='ocrx_word' id='word_1_375' title='bbox 2280 2945 2293 2983; x_wconf 92' lang='lat'>:</span> <span class='ocrx_word' id='word_1_376' title='bbox 2340 2928 2434 2998; x_wconf 92' lang='lat' dir='ltr'><strong>qui</strong></span> <span class='ocrx_word' id='word_1_377' title='bbox 2472 2938 2699 2983; x_wconf 88' lang='lat' dir='ltr'><strong>sanctus</strong></span> <span class='ocrx_word' id='word_1_378' title='bbox 2731 2946 2759 2982; x_wconf 90' lang='lat' dir='ltr'><strong>a</strong></span> <span class='ocrx_word' id='word_1_379' title='bbox 2788 2929 3132 3000; x_wconf 85' lang='lat' dir='ltr'><strong>Cappadocia</strong></span> <span class='ocrx_word' id='word_1_380' title='bbox 3171 2945 3345 3001; x_wconf 84' lang='lat' dir='ltr'><strong>genus</strong></span> <span class='ocrx_word' id='word_1_381' title='bbox 3374 2931 3548 2984; x_wconf 76' lang='lat' dir='ltr'><strong>duxit.</strong></span> <span class='ocrx_word' id='word_1_382' title='bbox 3604 2930 3698 2984; x_wconf 83' lang='lat' dir='ltr'><strong>ln-</strong></span> 
     </span>
    </p>
   </div>
   <div class='ocr_carea' id='block_1_59' title="bbox 2114 3018 3695 3093">
    <p class='ocr_par' dir='ltr' id='par_1_59' title="bbox 2114 3018 3695 3093">
     <span class='ocr_line' id='line_1_59' title="bbox 2114 3018 3695 3093; baseline 0.002 -20"><span class='ocrx_word' id='word_1_383' title='bbox 2114 3018 2451 3074; x_wconf 77' lang='lat' dir='ltr'><strong>terl‘ecerunt</strong></span> <span class='ocrx_word' id='word_1_384' title='bbox 2489 3022 2657 3075; x_wconf 87' lang='lat' dir='ltr'><strong>etiam</strong></span> <span class='ocrx_word' id='word_1_385' title='bbox 2689 3031 2945 3076; x_wconf 87' lang='lat' dir='ltr'><strong>sanctum</strong></span> <span class='ocrx_word' id='word_1_386' title='bbox 2996 3021 3220 3085; x_wconf 80' lang='lat' dir='ltr'><strong>Mittam,</strong></span> <span class='ocrx_word' id='word_1_387' title='bbox 3274 3020 3439 3093; x_wconf 66' lang='grc'><strong>404</strong></span> <span class='ocrx_word' id='word_1_388' title='bbox 3479 3036 3695 3076; x_wconf 89' lang='lat' dir='ltr'><strong>necnon</strong></span> 
     </span>
    </p>
   </div>
   <div class='ocr_carea' id='block_1_60' title="bbox 421 3111 3700 3183">
    <p class='ocr_par' dir='ltr' id='par_1_60' title="bbox 421 3111 3700 3183">
     <span class='ocr_line' id='line_1_60' title="bbox 421 3111 3700 3183; baseline -0.002 -11"><span class='ocrx_word' id='word_1_389' title='bbox 421 3118 592 3173; x_wconf 89' lang='lat' dir='ltr'><strong>sciret</strong></span> <span class='ocrx_word' id='word_1_390' title='bbox 638 3132 831 3171; x_wconf 85' lang='lat' dir='ltr'><strong>necne</strong></span> <span class='ocrx_word' id='word_1_391' title='bbox 862 3126 1045 3170; x_wconf 89' lang='lat' dir='ltr'><strong>utrum</strong></span> <span class='ocrx_word' id='word_1_392' title='bbox 1079 3114 1134 3169; x_wconf 88' lang='lat' dir='ltr'><strong>itt</strong></span> <span class='ocrx_word' id='word_1_393' title='bbox 1182 3126 1339 3169; x_wconf 89' lang='lat' dir='ltr'><strong>utero</strong></span> <span class='ocrx_word' id='word_1_394' title='bbox 1385 3128 1615 3183; x_wconf 91' lang='lat' dir='ltr'><strong>puerum</strong></span> <span class='ocrx_word' id='word_1_395' title='bbox 1662 3127 1731 3166; x_wconf 89' lang='lat' dir='ltr'><strong>an</strong></span> <span class='ocrx_word' id='word_1_396' title='bbox 1766 3112 2002 3181; x_wconf 87' lang='lat' dir='ltr'><strong>puellam</strong></span> <span class='ocrx_word' id='word_1_397' title='bbox 2032 3123 2078 3182; x_wconf 70' lang='grc' dir='ltr'>ο</span> <span class='ocrx_word' id='word_1_398' title='bbox 2112 3120 2369 3165; x_wconf 90' lang='lat' dir='ltr'><strong>sanctum</strong></span> <span class='ocrx_word' id='word_1_399' title='bbox 2425 3111 2728 3178; x_wconf 85' lang='lat' dir='ltr'><strong>Victorem,</strong></span> <span class='ocrx_word' id='word_1_400' title='bbox 2784 3112 3117 3167; x_wconf 67' lang='lat' dir='ltr'><strong>l‘hicinitum</strong></span> <span class='ocrx_word' id='word_1_401' title='bbox 3145 3152 3160 3177; x_wconf 92' lang='lat'><strong>,</strong></span> <span class='ocrx_word' id='word_1_402' title='bbox 3220 3114 3580 3168; x_wconf 79' lang='lat' dir='ltr'><strong>Abimachum</strong></span> <span class='ocrx_word' id='word_1_403' title='bbox 3643 3120 3700 3168; x_wconf 91' lang='lat' dir='ltr'><strong>et</strong></span> 
     </span>
    </p>
   </div>
   <div class='ocr_carea' id='block_1_61' title="bbox 422 3203 2006 3279">
    <p class='ocr_par' dir='ltr' id='par_1_61' title="bbox 422 3203 2006 3279">
     <span class='ocr_line' id='line_1_61' title="bbox 422 3203 2006 3279; baseline -0.004 -16"><span class='ocrx_word' id='word_1_404' title='bbox 422 3217 687 3279; x_wconf 89' lang='lat' dir='ltr'><strong>gestaret,</strong></span> <span class='ocrx_word' id='word_1_405' title='bbox 721 3209 1002 3279; x_wconf 87' lang='lat' dir='ltr'><strong>respondit</strong></span> <span class='ocrx_word' id='word_1_406' title='bbox 1033 3207 1125 3262; x_wconf 90' lang='lat' dir='ltr'><strong>illa</strong></span> <span class='ocrx_word' id='word_1_407' title='bbox 1165 3206 1401 3261; x_wconf 80' lang='lat' dir='ltr'><strong>:Motum</strong></span> <span class='ocrx_word' id='word_1_408' title='bbox 1428 3204 1743 3275; x_wconf 84' lang='lat' dir='ltr'><strong>embryonis</strong></span> <span class='ocrx_word' id='word_1_409' title='bbox 1766 3204 1832 3258; x_wconf 90' lang='lat' dir='ltr'><strong>ad</strong></span> <span class='ocrx_word' id='word_1_410' title='bbox 1862 3203 2006 3257; x_wconf 88' lang='lat' dir='ltr'><strong>latus</strong></span> 
     </span>
    </p>
   </div>
   <div class='ocr_carea' id='block_1_62' title="bbox 422 3295 2007 3367">
    <p class='ocr_par' dir='ltr' id='par_1_62' title="bbox 422 3295 2007 3367">
     <span class='ocr_line' id='line_1_62' title="bbox 422 3295 2007 3367; baseline -0.005 -11"><span class='ocrx_word' id='word_1_411' title='bbox 422 3301 678 3357; x_wconf 81' lang='lat' dir='ltr'><strong>dextrum</strong></span> <span class='ocrx_word' id='word_1_412' title='bbox 732 3300 950 3366; x_wconf 91' lang='lat' dir='ltr'><strong>sentio,</strong></span> <span class='ocrx_word' id='word_1_413' title='bbox 1004 3314 1130 3353; x_wconf 91' lang='lat' dir='ltr'><strong>cum</strong></span> <span class='ocrx_word' id='word_1_414' title='bbox 1183 3297 1507 3367; x_wconf 82' lang='lat' dir='ltr'><strong>gestaminis</strong></span> <span class='ocrx_word' id='word_1_415' title='bbox 1554 3296 1814 3362; x_wconf 88' lang='lat' dir='ltr'><strong>levitate,</strong></span> <span class='ocrx_word' id='word_1_416' title='bbox 1862 3295 2007 3365; x_wconf 86' lang='lat' dir='ltr'><strong>quod</strong></span> 
     </span>
    </p>
   </div>
   <div class='ocr_carea' id='block_1_63' title="bbox 422 3387 2011 3458">
    <p class='ocr_par' dir='ltr' id='par_1_63' title="bbox 422 3387 2011 3458">
     <span class='ocr_line' id='line_1_63' title="bbox 422 3387 2011 3458; baseline -0.006 -9"><span class='ocrx_word' id='word_1_417' title='bbox 422 3393 687 3450; x_wconf 91' lang='lat' dir='ltr'><strong>indicium</strong></span> <span class='ocrx_word' id='word_1_418' title='bbox 736 3399 820 3446; x_wconf 87' lang='lat' dir='ltr'><strong>est</strong></span> <span class='ocrx_word' id='word_1_419' title='bbox 870 3391 1040 3446; x_wconf 81' lang='lat' dir='ltr'><strong>fetum</strong></span> <span class='ocrx_word' id='word_1_420' title='bbox 1099 3390 1404 3445; x_wconf 86' lang='lat' dir='ltr'><strong>masculum</strong></span> <span class='ocrx_word' id='word_1_421' title='bbox 1448 3403 1590 3444; x_wconf 89' lang='lat' dir='ltr'><strong>esse.</strong></span> <span class='ocrx_word' id='word_1_422' title='bbox 1644 3387 1829 3444; x_wconf 86' lang='lat' dir='ltr'><strong>Cavisi</strong></span> <span class='ocrx_word' id='word_1_423' title='bbox 1882 3402 2011 3458; x_wconf 87' lang='lat' dir='ltr'><strong>ergo</strong></span> 
     </span>
    </p>
   </div>
   <div class='ocr_carea' id='block_1_64' title="bbox 422 3481 2008 3550">
    <p class='ocr_par' dir='ltr' id='par_1_64' title="bbox 422 3481 2008 3550">
     <span class='ocr_line' id='line_1_64' title="bbox 422 3481 2008 3550; baseline -0.006 -10"><span class='ocrx_word' id='word_1_424' title='bbox 422 3485 495 3540; x_wconf 93' lang='lat' dir='ltr'><strong>illi</strong></span> <span class='ocrx_word' id='word_1_425' title='bbox 560 3484 814 3539; x_wconf 88' lang='lat' dir='ltr'><strong>diadema</strong></span> <span class='ocrx_word' id='word_1_426' title='bbox 884 3492 1042 3538; x_wconf 89' lang='lat' dir='ltr'><strong>utero</strong></span> <span class='ocrx_word' id='word_1_427' title='bbox 1119 3481 1367 3537; x_wconf 85' lang='lat' dir='ltr'><strong>mulieris</strong></span> <span class='ocrx_word' id='word_1_428' title='bbox 1447 3481 1606 3536; x_wconf 90' lang='lat' dir='ltr'><strong>istius</strong></span> <span class='ocrx_word' id='word_1_429' title='bbox 1669 3481 2008 3550; x_wconf 78' lang='lat' dir='ltr'><strong>alligarunt,</strong></span> 
     </span>
    </p>
   </div>
   <div class='ocr_carea' id='block_1_65' title="bbox 418 3574 2006 3646">
    <p class='ocr_par' dir='ltr' id='par_1_65' title="bbox 418 3574 2006 3646">
     <span class='ocr_line' id='line_1_65' title="bbox 418 3574 2006 3646; baseline -0.003 -15"><span class='ocrx_word' id='word_1_430' title='bbox 418 3590 657 3646; x_wconf 87' lang='lat' dir='ltr'><strong>cumque</strong></span> <span class='ocrx_word' id='word_1_431' title='bbox 709 3575 878 3629; x_wconf 82' lang='lat' dir='ltr'><strong>(ilium</strong></span> <span class='ocrx_word' id='word_1_432' title='bbox 932 3576 1262 3645; x_wconf 86' lang='lat' dir='ltr'><strong>peperisset,</strong></span> <span class='ocrx_word' id='word_1_433' title='bbox 1327 3576 1505 3629; x_wconf 91' lang='lat' dir='ltr'><strong>Sabur</strong></span> <span class='ocrx_word' id='word_1_434' title='bbox 1550 3574 1859 3645; x_wconf 88' lang='lat' dir='ltr'><strong>appellatus</strong></span> <span class='ocrx_word' id='word_1_435' title='bbox 1901 3583 2006 3629; x_wconf 90' lang='lat' dir='ltr'><strong>est.</strong></span> 
     </span>
    </p>
   </div>
   <div class='ocr_carea' id='block_1_66' title="bbox 417 3666 2005 3741">
    <p class='ocr_par' dir='ltr' id='par_1_66' title="bbox 417 3666 2005 3741">
     <span class='ocr_line' id='line_1_66' title="bbox 417 3666 2005 3741; baseline -0.001 -18"><span class='ocrx_word' id='word_1_436' title='bbox 417 3668 583 3741; x_wconf 68' lang='lat'><strong>400</strong></span> <span class='ocrx_word' id='word_1_437' title='bbox 612 3669 820 3736; x_wconf 83' lang='lat' dir='ltr'><strong>Estque</strong></span> <span class='ocrx_word' id='word_1_438' title='bbox 854 3668 943 3722; x_wconf 91' lang='lat' dir='ltr'><strong>ille</strong></span> <span class='ocrx_word' id='word_1_439' title='bbox 973 3669 1116 3722; x_wconf 89' lang='lat' dir='ltr'><strong>idem</strong></span> <span class='ocrx_word' id='word_1_440' title='bbox 1145 3669 1237 3738; x_wconf 92' lang='lat' dir='ltr'><strong>qui</strong></span> <span class='ocrx_word' id='word_1_441' title='bbox 1267 3666 1565 3723; x_wconf 79' lang='lat' dir='ltr'><strong>Dul-Ectal’</strong></span> <span class='ocrx_word' id='word_1_442' title='bbox 1616 3666 2005 3739; x_wconf 81' lang='lat' dir='ltr'><strong>[Scapularum</strong></span> 
     </span>
    </p>
   </div>
   <div class='ocr_carea' id='block_1_67' title="bbox 423 3760 2007 3834">
    <p class='ocr_par' dir='ltr' id='par_1_67' title="bbox 423 3760 2007 3834">
     <span class='ocr_line' id='line_1_67' title="bbox 423 3760 2007 3834; baseline 0.001 -20"><span class='ocrx_word' id='word_1_443' title='bbox 423 3760 713 3834; x_wconf 85' lang='lat' dir='ltr'><strong>Dominus]</strong></span> <span class='ocrx_word' id='word_1_444' title='bbox 752 3762 1174 3832; x_wconf 85' lang='lat' dir='ltr'><strong>cognominatus</strong></span> <span class='ocrx_word' id='word_1_445' title='bbox 1238 3770 1361 3827; x_wconf 86' lang='lat' dir='ltr'><strong>est;</strong></span> <span class='ocrx_word' id='word_1_446' title='bbox 1415 3762 1542 3816; x_wconf 91' lang='lat' dir='ltr'><strong>inde</strong></span> <span class='ocrx_word' id='word_1_447' title='bbox 1600 3762 1808 3816; x_wconf 75' lang='lat' dir='ltr'><strong>scilicet</strong></span> <span class='ocrx_word' id='word_1_448' title='bbox 1856 3762 2007 3832; x_wconf 88' lang='lat' dir='ltr'><strong>quod</strong></span> 
     </span>
    </p>
   </div>
   <div class='ocr_carea' id='block_1_68' title="bbox 418 3838 2006 3925">
    <p class='ocr_par' dir='ltr' id='par_1_68' title="bbox 418 3838 2006 3925">
     <span class='ocr_line' id='line_1_68' title="bbox 418 3838 2006 3925; baseline -0.001 -16"><span class='ocrx_word' id='word_1_449' title='bbox 418 3870 544 3910; x_wconf 91' lang='lat' dir='ltr'><strong>cum</strong></span> <span class='ocrx_word' id='word_1_450' title='bbox 573 3868 755 3925; x_wconf 85' lang='lat' dir='ltr'><strong>regem</strong></span> <span class='ocrx_word' id='word_1_451' title='bbox 780 3854 1018 3924; x_wconf 84' lang='lat' dir='ltr'><strong>aliquem</strong></span> <span class='ocrx_word' id='word_1_452' title='bbox 1048 3853 1318 3919; x_wconf 87' lang='lat' dir='ltr'><strong>vinceret,</strong></span> <span class='ocrx_word' id='word_1_453' title='bbox 1346 3854 1628 3922; x_wconf 90' lang='lat' dir='ltr'><strong>scapulam</strong></span> <span class='ocrx_word' id='word_1_454' title='bbox 1662 3838 1751 3908; x_wconf 83' lang='lat' dir='ltr'><strong>illi</strong></span> <span class='ocrx_word' id='word_1_455' title='bbox 1771 3854 2006 3909; x_wconf 82' lang='lat' dir='ltr'><strong>luxaret.</strong></span> 
     </span>
    </p>
   </div>
   <div class='ocr_carea' id='block_1_69' title="bbox 419 3945 2008 4018">
    <p class='ocr_par' dir='ltr' id='par_1_69' title="bbox 419 3945 2008 4018">
     <span class='ocr_line' id='line_1_69' title="bbox 419 3945 2008 4018; baseline -0.001 -17"><span class='ocrx_word' id='word_1_456' title='bbox 419 3946 613 4018; x_wconf 75' lang='lat' dir='ltr'><strong>Magna</strong></span> <span class='ocrx_word' id='word_1_457' title='bbox 666 3956 884 4015; x_wconf 89' lang='lat' dir='ltr'><strong>autem,</strong></span> <span class='ocrx_word' id='word_1_458' title='bbox 934 3946 1110 4017; x_wconf 91' lang='lat' dir='ltr'><strong>ipsius</strong></span> <span class='ocrx_word' id='word_1_459' title='bbox 1162 3961 1366 4011; x_wconf 89' lang='lat' dir='ltr'><strong>causa,</strong></span> <span class='ocrx_word' id='word_1_460' title='bbox 1423 3947 1608 4001; x_wconf 67' lang='lat' dir='ltr'><strong>laetitia</strong></span> <span class='ocrx_word' id='word_1_461' title='bbox 1656 3945 1836 4003; x_wconf 77' lang='lat' dir='ltr'><strong>allecti</strong></span> <span class='ocrx_word' id='word_1_462' title='bbox 1877 3955 2008 4002; x_wconf 91' lang='lat' dir='ltr'><strong>sunt</strong></span> 
     </span>
    </p>
   </div>
   <div class='ocr_carea' id='block_1_70' title="bbox 414 4039 621 4096">
    <p class='ocr_par' dir='ltr' id='par_1_70' title="bbox 414 4039 621 4096">
     <span class='ocr_line' id='line_1_70' title="bbox 414 4039 621 4096; baseline -0.01 0"><span class='ocrx_word' id='word_1_463' title='bbox 414 4039 621 4096; x_wconf 68' lang='lat' dir='ltr'><strong>Persae.</strong></span> 
     </span>
    </p>
   </div>
   <div class='ocr_carea' id='block_1_71' title="bbox 489 4130 2002 4201">
    <p class='ocr_par' dir='ltr' id='par_1_71' title="bbox 489 4130 2002 4201">
     <span class='ocr_line' id='line_1_71' title="bbox 489 4130 2002 4201; baseline 0.001 -16"><span class='ocrx_word' id='word_1_464' title='bbox 489 4132 704 4187; x_wconf 81' lang='lat' dir='ltr'><strong>Mortuo</strong></span> <span class='ocrx_word' id='word_1_465' title='bbox 730 4132 954 4187; x_wconf 84' lang='lat' dir='ltr'><strong>Aurelio</strong></span> <span class='ocrx_word' id='word_1_466' title='bbox 983 4130 1202 4187; x_wconf 81' lang='lat' dir='ltr'><strong>Caesare</strong></span> <span class='ocrx_word' id='word_1_467' title='bbox 1236 4130 1614 4189; x_wconf 80' lang='lat' dir='ltr'><strong>Romanorum</strong></span> <span class='ocrx_word' id='word_1_468' title='bbox 1650 4130 2002 4201; x_wconf 80' lang='lat' dir='ltr'><strong>imperatore,</strong></span> 
     </span>
    </p>
   </div>
   <div class='ocr_carea' id='block_1_72' title="bbox 416 4223 2003 4298">
    <p class='ocr_par' dir='ltr' id='par_1_72' title="bbox 416 4223 2003 4298">
     <span class='ocr_line' id='line_1_72' title="bbox 416 4223 2003 4298; baseline -0.003 -17"><span class='ocrx_word' id='word_1_469' title='bbox 416 4235 543 4298; x_wconf 88' lang='lat' dir='ltr'><strong>post</strong></span> <span class='ocrx_word' id='word_1_470' title='bbox 572 4228 752 4297; x_wconf 84' lang='lat' dir='ltr'><strong>ipsum</strong></span> <span class='ocrx_word' id='word_1_471' title='bbox 788 4235 1093 4296; x_wconf 88' lang='lat' dir='ltr'><strong>regnarunt</strong></span> <span class='ocrx_word' id='word_1_472' title='bbox 1131 4224 1362 4281; x_wconf 87' lang='lat' dir='ltr'><strong>Tacitus</strong></span> <span class='ocrx_word' id='word_1_473' title='bbox 1396 4233 1451 4279; x_wconf 90' lang='lat' dir='ltr'><strong>et</strong></span> <span class='ocrx_word' id='word_1_474' title='bbox 1490 4223 1775 4280; x_wconf 86' lang='lat' dir='ltr'><strong>Kurianus</strong></span> <span class='ocrx_word' id='word_1_475' title='bbox 1808 4239 2003 4279; x_wconf 89' lang='lat' dir='ltr'><strong>novem</strong></span> 
     </span>
    </p>
   </div>
   <div class='ocr_carea' id='block_1_73' title="bbox 416 4318 2006 4389">
    <p class='ocr_par' dir='ltr' id='par_1_73' title="bbox 416 4318 2006 4389">
     <span class='ocr_line' id='line_1_73' title="bbox 416 4318 2006 4389; baseline 0.001 -17"><span class='ocrx_word' id='word_1_476' title='bbox 416 4334 671 4383; x_wconf 87' lang='lat' dir='ltr'><strong>menses,</strong></span> <span class='ocrx_word' id='word_1_477' title='bbox 720 4318 849 4373; x_wconf 91' lang='lat' dir='ltr'><strong>dein</strong></span> <span class='ocrx_word' id='word_1_478' title='bbox 890 4319 1060 4375; x_wconf 90' lang='lat' dir='ltr'><strong>occisi</strong></span> <span class='ocrx_word' id='word_1_479' title='bbox 1110 4327 1262 4374; x_wconf 87' lang='lat' dir='ltr'><strong>sunt.</strong></span> <span class='ocrx_word' id='word_1_480' title='bbox 1316 4320 1631 4389; x_wconf 83' lang='lat' dir='ltr'><strong>imperante</strong></span> <span class='ocrx_word' id='word_1_481' title='bbox 1680 4327 1805 4389; x_wconf 89' lang='lat' dir='ltr'><strong>post</strong></span> <span class='ocrx_word' id='word_1_482' title='bbox 1857 4319 2006 4381; x_wconf 87' lang='lat' dir='ltr'><strong>ipsos</strong></span> 
     </span>
    </p>
   </div>
   <div class='ocr_carea' id='block_1_74' title="bbox 414 4410 2006 4482">
    <p class='ocr_par' dir='ltr' id='par_1_74' title="bbox 414 4410 2006 4482">
     <span class='ocr_line' id='line_1_74' title="bbox 414 4410 2006 4482; baseline -0.001 -16"><span class='ocrx_word' id='word_1_483' title='bbox 414 4411 645 4466; x_wconf 82' lang='lat' dir='ltr'><strong>Maruno</strong></span> <span class='ocrx_word' id='word_1_484' title='bbox 674 4410 896 4467; x_wconf 63' lang='lat' dir='ltr'><strong>Caesare</strong></span> <span class='ocrx_word' id='word_1_485' title='bbox 937 4426 1114 4466; x_wconf 90' lang='lat' dir='ltr'><strong>annos</strong></span> <span class='ocrx_word' id='word_1_486' title='bbox 1161 4429 1295 4473; x_wconf 82' lang='lat' dir='ltr'><strong>sex;</strong></span> <span class='ocrx_word' id='word_1_487' title='bbox 1330 4412 1498 4479; x_wconf 91' lang='lat' dir='ltr'><strong>idque</strong></span> <span class='ocrx_word' id='word_1_488' title='bbox 1527 4428 1673 4467; x_wconf 90' lang='lat' dir='ltr'><strong>anno</strong></span> <span class='ocrx_word' id='word_1_489' title='bbox 1712 4412 1861 4482; x_wconf 80' lang='lat' dir='ltr'><strong>regni</strong></span> <span class='ocrx_word' id='word_1_490' title='bbox 1908 4410 2006 4466; x_wconf 76' lang='lat' dir='ltr'><strong>Sa-</strong></span> 
     </span>
    </p>
   </div>
   <div class='ocr_carea' id='block_1_75' title="bbox 2114 3194 3692 3276">
    <p class='ocr_par' dir='ltr' id='par_1_75' title="bbox 2114 3194 3692 3276">
     <span class='ocr_line' id='line_1_75' title="bbox 2114 3194 3692 3276; baseline 0.002 -21"><span class='ocrx_word' id='word_1_491' title='bbox 2114 3201 2475 3259; x_wconf 87' lang='lat' dir='ltr'><strong>Mercuriutn.</strong></span> <span class='ocrx_word' id='word_1_492' title='bbox 2512 3194 2678 3259; x_wconf 74' lang='lat' dir='ltr'><strong>Anno</strong></span> <span class='ocrx_word' id='word_1_493' title='bbox 2710 3204 2924 3275; x_wconf 91' lang='lat' dir='ltr'><strong>imperii</strong></span> <span class='ocrx_word' id='word_1_494' title='bbox 2960 3205 3202 3276; x_wconf 87' lang='lat' dir='ltr'><strong>ipsorum</strong></span> <span class='ocrx_word' id='word_1_495' title='bbox 3244 3204 3460 3259; x_wconf 86' lang='lat' dir='ltr'><strong>decimo</strong></span> <span class='ocrx_word' id='word_1_496' title='bbox 3488 3206 3692 3260; x_wconf 79' lang='lat' dir='ltr'><strong>consti-</strong></span> 
     </span>
    </p>
   </div>
   <div class='ocr_carea' id='block_1_76' title="bbox 2117 3299 3695 3371">
    <p class='ocr_par' dir='ltr' id='par_1_76' title="bbox 2117 3299 3695 3371">
     <span class='ocr_line' id='line_1_76' title="bbox 2117 3299 3695 3371; baseline 0.003 -21"><span class='ocrx_word' id='word_1_497' title='bbox 2117 3307 2270 3351; x_wconf 87' lang='lat' dir='ltr'><strong>tutus</strong></span> <span class='ocrx_word' id='word_1_498' title='bbox 2297 3307 2380 3352; x_wconf 90' lang='lat' dir='ltr'><strong>est</strong></span> <span class='ocrx_word' id='word_1_499' title='bbox 2420 3299 2609 3353; x_wconf 77' lang='lat' dir='ltr'><strong>l’ctrus</strong></span> <span class='ocrx_word' id='word_1_500' title='bbox 2640 3299 2949 3368; x_wconf 87' lang='lat' dir='ltr'><strong>patriarcha</strong></span> <span class='ocrx_word' id='word_1_501' title='bbox 2976 3299 3402 3365; x_wconf 81' lang='lat' dir='ltr'><strong>Alexandrinus,</strong></span> <span class='ocrx_word' id='word_1_502' title='bbox 3437 3299 3695 3371; x_wconf 65' lang='lat' dir='ltr'><strong>seditque</strong></span> 
     </span>
    </p>
   </div>
   <div class='ocr_carea' id='block_1_77' title="bbox 2100 3391 3701 3449">
    <p class='ocr_par' dir='ltr' id='par_1_77' title="bbox 2100 3391 3701 3449">
     <span class='ocr_line' id='line_1_77' title="bbox 2100 3391 3701 3449; baseline 0.003 -6"><span class='ocrx_word' id='word_1_503' title='bbox 2100 3405 2291 3446; x_wconf 81' lang='lat' dir='ltr'><strong>annos</strong></span> <span class='ocrx_word' id='word_1_504' title='bbox 2356 3391 2548 3447; x_wconf 85' lang='lat' dir='ltr'><strong>decem</strong></span> <span class='ocrx_word' id='word_1_505' title='bbox 2599 3408 2614 3446; x_wconf 91' lang='lat'><strong>:</strong></span> <span class='ocrx_word' id='word_1_506' title='bbox 2661 3391 2786 3447; x_wconf 89' lang='lat' dir='ltr'><strong>dein</strong></span> <span class='ocrx_word' id='word_1_507' title='bbox 2839 3407 2985 3447; x_wconf 90' lang='lat' dir='ltr'><strong>anno</strong></span> <span class='ocrx_word' id='word_1_508' title='bbox 3047 3393 3366 3448; x_wconf 79' lang='lat' dir='ltr'><strong>eorumde&#39;tn</strong></span> <span class='ocrx_word' id='word_1_509' title='bbox 3433 3394 3701 3449; x_wconf 88' lang='lat' dir='ltr'><strong>vicesimo</strong></span> 
     </span>
    </p>
   </div>
   <div class='ocr_carea' id='block_1_78' title="bbox 2118 3487 3701 3562">
    <p class='ocr_par' dir='ltr' id='par_1_78' title="bbox 2118 3487 3701 3562">
     <span class='ocr_line' id='line_1_78' title="bbox 2118 3487 3701 3562; baseline 0.004 -20"><span class='ocrx_word' id='word_1_510' title='bbox 2118 3487 2460 3543; x_wconf 62' lang='lat' dir='ltr'><strong>Alexandriae</strong></span> <span class='ocrx_word' id='word_1_511' title='bbox 2494 3490 2676 3560; x_wconf 84' lang='lat' dir='ltr'><strong>gladio</strong></span> <span class='ocrx_word' id='word_1_512' title='bbox 2708 3499 2872 3559; x_wconf 88' lang='lat' dir='ltr'><strong>caput</strong></span> <span class='ocrx_word' id='word_1_513' title='bbox 2906 3490 3007 3557; x_wconf 88' lang='lat' dir='ltr'><strong>ipsi</strong></span> <span class='ocrx_word' id='word_1_514' title='bbox 3037 3503 3380 3562; x_wconf 85' lang='lat' dir='ltr'><strong>amputatum</strong></span> <span class='ocrx_word' id='word_1_515' title='bbox 3408 3502 3512 3548; x_wconf 90' lang='lat' dir='ltr'><strong>est.</strong></span> <span class='ocrx_word' id='word_1_516' title='bbox 3541 3495 3701 3549; x_wconf 81' lang='lat' dir='ltr'><strong>Anno</strong></span> 
     </span>
    </p>
   </div>
   <div class='ocr_carea' id='block_1_79' title="bbox 2113 3580 3699 3658">
    <p class='ocr_par' dir='ltr' id='par_1_79' title="bbox 2113 3580 3699 3658">
     <span class='ocr_line' id='line_1_79' title="bbox 2113 3580 3699 3658; baseline 0.005 -24"><span class='ocrx_word' id='word_1_517' title='bbox 2113 3580 2330 3650; x_wconf 89' lang='lat' dir='ltr'><strong>imperii</strong></span> <span class='ocrx_word' id='word_1_518' title='bbox 2373 3581 2615 3652; x_wconf 89' lang='lat' dir='ltr'><strong>ipsorum</strong></span> <span class='ocrx_word' id='word_1_519' title='bbox 2658 3582 2835 3651; x_wconf 92' lang='lat' dir='ltr'><strong>primo</strong></span> <span class='ocrx_word' id='word_1_520' title='bbox 2872 3584 3213 3641; x_wconf 88' lang='lat' dir='ltr'><strong>constitutus</strong></span> <span class='ocrx_word' id='word_1_521' title='bbox 3265 3594 3349 3641; x_wconf 88' lang='lat' dir='ltr'><strong>est</strong></span> <span class='ocrx_word' id='word_1_522' title='bbox 3386 3586 3699 3658; x_wconf 84' lang='lat' dir='ltr'><strong>Eutychius</strong></span> 
     </span>
    </p>
   </div>
   <div class='ocr_carea' id='block_1_80' title="bbox 2115 3672 3698 3746">
    <p class='ocr_par' dir='ltr' id='par_1_80' title="bbox 2115 3672 3698 3746">
     <span class='ocr_line' id='line_1_80' title="bbox 2115 3672 3698 3746; baseline 0.006 -22"><span class='ocrx_word' id='word_1_523' title='bbox 2115 3673 2425 3742; x_wconf 87' lang='lat' dir='ltr'><strong>patriarcha</strong></span> <span class='ocrx_word' id='word_1_524' title='bbox 2479 3672 2787 3738; x_wconf 77' lang='lat' dir='ltr'><strong>Romanus,</strong></span> <span class='ocrx_word' id='word_1_525' title='bbox 2838 3677 2933 3746; x_wconf 88' lang='lat' dir='ltr'><strong>qui</strong></span> <span class='ocrx_word' id='word_1_526' title='bbox 2977 3692 3101 3731; x_wconf 91' lang='lat' dir='ltr'><strong>cum</strong></span> <span class='ocrx_word' id='word_1_527' title='bbox 3140 3693 3317 3733; x_wconf 91' lang='lat' dir='ltr'><strong>annos</strong></span> <span class='ocrx_word' id='word_1_528' title='bbox 3353 3687 3482 3733; x_wconf 90' lang='lat' dir='ltr'><strong>octo</strong></span> <span class='ocrx_word' id='word_1_529' title='bbox 3518 3679 3698 3734; x_wconf 80' lang='lat' dir='ltr'><strong>sedis-</strong></span> 
     </span>
    </p>
   </div>
   <div class='ocr_carea' id='block_1_81' title="bbox 2112 3767 3700 3826">
    <p class='ocr_par' dir='ltr' id='par_1_81' title="bbox 2112 3767 3700 3826">
     <span class='ocr_line' id='line_1_81' title="bbox 2112 3767 3700 3826; baseline 0.006 -9"><span class='ocrx_word' id='word_1_530' title='bbox 2112 3772 2197 3817; x_wconf 87' lang='lat' dir='ltr'><strong>set</strong></span> <span class='ocrx_word' id='word_1_531' title='bbox 2227 3773 2481 3818; x_wconf 84' lang='lat' dir='ltr'><strong>mortuus</strong></span> <span class='ocrx_word' id='word_1_532' title='bbox 2518 3775 2623 3821; x_wconf 89' lang='lat' dir='ltr'><strong>est.</strong></span> <span class='ocrx_word' id='word_1_533' title='bbox 2678 3767 2839 3819; x_wconf 88' lang='lat' dir='ltr'><strong>Anno</strong></span> <span class='ocrx_word' id='word_1_534' title='bbox 2871 3769 3190 3823; x_wconf 89' lang='lat' dir='ltr'><strong>eorumdem</strong></span> <span class='ocrx_word' id='word_1_535' title='bbox 3227 3785 3371 3824; x_wconf 82' lang='grc' dir='ltr'><strong>ΠΟΙΙΟ</strong></span> <span class='ocrx_word' id='word_1_536' title='bbox 3400 3769 3582 3825; x_wconf 77' lang='lat' dir='ltr'><strong>factus</strong></span> <span class='ocrx_word' id='word_1_537' title='bbox 3615 3782 3700 3826; x_wconf 74' lang='grc' dir='ltr'><strong>εει</strong></span> 
     </span>
    </p>
   </div>
   <div class='ocr_carea' id='block_1_82' title="bbox 2110 3854 3695 3930">
    <p class='ocr_par' dir='ltr' id='par_1_82' title="bbox 2110 3854 3695 3930">
     <span class='ocr_line' id='line_1_82' title="bbox 2110 3854 3695 3930; baseline 0.005 -23"><span class='ocrx_word' id='word_1_538' title='bbox 2110 3854 2321 3910; x_wconf 86' lang='lat' dir='ltr'><strong>Gabius</strong></span> <span class='ocrx_word' id='word_1_539' title='bbox 2354 3855 2571 3929; x_wconf 74' lang='lat' dir='ltr'><strong>[Caius]</strong></span> <span class='ocrx_word' id='word_1_540' title='bbox 2620 3861 2936 3927; x_wconf 89' lang='lat' dir='ltr'><strong>patriarcha</strong></span> <span class='ocrx_word' id='word_1_541' title='bbox 2979 3859 3219 3926; x_wconf 82' lang='lat' dir='ltr'><strong>ibidem,</strong></span> <span class='ocrx_word' id='word_1_542' title='bbox 3264 3861 3355 3930; x_wconf 90' lang='lat' dir='ltr'><strong>qui</strong></span> <span class='ocrx_word' id='word_1_543' title='bbox 3406 3863 3695 3917; x_wconf 86' lang='lat' dir='ltr'><strong>duodecim</strong></span> 
     </span>
    </p>
   </div>
   <div class='ocr_carea' id='block_1_83' title="bbox 2111 3949 3699 4021">
    <p class='ocr_par' dir='ltr' id='par_1_83' title="bbox 2111 3949 3699 4021">
     <span class='ocr_line' id='line_1_83' title="bbox 2111 3949 3699 4021; baseline 0.006 -21"><span class='ocrx_word' id='word_1_544' title='bbox 2111 3961 2289 4003; x_wconf 81' lang='lat' dir='ltr'><strong>annos</strong></span> <span class='ocrx_word' id='word_1_545' title='bbox 2319 3949 2483 4012; x_wconf 89' lang='lat' dir='ltr'><strong>sedit,</strong></span> <span class='ocrx_word' id='word_1_546' title='bbox 2546 3949 2673 4003; x_wconf 91' lang='lat' dir='ltr'><strong>dein</strong></span> <span class='ocrx_word' id='word_1_547' title='bbox 2723 3960 2974 4006; x_wconf 83' lang='lat' dir='ltr'><strong>mortuus</strong></span> <span class='ocrx_word' id='word_1_548' title='bbox 3010 3962 3117 4007; x_wconf 91' lang='lat' dir='ltr'><strong>est.</strong></span> <span class='ocrx_word' id='word_1_549' title='bbox 3168 3954 3329 4006; x_wconf 87' lang='lat' dir='ltr'><strong>Anno</strong></span> <span class='ocrx_word' id='word_1_550' title='bbox 3361 3953 3574 4021; x_wconf 89' lang='lat' dir='ltr'><strong>imperii</strong></span> <span class='ocrx_word' id='word_1_551' title='bbox 3602 3970 3699 4009; x_wconf 84' lang='lat' dir='ltr'><strong>e0-</strong></span> 
     </span>
    </p>
   </div>
   <div class='ocr_carea' id='block_1_84' title="bbox 2109 4039 3697 4115">
    <p class='ocr_par' dir='ltr' id='par_1_84' title="bbox 2109 4039 3697 4115">
     <span class='ocr_line' id='line_1_84' title="bbox 2109 4039 3697 4115; baseline 0.005 -22"><span class='ocrx_word' id='word_1_552' title='bbox 2109 4039 2357 4093; x_wconf 87' lang='lat' dir='ltr'><strong>rumdem</strong></span> <span class='ocrx_word' id='word_1_553' title='bbox 2405 4041 2621 4096; x_wconf 89' lang='lat' dir='ltr'><strong>decimo</strong></span> <span class='ocrx_word' id='word_1_554' title='bbox 2667 4043 3003 4098; x_wconf 86' lang='lat' dir='ltr'><strong>constitutus</strong></span> <span class='ocrx_word' id='word_1_555' title='bbox 3048 4052 3133 4097; x_wconf 88' lang='lat' dir='ltr'><strong>est</strong></span> <span class='ocrx_word' id='word_1_556' title='bbox 3176 4040 3337 4099; x_wconf 88' lang='lat' dir='ltr'><strong>Euris</strong></span> <span class='ocrx_word' id='word_1_557' title='bbox 3382 4046 3697 4115; x_wconf 83' lang='lat' dir='ltr'><strong>patriarcha</strong></span> 
     </span>
    </p>
   </div>
   <div class='ocr_carea' id='block_1_85' title="bbox 2108 4133 3695 4205">
    <p class='ocr_par' dir='ltr' id='par_1_85' title="bbox 2108 4133 3695 4205">
     <span class='ocr_line' id='line_1_85' title="bbox 2108 4133 3695 4205; baseline 0.005 -19"><span class='ocrx_word' id='word_1_558' title='bbox 2108 4133 2513 4200; x_wconf 84' lang='lat' dir='ltr'><strong>Antiochenus,</strong></span> <span class='ocrx_word' id='word_1_559' title='bbox 2544 4136 2636 4205; x_wconf 91' lang='lat' dir='ltr'><strong>qui</strong></span> <span class='ocrx_word' id='word_1_560' title='bbox 2673 4137 2929 4191; x_wconf 89' lang='lat' dir='ltr'><strong>undecim</strong></span> <span class='ocrx_word' id='word_1_561' title='bbox 2963 4150 3139 4194; x_wconf 88' lang='lat' dir='ltr'><strong>annos</strong></span> <span class='ocrx_word' id='word_1_562' title='bbox 3177 4139 3343 4200; x_wconf 88' lang='lat' dir='ltr'><strong>sedit,</strong></span> <span class='ocrx_word' id='word_1_563' title='bbox 3380 4138 3508 4193; x_wconf 91' lang='lat' dir='ltr'><strong>dein</strong></span> <span class='ocrx_word' id='word_1_564' title='bbox 3544 4157 3695 4194; x_wconf 90' lang='lat' dir='ltr'><strong>mor-</strong></span> 
     </span>
    </p>
   </div>
   <div class='ocr_carea' id='block_1_86' title="bbox 2110 4228 3698 4298">
    <p class='ocr_par' dir='ltr' id='par_1_86' title="bbox 2110 4228 3698 4298">
     <span class='ocr_line' id='line_1_86' title="bbox 2110 4228 3698 4298; baseline 0.004 -18"><span class='ocrx_word' id='word_1_565' title='bbox 2110 4236 2239 4283; x_wconf 91' lang='lat' dir='ltr'><strong>tuus</strong></span> <span class='ocrx_word' id='word_1_566' title='bbox 2284 4236 2391 4283; x_wconf 91' lang='lat' dir='ltr'><strong>est.</strong></span> <span class='ocrx_word' id='word_1_567' title='bbox 2444 4230 2603 4282; x_wconf 84' lang='lat' dir='ltr'><strong>Anno</strong></span> <span class='ocrx_word' id='word_1_568' title='bbox 2635 4228 2953 4284; x_wconf 90' lang='lat' dir='ltr'><strong>eorumdem</strong></span> <span class='ocrx_word' id='word_1_569' title='bbox 2983 4233 3179 4298; x_wconf 88' lang='lat' dir='ltr'><strong>quinto</strong></span> <span class='ocrx_word' id='word_1_570' title='bbox 3230 4233 3567 4287; x_wconf 86' lang='lat' dir='ltr'><strong>constitutus</strong></span> <span class='ocrx_word' id='word_1_571' title='bbox 3612 4245 3698 4288; x_wconf 90' lang='lat' dir='ltr'><strong>est</strong></span> 
     </span>
    </p>
   </div>
   <div class='ocr_carea' id='block_1_87' title="bbox 2107 4316 3695 4394">
    <p class='ocr_par' dir='ltr' id='par_1_87' title="bbox 2107 4316 3695 4394">
     <span class='ocr_line' id='line_1_87' title="bbox 2107 4316 3695 4394; baseline 0.005 -24"><span class='ocrx_word' id='word_1_572' title='bbox 2107 4316 2396 4374; x_wconf 83' lang='lat' dir='ltr'><strong>Mamunes</strong></span> <span class='ocrx_word' id='word_1_573' title='bbox 2449 4321 2743 4392; x_wconf 78' lang='lat' dir='ltr'><strong>cpiscopus</strong></span> <span class='ocrx_word' id='word_1_574' title='bbox 2803 4319 3357 4394; x_wconf 84' lang='lat' dir='ltr'><strong>llierosolymitanus,</strong></span> <span class='ocrx_word' id='word_1_575' title='bbox 3418 4324 3511 4378; x_wconf 90' lang='lat' dir='ltr'><strong>ubi</strong></span> <span class='ocrx_word' id='word_1_576' title='bbox 3574 4339 3695 4378; x_wconf 92' lang='lat' dir='ltr'><strong>cum</strong></span> 
     </span>
    </p>
   </div>
   <div class='ocr_carea' id='block_1_88' title="bbox 2110 4410 3701 4471">
    <p class='ocr_par' dir='ltr' id='par_1_88' title="bbox 2110 4410 3701 4471">
     <span class='ocr_line' id='line_1_88' title="bbox 2110 4410 3701 4471; baseline 0.003 -7"><span class='ocrx_word' id='word_1_577' title='bbox 2110 4410 2371 4464; x_wconf 87' lang='lat' dir='ltr'><strong>tredecim</strong></span> <span class='ocrx_word' id='word_1_578' title='bbox 2400 4425 2577 4467; x_wconf 89' lang='lat' dir='ltr'><strong>annos</strong></span> <span class='ocrx_word' id='word_1_579' title='bbox 2609 4414 2845 4468; x_wconf 90' lang='lat' dir='ltr'><strong>sedisset</strong></span> <span class='ocrx_word' id='word_1_580' title='bbox 2880 4423 3131 4468; x_wconf 91' lang='lat' dir='ltr'><strong>mortuus</strong></span> <span class='ocrx_word' id='word_1_581' title='bbox 3160 4425 3265 4469; x_wconf 90' lang='lat' dir='ltr'><strong>est.</strong></span> <span class='ocrx_word' id='word_1_582' title='bbox 3286 4414 3446 4469; x_wconf 90' lang='lat' dir='ltr'><strong>Anno</strong></span> <span class='ocrx_word' id='word_1_583' title='bbox 3472 4430 3701 4471; x_wconf 84' lang='lat' dir='ltr'><strong>eorum-</strong></span> 
     </span>
    </p>
   </div>
   <div class='ocr_carea' id='block_1_89' title="bbox 419 4482 3701 4575">
    <p class='ocr_par' dir='ltr' id='par_1_89' title="bbox 419 4482 3701 4575">
     <span class='ocr_line' id='line_1_89' title="bbox 419 4482 3701 4575; baseline 0.001 -16"><span class='ocrx_word' id='word_1_584' title='bbox 419 4505 571 4574; x_wconf 84' lang='lat' dir='ltr'><strong>poris</strong></span> <span class='ocrx_word' id='word_1_585' title='bbox 613 4503 709 4558; x_wconf 84' lang='lat' dir='ltr'><strong>lilii</strong></span> <span class='ocrx_word' id='word_1_586' title='bbox 758 4501 1017 4558; x_wconf 83' lang='lat' dir='ltr'><strong>Hormozi</strong></span> <span class='ocrx_word' id='word_1_587' title='bbox 1064 4502 1359 4560; x_wconf 87' lang='lat' dir='ltr'><strong>Persarum</strong></span> <span class='ocrx_word' id='word_1_588' title='bbox 1416 4494 1556 4574; x_wconf 77' lang='lat' dir='ltr'><strong>regis</strong></span> <span class='ocrx_word' id='word_1_589' title='bbox 1603 4505 1789 4559; x_wconf 89' lang='lat' dir='ltr'><strong>tertio.</strong></span> <span class='ocrx_word' id='word_1_590' title='bbox 1842 4503 2001 4556; x_wconf 80' lang='lat' dir='ltr'><strong>Anno</strong></span> <span class='ocrx_word' id='word_1_591' title='bbox 2033 4482 2081 4540; x_wconf 72' lang='grc' dir='ltr'>Π</span> <span class='ocrx_word' id='word_1_592' title='bbox 2108 4502 2230 4557; x_wconf 88' lang='lat' dir='ltr'><strong>dem</strong></span> <span class='ocrx_word' id='word_1_593' title='bbox 2265 4504 2479 4558; x_wconf 91' lang='lat' dir='ltr'><strong>decimo</strong></span> <span class='ocrx_word' id='word_1_594' title='bbox 2516 4513 2714 4559; x_wconf 81' lang='lat' dir='ltr'><strong>octavo</strong></span> <span class='ocrx_word' id='word_1_595' title='bbox 2763 4514 2983 4559; x_wconf 82' lang='lat' dir='ltr'><strong>creatus</strong></span> <span class='ocrx_word' id='word_1_596' title='bbox 3033 4516 3117 4561; x_wconf 89' lang='lat' dir='ltr'><strong>est</strong></span> <span class='ocrx_word' id='word_1_597' title='bbox 3160 4504 3460 4563; x_wconf 80' lang='lat' dir='ltr'><strong>Zebedaeus</strong></span> <span class='ocrx_word' id='word_1_598' title='bbox 3491 4507 3701 4575; x_wconf 74' lang='lat' dir='ltr'><strong>episco-</strong></span> 
     </span>
    </p>
   </div>
   <div class='ocr_carea' id='block_1_90' title="bbox 417 4591 1997 4665">
    <p class='ocr_par' dir='ltr' id='par_1_90' title="bbox 417 4591 1997 4665">
     <span class='ocr_line' id='line_1_90' title="bbox 417 4591 1997 4665; baseline -0.001 -17"><span class='ocrx_word' id='word_1_599' title='bbox 417 4594 635 4665; x_wconf 90' lang='lat' dir='ltr'><strong>imperii</strong></span> <span class='ocrx_word' id='word_1_600' title='bbox 670 4591 886 4648; x_wconf 67' lang='grc' dir='ltr'><strong>Ματιιηί</strong></span> <span class='ocrx_word' id='word_1_601' title='bbox 925 4596 1088 4648; x_wconf 92' lang='lat' dir='ltr'><strong>tertio</strong></span> <span class='ocrx_word' id='word_1_602' title='bbox 1113 4607 1335 4650; x_wconf 82' lang='lat' dir='ltr'><strong>creatus</strong></span> <span class='ocrx_word' id='word_1_603' title='bbox 1365 4605 1450 4650; x_wconf 88' lang='lat' dir='ltr'><strong>est</strong></span> <span class='ocrx_word' id='word_1_604' title='bbox 1477 4594 1729 4649; x_wconf 85' lang='lat' dir='ltr'><strong>Philetus</strong></span> <span class='ocrx_word' id='word_1_605' title='bbox 1759 4593 1997 4664; x_wconf 89' lang='lat' dir='ltr'><strong>patriar-</strong></span> 
     </span>
    </p>
   </div>
   <div class='ocr_carea' id='block_1_91' title="bbox 408 4684 2002 4756">
    <p class='ocr_par' dir='ltr' id='par_1_91' title="bbox 408 4684 2002 4756">
     <span class='ocr_line' id='line_1_91' title="bbox 408 4684 2002 4756; baseline 0.002 -17"><span class='ocrx_word' id='word_1_606' title='bbox 408 4685 521 4747; x_wconf 86' lang='lat' dir='ltr'><strong>_cha</strong></span> <span class='ocrx_word' id='word_1_607' title='bbox 566 4684 890 4752; x_wconf 73' lang='lat' dir='ltr'><strong>Romanus,</strong></span> <span class='ocrx_word' id='word_1_608' title='bbox 939 4686 1033 4741; x_wconf 84' lang='lat' dir='ltr'><strong>ubi</strong></span> <span class='ocrx_word' id='word_1_609' title='bbox 1083 4702 1208 4740; x_wconf 91' lang='lat' dir='ltr'><strong>cum</strong></span> <span class='ocrx_word' id='word_1_610' title='bbox 1255 4701 1436 4742; x_wconf 89' lang='lat' dir='ltr'><strong>annos</strong></span> <span class='ocrx_word' id='word_1_611' title='bbox 1480 4687 1723 4756; x_wconf 86' lang='lat' dir='ltr'><strong>quinque</strong></span> <span class='ocrx_word' id='word_1_612' title='bbox 1766 4686 2002 4742; x_wconf 81' lang='lat' dir='ltr'><strong>sedisset</strong></span> 
     </span>
    </p>
   </div>
   <div class='ocr_carea' id='block_1_92' title="bbox 418 4777 2002 4849">
    <p class='ocr_par' dir='ltr' id='par_1_92' title="bbox 418 4777 2002 4849">
     <span class='ocr_line' id='line_1_92' title="bbox 418 4777 2002 4849; baseline -0.002 -14"><span class='ocrx_word' id='word_1_613' title='bbox 418 4788 672 4835; x_wconf 87' lang='lat' dir='ltr'><strong>mortuus</strong></span> <span class='ocrx_word' id='word_1_614' title='bbox 716 4791 823 4835; x_wconf 88' lang='lat' dir='ltr'><strong>est.</strong></span> <span class='ocrx_word' id='word_1_615' title='bbox 872 4782 1033 4834; x_wconf 87' lang='lat' dir='ltr'><strong>Anno</strong></span> <span class='ocrx_word' id='word_1_616' title='bbox 1064 4778 1327 4849; x_wconf 74' lang='lat' dir='ltr'><strong>ejusdem</strong></span> <span class='ocrx_word' id='word_1_617' title='bbox 1378 4778 1623 4835; x_wconf 89' lang='lat' dir='ltr'><strong>secundo</strong></span> <span class='ocrx_word' id='word_1_618' title='bbox 1665 4777 2002 4834; x_wconf 85' lang='lat' dir='ltr'><strong>constitutus</strong></span> 
     </span>
    </p>
   </div>
   <div class='ocr_carea' id='block_1_93' title="bbox 414 4852 2001 4942">
    <p class='ocr_par' dir='ltr' id='par_1_93' title="bbox 414 4852 2001 4942">
     <span class='ocr_line' id='line_1_93' title="bbox 414 4852 2001 4942; baseline -0.003 -14"><span class='ocrx_word' id='word_1_619' title='bbox 414 4881 504 4928; x_wconf 87' lang='lat' dir='ltr'><strong>est</strong></span> <span class='ocrx_word' id='word_1_620' title='bbox 553 4870 794 4942; x_wconf 88' lang='lat' dir='ltr'><strong>Cyrillus</strong></span> <span class='ocrx_word' id='word_1_621' title='bbox 852 4871 1171 4941; x_wconf 87' lang='lat' dir='ltr'><strong>patriarcha</strong></span> <span class='ocrx_word' id='word_1_622' title='bbox 1213 4852 1629 4936; x_wconf 81' lang='lat' dir='ltr'><strong>Antiochenus,</strong></span> <span class='ocrx_word' id='word_1_623' title='bbox 1682 4870 1778 4940; x_wconf 89' lang='lat' dir='ltr'><strong>qui</strong></span> <span class='ocrx_word' id='word_1_624' title='bbox 1822 4884 2001 4924; x_wconf 85' lang='lat' dir='ltr'><strong>annos</strong></span> 
     </span>
    </p>
   </div>
   <div class='ocr_carea' id='block_1_94' title="bbox 416 4959 2000 5032">
    <p class='ocr_par' dir='ltr' id='par_1_94' title="bbox 416 4959 2000 5032">
     <span class='ocr_line' id='line_1_94' title="bbox 416 4959 2000 5032; baseline 0.001 -17"><span class='ocrx_word' id='word_1_625' title='bbox 416 4962 733 5032; x_wconf 88' lang='lat' dir='ltr'><strong>quindecim</strong></span> <span class='ocrx_word' id='word_1_626' title='bbox 768 4964 928 5027; x_wconf 89' lang='lat' dir='ltr'><strong>sedit,</strong></span> <span class='ocrx_word' id='word_1_627' title='bbox 957 4962 1083 5017; x_wconf 88' lang='lat' dir='ltr'><strong>dein</strong></span> <span class='ocrx_word' id='word_1_628' title='bbox 1120 4974 1371 5018; x_wconf 87' lang='lat' dir='ltr'><strong>mortuus</strong></span> <span class='ocrx_word' id='word_1_629' title='bbox 1401 4972 1504 5016; x_wconf 86' lang='lat' dir='ltr'><strong>est.</strong></span> <span class='ocrx_word' id='word_1_630' title='bbox 1531 4959 1750 5015; x_wconf 87' lang='lat' dir='ltr'><strong>Mortuo</strong></span> <span class='ocrx_word' id='word_1_631' title='bbox 1773 4960 2000 5016; x_wconf 64' lang='grc' dir='ltr'><strong>Μαι-ιιιιο</strong></span> 
     </span>
    </p>
   </div>
   <div class='ocr_carea' id='block_1_95' title="bbox 415 5054 1996 5124">
    <p class='ocr_par' dir='ltr' id='par_1_95' title="bbox 415 5054 1996 5124">
     <span class='ocr_line' id='line_1_95' title="bbox 415 5054 1996 5124; baseline -0.004 -13"><span class='ocrx_word' id='word_1_632' title='bbox 415 5058 634 5111; x_wconf 72' lang='lat' dir='ltr'><strong>Ctesare</strong></span> <span class='ocrx_word' id='word_1_633' title='bbox 657 5054 1030 5109; x_wconf 75' lang='lat' dir='ltr'><strong>Romanorum</strong></span> <span class='ocrx_word' id='word_1_634' title='bbox 1056 5055 1387 5123; x_wconf 87' lang='lat' dir='ltr'><strong>imperatore</strong></span> <span class='ocrx_word' id='word_1_635' title='bbox 1409 5054 1653 5124; x_wconf 71' lang='lat' dir='ltr'><strong>regnavit</strong></span> <span class='ocrx_word' id='word_1_636' title='bbox 1676 5062 1798 5123; x_wconf 87' lang='lat' dir='ltr'><strong>post</strong></span> <span class='ocrx_word' id='word_1_637' title='bbox 1820 5054 1996 5120; x_wconf 90' lang='lat' dir='ltr'><strong>ipsum</strong></span> 
     </span>
    </p>
   </div>
   <div class='ocr_carea' id='block_1_96' title="bbox 416 5145 2000 5215">
    <p class='ocr_par' dir='ltr' id='par_1_96' title="bbox 416 5145 2000 5215">
     <span class='ocr_line' id='line_1_96' title="bbox 416 5145 2000 5215; baseline -0.003 -11"><span class='ocrx_word' id='word_1_638' title='bbox 416 5148 593 5204; x_wconf 90' lang='lat' dir='ltr'><strong>Carus</strong></span> <span class='ocrx_word' id='word_1_639' title='bbox 632 5148 844 5213; x_wconf 60' lang='lat' dir='ltr'><strong>Cit-sar,</strong></span> <span class='ocrx_word' id='word_1_640' title='bbox 893 5160 1108 5215; x_wconf 89' lang='lat' dir='ltr'><strong>unaque</strong></span> <span class='ocrx_word' id='word_1_641' title='bbox 1157 5146 1271 5200; x_wconf 88' lang='lat' dir='ltr'><strong>bini</strong></span> <span class='ocrx_word' id='word_1_642' title='bbox 1325 5145 1499 5215; x_wconf 88' lang='lat' dir='ltr'><strong>ipsius</strong></span> <span class='ocrx_word' id='word_1_643' title='bbox 1557 5146 1649 5199; x_wconf 91' lang='lat' dir='ltr'><strong>lilii</strong></span> <span class='ocrx_word' id='word_1_644' title='bbox 1689 5145 1886 5200; x_wconf 89' lang='lat' dir='ltr'><strong>Carius</strong></span> <span class='ocrx_word' id='word_1_645' title='bbox 1944 5153 2000 5200; x_wconf 90' lang='lat' dir='ltr'><strong>et</strong></span> 
     </span>
    </p>
   </div>
   <div class='ocr_carea' id='block_1_97' title="bbox 418 5239 1999 5311">
    <p class='ocr_par' dir='ltr' id='par_1_97' title="bbox 418 5239 1999 5311">
     <span class='ocr_line' id='line_1_97' title="bbox 418 5239 1999 5311; baseline 0 -15"><span class='ocrx_word' id='word_1_646' title='bbox 418 5242 806 5307; x_wconf 84' lang='lat' dir='ltr'><strong>Numerianus,</strong></span> <span class='ocrx_word' id='word_1_647' title='bbox 840 5256 1015 5295; x_wconf 85' lang='lat' dir='ltr'><strong>annos</strong></span> <span class='ocrx_word' id='word_1_648' title='bbox 1042 5239 1203 5304; x_wconf 90' lang='lat' dir='ltr'><strong>duos,</strong></span> <span class='ocrx_word' id='word_1_649' title='bbox 1228 5241 1392 5309; x_wconf 89' lang='lat' dir='ltr'><strong>idque</strong></span> <span class='ocrx_word' id='word_1_650' title='bbox 1413 5256 1559 5295; x_wconf 85' lang='lat' dir='ltr'><strong>anno</strong></span> <span class='ocrx_word' id='word_1_651' title='bbox 1584 5242 1736 5311; x_wconf 87' lang='lat' dir='ltr'><strong>regni</strong></span> <span class='ocrx_word' id='word_1_652' title='bbox 1767 5240 1999 5296; x_wconf 86' lang='lat' dir='ltr'><strong>Saboris</strong></span> 
     </span>
    </p>
   </div>
   <div class='ocr_carea' id='block_1_98' title="bbox 416 5332 1996 5404">
    <p class='ocr_par' dir='ltr' id='par_1_98' title="bbox 416 5332 1996 5404">
     <span class='ocr_line' id='line_1_98' title="bbox 416 5332 1996 5404; baseline -0.002 -14"><span class='ocrx_word' id='word_1_653' title='bbox 416 5335 677 5392; x_wconf 82' lang='lat' dir='ltr'><strong>Hormozi</strong></span> <span class='ocrx_word' id='word_1_654' title='bbox 704 5334 803 5389; x_wconf 85' lang='lat' dir='ltr'><strong>ﬁlii</strong></span> <span class='ocrx_word' id='word_1_655' title='bbox 834 5349 1002 5389; x_wconf 80' lang='lat' dir='ltr'><strong>none.</strong></span> <span class='ocrx_word' id='word_1_656' title='bbox 1035 5332 1324 5388; x_wconf 83' lang='lat' dir='ltr'><strong>Crudelem</strong></span> <span class='ocrx_word' id='word_1_657' title='bbox 1357 5333 1447 5387; x_wconf 87' lang='lat' dir='ltr'><strong>hic</strong></span> <span class='ocrx_word' id='word_1_658' title='bbox 1478 5348 1535 5388; x_wconf 84' lang='lat' dir='ltr'><strong>se</strong></span> <span class='ocrx_word' id='word_1_659' title='bbox 1567 5348 1695 5404; x_wconf 87' lang='lat' dir='ltr'><strong>erga</strong></span> <span class='ocrx_word' id='word_1_660' title='bbox 1724 5332 1996 5388; x_wconf 87' lang='lat' dir='ltr'><strong>Christia—</strong></span> 
     </span>
    </p>
   </div>
   <div class='ocr_carea' id='block_1_99' title="bbox 419 5423 2000 5495">
    <p class='ocr_par' dir='ltr' id='par_1_99' title="bbox 419 5423 2000 5495">
     <span class='ocr_line' id='line_1_99' title="bbox 419 5423 2000 5495; baseline -0.002 -13"><span class='ocrx_word' id='word_1_661' title='bbox 419 5444 524 5482; x_wconf 87' lang='lat' dir='ltr'><strong>nos</strong></span> <span class='ocrx_word' id='word_1_662' title='bbox 552 5428 833 5493; x_wconf 78' lang='lat' dir='ltr'><strong>exhibuit;</strong></span> <span class='ocrx_word' id='word_1_663' title='bbox 866 5427 1122 5495; x_wconf 84' lang='lat' dir='ltr'><strong>idemque</strong></span> <span class='ocrx_word' id='word_1_664' title='bbox 1153 5433 1237 5480; x_wconf 89' lang='lat' dir='ltr'><strong>est</strong></span> <span class='ocrx_word' id='word_1_665' title='bbox 1269 5424 1365 5494; x_wconf 91' lang='lat' dir='ltr'><strong>qui</strong></span> <span class='ocrx_word' id='word_1_666' title='bbox 1398 5423 1665 5478; x_wconf 81' lang='lat' dir='ltr'><strong>Kozmum</strong></span> <span class='ocrx_word' id='word_1_667' title='bbox 1697 5436 1750 5478; x_wconf 91' lang='lat' dir='ltr'><strong>et</strong></span> <span class='ocrx_word' id='word_1_668' title='bbox 1777 5425 2000 5479; x_wconf 90' lang='lat' dir='ltr'><strong>Damia-</strong></span> 
     </span>
    </p>
   </div>
   <div class='ocr_carea' id='block_1_100' title="bbox 418 5516 1999 5589">
    <p class='ocr_par' dir='ltr' id='par_1_100' title="bbox 418 5516 1999 5589">
     <span class='ocr_line' id='line_1_100' title="bbox 418 5516 1999 5589; baseline -0.002 -14"><span class='ocrx_word' id='word_1_669' title='bbox 418 5537 547 5575; x_wconf 89' lang='lat' dir='ltr'><strong>num</strong></span> <span class='ocrx_word' id='word_1_670' title='bbox 586 5520 817 5585; x_wconf 75' lang='lat' dir='ltr'><strong>fratres,</strong></span> <span class='ocrx_word' id='word_1_671' title='bbox 860 5529 1131 5589; x_wconf 79' lang='lat' dir='ltr'><strong>martyres</strong></span> <span class='ocrx_word' id='word_1_672' title='bbox 1165 5528 1341 5571; x_wconf 86' lang='lat' dir='ltr'><strong>morte</strong></span> <span class='ocrx_word' id='word_1_673' title='bbox 1380 5516 1579 5570; x_wconf 82' lang='lat' dir='ltr'><strong>aﬂ&#39;ecit.</strong></span> <span class='ocrx_word' id='word_1_674' title='bbox 1613 5516 1831 5571; x_wconf 83' lang='lat' dir='ltr'><strong>Mortuo</strong></span> <span class='ocrx_word' id='word_1_675' title='bbox 1858 5516 1999 5572; x_wconf 83' lang='lat' dir='ltr'><strong>Caro</strong></span> 
     </span>
    </p>
   </div>
   <div class='ocr_carea' id='block_1_101' title="bbox 416 5610 1998 5682">
    <p class='ocr_par' dir='ltr' id='par_1_101' title="bbox 416 5610 1998 5682">
     <span class='ocr_line' id='line_1_101' title="bbox 416 5610 1998 5682; baseline -0.004 -10"><span class='ocrx_word' id='word_1_676' title='bbox 416 5618 636 5672; x_wconf 61' lang='grc' dir='ltr'><strong>ϐεεν-ε</strong></span> <span class='ocrx_word' id='word_1_677' title='bbox 660 5654 677 5680; x_wconf 87' lang='grc'><em>,</em></span> <span class='ocrx_word' id='word_1_678' title='bbox 724 5630 788 5670; x_wconf 89' lang='lat' dir='ltr'><strong>ac</strong></span> <span class='ocrx_word' id='word_1_679' title='bbox 831 5612 1143 5668; x_wconf 80' lang='lat' dir='ltr'><strong>interfectis</strong></span> <span class='ocrx_word' id='word_1_680' title='bbox 1182 5612 1309 5666; x_wconf 86' lang='lat' dir='ltr'><strong>li-liis</strong></span> <span class='ocrx_word' id='word_1_681' title='bbox 1342 5612 1539 5682; x_wconf 85' lang='lat' dir='ltr'><strong>ipsius,</strong></span> <span class='ocrx_word' id='word_1_682' title='bbox 1583 5610 1771 5665; x_wconf 80' lang='lat' dir='ltr'><strong>Romae</strong></span> <span class='ocrx_word' id='word_1_683' title='bbox 1806 5613 1860 5668; x_wconf 92' lang='lat' dir='ltr'><strong>in</strong></span> <span class='ocrx_word' id='word_1_684' title='bbox 1893 5610 1998 5665; x_wconf 76' lang='grc' dir='ltr'><strong>ηυ-</strong></span> 
     </span>
    </p>
   </div>
   <div class='ocr_carea' id='block_1_102' title="bbox 419 5702 1863 5775">
    <p class='ocr_par' dir='ltr' id='par_1_102' title="bbox 419 5702 1863 5775">
     <span class='ocr_line' id='line_1_102' title="bbox 419 5702 1863 5775; baseline -0.003 -12"><span class='ocrx_word' id='word_1_685' title='bbox 419 5723 616 5763; x_wconf 86' lang='lat' dir='ltr'><strong>manos</strong></span> <span class='ocrx_word' id='word_1_686' title='bbox 653 5707 882 5775; x_wconf 88' lang='lat' dir='ltr'><strong>imperio</strong></span> <span class='ocrx_word' id='word_1_687' title='bbox 912 5707 1117 5775; x_wconf 86' lang='lat' dir='ltr'><strong>potitus</strong></span> <span class='ocrx_word' id='word_1_688' title='bbox 1147 5713 1234 5758; x_wconf 89' lang='lat' dir='ltr'><strong>est</strong></span> <span class='ocrx_word' id='word_1_689' title='bbox 1259 5702 1634 5758; x_wconf 87' lang='lat' dir='ltr'><strong>Diocletianus</strong></span> <span class='ocrx_word' id='word_1_690' title='bbox 1659 5702 1863 5759; x_wconf 65' lang='lat' dir='ltr'><strong>Caesar.</strong></span> 
     </span>
    </p>
   </div>
   <div class='ocr_carea' id='block_1_103' title="bbox 486 5794 1997 5869">
    <p class='ocr_par' dir='ltr' id='par_1_103' title="bbox 486 5794 1997 5869">
     <span class='ocr_line' id='line_1_103' title="bbox 486 5794 1997 5869; baseline -0.003 -14"><span class='ocrx_word' id='word_1_691' title='bbox 486 5797 609 5855; x_wconf 80' lang='lat' dir='ltr'><strong>Jam</strong></span> <span class='ocrx_word' id='word_1_692' title='bbox 638 5801 702 5854; x_wconf 87' lang='lat' dir='ltr'><strong>ad</strong></span> <span class='ocrx_word' id='word_1_693' title='bbox 731 5800 1021 5869; x_wconf 81' lang='lat' dir='ltr'><strong>imperium</strong></span> <span class='ocrx_word' id='word_1_694' title='bbox 1053 5797 1377 5856; x_wconf 77' lang='lat' dir='ltr'><strong>Diocletiani</strong></span> <span class='ocrx_word' id='word_1_695' title='bbox 1405 5800 1474 5849; x_wconf 86' lang='lat' dir='ltr'><strong>ab</strong></span> <span class='ocrx_word' id='word_1_696' title='bbox 1500 5794 1876 5866; x_wconf 79' lang='lat' dir='ltr'><strong>Hierosolyma</strong></span> <span class='ocrx_word' id='word_1_697' title='bbox 1904 5812 1997 5867; x_wconf 80' lang='lat' dir='ltr'><strong>per</strong></span> 
     </span>
    </p>
   </div>
   <div class='ocr_carea' id='block_1_104' title="bbox 2112 4593 3697 4666">
    <p class='ocr_par' dir='ltr' id='par_1_104' title="bbox 2112 4593 3697 4666">
     <span class='ocr_line' id='line_1_104' title="bbox 2112 4593 3697 4666; baseline 0.001 -16"><span class='ocrx_word' id='word_1_698' title='bbox 2112 4610 2216 4666; x_wconf 90' lang='lat' dir='ltr'><strong>pus</strong></span> <span class='ocrx_word' id='word_1_699' title='bbox 2244 4593 2408 4650; x_wconf 79' lang='lat' dir='ltr'><strong>Hiero</strong></span> <span class='ocrx_word' id='word_1_700' title='bbox 2426 4597 2818 4666; x_wconf 84' lang='lat' dir='ltr'><strong>solymitanus,</strong></span> <span class='ocrx_word' id='word_1_701' title='bbox 2845 4594 2933 4664; x_wconf 84' lang='lat' dir='ltr'><strong>qui</strong></span> <span class='ocrx_word' id='word_1_702' title='bbox 2963 4598 3147 4652; x_wconf 80' lang='lat' dir='ltr'><strong>decem</strong></span> <span class='ocrx_word' id='word_1_703' title='bbox 3172 4613 3345 4653; x_wconf 83' lang='lat' dir='ltr'><strong>annos</strong></span> <span class='ocrx_word' id='word_1_704' title='bbox 3379 4600 3541 4662; x_wconf 87' lang='lat' dir='ltr'><strong>sedit,</strong></span> <span class='ocrx_word' id='word_1_705' title='bbox 3572 4599 3697 4653; x_wconf 86' lang='lat' dir='ltr'><strong>dein</strong></span> 
     </span>
    </p>
   </div>
   <div class='ocr_carea' id='block_1_105' title="bbox 2107 4686 3698 4760">
    <p class='ocr_par' dir='ltr' id='par_1_105' title="bbox 2107 4686 3698 4760">
     <span class='ocr_line' id='line_1_105' title="bbox 2107 4686 3698 4760; baseline 0.001 -20"><span class='ocrx_word' id='word_1_706' title='bbox 2107 4695 2358 4741; x_wconf 90' lang='lat' dir='ltr'><strong>mortuus</strong></span> <span class='ocrx_word' id='word_1_707' title='bbox 2408 4699 2518 4743; x_wconf 90' lang='lat' dir='ltr'><strong>est.</strong></span> <span class='ocrx_word' id='word_1_708' title='bbox 2598 4686 2847 4743; x_wconf 83' lang='lat' dir='ltr'><strong>Fuerunt</strong></span> <span class='ocrx_word' id='word_1_709' title='bbox 2910 4697 3095 4744; x_wconf 90' lang='lat' dir='ltr'><strong>autem</strong></span> <span class='ocrx_word' id='word_1_710' title='bbox 3154 4688 3320 4743; x_wconf 85' lang='lat' dir='ltr'><strong>Petro</strong></span> <span class='ocrx_word' id='word_1_711' title='bbox 3369 4692 3698 4760; x_wconf 63' lang='lat' dir='ltr'><strong>patriarchae</strong></span> 
     </span>
    </p>
   </div>
   <div class='ocr_carea' id='block_1_106' title="bbox 2107 4777 3695 4849">
    <p class='ocr_par' dir='ltr' id='par_1_106' title="bbox 2107 4777 3695 4849">
     <span class='ocr_line' id='line_1_106' title="bbox 2107 4777 3695 4849; baseline 0.003 -18"><span class='ocrx_word' id='word_1_712' title='bbox 2107 4777 2485 4833; x_wconf 78' lang='lat' dir='ltr'><strong>Alexandrino</strong></span> <span class='ocrx_word' id='word_1_713' title='bbox 2541 4778 2800 4848; x_wconf 88' lang='lat' dir='ltr'><strong>discipuli</strong></span> <span class='ocrx_word' id='word_1_714' title='bbox 2852 4779 2986 4843; x_wconf 89' lang='lat' dir='ltr'><strong>duo,</strong></span> <span class='ocrx_word' id='word_1_715' title='bbox 3040 4795 3277 4849; x_wconf 86' lang='lat' dir='ltr'><strong>quorum</strong></span> <span class='ocrx_word' id='word_1_716' title='bbox 3340 4783 3434 4833; x_wconf 80' lang='lat' dir='ltr'><strong>uni</strong></span> <span class='ocrx_word' id='word_1_717' title='bbox 3490 4796 3695 4835; x_wconf 85' lang='lat' dir='ltr'><strong>nomen</strong></span> 
     </span>
    </p>
   </div>
   <div class='ocr_carea' id='block_1_107' title="bbox 2104 4869 3698 4941">
    <p class='ocr_par' dir='ltr' id='par_1_107' title="bbox 2104 4869 3698 4941">
     <span class='ocr_line' id='line_1_107' title="bbox 2104 4869 3698 4941; baseline 0.001 -19"><span class='ocrx_word' id='word_1_718' title='bbox 2104 4871 2367 4934; x_wconf 82' lang='lat' dir='ltr'><strong>Achillas,</strong></span> <span class='ocrx_word' id='word_1_719' title='bbox 2400 4869 2559 4925; x_wconf 81' lang='lat' dir='ltr'><strong>alteri</strong></span> <span class='ocrx_word' id='word_1_720' title='bbox 2592 4872 2922 4926; x_wconf 83' lang='lat' dir='ltr'><strong>Alexander.</strong></span> <span class='ocrx_word' id='word_1_721' title='bbox 2959 4869 3200 4941; x_wconf 88' lang='lat' dir='ltr'><strong>Fuitque</strong></span> <span class='ocrx_word' id='word_1_722' title='bbox 3228 4871 3579 4926; x_wconf 61' lang='lat' dir='ltr'><strong>Alexandria)</strong></span> <span class='ocrx_word' id='word_1_723' title='bbox 3612 4872 3698 4925; x_wconf 83' lang='lat' dir='ltr'><strong>in-</strong></span> 
     </span>
    </p>
   </div>
   <div class='ocr_carea' id='block_1_108' title="bbox 2106 4962 3691 5034">
    <p class='ocr_par' dir='ltr' id='par_1_108' title="bbox 2106 4962 3691 5034">
     <span class='ocr_line' id='line_1_108' title="bbox 2106 4962 3691 5034; baseline 0.003 -20"><span class='ocrx_word' id='word_1_724' title='bbox 2106 4962 2283 5017; x_wconf 78' lang='lat' dir='ltr'><strong>fidelis</strong></span> <span class='ocrx_word' id='word_1_725' title='bbox 2315 4962 2539 5032; x_wconf 86' lang='lat' dir='ltr'><strong>quidam</strong></span> <span class='ocrx_word' id='word_1_726' title='bbox 2595 4964 2820 5018; x_wconf 88' lang='lat' dir='ltr'><strong>nomine</strong></span> <span class='ocrx_word' id='word_1_727' title='bbox 2879 4964 3070 5028; x_wconf 83' lang='lat' dir='ltr'><strong>Arius,</strong></span> <span class='ocrx_word' id='word_1_728' title='bbox 3124 4963 3221 5034; x_wconf 85' lang='lat' dir='ltr'><strong>qui</strong></span> <span class='ocrx_word' id='word_1_729' title='bbox 3260 4962 3480 5019; x_wconf 88' lang='lat' dir='ltr'><strong>Patrem</strong></span> <span class='ocrx_word' id='word_1_730' title='bbox 3512 4964 3691 5020; x_wconf 89' lang='lat' dir='ltr'><strong>solum</strong></span> 
     </span>
    </p>
   </div>
   <div class='ocr_carea' id='block_1_109' title="bbox 2104 5053 3692 5120">
    <p class='ocr_par' dir='ltr' id='par_1_109' title="bbox 2104 5053 3692 5120">
     <span class='ocr_line' id='line_1_109' title="bbox 2104 5053 3692 5120; baseline 0.003 -13"><span class='ocrx_word' id='word_1_731' title='bbox 2104 5053 2275 5109; x_wconf 90' lang='lat' dir='ltr'><strong>Deum</strong></span> <span class='ocrx_word' id='word_1_732' title='bbox 2307 5072 2429 5111; x_wconf 80' lang='lat' dir='ltr'><strong>esse</strong></span> <span class='ocrx_word' id='word_1_733' title='bbox 2460 5058 2723 5119; x_wconf 89' lang='lat' dir='ltr'><strong>asseruit,</strong></span> <span class='ocrx_word' id='word_1_734' title='bbox 2789 5054 2988 5111; x_wconf 83' lang='lat' dir='ltr'><strong>Filium</strong></span> <span class='ocrx_word' id='word_1_735' title='bbox 3028 5070 3210 5111; x_wconf 85' lang='lat' dir='ltr'><strong>autem</strong></span> <span class='ocrx_word' id='word_1_736' title='bbox 3244 5066 3514 5120; x_wconf 86' lang='lat' dir='ltr'><strong>creatum,</strong></span> <span class='ocrx_word' id='word_1_737' title='bbox 3551 5072 3692 5111; x_wconf 88' lang='lat' dir='ltr'><strong>con-</strong></span> 
     </span>
    </p>
   </div>
   <div class='ocr_carea' id='block_1_110' title="bbox 2103 5148 3698 5217">
    <p class='ocr_par' dir='ltr' id='par_1_110' title="bbox 2103 5148 3698 5217">
     <span class='ocr_line' id='line_1_110' title="bbox 2103 5148 3698 5217; baseline 0 -14"><span class='ocrx_word' id='word_1_738' title='bbox 2103 5150 2324 5217; x_wconf 87' lang='lat' dir='ltr'><strong>ditum;</strong></span> <span class='ocrx_word' id='word_1_739' title='bbox 2388 5164 2451 5202; x_wconf 90' lang='lat' dir='ltr'><strong>ac</strong></span> <span class='ocrx_word' id='word_1_740' title='bbox 2513 5149 2693 5204; x_wconf 82' lang='lat' dir='ltr'><strong>fuisse</strong></span> <span class='ocrx_word' id='word_1_741' title='bbox 2718 5149 2935 5205; x_wconf 83' lang='lat' dir='ltr'><strong>Patrem</strong></span> <span class='ocrx_word' id='word_1_742' title='bbox 2993 5165 3118 5204; x_wconf 84' lang='lat' dir='ltr'><strong>cum</strong></span> <span class='ocrx_word' id='word_1_743' title='bbox 3162 5165 3271 5203; x_wconf 92' lang='lat' dir='ltr'><strong>non</strong></span> <span class='ocrx_word' id='word_1_744' title='bbox 3322 5161 3465 5205; x_wconf 89' lang='lat' dir='ltr'><strong>esset</strong></span> <span class='ocrx_word' id='word_1_745' title='bbox 3500 5148 3698 5204; x_wconf 85' lang='lat' dir='ltr'><strong>Filius.</strong></span> 
     </span>
    </p>
   </div>
   <div class='ocr_carea' id='block_1_111' title="bbox 2108 5239 3698 5310">
    <p class='ocr_par' dir='ltr' id='par_1_111' title="bbox 2108 5239 3698 5310">
     <span class='ocr_line' id='line_1_111' title="bbox 2108 5239 3698 5310; baseline 0.001 -17"><span class='ocrx_word' id='word_1_746' title='bbox 2108 5239 2259 5295; x_wconf 83' lang='lat' dir='ltr'><strong>Dixit</strong></span> <span class='ocrx_word' id='word_1_747' title='bbox 2292 5256 2426 5310; x_wconf 83' lang='lat' dir='ltr'><strong>ergo</strong></span> <span class='ocrx_word' id='word_1_748' title='bbox 2460 5240 2657 5295; x_wconf 85' lang='lat' dir='ltr'><strong>Petrus</strong></span> <span class='ocrx_word' id='word_1_749' title='bbox 2689 5241 2971 5310; x_wconf 90' lang='lat' dir='ltr'><strong>discipulis</strong></span> <span class='ocrx_word' id='word_1_750' title='bbox 3027 5242 3146 5297; x_wconf 92' lang='lat' dir='ltr'><strong>suis</strong></span> <span class='ocrx_word' id='word_1_751' title='bbox 3179 5262 3191 5296; x_wconf 89' lang='lat'><strong>:</strong></span> <span class='ocrx_word' id='word_1_752' title='bbox 3229 5241 3496 5296; x_wconf 88' lang='lat' dir='ltr'><strong>Dominus</strong></span> <span class='ocrx_word' id='word_1_753' title='bbox 3535 5240 3698 5296; x_wconf 89' lang='lat' dir='ltr'><strong>Chri-</strong></span> 
     </span>
    </p>
   </div>
   <div class='ocr_carea' id='block_1_112' title="bbox 2102 5332 3696 5403">
    <p class='ocr_par' dir='ltr' id='par_1_112' title="bbox 2102 5332 3696 5403">
     <span class='ocr_line' id='line_1_112' title="bbox 2102 5332 3696 5403; baseline -0.002 -12"><span class='ocrx_word' id='word_1_754' title='bbox 2102 5348 2223 5391; x_wconf 76' lang='lat' dir='ltr'><strong>Stus</strong></span> <span class='ocrx_word' id='word_1_755' title='bbox 2256 5335 2386 5388; x_wconf 86' lang='lat' dir='ltr'><strong>Ario</strong></span> <span class='ocrx_word' id='word_1_756' title='bbox 2418 5336 2505 5389; x_wconf 87' lang='lat' dir='ltr'><strong>isti</strong></span> <span class='ocrx_word' id='word_1_757' title='bbox 2532 5334 2834 5399; x_wconf 78' lang='lat' dir='ltr'><strong>maledixit,</strong></span> <span class='ocrx_word' id='word_1_758' title='bbox 2864 5344 3052 5389; x_wconf 87' lang='lat' dir='ltr'><strong>cavete</strong></span> <span class='ocrx_word' id='word_1_759' title='bbox 3086 5334 3254 5402; x_wconf 80' lang='lat' dir='ltr'><strong>igitur</strong></span> <span class='ocrx_word' id='word_1_760' title='bbox 3277 5350 3343 5388; x_wconf 92' lang='lat' dir='ltr'><strong>ne</strong></span> <span class='ocrx_word' id='word_1_761' title='bbox 3373 5334 3575 5403; x_wconf 88' lang='lat' dir='ltr'><strong>ipsum,</strong></span> <span class='ocrx_word' id='word_1_762' title='bbox 3600 5332 3696 5388; x_wconf 76' lang='lat' dir='ltr'><strong>aul</strong></span> 
     </span>
    </p>
   </div>
   <div class='ocr_carea' id='block_1_113' title="bbox 2106 5426 3697 5501">
    <p class='ocr_par' dir='ltr' id='par_1_113' title="bbox 2106 5426 3697 5501">
     <span class='ocr_line' id='line_1_113' title="bbox 2106 5426 3697 5501; baseline -0.004 -16"><span class='ocrx_word' id='word_1_763' title='bbox 2106 5431 2282 5501; x_wconf 87' lang='lat' dir='ltr'><strong>ipsius</strong></span> <span class='ocrx_word' id='word_1_764' title='bbox 2321 5428 2527 5483; x_wconf 83' lang='lat' dir='ltr'><strong>dictum</strong></span> <span class='ocrx_word' id='word_1_765' title='bbox 2559 5426 2915 5498; x_wconf 61' lang='grc'><strong>405-407</strong></span> <span class='ocrx_word' id='word_1_766' title='bbox 2951 5428 3253 5497; x_wconf 86' lang='lat' dir='ltr'><strong>recipiatis.</strong></span> <span class='ocrx_word' id='word_1_767' title='bbox 3302 5426 3507 5481; x_wconf 77' lang='lat' dir='ltr'><strong>Videns</strong></span> <span class='ocrx_word' id='word_1_768' title='bbox 3544 5427 3697 5480; x_wconf 88' lang='lat' dir='ltr'><strong>enim</strong></span> 
     </span>
    </p>
   </div>
   <div class='ocr_carea' id='block_1_114' title="bbox 2102 5520 3697 5589">
    <p class='ocr_par' dir='ltr' id='par_1_114' title="bbox 2102 5520 3697 5589">
     <span class='ocr_line' id='line_1_114' title="bbox 2102 5520 3697 5589; baseline -0.004 -11"><span class='ocrx_word' id='word_1_769' title='bbox 2102 5525 2156 5579; x_wconf 92' lang='lat' dir='ltr'><strong>in</strong></span> <span class='ocrx_word' id='word_1_770' title='bbox 2191 5538 2387 5578; x_wconf 81' lang='lat' dir='ltr'><strong>somno</strong></span> <span class='ocrx_word' id='word_1_771' title='bbox 2412 5522 2696 5577; x_wconf 86' lang='lat' dir='ltr'><strong>Christum</strong></span> <span class='ocrx_word' id='word_1_772' title='bbox 2729 5521 2980 5574; x_wconf 84' lang='lat' dir='ltr'><strong>vestibus</strong></span> <span class='ocrx_word' id='word_1_773' title='bbox 3010 5520 3223 5585; x_wconf 90' lang='lat' dir='ltr'><strong>scissis,</strong></span> <span class='ocrx_word' id='word_1_774' title='bbox 3255 5534 3380 5572; x_wconf 87' lang='lat' dir='ltr'><strong>cum</strong></span> <span class='ocrx_word' id='word_1_775' title='bbox 3415 5530 3697 5589; x_wconf 83' lang='lat' dir='ltr'><strong>rogassem</strong></span> 
     </span>
    </p>
   </div>
   <div class='ocr_carea' id='block_1_115' title="bbox 2103 5610 3702 5687">
    <p class='ocr_par' dir='ltr' id='par_1_115' title="bbox 2103 5610 3702 5687">
     <span class='ocr_line' id='line_1_115' title="bbox 2103 5610 3702 5687; baseline -0.005 -17"><span class='ocrx_word' id='word_1_776' title='bbox 2103 5617 2279 5687; x_wconf 85' lang='lat' dir='ltr'><strong>ipsqu</strong></span> <span class='ocrx_word' id='word_1_777' title='bbox 2307 5631 2322 5668; x_wconf 92' lang='lat'>:</span> <span class='ocrx_word' id='word_1_778' title='bbox 2350 5616 2599 5680; x_wconf 85' lang='lat' dir='ltr'><strong>Domine,</strong></span> <span class='ocrx_word' id='word_1_779' title='bbox 2627 5613 2751 5682; x_wconf 91' lang='lat' dir='ltr'><strong>quis</strong></span> <span class='ocrx_word' id='word_1_780' title='bbox 2778 5618 2959 5665; x_wconf 84' lang='lat' dir='ltr'><strong>vestes</strong></span> <span class='ocrx_word' id='word_1_781' title='bbox 2987 5618 3115 5666; x_wconf 89' lang='lat' dir='ltr'><strong>tuas</strong></span> <span class='ocrx_word' id='word_1_782' title='bbox 3144 5610 3441 5665; x_wconf 86' lang='lat' dir='ltr'><strong>laceravit?</strong></span> <span class='ocrx_word' id='word_1_783' title='bbox 3468 5625 3702 5679; x_wconf 84' lang='lat' dir='ltr'><strong>respon-</strong></span> 
     </span>
    </p>
   </div>
   <div class='ocr_carea' id='block_1_116' title="bbox 2104 5701 3697 5775">
    <p class='ocr_par' dir='ltr' id='par_1_116' title="bbox 2104 5701 3697 5775">
     <span class='ocr_line' id='line_1_116' title="bbox 2104 5701 3697 5775; baseline -0.005 -12"><span class='ocrx_word' id='word_1_784' title='bbox 2104 5710 2185 5763; x_wconf 90' lang='lat' dir='ltr'><strong>dit</strong></span> <span class='ocrx_word' id='word_1_785' title='bbox 2221 5708 2377 5772; x_wconf 88' lang='lat' dir='ltr'><strong>mihi,</strong></span> <span class='ocrx_word' id='word_1_786' title='bbox 2422 5708 2608 5762; x_wconf 87' lang='lat' dir='ltr'><strong>Arius.</strong></span> <span class='ocrx_word' id='word_1_787' title='bbox 2666 5703 2870 5759; x_wconf 86' lang='lat' dir='ltr'><strong>Cavete</strong></span> <span class='ocrx_word' id='word_1_788' title='bbox 2926 5718 3059 5775; x_wconf 89' lang='lat' dir='ltr'><strong>ergo</strong></span> <span class='ocrx_word' id='word_1_789' title='bbox 3106 5719 3173 5761; x_wconf 88' lang='lat' dir='ltr'><strong>ne</strong></span> <span class='ocrx_word' id='word_1_790' title='bbox 3206 5702 3385 5775; x_wconf 83' lang='lat' dir='ltr'><strong>ipsum</strong></span> <span class='ocrx_word' id='word_1_791' title='bbox 3422 5703 3474 5757; x_wconf 93' lang='lat' dir='ltr'><strong>in</strong></span> <span class='ocrx_word' id='word_1_792' title='bbox 3510 5701 3697 5757; x_wconf 75' lang='lat' dir='ltr'><strong>Eccle-</strong></span> 
     </span>
    </p>
   </div>
   <div class='ocr_carea' id='block_1_117' title="bbox 2103 5796 2919 5856">
    <p class='ocr_par' dir='ltr' id='par_1_117' title="bbox 2103 5796 2919 5856">
     <span class='ocr_line' id='line_1_117' title="bbox 2103 5796 2919 5856; baseline -0.006 -1"><span class='ocrx_word' id='word_1_793' title='bbox 2103 5800 2240 5855; x_wconf 86' lang='lat' dir='ltr'><strong>siam</strong></span> <span class='ocrx_word' id='word_1_794' title='bbox 2270 5800 2559 5856; x_wconf 86' lang='lat' dir='ltr'><strong>vobiscum</strong></span> <span class='ocrx_word' id='word_1_795' title='bbox 2591 5796 2919 5851; x_wconf 81' lang='lat' dir='ltr'><strong>admittatis.</strong></span> 
     </span>
    </p>
   </div>
  </div>
