4076 6472
386 342 495 409 99-9

1415 341 1785 405 EUTYCHII
1828 337 2367 401 ALEXANDRINI
2407 338 2625 398 PATR.

3516 326 3531 387 Ξ
3545 326 3653 391 030

457 458 664 525 Quinto
689 465 870 512 autem
899 465 1022 526 post
1048 454 1271 510 Petrum
1306 454 1672 524 patriarcham
1736 449 1966 507 interfe-
1996 463 2043 517 Α
2073 451 2190 521 ipse
2220 450 2371 504 Roha
2405 448 2640 521 fugiens,
2670 461 2733 503 ac
2762 444 3081 517 Byzantium
3104 442 3410 514 profectus,
3443 452 3655 514 patrem

385 565 538 606 ctum
574 564 739 613 anno,
806 549 1139 603 constitutus
1199 554 1284 601 est
1340 545 1605 609 Achillas,
1666 543 1968 613 discipulus

386 640 585 711 ipsius,
639 638 955 708 patriarcha
991 636 1439 701 Alexandrinus;
1503 635 1592 687 ubi
1645 648 1740 688 sex
1795 646 1970 687 annos

388 730 552 793 sedit,
586 730 708 784 dein
767 738 1016 782 mortuus
1065 737 1168 783 est.
1198 728 1363 784 Arius
1426 735 1612 779 autem
1666 725 1971 779 amicorum

389 836 619 876 suorum
648 835 749 888 ope
771 830 963 873 contra
990 819 1265 872 Achillam
1296 819 1585 887 implorata
1611 816 1712 884 ipsi
1744 814 1970 868 simula-

393 927 470 967 vit
503 914 730 968 rediisse
762 930 821 967 se
854 914 920 965 ab
949 913 1053 966 ista
1097 911 1370 965 sententia
1404 911 1592 978 impia,
1644 909 1862 976 istaque
1891 905 1976 958 in-

394 1006 701 1071 fidelitate;
749 1020 917 1073 quare
976 1004 1245 1072 ipsumet
1295 1004 1349 1056 in
1388 1001 1695 1057 Ecclesiatrt
1746 998 1969 1052 admisit

394 1099 640 1151 Achillas
685 1105 738 1151 et
794 1094 1178 1164 presbyterum
1230 1095 1539 1149 constituit.
1601 1091 1976 1145 Diocletianus

394 1206 526 1245 vero
582 1204 676 1243 rex
702 1187 1053 1241 Christianos
1115 1187 1358 1257 undique
1403 1185 1753 1255 conquisitos
1803 1191 1978 1237 morte

395 1282 578 1336 aﬂ‘ecit
616 1296 634 1333 :
690 1295 834 1348 quos
863 1280 992 1332 dum
1028 1294 1280 1348 quaerere
1306 1288 1580 1349 pergeret,
1635 1293 1760 1332 cum
1794 1275 1860 1329 ad
1897 1276 1979 1328 lo-

396 1390 521 1428 cum
559 1372 869 1424 Daltnitiatn
903 1370 1110 1423 dictum
1147 1372 1505 1439 pervenisset,
1540 1368 1683 1423 Deus
1717 1369 1770 1421 in
1801 1366 1977 1435 ipsum

398 1466 693 1520 vindictam
724 1480 879 1520 suam
910 1463 1130 1528 effudit,
1182 1463 1321 1517 adeo
1353 1472 1410 1517 ut
1439 1463 1620 1517 soluto
1650 1474 1882 1530 corpore
1920 1456 1978 1510 in

398 1559 649 1613 morbum
683 1572 903 1628 gravem
943 1558 1236 1622 incideret,
1277 1558 1570 1625 plagasque
1610 1568 1806 1623 graves
1840 1565 1978 1605 con-

398 1652 663 1717 traheret,
690 1653 831 1704 adeo
864 1658 927 1702 ut
960 1664 1172 1704 vermes
1201 1650 1539 1718 produceret
1570 1659 1771 1713 corpus
1805 1642 1979 1713 ipsius

398 1744 492 1812 qui
519 1756 550 1795 a
585 1756 751 1795 carne
782 1742 952 1808 ipsius
984 1741 1039 1793 in
1079 1749 1283 1793 terram
1310 1739 1646 1802 deciderent,
1685 1737 1977 1805 linguaque

2072 557 2229 599 suum
2262 545 2421 605 adiit,
2453 543 2546 611 qui
2576 556 2802 611 regnum
2837 541 2938 609 ipsi
2969 538 3217 592 tradidit.

2146 636 2446 705 Aliquanto
2488 642 2614 703 post
2656 641 2903 687 mortuus
2934 639 3019 684 est
3052 630 3351 696 Constans,
3378 629 3657 685 Constan-

2072 729 2171 783 tini
2201 737 2380 798 pater.
2434 727 2576 780 Deus
2608 732 2790 778 autem
2829 725 2881 776 in
2916 722 3313 775 Maximianum
3364 722 3663 791 imperato-

2074 836 2188 875 rem
2242 819 2463 874 morbos
2507 832 2701 885 graves
2750 814 3002 879 immisit,
3034 813 3172 866 adeo
3219 821 3278 867 ut
3319 826 3445 865 caro
3484 812 3662 881 ipsius

2074 913 2361 976 deflueret,
2416 920 2471 966 et
2524 912 2579 964 in
2640 919 2845 962 terram
2910 906 3187 977 projectus
3240 914 3507 967 maneret,
3558 920 3663 957 nec

2075 1004 2200 1075 quis
2232 1003 2299 1057 ad
2345 1003 2524 1070 ipsum
2562 999 2847 1054 accederet
2889 997 2971 1051 vel
3020 996 3281 1050 accedere
3309 1003 3510 1065 posset.
3562 992 3664 1047 Mi-

2074 1098 2179 1153 rati
2198 1106 2324 1151 sunt
2353 1112 2480 1166 ergo
2512 1096 2645 1150 socii
2674 1097 2845 1164 ipsius
2869 1094 2999 1146 illud
3031 1095 3176 1161 quod
3206 1091 3306 1161 ipsi
3332 1091 3661 1160 contigerat,

2075 1192 2208 1261 quin
2254 1199 2308 1244 et
2348 1190 2452 1258 ipsi
2488 1188 2693 1241 inimici
2745 1186 2957 1241 miserti
3010 1194 3142 1240 sunt
3172 1185 3292 1253 ejus
3325 1184 3395 1237 ob
3436 1198 3500 1237 ea
3536 1198 3661 1248 quae

2078 1299 2277 1353 passus
2315 1290 2420 1337 est.
2472 1282 2598 1349 Ipse
2638 1296 2767 1334 vero
2804 1280 2869 1332 ad
2906 1295 2963 1333 se
2995 1292 3275 1342 reversus,
3325 1274 3435 1328 Hoc
3473 1274 3660 1329 forsan

2077 1377 2223 1445 quod
2255 1375 2432 1445 patior
2470 1373 2694 1444 (inquit)
2720 1372 2846 1427 inde
2884 1370 3015 1425 mihi
3045 1370 3266 1432 accidit,
3310 1369 3454 1438 quod
3498 1367 3661 1422 Citri-

2080 1473 2295 1528 stianos
2323 1468 2715 1524 interfecerim.
2758 1466 2993 1520 Litteras
3025 1480 3158 1535 ergo
3192 1465 3244 1518 in
3286 1479 3479 1519 onmes
3534 1478 3663 1532 pro-

2079 1565 2291 1617 vincias
2333 1576 2468 1617 suas
2514 1560 2688 1623 dedit,
2736 1569 2793 1613 ut
2837 1557 3208 1621 Christianos,
3256 1558 3570 1626 quicunque
3599 1556 3658 1610 in

2079 1653 2397 1711 carceribus
2426 1659 2639 1717 essent,
2674 1650 3038 1713 dimitterent,
3087 1663 3293 1716 eosque
3335 1649 3541 1702 honore
3575 1645 3661 1701 af-

2084 1748 2326 1810 ficerent,
2373 1760 2476 1801 nec
2517 1745 2688 1799 ullum
2741 1744 2808 1798 iis
2849 1743 3112 1798 damnum
3143 1740 3307 1813 £12
3352 1741 3663 1807 inferrent;

392 1848 465 1885 ex
513 1845 610 1886 ore
642 1830 933 1895 deflueret,
979 1830 1167 1898 itaque
1199 1837 1449 1882 mortuus
1492 1829 1585 1880 sit.
1618 1825 1980 1880 Maximianus
2014 1806 2056 1861 Β
2086 1850 2342 1911 rogarem
2394 1847 2574 1894 autem
2608 1847 2667 1893 ιιι
2697 1838 2841 1891 inter
2899 1806 3375 1907 precandu—njgro
3432 1837 3665 1904 nupera-

397 1938 549 1987 vero,
591 1923 686 1991 qui
709 1923 968 1976 Alcurius
987 1922 1300 1992 appellatus
1327 1934 1431 1982 est,
1473 1920 1528 1974 in
1565 1922 1817 1973 morbum
1846 1917 1983 1971 inci-

398 2014 499 2078 dit,
535 2030 645 2083 quo
677 2014 931 2067 adustum
964 2024 1048 2068 est
1077 2028 1284 2081 corpus
1316 2012 1510 2081 ipsius,
1538 2014 1671 2065 adeo
1700 2018 1758 2063 ut
1791 2010 1985 2063 carbo-

400 2110 489 2160 nis
512 2108 686 2159 instar
714 2114 900 2171 esset;
964 2104 1233 2175 Tarsique
1268 2116 1517 2159 mortuus
1543 2112 1649 2170 est,
1682 2104 1986 2171 imperante

401 2209 525 2270 post
565 2201 712 2268 ipsos
736 2197 1036 2262 Maxentio,
1067 2197 1387 2251 Maximiani
1416 2198 1549 2262 tilio,
1575 2210 1789 2263 unaque
1812 2194 1985 2248 Maxi-

399 2288 587 2341 miano
620 2288 827 2351 altero,
874 2286 965 2354 qui
998 2293 1052 2338 et
1086 2284 1411 2339 Galerianus
1439 2284 1634 2347 audiit,
1683 2296 1857 2335 annos
1888 2296 1986 2335 no-

402 2396 521 2435 vem
557 2399 571 2435 :
606 2377 772 2449 idque
817 2393 960 2431 anno
989 2376 1159 2448 408
1193 2376 1343 2444 regni
1406 2373 1634 2444 Saporis
1685 2374 1782 2427 filii
1839 2372 1984 2427 Hor-

401 2467 756 2526 moziPersaa
793 2468 1069 2521 tricesimo
1114 2464 1381 2521 secundo.
1431 2465 1749 2519 Diviserunt
1781 2463 1834 2517 hi
1885 2464 1988 2517 itu-

404 2564 614 2632 pcrium
643 2562 780 2614 adeo
812 2557 1270 2623 utMaximianus,
1291 2558 1384 2627 qui
1408 2556 1663 2611 Galerius
1682 2556 1986 2626 appellatus

406 2664 512 2719 cst,
534 2655 589 2707 in
620 2653 896 2707 Orientem
929 2661 981 2705 et
1001 2651 1243 2720 Syriam,
1271 2658 1582 2716 terramque
1613 2647 1985 2699 Romanorum

410 2758 690 2819 regnaret;
721 2746 1028 2800 Maxentius
1054 2758 1181 2799 vero
1213 2743 1401 2797 Roma:
1431 2752 1488 2796 et
1532 2743 1585 2795 in
1619 2740 1792 2810 ipsius
1826 2738 1987 2793 terri-

407 2842 567 2895 toria.
600 2839 850 2894 Fuerunt
879 2848 1058 2892 autem
1091 2839 1142 2890 in
1168 2834 1519 2891 Christianos
1554 2834 1729 2886 instar
1766 2832 1985 2884 leonum

404 2933 771 2995 saevientium,
821 2940 878 2985 et
910 2929 1180 2983 malorum
1258 2928 1690 2992 exsiliorumque
1729 2921 1836 2975 illis
1883 2935 1984 2974 au-

406 3036 587 3080 Ctorcs
612 3038 734 3093 qua:
763 3020 1078 3077 describere
1114 3033 1275 3073 nemo
1297 3024 1495 3087 potest,
1520 3014 1813 3085 qualiaque
1841 3009 1988 3065 haud

2085 1943 2204 1989 tore
2230 1946 2354 1988 veta
2390 1931 2707 1986 funderent.
2733 1929 3036 1985 Orantibus
3067 1944 3197 1998 ergo
3216 1943 3315 1998 pro
3341 1929 3669 2005 imperatore

2083 2026 2415 2082 Christianis
2455 2040 2519 2078 ac
2552 2040 2742 2093 preces
2780 2022 3170 2087 tundentibus,
3225 2021 3488 2091 Deusipsi
3514 2021 3668 2075 sani-

2087 2126 2252 2171 tatem
2290 2115 2554 2179 restituit,
2596 2116 2734 2168 adeo
2771 2124 2831 2168 ut
2865 2113 3074 2169 viribus
3120 2120 3173 2165 et
3201 2113 3439 2166 sanitate
3468 2112 3669 2167 melius

2084 2224 2246 2281 quam
2279 2217 2439 2263 antea
2476 2206 2757 2275 gauderet.
2814 2206 2914 2261 Ille
2950 2220 3082 2260 vero
3122 2206 3216 2259 ubi
3249 2205 3474 2259 sanitati
3504 2205 3669 2259 resti-

2087 2311 2236 2356 tutus
2266 2300 2665 2365 convaluisset,
2702 2300 2768 2352 ad
2804 2298 3067 2368 majorem
3103 2298 3403 2367 impietatis
3436 2298 3666 2367 gradum

2086 2410 2250 2465 quam
2312 2401 2472 2447 antea
2524 2393 2849 2463 prolapsus,
2899 2392 2955 2445 in
3013 2407 3208 2446 omnes
3251 2391 3489 2446 ditiones
3535 2406 3670 2447 suas

2088 2487 2355 2551 scribens,
2382 2485 2735 2540 Christianos
2764 2485 2941 2540 occidi
2966 2485 3161 2554 jussit,
3195 2493 3249 2538 et
3281 2499 3349 2539 ne
3372 2484 3672 2553 professio-

2088 2578 2173 2632 nis
2203 2578 2323 2647 ejus
2365 2577 2643 2647 quispiam
2691 2577 2746 2630 in
2778 2577 3009 2646 imperio
3045 2576 3219 2644 ipsius
3242 2577 3667 2645 relinqueretur,

2088 2685 2225 2725 neve
2254 2672 2445 2725 urbem
2485 2680 2577 2725 aut
2613 2670 2873 2740 oppidum
2909 2671 3150 2724 incolere
3182 2648 3514 2733 sinerentur,
3570 2668 3671 2723 sed

2090 2763 2311 2834 penitus
2362 2763 2828 2833 exstirparentur.
2908 2762 3194 2817 lnterfecti
3257 2771 3385 2815 sunt
3443 2775 3575 2831 ergo
3640 2776 3674 2815 e

2088 2854 2444 2917 Christianis,
2482 2870 2590 2924 qua
2622 2854 2749 2915 viri,
2795 2868 2902 2923 qua
2934 2852 3170 2916 fetninze,
3204 2867 3311 2922 qua
3339 2854 3517 2921 pueri,
3554 2851 3676 2920 plu-

2091 2961 2178 2999 res
2209 2961 2373 3015 quam
2403 2945 2498 3015 qui
2528 2945 2810 2999 numerari
2849 2944 3083 3013 possint,
3132 2945 3269 2997 adeo
3308 2950 3368 2996 ut
3394 2957 3504 3012 prae
3530 2942 3677 2996 occi-

2092 3054 2276 3094 sorum
2308 3038 2667 3092 multitudine
2701 3036 2963 3107 plaustris
2995 3035 3159 3090 delati
3191 3032 3245 3088 in
3280 3049 3464 3099 mare,
3518 3043 3571 3088 et
3618 3035 3675 3087 in

403 3116 607 3167 fecerat
641 3112 766 3182 quis
792 3127 857 3166 ex
892 3112 959 3166 iis
989 3110 1083 3180 qui
1135 3117 1546 3164 antecesserant
1579 3106 1824 3174 regibus.
1876 3103 1983 3157 lin-

2093 3131 2306 3183 deserta
2334 3103 2759 3198 projicerenttrr.
2812 3128 2991 3181 Morte
3025 3134 3139 3178 tum
3182 3125 3358 3179 affecti
3392 3133 3520 3179 sunt
3542 3122 3675 3177 Ser-

400 3205 615 3272 peravit
649 3216 757 3257 una
800 3216 926 3255 cum
974 3201 1109 3269 ipsis
1153 3200 1439 3269 Byzantio,
1478 3198 1838 3267 partibusque
1882 3196 1985 3262 ipsi

402 3295 781 3363 adjacenttbus
814 3291 1118 3356 Constans,
1165 3290 1514 3346 Constantini
1567 3300 1744 3360 pater,
1792 3290 1878 3343 vir
1906 3303 1990 3342 se-

402 3387 587 3451 datus,
612 3384 924 3453 religiosus,
946 3383 1213 3436 idolorum
1231 3396 1380 3445 osor,
1404 3380 1736 3435 Christianis
1751 3380 1983 3434 amicus.

412 3474 515 3527 llic
556 3476 611 3527 in
655 3481 842 3542 partes
874 3471 1280 3540 Mesopotamia:
1327 3486 1391 3524 ac
1438 3468 1632 3532 Babae,
1686 3472 1988 3539 profectus,

401 3568 530 3618 dum
564 3564 617 3618 in
652 3563 854 3635 oppido
885 3564 1120 3632 quodam
1146 3562 1313 3616 liniue
1341 3563 1556 3632 Caphar
1588 3566 1799 3616 Phacar
1842 3560 1988 3634 [vico

400 3654 578 3728 figuli]
622 3660 768 3711 dieto
841 3655 1209 3721 subsisteret,
1262 3656 1397 3709 vidit
1434 3656 1507 3708 ibi
1548 3655 1833 3711 mulierem
1862 3655 1989 3724 pul-

400 3750 613 3811 chram,
667 3748 995 3813 formosam,
1035 3747 1254 3801 nomine
1300 3744 1587 3814 Helenam,
1620 3764 1740 3817 qua:
1782 3764 1811 3801 a
1848 3748 1986 3801 Bar-

400 3844 519 3895 sica
549 3843 812 3910 episcopo
856 3837 1100 3893 Rohensi
1138 3839 1207 3893 ad
1253 3838 1415 3893 fidem
1447 3838 1823 3895 Christianam
1856 3855 1989 3896 con-

400 3947 558 3986 versa
599 3934 798 3998 fuerat,
851 3947 950 3986 nec
980 3948 1087 3985 non
1119 3931 1299 4003 legere
1329 3932 1600 3987 didicerat
1631 3949 1830 4003 :quam
1859 3949 1984 3990 cum

400 4040 431 4078 θ
466 4036 621 4094 patre
654 4026 880 4094 petitam
908 4024 967 4077 in
1003 4039 1228 4079 uxorem
1255 4024 1361 4079 sibi
1391 4025 1663 4091 duxisset,
1687 4041 1749 4079 ea
1772 4026 1841 4080 ab
1869 4027 1988 4097 ipso

400 4116 622 4187 gravida
652 4118 795 4170 facta
821 4127 905 4171 est
930 4134 944 4182 ;
973 4132 1195 4172 reverso
1219 4117 1417 4171 deinde
1439 4116 1745 4173 Constante
1778 4117 1988 4187 Byzan-

402 4212 563 4274 tium,
595 4211 808 4279 pcperit
835 4208 1040 4263 Helena
1073 4208 1241 4262 filium
1264 4209 1578 4279 pulchrum,
1610 4221 1982 4277 mansuetum,

402 4305 682 4358 intellectu
741 4304 1057 4372 praeditum,
1127 4302 1256 4355 mali
1313 4302 1639 4371 fugientem,
1700 4305 1987 4372 sapientiae

400 4408 700 4461 amantem,
735 4397 990 4449 videlicet
1042 4393 1487 4459 Constantinum,
1514 4396 1607 4464 qui
1647 4394 1814 4450 iiohae
1847 4394 1978 4450 edu-

2088 3222 2211 3292 gius
2240 3230 2295 3276 et
2326 3221 2577 3275 Bacchus
2606 3224 2659 3274 in
2696 3222 2832 3275 urbe
2866 3219 3254 3289 Cappadociae,
3298 3218 3456 3288 cujus
3482 3216 3676 3272 incola:

2089 3323 2268 3369 erant.
2325 3313 2621 3368 interfecta
2662 3325 2744 3369 est
2773 3322 2827 3368 et
2869 3323 3056 3368 saneta
3091 3312 3349 3366 Barbara.
3398 3311 3558 3365 Anno
3585 3324 3675 3363 se-

2089 3407 2269 3461 cundo
2324 3406 2540 3477 imperii
2576 3403 2895 3460 Maximiani
2942 3404 3122 3460 factus
3171 3412 3258 3460 est
3291 3403 3542 3457 Vitellius
3575 3417 3675 3471 pa-

2090 3499 2331 3554 triarcha
2358 3499 2759 3565 Antiochcnus,
2799 3500 2893 3555 ubi
2929 3516 3052 3555 cum
3095 3513 3190 3554 sex
3229 3512 3404 3553 annos
3438 3498 3676 3552 sedisset

2090 3598 2343 3643 mortuus
2375 3596 2481 3644 est.
2542 3590 2703 3643 Anno
2738 3590 2952 3659 imperii
2990 3592 3110 3660 ejus
3145 3591 3307 3645 tertio
3336 3599 3556 3645 creatus
3591 3600 3675 3642 est

2088 3679 2377 3734 Marcellus
2424 3681 2739 3751 patriarcha
2788 3681 3093 3747 Romanus,
3152 3682 3247 3752 qui
3305 3696 3480 3736 annos
3528 3681 3672 3735 duos

2091 3774 2263 3835 sedit,
2313 3770 2440 3826 dein
2483 3783 2734 3828 mortuus
2774 3782 2878 3828 est.
2928 3771 3100 3827 Porro
3152 3772 3387 3843 Sapores
3416 3770 3671 3827 Hormozi

2092 3863 2235 3917 [ilius
2264 3862 2556 3919 Persarum
2586 3880 2679 3920 rex
2700 3904 2717 3929 ,
2768 3879 2891 3919 cum
2946 3865 3059 3935 jam
3100 3864 3364 3936 grandior
3397 3863 3575 3919 factus
3602 3863 3673 3917 ad

2088 3961 2306 4007 aetatem
2349 3954 2651 4024 juvenilem
2694 3957 3058 4026 pervenisset,
3093 3966 3346 4026 recteque
3398 3956 3671 4010 constitu-

2100 4055 2212 4098 tum
2253 4054 2406 4101 esset
2434 4062 2662 4117 regnum
2704 4050 2895 4119 ipsius,
2929 4050 3116 4104 audita
3149 4049 3465 4104 Maximiani
3499 4048 3674 4117 impe-

2087 4138 2290 4192 ratoris
2345 4136 2707 4211 513-515
2771 4142 3147 4197 Romanorum
3206 4142 3374 4207 fama,
3437 4151 3491 4198 et
3540 4142 3672 4212 quid

2087 4229 2420 4283 Christianis
2448 4229 2693 4287 faceret:
2752 4234 3049 4288 comitibus
3079 4233 3198 4288 suis
3220 4272 3236 4299 ,
3283 4230 3418 4288 Volo
3450 4232 3671 4305 (inquit)

2085 4335 2188 4391 ego
2222 4321 2594 4375 [tertianorum
2631 4324 2907 4394 regionem
2935 4326 3084 4380 solus
3111 4325 3342 4395 ingredi,
3388 4334 3448 4379 ut
3484 4340 3671 4396 regunt

2098 4413 2341 4481 ipsorum
2396 4421 2564 4485 atque
2610 4417 2955 4471 exercituum
3011 4424 3236 4484 statum,
3279 4426 3334 4471 et
3384 4417 3670 4487 regionum

399 4500 558 4544 catus
585 4488 901 4543 Graecorum
940 4489 1271 4557 sapientiam
1302 4486 1586 4541 addidicit.
1615 4486 1981 4541 Maximianus
2014 4485 2057 4538 D
2087 4502 2252 4555 suum
2302 4513 2651 4572 perspecwm
2711 4507 2966 4572 habeam,
3020 4508 3172 4573 dein,
3207 4508 3299 4563 ubi
3333 4485 3475 4578 ,μιοὰ
3523 4507 3673 4563 νοιιιί

397 4592 607 4645 autem,
639 4581 730 4649 qui
764 4581 1021 4635 Galerius
1050 4578 1232 4639 dictus
1258 4590 1382 4646 est,
1420 4581 1504 4634 vir
1537 4581 1641 4633 fuit
1670 4596 1851 4651 asper,
1882 4596 1982 4634 au-

403 4674 531 4734 dax,
584 4670 919 4728 Christianis
971 4673 1128 4727 valde
1184 4672 1458 4740 infensus,
1506 4673 1710 4742 quique
1780 4672 1984 4727 multos

400 4761 752 4834 409-411
787 4766 1032 4836 ipsorqu
1065 4765 1190 4820 neci
1228 4764 1420 4830 daret;
1451 4765 1804 4829 mulierosus,
1847 4764 1985 4818 adeo

404 4868 463 4910 ut
494 4872 601 4910 non
628 4860 968 4928 relinqueret
996 4856 1327 4912 Christianis
1382 4856 1548 4911 filiam
1606 4857 1843 4926 aliquam
1877 4858 1986 4910 vir-

396 4950 577 5019 ginem
604 4964 769 5019 quam
802 4966 915 5005 non
958 4950 1289 5019 prehensam
1330 4964 1395 5002 ac
1429 4950 1674 5003 vitiatam
1706 4948 1986 5004 interﬁce-

397 5051 517 5105 ret;
567 5041 872 5111 eodemque
929 5042 1089 5095 modo
1141 5048 1455 5095 tractarunt
1507 5042 1742 5096 comites
1804 5041 1983 5111 ipsius

398 5130 643 5201 virgines
676 5132 1160 5198 Christianorum;
1193 5133 1452 5203 ipsosque
1484 5133 1684 5201 opibus
1719 5132 1986 5200 spoliatos

399 5222 772 5289 trucidarunt,
808 5223 946 5277 adeo
981 5232 1040 5276 ut
1071 5226 1218 5277 male
1246 5223 1541 5277 admodum
1572 5223 1643 5278 ab
1676 5223 1811 5291 ipsis
1840 5231 1988 5278 esset

399 5315 751 5371 Christianis.
780 5315 863 5369 Ad
893 5315 1145 5384 eumdem
1174 5324 1501 5386 pervenerat
1536 5318 1679 5369 fama
1710 5316 1988 5371 Constan-

400 5412 522 5475 tini,
546 5407 776 5474 scilicet,
796 5425 917 5464 esse
939 5424 1064 5463 eum
1095 5424 1322 5478 puerum
1354 5419 1729 5479 mansuetum,
1748 5411 1874 5465 mali
1899 5413 1987 5465 fu-

399 5504 661 5571 gientem,
724 5504 1021 5572 multaeque
1091 5501 1372 5566 scientiae,
1455 5518 1730 5571 quemque
1786 5518 1985 5573 magno

407 5595 708 5650 fruiturum
763 5598 996 5666 imperio
1048 5596 1513 5649 annuntiaverant
1556 5598 1815 5664 quicum
1869 5598 1988 5666 ipso

402 5696 560 5739 erant
609 5688 911 5758 astrologi;
954 5702 1127 5756 quare
1174 5694 1352 5740 morte
1409 5688 1561 5740 illum
1603 5689 1824 5743 allicere
1873 5699 1990 5743 stu-

405 5776 526 5830 duit
561 5794 574 5830 :
611 5782 756 5847 quod
789 5793 913 5833 cum
948 5779 1318 5834 Constantino
1365 5788 1555 5833 notum
1587 5780 1788 5835 factum
1820 5792 1986 5850 esset,

2084 4593 2393 4665 perfecero,
2444 4594 2499 4648 in
2556 4610 2785 4665 regnum
2830 4614 3011 4653 meum
3065 4614 3388 4655 reversurus
3437 4616 3583 4665 sum,
3615 4608 3675 4654 ut

2084 4695 2235 4757 post,
2282 4687 2627 4759 experientia
2684 4687 2940 4756 edoctus,
2969 4704 3067 4746 eos
3125 4692 3430 4761 aggrediar.
3465 4692 3676 4746 Cavere

2084 4795 2217 4849 ergo
2265 4780 2447 4851 ipsum
2497 4780 2789 4849 jusserunt
2839 4782 3070 4837 comites
3120 4782 3318 4852 ipsius,
3360 4782 3493 4852 quid
3545 4783 3675 4837 inde

2084 4871 2190 4941 ipsi
2221 4881 2548 4926 eventurum
2588 4872 2844 4927 timerent
2872 4874 3206 4931 indicantes.
3265 4874 3360 4931 Ille
3388 4893 3520 4931 vero
3544 4892 3677 4931 con-

2086 4960 2403 5016 sulentibus
2432 4962 2566 5031 ipsis
2594 4964 2910 5019 auscultare
2940 4966 3135 5031 noluit,
3194 4968 3289 5022 sed
3334 4968 3678 5022 dissimulato

2089 5050 2283 5105 habitu
2336 5054 2613 5121 profectus
2666 5064 2752 5110 est
2781 5054 2955 5111 donec
2987 5059 3042 5111 in
3090 5059 3458 5113 Romanorum
3500 5061 3679 5127 regio-

2086 5157 2217 5197 nem
2251 5146 2617 5213 pervenisset,
2649 5147 2739 5201 ubi
2772 5148 2838 5202 ad
2871 5157 3087 5220 tempus
3121 5151 3349 5215 mansit,
3403 5151 3513 5205 huc
3547 5150 3677 5203 illuc

2086 5250 2234 5290 (που
2243 5250 2434 5290 mleus.

2159 5325 2412 5397 Dumque
2447 5330 2522 5381 ita
2557 5342 2617 5383 se
2650 5328 2900 5397 haberet,
2939 5344 3071 5405 ecce
3120 5330 3329 5385 audivit
3355 5329 3677 5386 Maximiani

2088 5416 2262 5470 filium
2317 5419 2636 5473 convivium
2701 5420 3016 5487 instruere;
3068 5436 3133 5476 ac
3177 5423 3417 5492 jussisse
3467 5430 3678 5492 patrem

2092 5511 2267 5580 ipsius
2304 5520 2361 5564 ut
2388 5512 2715 5567 accedentes
2747 5513 3032 5567 hominum
3080 5514 3247 5567 etiam
3282 5514 3457 5567 infimi
3496 5513 3682 5567 convi-

2092 5604 2181 5657 vio
2211 5605 2355 5672 ejus,
2387 5612 2680 5674 postquam
2715 5607 3043 5661 comedendi
3081 5606 3243 5661 finem
3283 5606 3548 5661 fecissent
3580 5620 3680 5660 no-

2093 5696 2252 5760 biles,
2289 5698 2576 5753 adessent.
2612 5699 2903 5754 Profectus
2938 5710 3021 5753 est
3047 5715 3178 5770 ergo
3214 5701 3452 5769 Sapores
3489 5699 3681 5753 habitu

2094 5789 2331 5847 mendici
2385 5792 2628 5860 indutus,
2687 5803 2743 5848 ut
2801 5796 2964 5848 ςαξιυί
3020 5794 3147 5849 huic
3195 5795 3505 5851 interesset.
3543 5793 3681 5845 Dum
