4076 6394
349 412 482 476 1001

1791 410 1994 470 ANNA
2004 411 2161 473 ωδ.

3480 402 3501 463 1
3512 400 3620 465 002

340 536 526 581 autem
577 526 693 594 ipse
728 539 931 579 mensa:
961 524 1340 588 acenmberet,
1392 539 1520 580 ecce
1555 522 1925 578 Maximianus
1958 533 1996 582 Α
2029 522 2224 578 audito
2256 522 2497 594 linguam
2553 523 2802 592 ipsorum
2832 520 3105 576 intellexit
3136 520 3400 590 Sapores.
3453 520 3627 595 αθ

336 622 648 690 imperator
699 632 797 671 vas
838 617 1112 687 quoddam
1165 631 1196 669 e
1240 616 1392 670 vasis
1418 616 1670 684 Saporis,
1716 614 1806 668 cui
1852 614 1936 666 in-

342 715 562 782 sculpta
592 719 711 769 erat
743 712 920 782 ipsius
950 711 1130 779 imago
1152 750 1166 775 ,
1222 709 1484 778 protulit,
1517 711 1569 762 in
1601 721 1713 777 quo
1746 706 1938 761 biben-

303 809 476 861 rdnm
528 804 851 873 imperatori
899 801 1256 874 praebuerunt
1304 805 1451 857 servi
1501 801 1642 870 ejus,
1684 814 1785 854 nec
1830 813 1936 853 non

347 899 417 950 iis
445 897 539 966 qui
574 896 723 950 circa
758 894 938 962 ipsum
988 901 1174 948 essent
1218 893 1560 961 proceribus,
1591 891 1770 945 donec
1818 903 1941 958 per-

345 991 458 1041 lato
486 986 709 1041 tandem
748 985 944 1055 poculo
973 984 1040 1039 ad
1072 983 1365 1054 quemdam
1398 999 1429 1039 e
1473 982 1817 1054 sapientibus
1858 982 1939 1049 ip-

354 1093 542 1132 sorum
571 1077 663 1146 qui
694 1086 748 1131 et
775 1074 1083 1144 astrologiae
1109 1082 1163 1127 et
1193 1071 1697 1142 physiognomonise
1726 1067 1941 1123 deditus

351 1171 476 1231 fuit,
530 1169 621 1222 ille
673 1167 918 1235 inspecta
969 1164 1226 1235 imagine,
1283 1179 1409 1217 cum
1467 1173 1522 1217 et
1567 1156 1728 1215 antea
1775 1156 1944 1231 416

347 1261 577 1328 Saporis
610 1258 664 1311 in
695 1270 961 1310 consessu
986 1255 1229 1309 sedentis
1270 1248 1482 1306 vultum
1511 1250 1894 1321 conspexisset
1921 1265 1936 1302 :

350 1347 522 1404 Video
576 1344 804 1415 (inquit)
855 1345 1000 1398 inter
1050 1342 1470 1397 discumbentes
1500 1341 1795 1412 quemdam
1846 1339 1939 1409 qui

352 1442 642 1510 imaginem
667 1447 722 1491 et
756 1437 986 1506 figurant
1019 1436 1182 1489 istam
1216 1437 1415 1504 poculo
1443 1434 1573 1489 huic
1605 1433 1938 1502 inseulptam

353 1533 565 1597 refert;
609 1531 754 1596 quod
794 1529 842 1582 si
878 1529 996 1597 ipse
1027 1526 1267 1597 Sapores
1317 1540 1427 1580 non
1477 1525 1573 1591 sit,
1634 1540 1744 1579 non
1774 1531 1860 1578 est
1887 1521 1941 1576 in

355 1639 503 1682 terra
540 1624 818 1695 quispiam
859 1623 964 1692 ipsi
1013 1621 1271 1677 similior.
1326 1619 1573 1690 Ragante
1607 1632 1742 1688 ergo
1774 1615 1944 1669 Maxi-

353 1719 536 1773 miano
562 1718 898 1785 imperatore
946 1713 1207 1783 quisnam
1241 1712 1335 1766 ille
1358 1721 1539 1775 esset;
1589 1710 1717 1764 ille:
1773 1708 1945 1763 Video

356 1808 581 1882 (inquit)
638 1806 694 1859 in
733 1806 836 1859 hoc
869 1787 1072 1874 poculo
1113 1802 1341 1874 Saporis
1394 1801 1718 1871 imaginem,
1773 1808 1943 1869 atque

2044 616 2214 670 Erant
2237 626 2419 670 autem
2455 614 2591 683 ipsis
2621 624 2775 672 utres
2806 615 2928 671 oleo
2971 615 3147 685 pleni.
3199 613 3409 672 Horum
3455 616 3626 687 igitur

2041 708 2259 763 cuidam
2291 718 2455 763 noctu
2481 708 2548 762 ad
2576 723 2637 763 se
2664 715 2861 763 vocato
2887 708 3028 762 dixit
3052 723 3067 760 :
3100 707 3177 760 Ex
3205 707 3293 763 his
3322 715 3499 763 utrem
3530 708 3626 764 ali-

2042 818 2205 871 quem
2258 812 2544 871 acceptum
2594 802 2648 856 in
2704 817 2795 858 me
2852 800 3128 867 eﬂ‘undas,
3164 801 3312 872 quod
3360 817 3485 858 eum
3533 799 3629 857 ille

2033 894 2250 961 fecerat
2276 894 2643 951 madefactum
2677 902 2763 951 est
2794 896 2974 950 lorum
3006 911 3118 965 quo
3147 894 3489 950 constrictus
3520 903 3627 952 est.

2046 988 2315 1058 Egressus
2339 1001 2496 1056 ergo,
2556 989 2733 1041 instar
2776 985 2969 1042 bestiae
3004 985 3236 1042 incessit
3257 986 3437 1042 donec
3472 986 3629 1042 urbis

2045 1089 2215 1146 portae
2240 1080 2467 1149 prepior
2487 1077 2672 1133 factus
2690 1078 3050 1135 exclamaret.
3086 1077 3631 1150 lnclamantibusque

2043 1171 2221 1237 ipsum
2256 1170 2584 1226 custodibus
2618 1186 2817 1226 nomen
2842 1186 3006 1229 suum
3033 1170 3299 1227 indicavit
3320 1209 3338 1236 ,
3369 1172 3465 1243 qui
3495 1186 3629 1227 voce

2041 1262 2163 1331 ejus
2189 1262 2400 1331 agnita,
2454 1272 2668 1333 portam
2698 1263 2852 1320 urbis
2880 1263 2987 1333 ipsi
3021 1271 3379 1331 aperuerunt.
3431 1262 3629 1331 Quam-

2043 1356 2282 1424 primum
2334 1366 2514 1411 autem
2576 1358 2768 1413 urbem
2815 1358 3098 1429 ingressus
3136 1364 3248 1426 est,
3296 1371 3497 1428 magno
3551 1356 3629 1410 illi

2043 1448 2245 1518 gaudio
2271 1448 2480 1518 perfusi
2514 1461 2705 1505 vocem
2758 1451 3108 1506 sustulerunt
3136 1449 3308 1506 Deum
3339 1449 3631 1505 laudantes

2044 1553 2110 1594 ac
2138 1541 2504 1597 celebrantes.
2577 1541 2899 1614 Experrecti
2947 1543 3120 1614 igitur
3150 1542 3469 1598 Maximiani
3491 1540 3632 1598 socii

2045 1633 2327 1701 suppetias
2388 1633 2528 1705 ipsis
2561 1648 2591 1689 a
2625 1643 2780 1706 tergo
2800 1636 3094 1692 advenisse
3126 1637 3231 1691 rati
3272 1644 3423 1692 sunt.
3484 1633 3635 1690 Dixit

2046 1734 2226 1780 autem
2260 1727 2499 1798 Sapores
2527 1728 2636 1783 illis
2669 1731 2762 1800 qui
2791 1732 2848 1785 in
2883 1745 3010 1786 arce
3041 1737 3199 1786 erant
3228 1746 3243 1783 :
3281 1729 3481 1786 Parate
3511 1743 3633 1796 vos,

2049 1827 2253 1873 utcum
2285 1835 2567 1888 campanae
2591 1836 2789 1876 sonum
2806 1821 3092 1877 audieritis
3123 1823 3180 1876 in
3213 1820 3363 1890 ipsos
3386 1819 3634 1877 irritatis.

354 1904 447 1956 hic
476 1901 567 1955 ille
601 1908 687 1954 est
725 1914 739 1950 :
776 1897 1160 1966 prehensaque
1192 1894 1420 1963 Saporis
1449 1908 1618 1948 manu
1665 1894 1844 1963 ipsum
1879 1890 1944 1945 ad

2058 1911 2209 1977 Quod
2245 1928 2369 1968 cum
2403 1913 2689 1980 fecissent,
2717 1915 2775 1969 in
2794 1914 2978 1987 fugam
3008 1913 3194 1971 coram
3223 1914 3355 1984 ipsis
3383 1912 3638 1969 conversi

356 2007 540 2062 regem
577 1989 829 2052 adduxit,
885 1985 982 2056 qui
1012 1986 1194 2056 ipsum
1229 1985 1485 2054 quisnam
1511 1991 1662 2039 esset
1689 1982 1944 2053 rogavit?

356 2083 447 2135 cui
498 2079 739 2149 Sapores
775 2094 791 2131 :
823 2075 956 2131 Sum
1009 2091 1111 2145 ego
1167 2090 1376 2144 pauper
1421 2073 1649 2144 quidam
1687 2090 1718 2128 e
1753 2074 1951 2129 Persian

360 2174 579 2230 incolis.
613 2171 946 2240 Suspicatus
978 2185 1108 2224 vero
1147 2168 1518 2223 Maximianus
1549 2167 1682 2221 illud
1711 2167 1857 2235 quod
1898 2168 1949 2220 in

359 2273 482 2338 ipso
520 2265 1015 2329 animadverterat,
1062 2264 1357 2332 ipsumque
1395 2260 1542 2315 haud
1590 2274 1719 2313 vera
1768 2259 1952 2313 dicere

361 2361 699 2430 percipiens,
732 2358 1118 2414 vehementius
1147 2356 1328 2425 ipsum
1371 2352 1753 2422 interrogavit.
1800 2349 1946 2405 Dixit

360 2454 531 2523 igitur
577 2453 713 2523 ipsis
771 2452 1060 2521 Sapores:
1112 2448 1379 2514 Quoniam
1423 2446 1565 2516 quod
1618 2457 1806 2497 verum
1872 2450 1955 2496 est

363 2546 551 2611 vultis,
581 2559 702 2600 sum
731 2558 831 2616 ego
868 2559 898 2599 e
930 2541 1131 2597 Persia:
1162 2539 1419 2603 ducibus,
1447 2537 1607 2607 cujus
1638 2546 1794 2606 pater
1826 2549 1951 2590 cum

363 2641 416 2695 in
455 2652 637 2709 regem
670 2636 916 2706 graviter
938 2634 1284 2705 deliquisset,
1319 2631 1414 2688 ille
1446 2633 1625 2701 ipsum
1656 2628 1952 2694 interfecit,

364 2722 563 2802 opibus
593 2730 768 2800 ipsius
800 2727 1019 2782 ablatis.
1079 2726 1187 2799 Ego
1237 2739 1390 2794 ergo,
1442 2723 1576 2776 mibi
1601 2733 1854 2777 metuens
1883 2720 1952 2775 ad

366 2834 464 2874 vos
496 2833 581 2872 me
605 2817 842 2882 contuli,
879 2831 1112 2886 sperans
1140 2830 1228 2869 me
1258 2814 1315 2868 in
1351 2815 1572 2883 regione
1602 2820 1777 2865 vestra
1799 2827 1958 2866 secu-

366 2928 484 2964 runi
516 2910 654 2965 fore.
678 2908 760 2964 Ad
797 2909 1118 2979 pauperiem
1142 2915 1325 2961 autem
1356 2906 1640 2967 redactus,
1676 2914 1727 2959 et
1760 2919 1953 2958 neces-

365 3008 526 3060 sitate
579 3004 873 3074 impulsus,
932 3004 1042 3057 huc
1090 3002 1212 3058 veni
1267 3015 1379 3071 prae
1429 3015 1493 3053 ea
1548 3012 1661 3068 qua
1722 2998 1957 3069 urgebar

366 3099 532 3164 fame,
597 3097 897 3168 indigentia
947 3111 1013 3151 ac
1060 3100 1412 3165 paupertate.
1458 3089 1670 3146 Miserti
1713 3104 1848 3158 ergo
1877 3091 1957 3158 ip-

365 3190 508 3255 sius,
560 3204 688 3243 vera
729 3188 910 3258 ipsum
967 3186 1172 3241 dixisse
1222 3185 1350 3248 rati,
1376 3198 1505 3238 eum
1568 3182 1849 3237 dimittere
1902 3183 1954 3235 in

365 3252 553 3337 animo
594 3252 927 3336 habuerunt.
985 3278 1169 3333 Vetuit
1219 3288 1402 3331 autem
1460 3274 1583 3328 illos
1609 3275 1806 3328 doctus
1839 3273 1951 3339 ille,
1986 3252 2029 3309 ο

370 3377 607 3431 dicens:
645 3374 847 3430 Sciatis
877 3377 1021 3428 hunc
1046 3376 1341 3442 ipsummet
1372 3367 1634 3437 Saporem
1655 3380 1777 3421 esse
1819 3383 1833 3422 :
1873 3382 1960 3422 ve.

380 3468 692 3524 hementius
750 3482 882 3534 ergo
944 3465 1047 3536 ipsi
1105 3466 1311 3518 instate
1377 3460 1554 3516 donec
1610 3474 1809 3513 verum
1879 3461 1950 3515 de

368 3577 430 3615 se
490 3560 649 3614 vobis
709 3559 935 3612 indicet.
994 3555 1314 3609 hnminebat
1364 3550 1765 3624 αιῗοᾰιθ
1827 3565 1960 3621 ergo

377 3655 481 3724 ipsi
513 3639 884 3707 beimianus
916 3651 1235 3720 imperator,
1277 3650 1481 3705 eaedem
1517 3651 1761 3705 minatus
1794 3656 1962 3717 atque

375 3747 482 3800 hac
527 3745 705 3800 solum
755 3742 1075 3799 conditione
1137 3743 1494 3796 securitatem
1548 3740 1850 3811 pollicitus,
1911 3739 1958 3791 si

372 3854 522 3901 vere,
553 3840 678 3907 quis
711 3846 881 3904 esset,
923 3835 1218 3890 indicaret.
1264 3833 1409 3887 Dixit
1450 3832 1688 3902 Sapores
1718 3849 1733 3886 :
1765 3830 1958 3884 Mirum

371 3929 630 4000 estquod
665 3929 868 3999 putetis
896 3926 1160 3997 Saporem
1206 3928 1446 3996 inopiam
1484 3934 1540 3980 et
1573 3933 1958 3995 paupertatem

378 4029 433 4079 in
485 4024 709 4096 regione
759 4027 943 4077 vestra
1001 4020 1332 4084 electurum,
1365 4019 1549 4089 potius
1595 4032 1760 4088 quam
1798 4025 1856 4070 ut
1904 4017 1960 4071 in

382 4132 550 4189 regno
577 4132 679 4171 suo
717 4114 1074 4169 subsisteret.
1108 4112 1191 4167 llli
1219 4126 1350 4167 vero
1383 4113 1492 4167 hoc
1531 4112 1598 4167 ab
1636 4126 1703 4166 eo
1731 4123 1960 4180 respon-

379 4228 500 4266 sum
551 4226 660 4265 non
716 4217 1072 4278 acceperunt,
1135 4206 1311 4262 donec
1356 4221 1414 4261 se
1467 4221 1657 4262 revera
1697 4204 1958 4276 Saporem

378 4321 503 4361 esse
544 4303 838 4360 confessus
868 4312 1042 4357 esset.
1078 4299 1245 4356 Jussu
1276 4315 1407 4370 ergo
1434 4297 1756 4371 Maximiani
1792 4297 1964 4366 impe-

382 4398 581 4451 ratoris
635 4410 814 4451 vaccae
865 4394 1056 4464 ﬁgurae
1094 4408 1243 4448 cavae
1285 4408 1316 4446 e
1352 4392 1521 4447 coriis
1572 4389 1788 4445 bovinis
1835 4404 1963 4444 con-

383 4493 558 4556 fretae,
615 4489 911 4559 impositus
955 4495 1076 4550 est,
1109 4501 1218 4555 qua
1265 4485 1464 4540 deinde
1492 4484 1713 4539 occlusa
1765 4482 1961 4551 vigiles

381 4583 483 4656 ipsi
516 4590 568 4637 et
595 4580 852 4636 custodes
882 4578 1144 4649 praefecit.

454 4677 594 4731 Tum
646 4673 851 4730 Pers‘ae
913 4675 1190 4743 regionem
1234 4683 1525 4740 aggressus
1580 4667 1965 4729 Maximianus,

384 4783 587 4840 magna
621 4768 799 4822 tribus
847 4765 1094 4836 ipsorum
1140 4770 1348 4832 strage,
1402 4762 1568 4816 urbes
1600 4760 1760 4815 ruina
1790 4768 1974 4813 vasta-

382 4866 458 4917 vit
494 4880 510 4918 :
543 4878 641 4917 nec
674 4875 779 4914 non
807 4858 1035 4912 arbores
1059 4856 1382 4926 palmasque
1404 4853 1734 4925 amputavit,
1764 4852 1973 4922 Sapore
2026 4887 2030 4892 η

385 4958 604 5013 interim
637 4958 814 5024 ipsum
847 4965 1178 5022 quocunque
1205 4951 1307 5003 iret
1334 4948 1654 5003 comitante.
1680 4945 1866 5016 Neque
1898 4945 1973 4998 ita

385 5061 447 5102 se
489 5045 690 5099 habere
714 5040 877 5096 desiit
905 5038 1083 5094 donec
1117 5038 1184 5092 ad
1211 5035 1590 5091 Jondi—Sabur
1611 5035 1972 5105 pervenisset,

387 5126 442 5193 iri
476 5152 583 5209 qua
613 5137 929 5195 munierant
956 5148 1016 5189 se
1043 5132 1338 5188 Persarum
1374 5130 1671 5202 primores,
1724 5128 1886 5197 cujus
1921 5134 1976 5181 et

385 5231 679 5289 dimidium
715 5227 991 5282 machinis
1042 5227 1097 5280 in
1133 5240 1254 5280 eam
1293 5222 1523 5278 directis
1566 5221 1837 5289 deiecerat
1868 5219 1974 5273 nisi

387 5324 535 5395 quod
563 5324 742 5394 ipsam
778 5319 991 5390 ingredi
1041 5334 1150 5372 non
1198 5326 1400 5387 posset.
1455 5314 1642 5370 Rebus
1685 5321 1868 5368 autem
1903 5313 1976 5366 ita

389 5433 449 5472 se
482 5415 814 5471 habentibus
848 5422 1010 5468 nocte
1053 5411 1288 5481 quadam
1323 5406 1583 5463 custodes
1625 5405 1837 5475 Sapore
1869 5418 1966 5457 ne-

388 5508 684 5581 gligentius
715 5506 900 5560 habito
936 5511 1178 5576 portam,
1215 5516 1309 5571 per
1341 5513 1505 5569 quam
1540 5497 1596 5551 in
1627 5498 1856 5564 ﬁguram
1886 5495 1975 5548 in~

385 5602 480 5674 jicl
529 5601 749 5657 solebat
778 5599 964 5661 cibus,
1018 5610 1129 5650 non
1167 5594 1587 5649 obseraverant.
1631 5587 1760 5642 Erat
1790 5592 1975 5640 autem

394 5710 502 5750 nox
553 5692 854 5753 Oshanan,
914 5689 1089 5761 (juxta
1121 5686 1271 5742 aliud
1317 5682 1617 5753 exemplar,
1682 5694 1788 5735 nox
1818 5675 1977 5747 festa)

394 5787 730 5856 fueruntque
783 5781 935 5837 circa
992 5782 1172 5852 ipsum
1205 5793 1272 5833 ex
1321 5777 1519 5831 incolis
1567 5772 1793 5836 Abvazi,
1841 5785 1979 5841 quos

396 5879 634 5936 Romani
664 5876 912 5948 captivos
940 5881 1222 5943 ceperant,
1257 5870 1439 5935 multi,
1465 5880 1699 5939 quorum
1723 5878 1979 5922 sermone
2017 5927 2029 5935 ,

718 5977 993 6036 PA'rnOL.
1040 5970 1159 6031 Ca.
1206 5966 1372 6029 CXI.

2054 2013 2184 2060 sunt
2212 2004 2447 2061 Romani
2476 2022 2492 2060 :
2520 2021 2661 2077 quos
2691 2007 2873 2079 gladio
2903 2009 3157 2074 insecuti,
3192 2020 3449 2077 magnam
3486 2004 3642 2075 ipso-

2055 2115 2174 2153 rum
2209 2109 2450 2170 stragem
2502 2101 2824 2167 ediderunt,
2873 2102 3109 2174 direptis
3145 2117 3268 2172 quae
3313 2100 3450 2171 ipsis
3480 2106 3643 2155 erant

2056 2194 2253 2261 opibus
2293 2201 2349 2249 et
2396 2195 2692 2252 thesauris.
2739 2193 2950 2250 Deinde
2991 2194 3233 2265 Sapores
3260 2193 3637 2249 Romanorum

2056 2285 2336 2354 regionem
2394 2286 2679 2357 ingressus
2719 2301 2974 2357 magnam
3002 2301 3194 2343 eorum
3234 2295 3475 2358 stragem
3528 2285 3644 2340 edi-

2055 2377 2153 2440 dit,
2191 2378 2500 2448 multasque
2534 2380 2766 2435 vastavit
2798 2381 2984 2447 urbes,
3032 2379 3224 2436 multis
3254 2381 3384 2435 inde
3407 2378 3643 2449 captivis

2056 2471 2332 2527 abductis.
2371 2472 2633 2528 Grassata
2681 2481 2769 2553 est
2809 2482 2995 2530 autem
3039 2475 3095 2529 in
3132 2475 3511 2529 Romanorum
3556 2487 3647 2527 re-

2056 2566 2218 2634 gione
2267 2564 2440 2621 fames
2487 2567 2694 2637 gravis,
2745 2569 3028 2637 pestisque
3075 2578 3131 2624 et
3176 2568 3359 2638 plaga,
3393 2566 3532 2622 adeo
3583 2574 3645 2620 ut

2060 2668 2309 2714 mortuos
2352 2673 2462 2729 prae
2503 2654 2858 2715 multitudine
2895 2662 3135 2731 ipsorum
3169 2661 3406 2731 sepelire
3446 2661 3644 2730 nequi-

2058 2761 2202 2808 rent.
2258 2752 2449 2823 Itaque
2499 2753 2642 2809 bello
2678 2752 2928 2824 Saporis,
2978 2755 3121 2808 fame
3154 2793 3170 2819 ,
3220 2753 3533 2824 pestilentia
3585 2760 3646 2808 et

2058 2855 2236 2900 morte
2280 2860 2312 2900 a
2357 2846 2686 2903 Christianis
2746 2847 3142 2904 interﬂclendis
3213 2848 3420 2904 detenti
3493 2854 3644 2903 sunt.

2016 2987 2031 3000 ,
2056 2936 2231 2994 Porro
2258 2937 2591 3005 Maxentius,
2625 2938 3001 2995 Romanorum
3029 2941 3391 3015 εει-423
3416 2942 3648 3011 impera-

2061 3041 2168 3100 tor,
2203 3033 2464 3089 niiinibus
2516 3034 2610 3103 qui
2658 3042 2787 3089 ante
2825 3033 3008 3104 ipsum
3045 3036 3452 3105 imperaverant
3493 3034 3648 3106 pejor

2060 3122 2186 3190 fuit,
2223 3139 2416 3180 omnes
2447 3126 2543 3196 qui
2593 3125 2779 3181 Romae
2811 3135 2992 3196 erant,
3063 3129 3342 3199 praecipue
3374 3128 3648 3184 Christia-

2061 3232 2164 3273 nos
2196 3257 2212 3283 ,
2261 3219 2318 3274 in
2371 3220 2700 3275 servitutem
2731 3220 3008 3292 redigens,
3054 3223 3251 3289 Opibus
3287 3223 3534 3294 ipsorum
3567 3223 3652 3280 di-

2062 3312 2258 3381 reptis,
2289 3312 2613 3369 mulieribus
2640 3323 2695 3369 et
2724 3317 2911 3385 pueris
2944 3314 3276 3373 interfectis.

2136 3404 2271 3458 Cum
2300 3418 2429 3474 ergo
2457 3406 2709 3462 audirent
2730 3405 2915 3463 [Ioniae
2946 3408 3160 3475 incolat,
3199 3409 3469 3479 imperare
3499 3408 3648 3466 Con-

2062 3504 2387 3570 stantinum,
2417 3503 2705 3575 ipsumque
2740 3502 2866 3558 mali
2910 3518 3151 3571 osorem,
3196 3505 3321 3560 boui
3369 3513 3645 3563 amantem

2061 3613 2203 3663 esse,
2243 3605 2406 3668 atque
2440 3597 2670 3667 imperio
2694 3595 2868 3666 ipsius
2893 3596 3141 3653 subditos
3163 3596 3559 3668 tranquillitate
3585 3613 3650 3651 ac

2064 3705 2195 3761 pace
2232 3691 2336 3745 sub
2375 3691 2493 3761 ipso
2525 3691 2656 3751 frui.
2702 3690 2914 3745 litteras
2960 3691 3029 3746 ad
3080 3690 3259 3761 ipsum
3311 3692 3654 3762 scripserunt

2061 3798 2253 3838 eorum
2285 3785 2577 3852 primores,
2611 3785 2813 3853 quibus
2840 3785 3014 3854 ipsum
3060 3794 3326 3856 rogarunt
3369 3799 3435 3840 ac
3471 3785 3651 3856 petie—

2064 3885 2211 3939 runt,
2262 3886 2321 3930 ut
2352 3877 2502 3945 ipsos
2522 3892 2552 3931 a
2587 3877 2842 3932 Maxentii
2874 3877 3137 3934 servitute
3169 3877 3442 3934 liberaret.
3472 3877 3654 3933 Lectis

2064 3969 2151 4022 ille
2187 3971 2425 4038 ipsorum
2459 3971 2656 4026 Uteris
2685 3986 2878 4041 magna
2913 3986 3036 4026 eum
3072 3971 3380 4027 aﬂiceretur
3402 3971 3651 4038 tristitia,

2063 4064 2262 4118 dubius
2305 4064 2480 4129 haesit,
2502 4064 2634 4134 quid
2665 4062 2871 4119 faceret
2893 4062 3136 4119 nescius.
3164 4058 3300 4117 Dum
3329 4071 3510 4118 autem
3534 4062 3653 4118 haec

2065 4158 2247 4210 animo
2273 4158 2532 4221 volveret,
2557 4172 2685 4213 ecce
2709 4157 2964 4228 apparuit
2987 4157 3062 4212 illi
3093 4158 3214 4229 ipso
3240 4160 3489 4226 meridie,
3517 4175 3654 4215 crux

2063 4265 2093 4303 e
2110 4250 2283 4305 stellis
2305 4249 2538 4319 fulgens,
2555 4252 2703 4307 circa
2732 4265 2894 4321 quam
2918 4251 3181 4323 scriptum
3203 4260 3346 4319 erat,
3373 4251 3485 4308 Hoc
3505 4254 3656 4325 signa

2065 4345 2256 4400 rinces.
2307 4341 2577 4415 Egressus
2618 4361 2748 4417 ergo
2782 4347 2950 4403 sociis
2974 4347 3092 4402 suis
3115 4347 3255 4402 dixit
3286 4367 3300 4402 :
3356 4346 3658 4405 Vidistisne

2063 4438 2207 4510 quod
2238 4452 2337 4508 ego
2362 4438 2499 4493 vidi?
2525 4443 2927 4510 responderunt
2956 4440 3030 4495 illi
3058 4457 3074 4496 :
3103 4439 3297 4497 Etiam.
3329 4440 3408 4497 Ex
3431 4457 3498 4498 eo
3525 4457 3659 4513 ergo

2068 4541 2312 4603 tempore
2377 4531 2694 4602 religionem
2762 4534 3119 4589 cbristianam
3194 4536 3480 4605 amplexus
3551 4545 3655 4593 est.

1995 4594 2042 4652 θ
2076 4594 2314 4696 Ευίιᾳιιθ
2346 4594 2647 4693 hoc,'anno
2676 4624 2744 4681 ab
2765 4628 2917 4681 obitu
2944 4627 3118 4697 patris
3143 4594 3317 4698 ipsius
3337 4628 3657 4685 Constantis

2076 4729 2252 4778 sexto.
2275 4718 2675 4776 Constantinus
2700 4735 2831 4792 ergo
2854 4720 3152 4776 instructus
3178 4719 3353 4790 copiis
3370 4722 3653 4779 omnibus

2077 4830 2183 4886 que
2213 4814 2280 4869 ad
2333 4811 2670 4868 Maxentium
2709 4811 3089 4868 Romanorum
3129 4814 3516 4884 imperatorem
3561 4830 3660 4885 op-

2079 4906 2428 4980 pugnandum
2459 4906 2688 4977 paratis,
2722 4920 2943 4961 crucem
2971 4920 3218 4976 magnam
3258 4906 3520 4973 confecit,
3553 4924 3659 4979 qua

2079 5004 2276 5059 vexillo
2303 5001 2730 5073 superimposita
2751 5002 3030 5071 profectus
3069 5006 3157 5055 est
3193 4998 3528 5058 Maxentium
3563 5019 3661 5073 ag-

2080 5111 2397 5169 gressurus.
2441 5092 2747 5150 Maxentius
2780 5107 2910 5150 vero
2932 5092 3120 5149 audito
3143 5094 3562 5153 Constantinum
3596 5096 3663 5151 ad

2080 5193 2281 5247 bellum
2313 5191 2419 5261 ipsi
2460 5189 2804 5244 inferendum
2838 5189 3123 5255 accedere,
3149 5205 3209 5246 se
3236 5199 3291 5245 et
3330 5190 3450 5261 ipse
3501 5204 3665 5261 para-

2081 5289 2179 5352 vit,
2206 5285 2485 5356 ﬂuvioque
2501 5286 2592 5356 qui
2616 5284 2803 5341 Romae
2823 5284 3039 5356 adjacet
3063 5292 3228 5356 ponte
3256 5291 3456 5349 strato,
3478 5284 3667 5354 capias

2081 5398 2212 5439 suas
2236 5397 2430 5439 omnes
2463 5382 2720 5448 educens,
2747 5395 2873 5436 cum
2898 5381 3263 5437 Constantino
3289 5376 3455 5453 424
3477 5379 3670 5450 praelio

2082 5475 2384 5533 contendit.
2416 5472 2775 5529 Constantino
2818 5479 2998 5526 autem
3040 5471 3266 5525 victoria
3303 5471 3496 5540 potito,
3547 5486 3655 5525 ma-

2083 5581 2297 5636 gnaque
2326 5565 2600 5621 sociorum
2646 5560 2906 5617 Maxentii
2953 5571 3135 5630 strage
3175 5559 3343 5626 edita,
3390 5558 3529 5629 fugit
3581 5559 3671 5613 ille

2082 5674 2207 5715 cum
2230 5660 2441 5729 exiguis
2464 5672 2656 5713 eorum
2684 5654 2930 5726 reliquiis
2960 5655 3028 5708 ad
3071 5650 3272 5708 Urbem
3305 5651 3670 5723 contendens.

2087 5757 2235 5813 Eliso
2260 5768 2389 5811 vero
2423 5753 2526 5809 sub
2550 5753 2685 5824 ipsis
2712 5759 2899 5822 ponte,
2944 5749 3270 5805 submersus
3291 5756 3381 5804 est
3406 5761 3531 5810 enin
3555 5761 3674 5802 ειυς

2088 5851 2417 5917 Maxentius,
2444 5849 2587 5906 adeo
2621 5859 2679 5904 ιιι
2714 5859 2824 5918 qua
2855 5828 3061 5902 mersis
3078 5857 3184 5916 qua
3209 5840 3371 5900 caesis
3418 5839 3663 5911 implen-
