4076 6400
470 415 606 479 1003
1103 398 1111 406 ’
1486 415 1861 476 EUTl’Cllll
1896 411 2438 475 ALEXANDRINI
2483 412 2705 471 rara.
3596 406 3733 473 lout

467 532 555 577 tur
578 521 797 578 ﬂuvius.
830 522 1050 594 Egressi
1086 539 1217 595 ergo
1253 524 1479 579 llornaui
1526 539 1650 579 eum
1693 523 1914 579 coronis
1956 536 2053 576 au—
2084 531 2126 588 Α
2160 526 2344 580 exulis
2403 526 2651 582 vestibus
2720 526 2772 578 in
2812 525 2990 578 lacum
3038 538 3097 578 se
3130 522 3429 595 projieieus
3484 523 3536 577 in
3574 522 3737 577 Chrio

465 616 597 679 reis,
638 615 985 687 diversisque
1030 617 1364 672 ludicrorum
1422 630 1475 673 et
1517 620 1670 672 lusus
1719 614 2052 687 generibus,
2166 627 2313 673 stum
2354 618 2611 681 credidit,
2643 619 2913 688 istamque
2958 631 2989 673 e
3033 616 3155 673 lure
3190 632 3449 673 coronam
3500 616 3736 687 accepit.

465 696 832 765 Constantino
854 720 1236 775 occurrerunt,
1279 724 1472 780 magna
1504 710 1575 764 oh
1625 709 1799 778 ipsius
1842 706 2049 761 adven-
2162 708 2299 764 Tum
2327 726 2357 765 e
2386 711 2597 780 piscina
2629 719 2908 766 extractos
2931 697 3341 780 dum’plaustro
3362 712 3740 780 asportandos

472 812 584 854 tum
628 800 810 856 laetitia
862 800 1058 856 affecti.
1088 801 1180 856 llle
1208 800 1296 856 tibi
1339 800 1529 855 urbem
1562 799 1841 868 ingressus
1882 806 2052 863 esset,
2160 802 2525 872 imponerent,
2547 812 2796 873 repertus
2818 813 2900 858 est
2924 803 3067 857 inter
3093 803 3245 874 ipsos
3270 802 3487 873 juvenis
3512 804 3737 871 quidam

472 904 773 966 martyrum
810 894 1239 949 christianorum
1297 892 1559 963 crucique
1587 890 1893 955 aﬂixorum,
1927 903 2054 944 cor-
2161 893 2405 950 nondum
2464 903 2739 961 mortuus,
2807 910 2968 966 quem
3028 894 3153 951 ideo
3210 899 3486 959 relictum,
3545 904 3740 949 astans

468 1002 599 1058 pora
637 985 849 1056 sepeliri
870 985 1056 1055 jussit.
1089 983 1239 1054 lique
1259 985 1353 1055 qui
1379 984 1505 1056 luga
1552 999 1613 1040 se
1653 982 2051 1045 subduxerant.
2160 996 2332 1041 mater
2363 986 2539 1057 ipsius
2592 987 2818 1044 sustulit
2869 994 2928 1043 ut
2979 985 3035 1042 in
3094 986 3403 1058 plaustrmn
3444 1000 3551 1041 una
3608 1000 3737 1041 cum

469 1089 524 1135 et
545 1094 686 1150 quos
714 1077 968 1134 exsulare
999 1076 1244 1148 jusserat
1284 1076 1619 1139 Maxentius,
1644 1075 1698 1130 in
1729 1074 1961 1146 patriam
1994 1081 2049 1129 et
2160 1079 2394 1135 mortuis
2427 1079 2756 1149 conjiceret,
2788 1080 2936 1150 quoil
2988 1095 3118 1135 cum
3165 1094 3284 1136 eam
3331 1077 3513 1133 facere
3551 1076 3740 1148 probi-

468 1175 646 1229 locum
673 1186 832 1228 suum
868 1170 1069 1226 reversi
1104 1176 1253 1226 sunt.
1277 1168 1434 1235 Quod
1459 1169 1503 1224 si
1525 1167 1612 1222 cui
1639 1166 1769 1237 quid
1799 1174 2046 1236 ereptum
2157 1171 2367 1235 herent,
2406 1169 2533 1241 quia
2577 1172 2759 1226 adhuc
2792 1172 3023 1237 viveret,
3060 1172 3154 1227 ille
3185 1172 3239 1225 in
3268 1169 3516 1223 humeris
3557 1166 3740 1238 ipsius

466 1268 682 1333 fuisset,
725 1264 856 1319 illud
893 1263 999 1334 ipsi
1034 1262 1297 1320 restituit.
1338 1262 1556 1333 Septem
1601 1274 1733 1330 ergo
1761 1258 1953 1315 diebus
1992 1259 2048 1312 in
2159 1272 2418 1319 mortuus
2447 1274 2555 1319 est.
2593 1262 2776 1330 Quare
2823 1272 2876 1319 ct
2909 1264 3083 1333 ipsum
3116 1262 3172 1317 in
3208 1262 3515 1333 plaustrum
3545 1256 3738 1328 injecit

463 1356 611 1428 regis
634 1364 689 1412 et
709 1353 898 1410 crucis
920 1354 1184 1409 honorem
1226 1350 1426 1406 festum
1464 1348 1839 1414 celebrarunt,
1877 1348 2044 1403 eden-
2158 1368 2265 1408 una
2294 1370 2420 1410 cum
2458 1355 2819 1425 martyribus,
2853 1370 2996 1425 quos
3024 1364 3177 1409 extra
3232 1352 3423 1407 urbem
3465 1350 3735 1405 Sehasten
3779 1344 3791 1355 ’

463 1458 570 1514 tes,
593 1447 849 1504 bibentes
877 1454 933 1501 et
973 1443 1157 1499 laetitia
1203 1442 1435 1513 perfusi.
1489 1441 1619 1497 Haec
1649 1455 1773 1495 cum
1802 1432 2047 1496 audisset
2154 1444 2389 1499 eductos
2417 1452 2870 1499 corrcremarunt.
2899 1444 3037 1499 Cum
3071 1452 3256 1498 autem
3303 1441 3419 1495 haec
3466 1438 3738 1494 audiissrt

464 1542 815 1607 Maximinus,
867 1537 1122 1595 Galerius
1172 1536 1524 1606 appellatus,.
1566 1548 1763 1603 magna
1820 1532 1910 1588 ille
1964 1533 2044 1587 ira
2153 1532 2905 1606 Constantinus,litterisque
2935 1534 3036 1605 ipsi
3063 1533 3190 1589 lacti
3222 1532 3307 1588 sui
3332 1528 3735 1601 turpitudinem

461 1642 799 1694 exasluans,
845 1629 1092 1684 collectis
1120 1627 1297 1697 copiis
1340 1626 1456 1681 suis
1485 1624 1762 1696 prolectus
1790 1632 1876 1679 est
1903 1621 2049 1678 Con-
2153 1628 2570 1697 exprobrasset,
2625 1643 2805 1699 neque
2858 1627 2950 1682 ille
2988 1634 3184 1680 tamen
3234 1624 3549 1688 desineret,
3596 1620 3735 1691 quin

460 1724 772 1778 stantiuum
799 1719 943 1775 bello
963 1732 1348 1789 aggressurus.
1373 1714 1493 1782 Quo
1523 1714 1707 1769 audito
1732 1713 2046 1769 Constanti-
2153 1716 2511 1792 529.431
2544 1720 2728 1790 potius
2756 1718 3003 1774 ροιιεριῑε
3031 1716 3209 1787 copiis
3239 1714 3307 1769 ad
3339 1714 3544 1771 bellum
3581 1712 3737 1769 Co"-

464 1830 566 1868 nus
603 1813 769 1869 etiam
810 1810 1099 1866 instructis
1141 1808 1321 1878 copiis
1357 1808 1634 1877 rebusque
1670 1806 1897 1876 paratis,
1943 1807 2044 1878 ipsi
2078 1866 2119 1880 _
2154 1812 2403 1864 stantin
2451 1810 2800 1866 inferendum
2868 1808 3334 1880 proficisceretur,
3388 1805 3536 1861 misit
3582 1802 3734 1867 Con-

462 1906 679 1961 obviam
717 1904 837 1959 irit.
891 1893 1173 1957 Maximini
1212 1908 1392 1955 autem
1443 1900 1845 1975 comites,lvisa
1879 1915 2045 1967 super
2078 1866 2427 1958 Bstantinus
2488 1905 2791 1958 exercitum
2845 1902 2941 1973 qui
2998 1918 3123 1958 cum
3178 1903 3302 1972 ipso
3365 1899 3421 1955 in
3471 1898 3730 1970 Bithynia

470 2001 671 2054 vexillo
702 2015 886 2069 cruce,
930 2000 983 2054 in
1013 1999 1191 2073 fugam
1216 2015 1401 2057 coram
1445 1999 1568 2071 ipso
1594 1999 1842 2057 conversi
1889 2006 2038 2062 sunt,
2154 1995 2341 2066 pra-lio
2372 1995 2641 2062 conﬂixit,
2674 2011 2704 2050 a
2728 2011 2839 2066 quo
2878 2010 3005 2050 eum
3064 1992 3386 2065 proﬂigatus
3433 1998 3602 2056 esset,
3637 2004 3737 2045 ca-

462 2106 603 2161 qnos
650 2090 833 2160 gladio
876 2090 1158 2147 insecutus
1202 2106 1458 2162 magnam
1514 2090 1758 2160 ipsorum
1801 2099 2039 2154 stragem
2152 2097 2276 2156 plus
2302 2087 2471 2143 etiam
2508 2096 2594 2143 est
2627 2096 2683 2141 et
2716 2088 2783 2142 ad
2819 2086 3242 2171 Constantinum
3275 2083 3595 2155 perductus,
3631 2081 3732 2152 qui

461 2183 652 2248 edidit,
683 2183 806 2238 aliis
830 2183 992 2237 etiam
1024 2182 1253 2254 captivis
1294 2183 1472 2247 lactis,
1511 2181 1635 2237 aliis
1662 2182 1833 2250 ipsius
1880 2180 2038 2234 [idem
2152 2181 2333 2251 ipsum
2393 2180 2449 2235 iu
2501 2182 2693 2235 urbem
2753 2177 3206 2235 Thessalonicam
3260 2174 3523 2246 relegavit
3571 2190 3588 2229 :
3639 2173 3735 2227 cui

461 2275 1056 2345 implorantibus,adeo
1072 2275 1468 2331 utMaximinus
1483 2277 1660 2332 nudus
1678 2275 2039 2345 lugiens,non
2154 2274 2447 2344 praefectus
2476 2291 2599 2331 cum
2634 2283 2953 2341 conaretur,
2983 2275 3161 2344 copiis
3206 2286 3237 2328 e
3265 2270 3735 2327 Thessalonicen-

462 2364 1078 2440 cessarctﬂ25-427
1113 2384 1144 2423 a
1168 2369 1287 2423 loco
1319 2368 1383 2422 ad
1418 2369 1596 2423 locum
1627 2383 1687 2423 se
1714 2368 2046 2433 subducere,
2151 2363 2307 2418 sihus
2330 2364 2602 2427 collectis,
2655 2363 3080 2420 Constantinum
3119 2363 3315 2418 iterum
3357 2362 3502 2418 bello
3550 2360 3730 2413 laces-

461 2455 637 2510 donec
664 2456 730 2510 ad
763 2459 951 2511 urbem
979 2472 1134 2513 suam
1165 2457 1495 2527 perveniret,
1524 2458 1614 2514 ubi
1656 2457 1882 2512 deorum
1914 2472 2043 2513 suo-
2152 2470 2294 2519 sere,
2327 2456 2482 2511 misit
2537 2456 2657 2526 ipse
2682 2458 2774 2527 qui
2829 2464 2996 2528 caput
3043 2456 3123 2510 illi
3180 2460 3514 2526 amputaret.
3567 2451 3735 2506 Chri-

463 2561 583 2600 rmu
630 2548 1002 2612 sacriliiulos,
1060 2548 1594 2620 prmsligiatoresque
1632 2555 1685 2603 et
1722 2548 1945 2613 sciolos,
1987 2549 2043 2604 in
2154 2548 2504 2601 Stianismum
2534 2555 2717 2603 autem
2777 2548 3067 2618 amplexus
3112 2556 3198 2603 est
3240 2544 3641 2614 Constantinus
3676 2545 3733 2597 in

462 2652 599 2707 quos
627 2650 816 2692 auiore
837 2653 1159 2708 propensus,
1182 2648 1238 2693 et
1263 2639 1511 2709 aquibus
1531 2639 1822 2695 consilium
1851 2654 2049 2710 capere
2156 2637 2293 2691 urbe
2317 2638 2461 2692 dit-ta
2494 2636 2837 2705 Nicomedia,
2869 2639 3034 2709 idque
3062 2654 3207 2694 anno
3233 2638 3450 2709 imperii
3481 2636 3565 2691 sui
3592 2634 3738 2689 duo-

464 2729 882 2796 solitusluerat,
909 2738 1270 2804 congregatos
1296 2732 1477 2801 capite
1498 2732 1882 2797 truncavit,ne
1904 2731 1950 2788 si
1987 2731 2041 2785 in
2154 2728 2372 2784 decimo
2410 2746 2423 2783 :
2458 2728 2739 2801 jussitque
2767 2730 2821 2784 in
2871 2730 3133 2785 omnibus
3169 2728 3489 2800 regionibus
3516 2724 3733 2781 exstrui

465 2835 661 2873 manus
684 2820 1027 2875 Consmutini
1054 2820 1359 2876 inciderent
1384 2821 1599 2875 illorum
1635 2836 1737 2890 ope
1776 2828 2041 2876 uteretur.
2153 2821 2446 2888 ecclesias,
2504 2823 2745 2892 erogatis
2801 2838 2832 2877 e
2892 2822 3241 2893 vectigalium
3303 2835 3531 2875 suorum
3598 2818 3737 2874 ﬁsco

535 2910 678 2967 Deus
704 2924 889 2967 autem
916 2913 1244 2968 Maximiano
1277 2914 1456 2985 ignem
1497 2913 1551 2968 in
1585 2923 1829 2969 ventrem
1857 2913 2041 2968 immi-
2154 2916 2396 2970 nummis
2430 2914 2499 2969 ad
2534 2915 2896 2970 ecclesiarum
2932 2929 3066 2970 vasa
3109 2912 3471 2970 conﬁcienda.

462 3005 561 3071 sit,
595 3007 690 3077 qui
714 3021 838 3060 eum
903 3006 1040 3062 adeo
1077 3007 1299 3073 torruit,
1346 3017 1405 3062 ut
1466 3018 1854 3077 rumperentur
1912 3004 2042 3076 ipsi,
2228 3006 2408 3062 Primo
2440 3007 2655 3078 imperii
2687 3007 2867 3078 ipsius
2894 3021 3039 3061 anno
3067 3006 3409 3062 constitutus
3461 2999 3737 3058 Eusebius

462 3116 574 3169 pra:
622 3099 808 3155 calore
839 3114 1004 3170 quem
1054 3099 1204 3155 intus
1268 3100 1461 3164 sensit,
1520 3097 1939 3177 viscerazquiq
1987 3109 2044 3152 et
2153 3097 2465 3168 patriarcha
2502 3096 2786 3153 Romanus
2845 3112 2943 3152 sex
2989 3111 3165 3152 annos
3199 3095 3362 3161 sedit,
3404 3093 3527 3149 dein
3582 3110 3737 3147 mur-

461 3193 775 3249 excidcntes
805 3193 907 3262 ipsi
938 3192 1081 3248 oculi
1118 3194 1171 3247 in
1208 3204 1407 3248 terram
1444 3192 1789 3257 deciderunt,
1815 3192 2043 3246 adusmo
2072 3196 2119 3258 ο
2150 3199 2279 3246 tuus
2310 3200 2415 3248 est.
2468 3191 2629 3247 Auno
2664 3190 2879 3261 imperii
2936 3190 3186 3258 ejusdem
3248 3188 3482 3259 septimo
3544 3186 3735 3240 factus

463 3300 572 3356 que
609 3300 739 3341 caro
792 3286 859 3339 ah
911 3285 1131 3341 ossibus
1190 3296 1441 3353 separata
1490 3292 1596 3347 est,
1633 3284 1726 3337 .ita
1767 3292 1826 3337 ut
1870 3290 2047 3336 morte.
2148 3292 2233 3336 est
2274 3282 2605 3339 Mcletianus
2634 3284 2948 3351 patriarcha
2992 3283 3298 3344 Romanus,
3340 3280 3590 3351 quicum
3633 3293 3736 3333 an-

462 3375 700 3445 pessima
754 3376 978 3443 periret.
1040 3373 1311 3431 Omnibus
1352 3390 1483 3445 ergo
1539 3374 1911 3428 Romanorum
1963 3373 2046 3427 di-
2151 3389 2251 3430 nos
2290 3382 2533 3445 quatuor
2564 3376 2803 3431 sedisset
2837 3383 3092 3429 mortuus
3124 3380 3231 3429 est.
3275 3373 3436 3427 Anno
3463 3386 3596 3425 vero
3625 3386 3736 3423 un-

465 3466 711 3521 tionihus
748 3464 1049 3535 tranquille
1083 3473 1137 3519 et
1186 3465 1241 3519 in
1270 3481 1403 3535 pace
1455 3465 1740 3534 imperavit
1770 3463 2042 3519 Cousmn-
2145 3467 2359 3523 decimo
2411 3467 2614 3521 ibidem
2668 3467 2983 3537 patriarcha
3049 3466 3384 3521 constitutus
3438 3464 3731 3528 Silvester,

465 3558 635 3623 tinus,
671 3556 835 3625 idque
868 3571 1013 3610 anno
1044 3556 1256 3626 imperii
1304 3554 1555 3626 Saporis,
1610 3553 1864 3609 llormozi
1924 3555 2037 3621 lilii,
2148 3573 2326 3615 annos
2372 3558 2568 3630 viginti
2620 3569 2745 3614 octo
2772 3559 2933 3623 sedit,
2963 3557 3091 3614 dein
3130 3566 3380 3613 mortuus
3416 3567 3521 3613 est.
3564 3556 3735 3610 Anno

462 3647 753 3704 Persarum
792 3648 934 3719 regis
963 3646 1383 3719 quadragesimo
1437 3647 1636 3717 primo.
1680 3646 1811 3701 Erat
1858 3655 2039 3700 autem
2145 3652 2490 3722 principatus
2520 3651 2642 3720 ejus
2671 3666 2818 3705 nono
2858 3652 3196 3706 celebratum
3218 3660 3303 3706 est
3337 3648 3633 3705 concilium
3671 3653 3730 3704 i-z

461 3738 883 3803 Constantinus,
919 3738 1063 3805 ﬁlius
1090 3738 1417 3801 Constantii,
1478 3738 1572 3791 lilii
1625 3737 1882 3801 Valentii,
1944 3738 2039 3791 lilii
2146 3741 2280 3796 urbe
2314 3741 2514 3796 Nicaea.
2548 3742 2708 3797 Anno
2741 3742 2903 3796 etiam
2936 3743 3148 3813 imperii
3179 3741 3530 3798 Constantini
3567 3744 3735 3796 tertio

459 3834 670 3898 Arsisi,
725 3832 821 3888 lilii
876 3830 1046 3905 Decii,
1096 3830 1188 3885 lilii
1260 3828 1475 3884 Claudii
1538 3829 1886 3899 imperatoris
1943 3830 2037 3899 qui
2147 3841 2370 3888 creatus
2415 3839 2499 3887 est
2552 3831 2872 3888 Philouicus
2930 3835 3242 3904 patriarcha
3300 3835 3726 3901 Antinchenus,

465 3926 651 3979 Romae
701 3923 887 3979 ﬂoruit
939 3931 1186 3993 tenipore
1242 3920 1649 3992 apostolorum.
1708 3921 1840 3975 Erat
1907 3936 2039 3975 vero
2146 3924 2240 3994 qui
2276 3924 2521 3994 quinque
2551 3939 2727 3979 annos
2764 3925 2923 3991 sedit,
2981 3927 3106 3980 dein
3143 3937 3392 3982 mortuus
3427 3938 3531 3982 est.
3566 3931 3733 3981 Anno

461 4016 827 4077 Constantino
876 4020 988 4069 dux
1041 4029 1206 4085 quem
1270 4013 1497 4077 amavit,
1562 4020 1615 4067 et
1677 4010 1746 4065 ad
1802 4014 2038 4067 honores
2141 4016 2391 4085 ejusdem
2425 4030 2570 4071 nono
2604 4017 2942 4072 constitutus
2968 4018 3775 4088 estApolloniuSpattiarcha.

460 4111 664 4172 evexit,
716 4107 935 4162 nomine
964 4103 1249 4171 Licinius;
1310 4119 1605 4175 quemque,
1639 4103 1765 4158 data
1815 4102 1921 4173 ipsi
1981 4104 2034 4156 in
2134 4108 2548 4173 'Antiochenus,
2601 4110 2697 4180 qui
2742 4107 2906 4182 ΜΩ
2958 4124 3080 4165 cum
3117 4112 3364 4181 quinque
3417 4126 3594 4165 annos
3633 4127 3731 4165 se-

463 4215 688 4271 uxorem
721 4212 916 4254 sorore
949 4210 1051 4251 sua
1078 4195 1487 4261 Constantinia,
1521 4195 1707 4249 Romae
1758 4193 2035 4264 pra-feeit;
2143 4198 2340 4262 disset,
2375 4209 2628 4253 mortuus
2660 4208 2765 4254 est.
2802 4202 2961 4254 Anno
2994 4200 3237 4269 ejusdem
3273 4200 3489 4255 decimo
3529 4200 3729 4269 quinto

455 4292 657 4363 jubens
693 4290 870 4361 ipsum
903 4289 1239 4344 christianos
1288 4287 1495 4342 honore
1541 4285 1777 4351 allicere,
1825 4285 2037 4354 magui-
2145 4290 2320 4345 laetus
2354 4300 2440 4346 est
2474 4291 2677 4346 ibidem
2720 4293 3036 4361 patriarcha
3075 4291 3422 4357 Eustathius,
3454 4291 3547 4361 qui
3594 4300 3726 4346 octo

462 4403 568 4459 que
622 4387 825 4449 facere,
894 4398 996 4438 nec
1048 4383 1295 4451 ipsorum
1355 4379 1449 4434 ulli
1517 4392 1742 4433 nocere.
1791 4375 2035 4432 Licinius
2139 4394 2312 4434 annos
2341 4380 2505 4445 sedit,
2563 4380 2981 4460 deinanortuus
3029 4390 3134 4436 est.
3168 4380 3338 4449 Cujus
3379 4380 3724 4451 principatus

461 4491 642 4534 autem
684 4475 973 4546 imperium
1008 4473 1237 4543 adeptus
1264 4471 1330 4524 ad
1397 4469 1667 4525 idolorum
1699 4468 1905 4523 cultum
1947 4482 2038 4522 re-
2065 4535 2108 4546 ἢ
2140 4488 2287 4527 anno
2312 4474 2504 4542 quinto
2539 4473 2642 4525 luit
2678 4471 2972 4527 concilium
3002 4471 3317 4527 'Nicamtuu.
3365 4473 3525 4526 Anno
3555 4473 3721 4525 etiam
3806 4495 3813 4501 -

459 4588 675 4638 versus,
704 4571 771 4624 ad
808 4575 1039 4623 mortem
1078 4565 1203 4621 duci
1256 4563 1424 4635 jussit
1477 4563 1834 4616 christianos.
1890 4560 2035 4615 hlar-
2065 4535 2113 4592 θ
2144 4564 2361 4634 imperii
2400 4564 2753 4619 Constantini
2812 4566 2992 4633 primo
3041 4564 3375 4619 constitutus
3427 4572 3511 4617 est
3569 4563 3725 4617 Ason

458 4666 659 4735 tyrium
698 4675 829 4732 ergo
859 4658 963 4714 sub
988 4659 1108 4728 ipso
1137 4655 1278 4726 passi
1305 4660 1434 4710 sunt
1481 4652 1805 4707 Theodorus
1851 4652 2029 4718 miles,
2133 4658 2425 4725 episcopus
2496 4655 3022 4726 llierosolymitauus
3056 4695 3071 4719 ,
3121 4656 3215 4725 qui
3288 4670 3481 4709 novem
3546 4671 3728 4710 alinos

459 4755 807 4827 metropolita
866 4751 1036 4824 428
1104 4746 1444 4813 Barkensis,
1507 4760 1633 4799 cum
1700 4745 2031 4814 martyribus

2136 4745 2309 4809 sedit,
2357 4745 2485 4800 dein
2551 4748 2801 4801 mertuus
2836 4756 2941 4802 est.
2996 4747 3155 4801 Auno
3206 4747 3419 4816 imperii
3470 4745 3720 4814 ejusdem

458 4850 844 4921 quadraginta,
898 4845 992 4915 qui
1045 4858 1113 4897 ex
1177 4842 1314 4896 urbe
1370 4831 1623 4894 Sehastia
1671 4834 2032 4906 Cappadocia:
2134 4836 2829 4897 decimo.constitutuscst
2858 4836 3133 4892 Macarius
3170 4837 3368 4892 ibidem
3401 4838 3729 4909 episcopus,

459 4952 633 4994 erant.
670 4938 795 4992 Fuit
825 4945 1006 4991 autem
1042 4934 1145 5003 ipsi
1200 4934 1255 4987 iu
1300 4929 1548 4985 Sebastia
1588 4928 1888 4997 praefectus
1934 4942 2034 4979 no-
2136 4928 2228 4996 qui
2293 4927 2672 4981 uovemdecim
2723 4942 2897 4982 annos
2947 4928 3127 4995 sedit,
3163 4929 3288 4983 dein
3328 4942 3576 4986 tuortuus
3616 4946 3723 4989 est.

463 5033 605 5083 mine
651 5027 921 5099 Agricola,
971 5027 1063 5094 qui
1097 5019 1455 5091 quadraginta
1498 5024 1767 5085 martyres
1818 5013 2031 5082 Cappa-
2135 5020 2293 5073 Anno
2347 5021 2692 5089 principatus
2754 5020 2874 5090 ejus
2949 5021 3166 5075 decimo
3223 5022 3560 5077 celebratum
3637 5035 3730 5080 est

458 5127 619 5176 liores
644 5120 941 5192 prehensus
971 5117 1024 5169 in
1077 5114 1347 5184 piscinam
1384 5123 1540 5178 aqum
1580 5106 1757 5161 nudos
1804 5103 2030 5171 abiecit:
2133 5110 2425 5163 concilium
2455 5109 2756 5165 Nicaenum.
2793 5112 2951 5163 Anno
2982 5111 3147 5164 etiam
3194 5110 3410 5180 imperii
3446 5112 3726 5166 Constan-

460 5231 583 5270 eum
636 5219 781 5265 esset
843 5210 934 5262 nix
989 5209 1307 5269 vehemens,
1374 5201 1521 5254 unde
1575 5198 1777 5265 frigore
1828 5192 2029 5247 mortui
2136 5199 2234 5253 tini
2274 5199 2466 5269 quinto
2513 5197 2694 5254 factus
2732 5207 2818 5254 est
2865 5202 3176 5255 Alexander
3223 5200 3537 5269 patriarcha
3588 5201 3722 5256 Aie-

459 5313 606 5362 sunt.
641 5302 797 5359 Unus
832 5309 1040 5354 tantum
1069 5314 1134 5350 ex
1163 5295 1297 5366 ipsis
1352 5294 1405 5345 in
1459 5290 1737 5350 balneum,
1783 5285 1927 5355 quod
1965 5287 2030 5338 ad
2134 5290 2458 5345 xandriuus.
2527 5291 2629 5343 llic
2653 5290 2801 5344 Petri
2834 5291 3091 5360 martyris
3122 5291 3452 5360 patriarcha:
3479 5291 3725 5346 Alexan-

460 5400 609 5452 laeus
640 5396 812 5464 ripam
852 5391 1050 5454 fuerat,
1086 5398 1344 5457 egressus
1388 5391 1473 5435 est
1505 5387 1563 5432 ut
1602 5379 1677 5432 ibi
1719 5393 1778 5432 se
1832 5377 2031 5430 calelu-
2133 5380 2299 5445 drini,
2332 5381 2425 5450 qui
2459 5383 2675 5436 occisus
2711 5392 2815 5444 est,
2847 5381 3173 5451 discipulus,
3206 5382 3478 5452 iidemque
3530 5386 3725 5440 socius

464 5496 637 5555 ceret,
664 5501 824 5557 quem
859 5483 1122 5537 decidens
1152 5480 1204 5531 in
1240 5476 1417 5547 ipsum
1447 5473 1701 5527 balneum
1735 5469 2029 5524 interfecit.
2134 5471 2357 5526 Achillae
2412 5472 2738 5541 patriarcha:
2790 5471 3168 5535 Alexandrini,
3227 5487 3402 5528 annos
3476 5474 3719 5529 sedecim

463 5582 762 5639 Prafeetus
803 5588 1011 5641 autem,
1042 5575 1133 5644 qui
1173 5567 1505 5625 satellitibus
1540 5566 1801 5635 aquibus
1849 5572 2033 5617 eusto-
2134 5564 2293 5628 sedit,
2342 5565 2469 5619 dein
2517 5572 2769 5619 mortuus
2798 5573 2905 5619 est.
2947 5566 3105 5618 Anno
3140 5565 3486 5635 principatus
3541 5566 3721 5635 ipsius

460 5673 745 5723 diehautur
774 5676 1027 5738 prmerat,
1056 5678 1179 5718 cum
1201 5656 1563 5728 quadraginta
1594 5672 1623 5707 e
1653 5657 1774 5708 luce
1797 5669 2031 5708 coronas
2134 5657 2348 5711 decimo
2371 5657 2562 5724 quinto
2597 5656 2934 5710 celebratum
2964 5664 3047 5711 est
3078 5658 3376 5711 concilium
3407 5655 3717 5713 Nieaeuum.

459 5761 675 5812 cmlitus
726 5761 779 5811 in
809 5768 1128 5827 martyrum
1182 5753 1418 5806 istorum
1454 5747 1632 5815 capita
1681 5746 2032 5800 descendisse
2134 5750 2443 5803 Alexander
2470 5749 2736 5818 siquidem
2760 5749 3067 5817 patriarcha
3094 5750 3500 5803 Alexandrinus
3527 5750 3720 5805 Arium

461 5855 726 5908 cerneret,
784 5861 944 5898 uuam
1004 5855 1184 5897 autem
1242 5852 1469 5897 vacuam
1526 5836 1821 5905 mansisse,
1893 5838 2011 5907 ipse
2133 5842 2420 5898 ecclesiam
2457 5842 2666 5911 ingredi
2701 5844 2893 5908 vetuit,
2930 5840 3091 5910 eique
3117 5841 3443 5910 maledixit,
3482 5840 3717 5898 dicens:
