  <div class='ocr_page' id='page_1' title='image "/cluster/home/n/w/nwhite01/storage/ocr_20150623/111/coo.31924054870153/510.png"; bbox 0 0 4076 6392; ppageno 0'>
   <div class='ocr_carea' id='block_1_1' title="bbox 267 457 404 522">
    <p class='ocr_par' dir='ltr' id='par_1_1' title="bbox 267 457 404 522">
     <span class='ocr_line' id='line_1_1' title="bbox 267 457 404 522; baseline 0.036 -5"><span class='ocrx_word' id='word_1_1' title='bbox 267 457 404 522; x_wconf 79' lang='grc' dir='ltr'><strong>1οϋ5</strong></span> 
     </span>
    </p>
   </div>
   <div class='ocr_carea' id='block_1_2' title="bbox 1737 454 2104 516">
    <p class='ocr_par' dir='ltr' id='par_1_2' title="bbox 1737 454 2104 516">
     <span class='ocr_line' id='line_1_2' title="bbox 1737 454 2104 516; baseline 0.003 -2"><span class='ocrx_word' id='word_1_2' title='bbox 1737 454 2104 516; x_wconf 85' lang='lat' dir='ltr'><strong>ANNALES.</strong></span> 
     </span>
    </p>
   </div>
   <div class='ocr_carea' id='block_1_3' title="bbox 3387 433 3527 498">
    <p class='ocr_par' dir='ltr' id='par_1_3' title="bbox 3387 433 3527 498">
     <span class='ocr_line' id='line_1_3' title="bbox 3387 433 3527 498; baseline 0 -1"><span class='ocrx_word' id='word_1_3' title='bbox 3387 433 3527 498; x_wconf 83' lang='grc'><strong>1006</strong></span> 
     </span>
    </p>
   </div>
   <div class='ocr_carea' id='block_1_4' title="bbox 262 552 3534 639">
    <p class='ocr_par' dir='ltr' id='par_1_4' title="bbox 262 552 3534 639">
     <span class='ocr_line' id='line_1_4' title="bbox 262 552 3534 639; baseline -0.001 -16"><span class='ocrx_word' id='word_1_4' title='bbox 262 571 583 629; x_wconf 70' lang='lat' dir='ltr'><strong>Maledictus</strong></span> <span class='ocrx_word' id='word_1_5' title='bbox 619 581 700 626; x_wconf 62' lang='lat' dir='ltr'><strong>est</strong></span> <span class='ocrx_word' id='word_1_6' title='bbox 757 575 959 639; x_wconf 71' lang='lat' dir='ltr'><strong>Arius;</strong></span> <span class='ocrx_word' id='word_1_7' title='bbox 1016 576 1155 628; x_wconf 85' lang='lat' dir='ltr'><strong>dixit</strong></span> <span class='ocrx_word' id='word_1_8' title='bbox 1212 577 1356 629; x_wconf 88' lang='lat' dir='ltr'><strong>enim</strong></span> <span class='ocrx_word' id='word_1_9' title='bbox 1423 575 1584 628; x_wconf 88' lang='lat' dir='ltr'><strong>nobis</strong></span> <span class='ocrx_word' id='word_1_10' title='bbox 1633 572 1837 625; x_wconf 74' lang='lat' dir='ltr'><strong>&#39;l‘etrus</strong></span> <span class='ocrx_word' id='word_1_11' title='bbox 1869 578 1912 632; x_wconf 75' lang='grc' dir='ltr'>Α</span> <span class='ocrx_word' id='word_1_12' title='bbox 1943 583 2144 638; x_wconf 85' lang='lat' dir='ltr'><strong>corpus</strong></span> <span class='ocrx_word' id='word_1_13' title='bbox 2168 557 2906 634; x_wconf 61' lang='grc' dir='ltr'><strong>αεειιηψείεεείειεὸρῑτῑιυ</strong></span> <span class='ocrx_word' id='word_1_14' title='bbox 2949 565 3174 618; x_wconf 61' lang='lat' dir='ltr'><strong>SﬂﬂﬂO;</strong></span> <span class='ocrx_word' id='word_1_15' title='bbox 3223 552 3534 625; x_wconf 72' lang='lat' dir='ltr'><strong>factumque</strong></span> 
     </span>
    </p>
   </div>
   <div class='ocr_carea' id='block_1_5' title="bbox 264 663 1845 737">
    <p class='ocr_par' dir='ltr' id='par_1_5' title="bbox 264 663 1845 737">
     <span class='ocr_line' id='line_1_5' title="bbox 264 663 1845 737; baseline -0.002 -20"><span class='ocrx_word' id='word_1_16' title='bbox 264 665 577 731; x_wconf 88' lang='lat' dir='ltr'><strong>patriarcha</strong></span> <span class='ocrx_word' id='word_1_17' title='bbox 625 675 921 735; x_wconf 74' lang='lat' dir='ltr'><strong>antequam</strong></span> <span class='ocrx_word' id='word_1_18' title='bbox 943 668 1265 737; x_wconf 83' lang='lat' dir='ltr'><strong>martyrium</strong></span> <span class='ocrx_word' id='word_1_19' title='bbox 1295 667 1538 721; x_wconf 82' lang='lat' dir='ltr'><strong>subiret:</strong></span> <span class='ocrx_word' id='word_1_20' title='bbox 1567 663 1845 718; x_wconf 80' lang='lat' dir='ltr'><strong>Maledixit</strong></span> 
     </span>
    </p>
   </div>
   <div class='ocr_carea' id='block_1_6' title="bbox 265 756 1846 828">
    <p class='ocr_par' dir='ltr' id='par_1_6' title="bbox 265 756 1846 828">
     <span class='ocr_line' id='line_1_6' title="bbox 265 756 1846 828; baseline -0.001 -20"><span class='ocrx_word' id='word_1_21' title='bbox 265 757 412 809; x_wconf 80' lang='lat' dir='ltr'><strong>Deus</strong></span> <span class='ocrx_word' id='word_1_22' title='bbox 451 756 604 816; x_wconf 86' lang='lat' dir='ltr'><strong>Ario,</strong></span> <span class='ocrx_word' id='word_1_23' title='bbox 659 772 728 809; x_wconf 90' lang='lat' dir='ltr'><strong>ne</strong></span> <span class='ocrx_word' id='word_1_24' title='bbox 764 771 895 825; x_wconf 83' lang='lat' dir='ltr'><strong>ergo</strong></span> <span class='ocrx_word' id='word_1_25' title='bbox 926 757 1104 825; x_wconf 89' lang='lat' dir='ltr'><strong>ipsum</strong></span> <span class='ocrx_word' id='word_1_26' title='bbox 1159 757 1464 828; x_wconf 90' lang='lat' dir='ltr'><strong>recipiatis,</strong></span> <span class='ocrx_word' id='word_1_27' title='bbox 1524 769 1704 824; x_wconf 89' lang='lat' dir='ltr'><strong>neque</strong></span> <span class='ocrx_word' id='word_1_28' title='bbox 1755 768 1846 806; x_wconf 85' lang='lat' dir='ltr'><strong>vo-</strong></span> 
     </span>
    </p>
   </div>
   <div class='ocr_carea' id='block_1_7' title="bbox 262 848 1843 904">
    <p class='ocr_par' dir='ltr' id='par_1_7' title="bbox 262 848 1843 904">
     <span class='ocr_line' id='line_1_7' title="bbox 262 848 1843 904; baseline -0.003 -1"><span class='ocrx_word' id='word_1_29' title='bbox 262 850 474 904; x_wconf 89' lang='lat' dir='ltr'><strong>biscum</strong></span> <span class='ocrx_word' id='word_1_30' title='bbox 526 849 580 902; x_wconf 90' lang='lat' dir='ltr'><strong>in</strong></span> <span class='ocrx_word' id='word_1_31' title='bbox 637 849 938 904; x_wconf 85' lang='lat' dir='ltr'><strong>Ecclesiam</strong></span> <span class='ocrx_word' id='word_1_32' title='bbox 1002 849 1327 904; x_wconf 85' lang='lat' dir='ltr'><strong>admittatis.</strong></span> <span class='ocrx_word' id='word_1_33' title='bbox 1364 848 1604 903; x_wconf 75' lang='lat' dir='ltr'><strong>Praeerat</strong></span> <span class='ocrx_word' id='word_1_34' title='bbox 1662 855 1843 900; x_wconf 89' lang='lat' dir='ltr'><strong>autem</strong></span> 
     </span>
    </p>
   </div>
   <div class='ocr_carea' id='block_1_8' title="bbox 262 937 1849 1012">
    <p class='ocr_par' dir='ltr' id='par_1_8' title="bbox 262 937 1849 1012">
     <span class='ocr_line' id='line_1_8' title="bbox 262 937 1849 1012; baseline -0.003 -17"><span class='ocrx_word' id='word_1_35' title='bbox 262 940 386 995; x_wconf 86' lang='lat' dir='ltr'><strong>urbi</strong></span> <span class='ocrx_word' id='word_1_36' title='bbox 409 942 613 1011; x_wconf 82' lang='lat' dir='ltr'><strong>Asyuto</strong></span> <span class='ocrx_word' id='word_1_37' title='bbox 632 941 884 996; x_wconf 79' lang='lat' dir='ltr'><strong>editione</strong></span> <span class='ocrx_word' id='word_1_38' title='bbox 899 941 1116 1012; x_wconf 58' lang='lat' dir='ltr'><strong>[Egypti</strong></span> <span class='ocrx_word' id='word_1_39' title='bbox 1138 943 1433 1011; x_wconf 89' lang='lat' dir='ltr'><strong>episcopus</strong></span> <span class='ocrx_word' id='word_1_40' title='bbox 1449 937 1849 1007; x_wconf 60' lang='lat' dir='ltr'><strong>nominejlele-</strong></span> 
     </span>
    </p>
   </div>
   <div class='ocr_carea' id='block_1_9' title="bbox 261 1029 1842 1103">
    <p class='ocr_par' dir='ltr' id='par_1_9' title="bbox 261 1029 1842 1103">
     <span class='ocr_line' id='line_1_9' title="bbox 261 1029 1842 1103; baseline 0.005 -19"><span class='ocrx_word' id='word_1_41' title='bbox 261 1033 395 1095; x_wconf 89' lang='lat' dir='ltr'><strong>tius,</strong></span> <span class='ocrx_word' id='word_1_42' title='bbox 415 1032 507 1102; x_wconf 92' lang='lat' dir='ltr'><strong>qui</strong></span> <span class='ocrx_word' id='word_1_43' title='bbox 527 1033 640 1086; x_wconf 89' lang='lat' dir='ltr'><strong>Arii</strong></span> <span class='ocrx_word' id='word_1_44' title='bbox 671 1033 1002 1088; x_wconf 90' lang='lat' dir='ltr'><strong>sententiam</strong></span> <span class='ocrx_word' id='word_1_45' title='bbox 1031 1033 1315 1102; x_wconf 88' lang='lat' dir='ltr'><strong>amplexus</strong></span> <span class='ocrx_word' id='word_1_46' title='bbox 1337 1029 1693 1103; x_wconf 63' lang='grc' dir='ltr'><strong>433-ωὸ</strong></span> <span class='ocrx_word' id='word_1_47' title='bbox 1723 1037 1842 1092; x_wconf 79' lang='lat' dir='ltr'><strong>est;</strong></span> 
     </span>
    </p>
   </div>
   <div class='ocr_carea' id='block_1_10' title="bbox 266 1123 1844 1194">
    <p class='ocr_par' dir='ltr' id='par_1_10' title="bbox 266 1123 1844 1194">
     <span class='ocr_line' id='line_1_10' title="bbox 266 1123 1844 1194; baseline -0.002 -17"><span class='ocrx_word' id='word_1_48' title='bbox 266 1123 446 1178; x_wconf 89' lang='lat' dir='ltr'><strong>eidem</strong></span> <span class='ocrx_word' id='word_1_49' title='bbox 471 1138 605 1194; x_wconf 87' lang='lat' dir='ltr'><strong>ergo</strong></span> <span class='ocrx_word' id='word_1_50' title='bbox 624 1124 789 1179; x_wconf 91' lang='lat' dir='ltr'><strong>etiam</strong></span> <span class='ocrx_word' id='word_1_51' title='bbox 835 1123 1476 1180; x_wconf 72' lang='lat' dir='ltr'><strong>maledixiLAlexander</strong></span> <span class='ocrx_word' id='word_1_52' title='bbox 1505 1123 1844 1193; x_wconf 84' lang='lat' dir='ltr'><strong>patriarcha.</strong></span> 
     </span>
    </p>
   </div>
   <div class='ocr_carea' id='block_1_11' title="bbox 262 1212 1844 1287">
    <p class='ocr_par' dir='ltr' id='par_1_11' title="bbox 262 1212 1844 1287">
     <span class='ocr_line' id='line_1_11' title="bbox 262 1212 1844 1287; baseline -0.001 -20"><span class='ocrx_word' id='word_1_53' title='bbox 262 1215 440 1270; x_wconf 87' lang='lat' dir='ltr'><strong>Porro</strong></span> <span class='ocrx_word' id='word_1_54' title='bbox 493 1214 597 1269; x_wconf 87' lang='lat' dir='ltr'><strong>fttit</strong></span> <span class='ocrx_word' id='word_1_55' title='bbox 659 1216 1006 1272; x_wconf 70' lang='lat' dir='ltr'><strong>Alexandria:</strong></span> <span class='ocrx_word' id='word_1_56' title='bbox 1072 1217 1335 1286; x_wconf 81' lang='lat' dir='ltr'><strong>templum</strong></span> <span class='ocrx_word' id='word_1_57' title='bbox 1391 1231 1650 1287; x_wconf 88' lang='lat' dir='ltr'><strong>magnum</strong></span> <span class='ocrx_word' id='word_1_58' title='bbox 1699 1212 1844 1283; x_wconf 88' lang='lat' dir='ltr'><strong>quod</strong></span> 
     </span>
    </p>
   </div>
   <div class='ocr_carea' id='block_1_12' title="bbox 260 1305 1824 1377">
    <p class='ocr_par' dir='ltr' id='par_1_12' title="bbox 260 1305 1824 1377">
     <span class='ocr_line' id='line_1_12' title="bbox 260 1305 1824 1377; baseline -0.003 -17"><span class='ocrx_word' id='word_1_59' title='bbox 260 1306 539 1360; x_wconf 90' lang='lat' dir='ltr'><strong>exstruxit</strong></span> <span class='ocrx_word' id='word_1_60' title='bbox 559 1306 848 1376; x_wconf 86' lang='lat' dir='ltr'><strong>Cleopatra</strong></span> <span class='ocrx_word' id='word_1_61' title='bbox 880 1308 1064 1377; x_wconf 89' lang='lat' dir='ltr'><strong>regina</strong></span> <span class='ocrx_word' id='word_1_62' title='bbox 1093 1307 1304 1362; x_wconf 87' lang='lat' dir='ltr'><strong>nomini</strong></span> <span class='ocrx_word' id='word_1_63' title='bbox 1349 1305 1571 1361; x_wconf 87' lang='lat' dir='ltr'><strong>Saturni</strong></span> <span class='ocrx_word' id='word_1_64' title='bbox 1602 1306 1824 1360; x_wconf 83' lang='lat' dir='ltr'><strong>dedica-</strong></span> 
     </span>
    </p>
   </div>
   <div class='ocr_carea' id='block_1_13' title="bbox 265 1390 1846 1466">
    <p class='ocr_par' dir='ltr' id='par_1_13' title="bbox 265 1390 1846 1466">
     <span class='ocr_line' id='line_1_13' title="bbox 265 1390 1846 1466; baseline 0 -19"><span class='ocrx_word' id='word_1_65' title='bbox 265 1405 408 1458; x_wconf 92' lang='lat' dir='ltr'><strong>tum,</strong></span> <span class='ocrx_word' id='word_1_66' title='bbox 448 1397 503 1448; x_wconf 92' lang='lat' dir='ltr'><strong>in</strong></span> <span class='ocrx_word' id='word_1_67' title='bbox 543 1409 654 1464; x_wconf 91' lang='lat' dir='ltr'><strong>quo</strong></span> <span class='ocrx_word' id='word_1_68' title='bbox 703 1395 914 1451; x_wconf 85' lang='lat' dir='ltr'><strong>idolum</strong></span> <span class='ocrx_word' id='word_1_69' title='bbox 968 1412 1170 1452; x_wconf 86' lang='lat' dir='ltr'><strong>aereum</strong></span> <span class='ocrx_word' id='word_1_70' title='bbox 1228 1411 1486 1466; x_wconf 88' lang='lat' dir='ltr'><strong>magnum</strong></span> <span class='ocrx_word' id='word_1_71' title='bbox 1539 1406 1657 1450; x_wconf 90' lang='lat' dir='ltr'><strong>erat</strong></span> <span class='ocrx_word' id='word_1_72' title='bbox 1700 1390 1846 1464; x_wconf 90' lang='lat' dir='ltr'><strong>quod</strong></span> 
     </span>
    </p>
   </div>
   <div class='ocr_carea' id='block_1_14' title="bbox 265 1485 1846 1557">
    <p class='ocr_par' dir='ltr' id='par_1_14' title="bbox 265 1485 1846 1557">
     <span class='ocr_line' id='line_1_14' title="bbox 265 1485 1846 1557; baseline 0.001 -19"><span class='ocrx_word' id='word_1_73' title='bbox 265 1485 499 1540; x_wconf 80' lang='lat' dir='ltr'><strong>Michael</strong></span> <span class='ocrx_word' id='word_1_74' title='bbox 529 1489 844 1557; x_wconf 88' lang='lat' dir='ltr'><strong>appellatus</strong></span> <span class='ocrx_word' id='word_1_75' title='bbox 869 1499 976 1556; x_wconf 87' lang='lat' dir='ltr'><strong>est,</strong></span> <span class='ocrx_word' id='word_1_76' title='bbox 1019 1491 1106 1544; x_wconf 93' lang='lat' dir='ltr'><strong>cui</strong></span> <span class='ocrx_word' id='word_1_77' title='bbox 1135 1489 1484 1545; x_wconf 80' lang='lat' dir='ltr'><strong>Alexandriae</strong></span> <span class='ocrx_word' id='word_1_78' title='bbox 1536 1496 1592 1542; x_wconf 89' lang='lat' dir='ltr'><strong>et</strong></span> <span class='ocrx_word' id='word_1_79' title='bbox 1622 1485 1846 1557; x_wconf 60' lang='lat' dir='ltr'><strong>ngypti</strong></span> 
     </span>
    </p>
   </div>
   <div class='ocr_carea' id='block_1_15' title="bbox 273 1578 1848 1650">
    <p class='ocr_par' dir='ltr' id='par_1_15' title="bbox 273 1578 1848 1650">
     <span class='ocr_line' id='line_1_15' title="bbox 273 1578 1848 1650; baseline -0.001 -17"><span class='ocrx_word' id='word_1_80' title='bbox 273 1579 468 1633; x_wconf 64' lang='lat' dir='ltr'><strong>incolae</strong></span> <span class='ocrx_word' id='word_1_81' title='bbox 516 1578 606 1633; x_wconf 89' lang='lat' dir='ltr'><strong>die</strong></span> <span class='ocrx_word' id='word_1_82' title='bbox 641 1581 850 1634; x_wconf 90' lang='lat' dir='ltr'><strong>mensis</strong></span> <span class='ocrx_word' id='word_1_83' title='bbox 885 1579 1102 1644; x_wconf 76' lang='lat' dir='ltr'><strong>fleturi,</strong></span> <span class='ocrx_word' id='word_1_84' title='bbox 1159 1581 1255 1650; x_wconf 86' lang='lat' dir='ltr'><strong>qui</strong></span> <span class='ocrx_word' id='word_1_85' title='bbox 1299 1578 1521 1635; x_wconf 84' lang='lat' dir='ltr'><strong>Tisltrin</strong></span> <span class='ocrx_word' id='word_1_86' title='bbox 1575 1580 1848 1648; x_wconf 87' lang='lat' dir='ltr'><strong>posterior</strong></span> 
     </span>
    </p>
   </div>
   <div class='ocr_carea' id='block_1_16' title="bbox 265 1665 1845 1738">
    <p class='ocr_par' dir='ltr' id='par_1_16' title="bbox 265 1665 1845 1738">
     <span class='ocr_line' id='line_1_16' title="bbox 265 1665 1845 1738; baseline -0.003 -15"><span class='ocrx_word' id='word_1_87' title='bbox 265 1677 373 1733; x_wconf 92' lang='lat' dir='ltr'><strong>est,</strong></span> <span class='ocrx_word' id='word_1_88' title='bbox 421 1665 621 1722; x_wconf 87' lang='lat' dir='ltr'><strong>festum</strong></span> <span class='ocrx_word' id='word_1_89' title='bbox 678 1683 938 1738; x_wconf 86' lang='lat' dir='ltr'><strong>magnum</strong></span> <span class='ocrx_word' id='word_1_90' title='bbox 989 1670 1366 1732; x_wconf 81' lang='lat' dir='ltr'><strong>celebrabant,</strong></span> <span class='ocrx_word' id='word_1_91' title='bbox 1413 1669 1619 1722; x_wconf 89' lang='lat' dir='ltr'><strong>multas</strong></span> <span class='ocrx_word' id='word_1_92' title='bbox 1669 1667 1845 1720; x_wconf 90' lang='lat' dir='ltr'><strong>eidem</strong></span> 
     </span>
    </p>
   </div>
   <div class='ocr_carea' id='block_1_17' title="bbox 268 1760 1846 1832">
    <p class='ocr_par' dir='ltr' id='par_1_17' title="bbox 268 1760 1846 1832">
     <span class='ocr_line' id='line_1_17' title="bbox 268 1760 1846 1832; baseline -0.001 -19"><span class='ocrx_word' id='word_1_93' title='bbox 268 1760 477 1815; x_wconf 86' lang='lat' dir='ltr'><strong>hostias</strong></span> <span class='ocrx_word' id='word_1_94' title='bbox 509 1760 880 1817; x_wconf 79' lang='lat' dir='ltr'><strong>immolantes.</strong></span> <span class='ocrx_word' id='word_1_95' title='bbox 905 1761 1044 1816; x_wconf 91' lang='lat' dir='ltr'><strong>Cum</strong></span> <span class='ocrx_word' id='word_1_96' title='bbox 1074 1775 1204 1832; x_wconf 88' lang='lat' dir='ltr'><strong>ergo</strong></span> <span class='ocrx_word' id='word_1_97' title='bbox 1235 1761 1582 1815; x_wconf 59' lang='lat' dir='ltr'><strong>Alexandria</strong></span> <span class='ocrx_word' id='word_1_98' title='bbox 1616 1760 1846 1828; x_wconf 82' lang='lat' dir='ltr'><strong>patriar-</strong></span> 
     </span>
    </p>
   </div>
   <div class='ocr_carea' id='block_1_18' title="bbox 265 1849 1845 1924">
    <p class='ocr_par' dir='ltr' id='par_1_18' title="bbox 265 1849 1845 1924">
     <span class='ocr_line' id='line_1_18' title="bbox 265 1849 1845 1924; baseline 0.002 -20"><span class='ocrx_word' id='word_1_99' title='bbox 265 1851 369 1904; x_wconf 88' lang='lat' dir='ltr'><strong>cha</strong></span> <span class='ocrx_word' id='word_1_100' title='bbox 402 1849 578 1904; x_wconf 86' lang='lat' dir='ltr'><strong>factus</strong></span> <span class='ocrx_word' id='word_1_101' title='bbox 605 1859 754 1906; x_wconf 90' lang='lat' dir='ltr'><strong>esset</strong></span> <span class='ocrx_word' id='word_1_102' title='bbox 783 1851 1114 1919; x_wconf 80' lang='lat' dir='ltr'><strong>Alexander,</strong></span> <span class='ocrx_word' id='word_1_103' title='bbox 1155 1853 1343 1924; x_wconf 90' lang='lat' dir='ltr'><strong>ibique</strong></span> <span class='ocrx_word' id='word_1_104' title='bbox 1373 1853 1678 1908; x_wconf 84' lang='lat' dir='ltr'><strong>obtinuerit</strong></span> <span class='ocrx_word' id='word_1_105' title='bbox 1711 1852 1845 1907; x_wconf 84' lang='lat' dir='ltr'><strong>ﬁdes</strong></span> 
     </span>
    </p>
   </div>
   <div class='ocr_carea' id='block_1_19' title="bbox 1949 648 3515 720">
    <p class='ocr_par' dir='ltr' id='par_1_19' title="bbox 1949 648 3515 720">
     <span class='ocr_line' id='line_1_19' title="bbox 1949 648 3515 720; baseline -0.01 -3"><span class='ocrx_word' id='word_1_106' title='bbox 1949 670 2028 717; x_wconf 89' lang='lat' dir='ltr'><strong>est</strong></span> <span class='ocrx_word' id='word_1_107' title='bbox 2057 659 2190 714; x_wconf 90' lang='lat' dir='ltr'><strong>illud</strong></span> <span class='ocrx_word' id='word_1_108' title='bbox 2223 659 2475 714; x_wconf 85' lang='lat' dir='ltr'><strong>Christus</strong></span> <span class='ocrx_word' id='word_1_109' title='bbox 2492 670 2656 711; x_wconf 89' lang='lat' dir='ltr'><strong>unus.</strong></span> <span class='ocrx_word' id='word_1_110' title='bbox 2684 652 2938 712; x_wconf 85' lang='lat' dir='ltr'><strong>Christus</strong></span> <span class='ocrx_word' id='word_1_111' title='bbox 2961 663 3094 720; x_wconf 82' lang='lat' dir='ltr'><strong>ergo</strong></span> <span class='ocrx_word' id='word_1_112' title='bbox 3117 648 3254 703; x_wconf 89' lang='lat' dir='ltr'><strong>duos</strong></span> <span class='ocrx_word' id='word_1_113' title='bbox 3285 661 3515 715; x_wconf 74' lang='lat' dir='ltr'><strong>compte</strong></span> 
     </span>
    </p>
   </div>
   <div class='ocr_carea' id='block_1_20' title="bbox 1961 746 3532 820">
    <p class='ocr_par' dir='ltr' id='par_1_20' title="bbox 1961 746 3532 820">
     <span class='ocr_line' id='line_1_20' title="bbox 1961 746 3532 820; baseline -0.009 -14"><span class='ocrx_word' id='word_1_114' title='bbox 1961 750 2155 806; x_wconf 89' lang='lat' dir='ltr'><strong>hendit</strong></span> <span class='ocrx_word' id='word_1_115' title='bbox 2184 749 2545 820; x_wconf 87' lang='lat' dir='ltr'><strong>signiﬁcatus,</strong></span> <span class='ocrx_word' id='word_1_116' title='bbox 2570 746 2812 802; x_wconf 77' lang='lat' dir='ltr'><strong>Verbum</strong></span> <span class='ocrx_word' id='word_1_117' title='bbox 2841 752 2897 798; x_wconf 86' lang='lat' dir='ltr'><strong>et</strong></span> <span class='ocrx_word' id='word_1_118' title='bbox 2929 756 3156 812; x_wconf 90' lang='lat' dir='ltr'><strong>corpus;</strong></span> <span class='ocrx_word' id='word_1_119' title='bbox 3191 755 3315 808; x_wconf 87' lang='lat' dir='ltr'><strong>quae</strong></span> <span class='ocrx_word' id='word_1_120' title='bbox 3352 747 3532 794; x_wconf 87' lang='lat' dir='ltr'><strong>tamen</strong></span> 
     </span>
    </p>
   </div>
   <div class='ocr_carea' id='block_1_21' title="bbox 1950 833 3531 914">
    <p class='ocr_par' dir='ltr' id='par_1_21' title="bbox 1950 833 3531 914">
     <span class='ocr_line' id='line_1_21' title="bbox 1950 833 3531 914; baseline -0.008 -16"><span class='ocrx_word' id='word_1_121' title='bbox 1950 853 2181 914; x_wconf 86' lang='lat' dir='ltr'><strong>utraque</strong></span> <span class='ocrx_word' id='word_1_122' title='bbox 2203 853 2388 898; x_wconf 89' lang='lat' dir='ltr'><strong>creata</strong></span> <span class='ocrx_word' id='word_1_123' title='bbox 2406 851 2555 896; x_wconf 86' lang='lat' dir='ltr'><strong>sunt.</strong></span> <span class='ocrx_word' id='word_1_124' title='bbox 2579 838 2720 893; x_wconf 92' lang='lat' dir='ltr'><strong>Tum</strong></span> <span class='ocrx_word' id='word_1_125' title='bbox 2741 836 3083 908; x_wconf 83' lang='lat' dir='ltr'><strong>respbndens</strong></span> <span class='ocrx_word' id='word_1_126' title='bbox 3107 833 3184 888; x_wconf 91' lang='lat' dir='ltr'><strong>illi</strong></span> <span class='ocrx_word' id='word_1_127' title='bbox 3200 833 3531 888; x_wconf 82' lang='lat' dir='ltr'><strong>Alexander:</strong></span> 
     </span>
    </p>
   </div>
   <div class='ocr_carea' id='block_1_22' title="bbox 1951 926 3536 1006">
    <p class='ocr_par' dir='ltr' id='par_1_22' title="bbox 1951 926 3536 1006">
     <span class='ocr_line' id='line_1_22' title="bbox 1951 926 3536 1006; baseline -0.005 -17"><span class='ocrx_word' id='word_1_128' title='bbox 1951 935 2048 990; x_wconf 93' lang='lat' dir='ltr'><strong>Dic</strong></span> <span class='ocrx_word' id='word_1_129' title='bbox 2099 936 2230 990; x_wconf 89' lang='lat' dir='ltr'><strong>mihi</strong></span> <span class='ocrx_word' id='word_1_130' title='bbox 2299 933 2520 1006; x_wconf 84' lang='lat' dir='ltr'><strong>(inquit)</strong></span> <span class='ocrx_word' id='word_1_131' title='bbox 2554 930 2715 1004; x_wconf 84' lang='lat' dir='ltr'><strong>quem</strong></span> <span class='ocrx_word' id='word_1_132' title='bbox 2747 940 2912 1003; x_wconf 89' lang='lat' dir='ltr'><strong>putas</strong></span> <span class='ocrx_word' id='word_1_133' title='bbox 2962 929 3135 986; x_wconf 88' lang='lat' dir='ltr'><strong>teneri</strong></span> <span class='ocrx_word' id='word_1_134' title='bbox 3192 943 3297 984; x_wconf 90' lang='lat' dir='ltr'><strong>nos</strong></span> <span class='ocrx_word' id='word_1_135' title='bbox 3349 926 3536 996; x_wconf 84' lang='lat' dir='ltr'><strong>potius</strong></span> 
     </span>
    </p>
   </div>
   <div class='ocr_carea' id='block_1_23' title="bbox 1951 1019 3529 1096">
    <p class='ocr_par' dir='ltr' id='par_1_23' title="bbox 1951 1019 3529 1096">
     <span class='ocr_line' id='line_1_23' title="bbox 1951 1019 3529 1096; baseline -0.006 -14"><span class='ocrx_word' id='word_1_136' title='bbox 1951 1028 2153 1092; x_wconf 91' lang='lat' dir='ltr'><strong>colere,</strong></span> <span class='ocrx_word' id='word_1_137' title='bbox 2181 1027 2409 1082; x_wconf 89' lang='lat' dir='ltr'><strong>illumne</strong></span> <span class='ocrx_word' id='word_1_138' title='bbox 2454 1025 2549 1096; x_wconf 90' lang='lat' dir='ltr'><strong>qui</strong></span> <span class='ocrx_word' id='word_1_139' title='bbox 2603 1039 2704 1080; x_wconf 89' lang='lat' dir='ltr'><strong>nos</strong></span> <span class='ocrx_word' id='word_1_140' title='bbox 2754 1021 2987 1086; x_wconf 89' lang='lat' dir='ltr'><strong>creavit,</strong></span> <span class='ocrx_word' id='word_1_141' title='bbox 3023 1037 3090 1074; x_wconf 93' lang='lat' dir='ltr'><strong>an</strong></span> <span class='ocrx_word' id='word_1_142' title='bbox 3147 1019 3375 1090; x_wconf 90' lang='lat' dir='ltr'><strong>quinos</strong></span> <span class='ocrx_word' id='word_1_143' title='bbox 3419 1033 3529 1073; x_wconf 92' lang='lat' dir='ltr'><strong>non</strong></span> 
     </span>
    </p>
   </div>
   <div class='ocr_carea' id='block_1_24' title="bbox 1958 1109 3538 1188">
    <p class='ocr_par' dir='ltr' id='par_1_24' title="bbox 1958 1109 3538 1188">
     <span class='ocr_line' id='line_1_24' title="bbox 1958 1109 3538 1188; baseline -0.006 -15"><span class='ocrx_word' id='word_1_144' title='bbox 1958 1118 2204 1185; x_wconf 77' lang='lat' dir='ltr'><strong>creavitl?</strong></span> <span class='ocrx_word' id='word_1_145' title='bbox 2235 1116 2620 1188; x_wconf 75' lang='lat' dir='ltr'><strong>Respmidente</strong></span> <span class='ocrx_word' id='word_1_146' title='bbox 2651 1115 2808 1178; x_wconf 83' lang='lat' dir='ltr'><strong>Ario,</strong></span> <span class='ocrx_word' id='word_1_147' title='bbox 2842 1114 2992 1168; x_wconf 89' lang='lat' dir='ltr'><strong>illum</strong></span> <span class='ocrx_word' id='word_1_148' title='bbox 3019 1111 3112 1182; x_wconf 88' lang='lat' dir='ltr'><strong>qui</strong></span> <span class='ocrx_word' id='word_1_149' title='bbox 3163 1127 3264 1166; x_wconf 88' lang='lat' dir='ltr'><strong>nos</strong></span> <span class='ocrx_word' id='word_1_150' title='bbox 3296 1109 3538 1174; x_wconf 85' lang='lat' dir='ltr'><strong>creavit;</strong></span> 
     </span>
    </p>
   </div>
   <div class='ocr_carea' id='block_1_25' title="bbox 1963 1201 3537 1275">
    <p class='ocr_par' dir='ltr' id='par_1_25' title="bbox 1963 1201 3537 1275">
     <span class='ocr_line' id='line_1_25' title="bbox 1963 1201 3537 1275; baseline -0.006 -10"><span class='ocrx_word' id='word_1_151' title='bbox 1963 1211 2101 1266; x_wconf 82' lang='lat' dir='ltr'><strong>dixit</strong></span> <span class='ocrx_word' id='word_1_152' title='bbox 2136 1210 2487 1265; x_wconf 77' lang='lat' dir='ltr'><strong>Alexander:</strong></span> <span class='ocrx_word' id='word_1_153' title='bbox 2531 1205 2590 1262; x_wconf 90' lang='lat' dir='ltr'><strong>Si</strong></span> <span class='ocrx_word' id='word_1_154' title='bbox 2621 1220 2753 1275; x_wconf 86' lang='lat' dir='ltr'><strong>ergo</strong></span> <span class='ocrx_word' id='word_1_155' title='bbox 2802 1204 3012 1260; x_wconf 89' lang='lat' dir='ltr'><strong>creavit</strong></span> <span class='ocrx_word' id='word_1_156' title='bbox 3067 1219 3174 1259; x_wconf 93' lang='lat' dir='ltr'><strong>nos</strong></span> <span class='ocrx_word' id='word_1_157' title='bbox 3221 1201 3420 1267; x_wconf 86' lang='lat' dir='ltr'><strong>Filius,</strong></span> <span class='ocrx_word' id='word_1_158' title='bbox 3457 1204 3537 1257; x_wconf 90' lang='lat' dir='ltr'><strong>uti</strong></span> 
     </span>
    </p>
   </div>
   <div class='ocr_carea' id='block_1_26' title="bbox 1951 1295 3536 1372">
    <p class='ocr_par' dir='ltr' id='par_1_26' title="bbox 1951 1295 3536 1372">
     <span class='ocr_line' id='line_1_26' title="bbox 1951 1295 3536 1372; baseline -0.006 -14"><span class='ocrx_word' id='word_1_159' title='bbox 1951 1303 2163 1367; x_wconf 84' lang='lat' dir='ltr'><strong>dixisti,</strong></span> <span class='ocrx_word' id='word_1_160' title='bbox 2234 1303 2419 1372; x_wconf 86' lang='lat' dir='ltr'><strong>sitque</strong></span> <span class='ocrx_word' id='word_1_161' title='bbox 2489 1302 2635 1355; x_wconf 91' lang='lat' dir='ltr'><strong>idem</strong></span> <span class='ocrx_word' id='word_1_162' title='bbox 2699 1307 2947 1366; x_wconf 83' lang='lat' dir='ltr'><strong>ereatus,</strong></span> <span class='ocrx_word' id='word_1_163' title='bbox 3007 1305 3122 1353; x_wconf 91' lang='lat' dir='ltr'><strong>tum</strong></span> <span class='ocrx_word' id='word_1_164' title='bbox 3182 1295 3381 1350; x_wconf 89' lang='lat' dir='ltr'><strong>Filium</strong></span> <span class='ocrx_word' id='word_1_165' title='bbox 3442 1297 3536 1364; x_wconf 87' lang='lat' dir='ltr'><strong>qui</strong></span> 
     </span>
    </p>
   </div>
   <div class='ocr_carea' id='block_1_27' title="bbox 1952 1387 3534 1466">
    <p class='ocr_par' dir='ltr' id='par_1_27' title="bbox 1952 1387 3534 1466">
     <span class='ocr_line' id='line_1_27' title="bbox 1952 1387 3534 1466; baseline -0.004 -15"><span class='ocrx_word' id='word_1_166' title='bbox 1952 1405 2176 1451; x_wconf 89' lang='lat' dir='ltr'><strong>creatus</strong></span> <span class='ocrx_word' id='word_1_167' title='bbox 2208 1404 2316 1460; x_wconf 89' lang='lat' dir='ltr'><strong>est,</strong></span> <span class='ocrx_word' id='word_1_168' title='bbox 2351 1393 2530 1466; x_wconf 88' lang='lat' dir='ltr'><strong>magis</strong></span> <span class='ocrx_word' id='word_1_169' title='bbox 2559 1392 2743 1449; x_wconf 90' lang='lat' dir='ltr'><strong>colere</strong></span> <span class='ocrx_word' id='word_1_170' title='bbox 2773 1400 3044 1456; x_wconf 90' lang='lat' dir='ltr'><strong>tenemur,</strong></span> <span class='ocrx_word' id='word_1_171' title='bbox 3095 1405 3260 1460; x_wconf 89' lang='lat' dir='ltr'><strong>quam</strong></span> <span class='ocrx_word' id='word_1_172' title='bbox 3316 1387 3534 1445; x_wconf 87' lang='lat' dir='ltr'><strong>Patrem</strong></span> 
     </span>
    </p>
   </div>
   <div class='ocr_carea' id='block_1_28' title="bbox 1952 1481 3535 1555">
    <p class='ocr_par' dir='ltr' id='par_1_28' title="bbox 1952 1481 3535 1555">
     <span class='ocr_line' id='line_1_28' title="bbox 1952 1481 3535 1555; baseline -0.004 -11"><span class='ocrx_word' id='word_1_173' title='bbox 1952 1491 2301 1555; x_wconf 90' lang='lat' dir='ltr'><strong>increatum;</strong></span> <span class='ocrx_word' id='word_1_174' title='bbox 2334 1489 2444 1541; x_wconf 91' lang='lat' dir='ltr'><strong>imo</strong></span> <span class='ocrx_word' id='word_1_175' title='bbox 2479 1485 2701 1542; x_wconf 78' lang='lat' dir='ltr'><strong>futurus</strong></span> <span class='ocrx_word' id='word_1_176' title='bbox 2727 1491 2812 1540; x_wconf 89' lang='lat' dir='ltr'><strong>est</strong></span> <span class='ocrx_word' id='word_1_177' title='bbox 2839 1484 3023 1540; x_wconf 90' lang='lat' dir='ltr'><strong>cultus</strong></span> <span class='ocrx_word' id='word_1_178' title='bbox 3049 1481 3228 1538; x_wconf 83' lang='lat' dir='ltr'><strong>Patris</strong></span> <span class='ocrx_word' id='word_1_179' title='bbox 3264 1482 3535 1537; x_wconf 88' lang='lat' dir='ltr'><strong>creatoris</strong></span> 
     </span>
    </p>
   </div>
   <div class='ocr_carea' id='block_1_29' title="bbox 1952 1574 3536 1646">
    <p class='ocr_par' dir='ltr' id='par_1_29' title="bbox 1952 1574 3536 1646">
     <span class='ocr_line' id='line_1_29' title="bbox 1952 1574 3536 1646; baseline -0.004 -11"><span class='ocrx_word' id='word_1_180' title='bbox 1952 1580 2264 1646; x_wconf 86' lang='lat' dir='ltr'><strong>inﬁdelitas,</strong></span> <span class='ocrx_word' id='word_1_181' title='bbox 2292 1578 2474 1634; x_wconf 89' lang='lat' dir='ltr'><strong>cultus</strong></span> <span class='ocrx_word' id='word_1_182' title='bbox 2511 1593 2638 1633; x_wconf 91' lang='lat' dir='ltr'><strong>vero</strong></span> <span class='ocrx_word' id='word_1_183' title='bbox 2664 1575 2786 1632; x_wconf 91' lang='lat' dir='ltr'><strong>Filii</strong></span> <span class='ocrx_word' id='word_1_184' title='bbox 2819 1575 2986 1631; x_wconf 88' lang='lat' dir='ltr'><strong>creati</strong></span> <span class='ocrx_word' id='word_1_185' title='bbox 3045 1575 3214 1640; x_wconf 89' lang='lat' dir='ltr'><strong>ﬁdes;</strong></span> <span class='ocrx_word' id='word_1_186' title='bbox 3249 1574 3399 1646; x_wconf 90' lang='lat' dir='ltr'><strong>quod</strong></span> <span class='ocrx_word' id='word_1_187' title='bbox 3445 1575 3536 1630; x_wconf 85' lang='lat' dir='ltr'><strong>ab-</strong></span> 
     </span>
    </p>
   </div>
   <div class='ocr_carea' id='block_1_30' title="bbox 1950 1664 3533 1736">
    <p class='ocr_par' dir='ltr' id='par_1_30' title="bbox 1950 1664 3533 1736">
     <span class='ocr_line' id='line_1_30' title="bbox 1950 1664 3533 1736; baseline 0 -14"><span class='ocrx_word' id='word_1_188' title='bbox 1950 1669 2243 1723; x_wconf 80' lang='lat' dir='ltr'><strong>surdorum</strong></span> <span class='ocrx_word' id='word_1_189' title='bbox 2278 1666 2747 1722; x_wconf 87' lang='lat' dir='ltr'><strong>absurdissimum</strong></span> <span class='ocrx_word' id='word_1_190' title='bbox 2783 1675 2888 1721; x_wconf 93' lang='lat' dir='ltr'><strong>est.</strong></span> <span class='ocrx_word' id='word_1_191' title='bbox 2937 1664 3154 1720; x_wconf 87' lang='lat' dir='ltr'><strong>Placuit</strong></span> <span class='ocrx_word' id='word_1_192' title='bbox 3194 1680 3326 1735; x_wconf 89' lang='lat' dir='ltr'><strong>ergo</strong></span> <span class='ocrx_word' id='word_1_193' title='bbox 3357 1667 3533 1736; x_wconf 84' lang='lat' dir='ltr'><strong>impe-</strong></span> 
     </span>
    </p>
   </div>
   <div class='ocr_carea' id='block_1_31' title="bbox 1950 1758 3529 1829">
    <p class='ocr_par' dir='ltr' id='par_1_31' title="bbox 1950 1758 3529 1829">
     <span class='ocr_line' id='line_1_31' title="bbox 1950 1758 3529 1829; baseline 0.001 -17"><span class='ocrx_word' id='word_1_194' title='bbox 1950 1759 2143 1824; x_wconf 89' lang='lat' dir='ltr'><strong>ratori,</strong></span> <span class='ocrx_word' id='word_1_195' title='bbox 2175 1770 2230 1814; x_wconf 91' lang='lat' dir='ltr'><strong>et</strong></span> <span class='ocrx_word' id='word_1_196' title='bbox 2258 1762 2353 1829; x_wconf 92' lang='lat' dir='ltr'><strong>qui</strong></span> <span class='ocrx_word' id='word_1_197' title='bbox 2382 1758 2611 1813; x_wconf 89' lang='lat' dir='ltr'><strong>aderant</strong></span> <span class='ocrx_word' id='word_1_198' title='bbox 2641 1758 2880 1822; x_wconf 67' lang='lat' dir='ltr'><strong>caneris,</strong></span> <span class='ocrx_word' id='word_1_199' title='bbox 2904 1758 3198 1814; x_wconf 78' lang='lat' dir='ltr'><strong>Alexandri</strong></span> <span class='ocrx_word' id='word_1_200' title='bbox 3231 1761 3529 1826; x_wconf 81' lang='lat' dir='ltr'><strong>sententia,</strong></span> 
     </span>
    </p>
   </div>
   <div class='ocr_carea' id='block_1_32' title="bbox 1950 1849 3532 1922">
    <p class='ocr_par' dir='ltr' id='par_1_32' title="bbox 1950 1849 3532 1922">
     <span class='ocr_line' id='line_1_32' title="bbox 1950 1849 3532 1922; baseline 0.001 -18"><span class='ocrx_word' id='word_1_201' title='bbox 1950 1852 2068 1906; x_wconf 86' lang='lat' dir='ltr'><strong>Arii</strong></span> <span class='ocrx_word' id='word_1_202' title='bbox 2103 1861 2283 1907; x_wconf 89' lang='lat' dir='ltr'><strong>autem</strong></span> <span class='ocrx_word' id='word_1_203' title='bbox 2312 1849 2557 1905; x_wconf 89' lang='lat' dir='ltr'><strong>absurda</strong></span> <span class='ocrx_word' id='word_1_204' title='bbox 2600 1851 2716 1904; x_wconf 85' lang='lat' dir='ltr'><strong>visa</strong></span> <span class='ocrx_word' id='word_1_205' title='bbox 2740 1859 2845 1906; x_wconf 90' lang='lat' dir='ltr'><strong>est.</strong></span> <span class='ocrx_word' id='word_1_206' title='bbox 2878 1850 3014 1905; x_wconf 63' lang='lat' dir='ltr'><strong>Aliae</strong></span> <span class='ocrx_word' id='word_1_207' title='bbox 3063 1851 3229 1906; x_wconf 88' lang='lat' dir='ltr'><strong>etiam</strong></span> <span class='ocrx_word' id='word_1_208' title='bbox 3268 1855 3532 1922; x_wconf 65' lang='lat' dir='ltr'><strong>quaestio-</strong></span> 
     </span>
    </p>
   </div>
   <div class='ocr_carea' id='block_1_33' title="bbox 265 1939 3530 2015">
    <p class='ocr_par' dir='ltr' id='par_1_33' title="bbox 265 1939 3530 2015">
     <span class='ocr_line' id='line_1_33' title="bbox 265 1939 3530 2015; baseline 0.001 -19"><span class='ocrx_word' id='word_1_209' title='bbox 265 1941 590 2006; x_wconf 87' lang='lat' dir='ltr'><strong>christiana,</strong></span> <span class='ocrx_word' id='word_1_210' title='bbox 633 1943 806 1998; x_wconf 87' lang='lat' dir='ltr'><strong>voluit</strong></span> <span class='ocrx_word' id='word_1_211' title='bbox 845 1944 936 1998; x_wconf 90' lang='lat' dir='ltr'><strong>ille</strong></span> <span class='ocrx_word' id='word_1_212' title='bbox 965 1943 1238 2015; x_wconf 79' lang='lat' dir='ltr'><strong>confringi</strong></span> <span class='ocrx_word' id='word_1_213' title='bbox 1289 1945 1494 1999; x_wconf 91' lang='lat' dir='ltr'><strong>idolum</strong></span> <span class='ocrx_word' id='word_1_214' title='bbox 1522 1956 1574 1999; x_wconf 93' lang='lat' dir='ltr'><strong>et</strong></span> <span class='ocrx_word' id='word_1_215' title='bbox 1599 1944 1712 1999; x_wconf 91' lang='lat' dir='ltr'><strong>tolli</strong></span> <span class='ocrx_word' id='word_1_216' title='bbox 1765 1957 1849 1998; x_wconf 82' lang='lat' dir='ltr'><strong>sa-</strong></span> <span class='ocrx_word' id='word_1_217' title='bbox 1885 1940 1926 1996; x_wconf 86' lang='grc' dir='ltr'><strong>Β</strong></span> <span class='ocrx_word' id='word_1_218' title='bbox 1955 1956 2052 1995; x_wconf 89' lang='lat' dir='ltr'><strong>nes</strong></span> <span class='ocrx_word' id='word_1_219' title='bbox 2084 1941 2267 1995; x_wconf 89' lang='lat' dir='ltr'><strong>multae</strong></span> <span class='ocrx_word' id='word_1_220' title='bbox 2291 1942 2438 1996; x_wconf 90' lang='lat' dir='ltr'><strong>inter</strong></span> <span class='ocrx_word' id='word_1_221' title='bbox 2471 1957 2564 1995; x_wconf 90' lang='lat' dir='ltr'><strong>eos</strong></span> <span class='ocrx_word' id='word_1_222' title='bbox 2593 1941 2811 2013; x_wconf 68' lang='lat' dir='ltr'><strong>agitata:</strong></span> <span class='ocrx_word' id='word_1_223' title='bbox 2837 1948 2987 1996; x_wconf 91' lang='lat' dir='ltr'><strong>sunt.</strong></span> <span class='ocrx_word' id='word_1_224' title='bbox 3021 1939 3192 1998; x_wconf 81' lang='lat' dir='ltr'><strong>Jussit</strong></span> <span class='ocrx_word' id='word_1_225' title='bbox 3219 1957 3353 2013; x_wconf 89' lang='lat' dir='ltr'><strong>ergo</strong></span> <span class='ocrx_word' id='word_1_226' title='bbox 3382 1943 3530 1999; x_wconf 91' lang='lat' dir='ltr'><strong>Con-</strong></span> 
     </span>
    </p>
   </div>
   <div class='ocr_carea' id='block_1_34' title="bbox 263 2031 1850 2106">
    <p class='ocr_par' dir='ltr' id='par_1_34' title="bbox 263 2031 1850 2106">
     <span class='ocr_line' id='line_1_34' title="bbox 263 2031 1850 2106; baseline 0.001 -19"><span class='ocrx_word' id='word_1_227' title='bbox 263 2031 497 2098; x_wconf 90' lang='lat' dir='ltr'><strong>criﬁcia,</strong></span> <span class='ocrx_word' id='word_1_228' title='bbox 532 2048 773 2104; x_wconf 90' lang='lat' dir='ltr'><strong>cumque</strong></span> <span class='ocrx_word' id='word_1_229' title='bbox 802 2034 1142 2090; x_wconf 88' lang='lat' dir='ltr'><strong>obsisterent</strong></span> <span class='ocrx_word' id='word_1_230' title='bbox 1184 2037 1291 2106; x_wconf 89' lang='lat' dir='ltr'><strong>ipsi</strong></span> <span class='ocrx_word' id='word_1_231' title='bbox 1341 2034 1722 2100; x_wconf 82' lang='lat' dir='ltr'><strong>Alexandrini,</strong></span> <span class='ocrx_word' id='word_1_232' title='bbox 1759 2035 1850 2089; x_wconf 91' lang='lat' dir='ltr'><strong>ille</strong></span> 
     </span>
    </p>
   </div>
   <div class='ocr_carea' id='block_1_35' title="bbox 266 2124 1848 2199">
    <p class='ocr_par' dir='ltr' id='par_1_35' title="bbox 266 2124 1848 2199">
     <span class='ocr_line' id='line_1_35' title="bbox 266 2124 1848 2199; baseline 0.003 -25"><span class='ocrx_word' id='word_1_233' title='bbox 266 2124 469 2179; x_wconf 86' lang='lat' dir='ltr'><strong>astutia</strong></span> <span class='ocrx_word' id='word_1_234' title='bbox 499 2125 649 2194; x_wconf 91' lang='lat' dir='ltr'><strong>ipsos</strong></span> <span class='ocrx_word' id='word_1_235' title='bbox 674 2139 970 2195; x_wconf 83' lang='lat' dir='ltr'><strong>aggressus</strong></span> <span class='ocrx_word' id='word_1_236' title='bbox 996 2143 1010 2180; x_wconf 90' lang='lat'><strong>:</strong></span> <span class='ocrx_word' id='word_1_237' title='bbox 1057 2125 1263 2181; x_wconf 92' lang='lat' dir='ltr'><strong>ldolum</strong></span> <span class='ocrx_word' id='word_1_238' title='bbox 1294 2126 1516 2199; x_wconf 88' lang='lat' dir='ltr'><strong>(inquit)</strong></span> <span class='ocrx_word' id='word_1_239' title='bbox 1552 2127 1696 2182; x_wconf 89' lang='lat' dir='ltr'><strong>istud</strong></span> <span class='ocrx_word' id='word_1_240' title='bbox 1715 2128 1848 2180; x_wconf 91' lang='lat' dir='ltr'><strong>nulli</strong></span> 
     </span>
    </p>
   </div>
   <div class='ocr_carea' id='block_1_36' title="bbox 267 2216 1849 2288">
    <p class='ocr_par' dir='ltr' id='par_1_36' title="bbox 267 2216 1849 2288">
     <span class='ocr_line' id='line_1_36' title="bbox 267 2216 1849 2288; baseline 0.003 -22"><span class='ocrx_word' id='word_1_241' title='bbox 267 2216 491 2269; x_wconf 86' lang='lat' dir='ltr'><strong>omnino</strong></span> <span class='ocrx_word' id='word_1_242' title='bbox 523 2218 598 2270; x_wconf 89' lang='lat' dir='ltr'><strong>rei</strong></span> <span class='ocrx_word' id='word_1_243' title='bbox 634 2217 764 2272; x_wconf 88' lang='lat' dir='ltr'><strong>utile</strong></span> <span class='ocrx_word' id='word_1_244' title='bbox 789 2226 907 2285; x_wconf 88' lang='lat' dir='ltr'><strong>est;</strong></span> <span class='ocrx_word' id='word_1_245' title='bbox 933 2217 1080 2288; x_wconf 89' lang='lat' dir='ltr'><strong>quod</strong></span> <span class='ocrx_word' id='word_1_246' title='bbox 1128 2221 1174 2273; x_wconf 87' lang='lat' dir='ltr'><strong>si</strong></span> <span class='ocrx_word' id='word_1_247' title='bbox 1205 2219 1403 2274; x_wconf 89' lang='lat' dir='ltr'><strong>festum</strong></span> <span class='ocrx_word' id='word_1_248' title='bbox 1435 2219 1572 2273; x_wconf 91' lang='lat' dir='ltr'><strong>illud</strong></span> <span class='ocrx_word' id='word_1_249' title='bbox 1593 2218 1849 2272; x_wconf 87' lang='lat' dir='ltr'><strong>Michaeli</strong></span> 
     </span>
    </p>
   </div>
   <div class='ocr_carea' id='block_1_37' title="bbox 267 2305 1851 2377">
    <p class='ocr_par' dir='ltr' id='par_1_37' title="bbox 267 2305 1851 2377">
     <span class='ocr_line' id='line_1_37' title="bbox 267 2305 1851 2377; baseline 0.002 -20"><span class='ocrx_word' id='word_1_250' title='bbox 267 2306 468 2372; x_wconf 87' lang='lat' dir='ltr'><strong>angelo</strong></span> <span class='ocrx_word' id='word_1_251' title='bbox 507 2305 945 2370; x_wconf 85' lang='lat' dir='ltr'><strong>celebraveritis,</strong></span> <span class='ocrx_word' id='word_1_252' title='bbox 998 2312 1160 2377; x_wconf 85' lang='lat' dir='ltr'><strong>eique</strong></span> <span class='ocrx_word' id='word_1_253' title='bbox 1210 2308 1419 2363; x_wconf 90' lang='lat' dir='ltr'><strong>hostias</strong></span> <span class='ocrx_word' id='word_1_254' title='bbox 1472 2309 1608 2363; x_wconf 88' lang='lat' dir='ltr'><strong>istas</strong></span> <span class='ocrx_word' id='word_1_255' title='bbox 1645 2309 1851 2363; x_wconf 82' lang='lat' dir='ltr'><strong>consti-</strong></span> 
     </span>
    </p>
   </div>
   <div class='ocr_carea' id='block_1_38' title="bbox 267 2393 1852 2466">
    <p class='ocr_par' dir='ltr' id='par_1_38' title="bbox 267 2393 1852 2466">
     <span class='ocr_line' id='line_1_38' title="bbox 267 2393 1852 2466; baseline 0.004 -21"><span class='ocrx_word' id='word_1_256' title='bbox 267 2393 510 2455; x_wconf 89' lang='lat' dir='ltr'><strong>tueritis,</strong></span> <span class='ocrx_word' id='word_1_257' title='bbox 547 2394 662 2462; x_wconf 91' lang='lat' dir='ltr'><strong>ipse</strong></span> <span class='ocrx_word' id='word_1_258' title='bbox 694 2409 792 2464; x_wconf 91' lang='lat' dir='ltr'><strong>pro</strong></span> <span class='ocrx_word' id='word_1_259' title='bbox 820 2395 974 2450; x_wconf 89' lang='lat' dir='ltr'><strong>vobis</strong></span> <span class='ocrx_word' id='word_1_260' title='bbox 1001 2399 1145 2466; x_wconf 91' lang='lat' dir='ltr'><strong>apud</strong></span> <span class='ocrx_word' id='word_1_261' title='bbox 1184 2395 1356 2450; x_wconf 89' lang='lat' dir='ltr'><strong>Deum</strong></span> <span class='ocrx_word' id='word_1_262' title='bbox 1407 2398 1711 2453; x_wconf 87' lang='lat' dir='ltr'><strong>intercedet</strong></span> <span class='ocrx_word' id='word_1_263' title='bbox 1734 2413 1852 2451; x_wconf 83' lang='lat' dir='ltr'><strong>ma-</strong></span> 
     </span>
    </p>
   </div>
   <div class='ocr_carea' id='block_1_39' title="bbox 265 2487 1849 2560">
    <p class='ocr_par' dir='ltr' id='par_1_39' title="bbox 265 2487 1849 2560">
     <span class='ocr_line' id='line_1_39' title="bbox 265 2487 1849 2560; baseline 0.003 -21"><span class='ocrx_word' id='word_1_264' title='bbox 265 2487 519 2556; x_wconf 86' lang='lat' dir='ltr'><strong>jorisque</strong></span> <span class='ocrx_word' id='word_1_265' title='bbox 586 2487 738 2542; x_wconf 85' lang='lat' dir='ltr'><strong>vobis</strong></span> <span class='ocrx_word' id='word_1_266' title='bbox 799 2489 925 2542; x_wconf 90' lang='lat' dir='ltr'><strong>boni</strong></span> <span class='ocrx_word' id='word_1_267' title='bbox 985 2504 1175 2553; x_wconf 88' lang='lat' dir='ltr'><strong>causa,</strong></span> <span class='ocrx_word' id='word_1_268' title='bbox 1225 2506 1388 2560; x_wconf 90' lang='lat' dir='ltr'><strong>quam</strong></span> <span class='ocrx_word' id='word_1_269' title='bbox 1446 2491 1654 2559; x_wconf 85' lang='lat' dir='ltr'><strong>idolum</strong></span> <span class='ocrx_word' id='word_1_270' title='bbox 1704 2491 1849 2546; x_wconf 89' lang='lat' dir='ltr'><strong>istud</strong></span> 
     </span>
    </p>
   </div>
   <div class='ocr_carea' id='block_1_40' title="bbox 270 2580 1846 2651">
    <p class='ocr_par' dir='ltr' id='par_1_40' title="bbox 270 2580 1846 2651">
     <span class='ocr_line' id='line_1_40' title="bbox 270 2580 1846 2651; baseline 0.003 -18"><span class='ocrx_word' id='word_1_271' title='bbox 270 2582 489 2635; x_wconf 81' lang='lat' dir='ltr'><strong>futurus</strong></span> <span class='ocrx_word' id='word_1_272' title='bbox 522 2589 630 2634; x_wconf 90' lang='lat' dir='ltr'><strong>est.</strong></span> <span class='ocrx_word' id='word_1_273' title='bbox 661 2580 1052 2634; x_wconf 87' lang='lat' dir='ltr'><strong>Annuentibus</strong></span> <span class='ocrx_word' id='word_1_274' title='bbox 1084 2597 1215 2651; x_wconf 89' lang='lat' dir='ltr'><strong>ergo</strong></span> <span class='ocrx_word' id='word_1_275' title='bbox 1244 2582 1372 2647; x_wconf 88' lang='lat' dir='ltr'><strong>illis,</strong></span> <span class='ocrx_word' id='word_1_276' title='bbox 1415 2597 1481 2637; x_wconf 89' lang='lat' dir='ltr'><strong>ex</strong></span> <span class='ocrx_word' id='word_1_277' title='bbox 1529 2583 1674 2637; x_wconf 89' lang='lat' dir='ltr'><strong>idolo</strong></span> <span class='ocrx_word' id='word_1_278' title='bbox 1713 2598 1846 2638; x_wconf 83' lang='lat' dir='ltr'><strong>eon-</strong></span> 
     </span>
    </p>
   </div>
   <div class='ocr_carea' id='block_1_41' title="bbox 266 2671 1850 2746">
    <p class='ocr_par' dir='ltr' id='par_1_41' title="bbox 266 2671 1850 2746">
     <span class='ocr_line' id='line_1_41' title="bbox 266 2671 1850 2746; baseline 0.003 -20"><span class='ocrx_word' id='word_1_279' title='bbox 266 2671 449 2726; x_wconf 85' lang='lat' dir='ltr'><strong>fracto</strong></span> <span class='ocrx_word' id='word_1_280' title='bbox 476 2687 698 2728; x_wconf 87' lang='lat' dir='ltr'><strong>crucem</strong></span> <span class='ocrx_word' id='word_1_281' title='bbox 730 2673 1010 2741; x_wconf 81' lang='lat' dir='ltr'><strong>confecit;</strong></span> <span class='ocrx_word' id='word_1_282' title='bbox 1049 2675 1311 2746; x_wconf 84' lang='lat' dir='ltr'><strong>templum</strong></span> <span class='ocrx_word' id='word_1_283' title='bbox 1365 2691 1519 2740; x_wconf 85' lang='lat' dir='ltr'><strong>vero,</strong></span> <span class='ocrx_word' id='word_1_284' title='bbox 1569 2675 1850 2730; x_wconf 84' lang='lat' dir='ltr'><strong>Michaelis</strong></span> 
     </span>
    </p>
   </div>
   <div class='ocr_carea' id='block_1_42' title="bbox 264 2764 1851 2837">
    <p class='ocr_par' dir='ltr' id='par_1_42' title="bbox 264 2764 1851 2837">
     <span class='ocr_line' id='line_1_42' title="bbox 264 2764 1851 2837; baseline 0.002 -18"><span class='ocrx_word' id='word_1_285' title='bbox 264 2764 556 2819; x_wconf 88' lang='lat' dir='ltr'><strong>ecclesiam</strong></span> <span class='ocrx_word' id='word_1_286' title='bbox 588 2765 886 2835; x_wconf 84' lang='lat' dir='ltr'><strong>appellavit</strong></span> <span class='ocrx_word' id='word_1_287' title='bbox 917 2765 1133 2836; x_wconf 78' lang='lat' dir='ltr'><strong>(estque</strong></span> <span class='ocrx_word' id='word_1_288' title='bbox 1167 2767 1260 2821; x_wconf 90' lang='lat' dir='ltr'><strong>illa</strong></span> <span class='ocrx_word' id='word_1_289' title='bbox 1299 2768 1530 2823; x_wconf 76' lang='lat' dir='ltr'><strong>ecclesia</strong></span> <span class='ocrx_word' id='word_1_290' title='bbox 1572 2785 1693 2837; x_wconf 79' lang='lat' dir='ltr'><strong>qua:</strong></span> <span class='ocrx_word' id='word_1_291' title='bbox 1734 2769 1851 2822; x_wconf 65' lang='lat' dir='ltr'><strong>Cte-</strong></span> 
     </span>
    </p>
   </div>
   <div class='ocr_carea' id='block_1_43' title="bbox 266 2858 1848 2927">
    <p class='ocr_par' dir='ltr' id='par_1_43' title="bbox 266 2858 1848 2927">
     <span class='ocr_line' id='line_1_43' title="bbox 266 2858 1848 2927; baseline 0.006 -22"><span class='ocrx_word' id='word_1_292' title='bbox 266 2869 424 2906; x_wconf 87' lang='lat' dir='ltr'><strong>sarea</strong></span> <span class='ocrx_word' id='word_1_293' title='bbox 465 2865 656 2908; x_wconf 78' lang='lat' dir='ltr'><strong>vocata</strong></span> <span class='ocrx_word' id='word_1_294' title='bbox 685 2864 800 2922; x_wconf 85' lang='lat' dir='ltr'><strong>est;</strong></span> <span class='ocrx_word' id='word_1_295' title='bbox 839 2865 891 2911; x_wconf 88' lang='lat' dir='ltr'><strong>et</strong></span> <span class='ocrx_word' id='word_1_296' title='bbox 923 2858 1050 2927; x_wconf 89' lang='lat' dir='ltr'><strong>igne</strong></span> <span class='ocrx_word' id='word_1_297' title='bbox 1097 2858 1259 2927; x_wconf 90' lang='lat' dir='ltr'><strong>periit</strong></span> <span class='ocrx_word' id='word_1_298' title='bbox 1300 2873 1422 2912; x_wconf 90' lang='lat' dir='ltr'><strong>cum</strong></span> <span class='ocrx_word' id='word_1_299' title='bbox 1468 2858 1848 2914; x_wconf 78' lang='lat' dir='ltr'><strong>Occidentales</strong></span> 
     </span>
    </p>
   </div>
   <div class='ocr_carea' id='block_1_44' title="bbox 266 2933 1848 3022">
    <p class='ocr_par' dir='ltr' id='par_1_44' title="bbox 266 2933 1848 3022">
     <span class='ocr_line' id='line_1_44' title="bbox 266 2933 1848 3022; baseline 0.004 -24"><span class='ocrx_word' id='word_1_300' title='bbox 266 2948 652 3000; x_wconf 81' lang='lat' dir='ltr'><strong>Alexandriam</strong></span> <span class='ocrx_word' id='word_1_301' title='bbox 710 2947 942 3017; x_wconf 85' lang='lat' dir='ltr'><strong>ingressi</strong></span> <span class='ocrx_word' id='word_1_302' title='bbox 995 2965 1114 3004; x_wconf 91' lang='lat' dir='ltr'><strong>eam</strong></span> <span class='ocrx_word' id='word_1_303' title='bbox 1149 2953 1491 3022; x_wconf 69' lang='lat' dir='ltr'><strong>vastarunt&quot;);</strong></span> <span class='ocrx_word' id='word_1_304' title='bbox 1557 2933 1848 3006; x_wconf 84' lang='lat' dir='ltr'><strong>consecra-</strong></span> 
     </span>
    </p>
   </div>
   <div class='ocr_carea' id='block_1_45' title="bbox 268 3039 1847 3112">
    <p class='ocr_par' dir='ltr' id='par_1_45' title="bbox 268 3039 1847 3112">
     <span class='ocr_line' id='line_1_45' title="bbox 268 3039 1847 3112; baseline 0.004 -22"><span class='ocrx_word' id='word_1_305' title='bbox 268 3051 433 3108; x_wconf 89' lang='lat' dir='ltr'><strong>taque</strong></span> <span class='ocrx_word' id='word_1_306' title='bbox 466 3048 593 3092; x_wconf 87' lang='lat' dir='ltr'><strong>sunt</strong></span> <span class='ocrx_word' id='word_1_307' title='bbox 642 3039 842 3094; x_wconf 88' lang='lat' dir='ltr'><strong>festum</strong></span> <span class='ocrx_word' id='word_1_308' title='bbox 905 3051 958 3094; x_wconf 89' lang='lat' dir='ltr'><strong>et</strong></span> <span class='ocrx_word' id='word_1_309' title='bbox 1011 3042 1250 3096; x_wconf 63' lang='lat' dir='ltr'><strong>victimae</strong></span> <span class='ocrx_word' id='word_1_310' title='bbox 1311 3042 1558 3098; x_wconf 84' lang='lat' dir='ltr'><strong>Michacli</strong></span> <span class='ocrx_word' id='word_1_311' title='bbox 1619 3045 1847 3112; x_wconf 85' lang='lat' dir='ltr'><strong>angelo;</strong></span> 
     </span>
    </p>
   </div>
   <div class='ocr_carea' id='block_1_46' title="bbox 270 3131 1847 3204">
    <p class='ocr_par' dir='ltr' id='par_1_46' title="bbox 270 3131 1847 3204">
     <span class='ocr_line' id='line_1_46' title="bbox 270 3131 1847 3204; baseline 0.003 -20"><span class='ocrx_word' id='word_1_312' title='bbox 270 3131 417 3184; x_wconf 89' lang='lat' dir='ltr'><strong>unde</strong></span> <span class='ocrx_word' id='word_1_313' title='bbox 444 3139 499 3186; x_wconf 90' lang='lat' dir='ltr'><strong>et</strong></span> <span class='ocrx_word' id='word_1_314' title='bbox 528 3132 712 3187; x_wconf 88' lang='lat' dir='ltr'><strong>adhuc</strong></span> <span class='ocrx_word' id='word_1_315' title='bbox 746 3131 1020 3202; x_wconf 86' lang='lat' dir='ltr'><strong>Cophtitae</strong></span> <span class='ocrx_word' id='word_1_316' title='bbox 1069 3133 1124 3186; x_wconf 91' lang='lat' dir='ltr'><strong>in</strong></span> <span class='ocrx_word' id='word_1_317' title='bbox 1155 3134 1391 3204; x_wconf 65' lang='lat' dir='ltr'><strong>Egypto</strong></span> <span class='ocrx_word' id='word_1_318' title='bbox 1418 3144 1474 3190; x_wconf 92' lang='lat' dir='ltr'><strong>et</strong></span> <span class='ocrx_word' id='word_1_319' title='bbox 1519 3136 1847 3190; x_wconf 77' lang='lat' dir='ltr'><strong>Alexandria</strong></span> 
     </span>
    </p>
   </div>
   <div class='ocr_carea' id='block_1_47' title="bbox 269 3223 1846 3296">
    <p class='ocr_par' dir='ltr' id='par_1_47' title="bbox 269 3223 1846 3296">
     <span class='ocr_line' id='line_1_47' title="bbox 269 3223 1846 3296; baseline 0.003 -20"><span class='ocrx_word' id='word_1_320' title='bbox 269 3239 334 3278; x_wconf 86' lang='lat' dir='ltr'><strong>eo</strong></span> <span class='ocrx_word' id='word_1_321' title='bbox 358 3225 446 3278; x_wconf 88' lang='lat' dir='ltr'><strong>die</strong></span> <span class='ocrx_word' id='word_1_322' title='bbox 477 3224 674 3279; x_wconf 87' lang='lat' dir='ltr'><strong>festum</strong></span> <span class='ocrx_word' id='word_1_323' title='bbox 702 3223 948 3280; x_wconf 83' lang='lat' dir='ltr'><strong>Michaeli</strong></span> <span class='ocrx_word' id='word_1_324' title='bbox 969 3228 1163 3296; x_wconf 77' lang='lat' dir='ltr'><strong>angelo</strong></span> <span class='ocrx_word' id='word_1_325' title='bbox 1189 3228 1491 3291; x_wconf 89' lang='lat' dir='ltr'><strong>celebrant,</strong></span> <span class='ocrx_word' id='word_1_326' title='bbox 1519 3237 1572 3282; x_wconf 91' lang='lat' dir='ltr'><strong>et</strong></span> <span class='ocrx_word' id='word_1_327' title='bbox 1595 3227 1846 3282; x_wconf 84' lang='lat' dir='ltr'><strong>victimas</strong></span> 
     </span>
    </p>
   </div>
   <div class='ocr_carea' id='block_1_48' title="bbox 266 3317 978 3384">
    <p class='ocr_par' dir='ltr' id='par_1_48' title="bbox 266 3317 978 3384">
     <span class='ocr_line' id='line_1_48' title="bbox 266 3317 978 3384; baseline 0.008 -18"><span class='ocrx_word' id='word_1_328' title='bbox 266 3317 711 3384; x_wconf 88' lang='lat' dir='ltr'><strong>quamplurimas</strong></span> <span class='ocrx_word' id='word_1_329' title='bbox 743 3318 978 3372; x_wconf 86' lang='lat' dir='ltr'><strong>caedunt.</strong></span> 
     </span>
    </p>
   </div>
   <div class='ocr_carea' id='block_1_49' title="bbox 339 3407 1851 3480">
    <p class='ocr_par' dir='ltr' id='par_1_49' title="bbox 339 3407 1851 3480">
     <span class='ocr_line' id='line_1_49' title="bbox 339 3407 1851 3480; baseline 0.001 -17"><span class='ocrx_word' id='word_1_330' title='bbox 339 3408 508 3479; x_wconf 60' lang='lat'><strong>[‘36</strong></span> <span class='ocrx_word' id='word_1_331' title='bbox 538 3407 673 3463; x_wconf 91' lang='lat' dir='ltr'><strong>Cum</strong></span> <span class='ocrx_word' id='word_1_332' title='bbox 722 3423 854 3477; x_wconf 89' lang='lat' dir='ltr'><strong>ergo</strong></span> <span class='ocrx_word' id='word_1_333' title='bbox 887 3408 1199 3464; x_wconf 87' lang='lat' dir='ltr'><strong>Alexander</strong></span> <span class='ocrx_word' id='word_1_334' title='bbox 1249 3410 1564 3480; x_wconf 89' lang='lat' dir='ltr'><strong>patriarcha</strong></span> <span class='ocrx_word' id='word_1_335' title='bbox 1615 3411 1851 3466; x_wconf 82' lang='lat' dir='ltr'><strong>Alexan-</strong></span> 
     </span>
    </p>
   </div>
   <div class='ocr_carea' id='block_1_50' title="bbox 263 3498 1849 3577">
    <p class='ocr_par' dir='ltr' id='par_1_50' title="bbox 263 3498 1849 3577">
     <span class='ocr_line' id='line_1_50' title="bbox 263 3498 1849 3577; baseline 0.003 -23"><span class='ocrx_word' id='word_1_336' title='bbox 263 3500 484 3564; x_wconf 86' lang='lat' dir='ltr'><strong>drinus,</strong></span> <span class='ocrx_word' id='word_1_337' title='bbox 517 3499 712 3554; x_wconf 91' lang='lat' dir='ltr'><strong>Arium</strong></span> <span class='ocrx_word' id='word_1_338' title='bbox 750 3498 1056 3554; x_wconf 77' lang='lat' dir='ltr'><strong>Ecclesiam</strong></span> <span class='ocrx_word' id='word_1_339' title='bbox 1084 3501 1291 3572; x_wconf 82' lang='lat' dir='ltr'><strong>ingredi</strong></span> <span class='ocrx_word' id='word_1_340' title='bbox 1329 3503 1664 3571; x_wconf 81' lang='lat' dir='ltr'><strong>prohiberet,</strong></span> <span class='ocrx_word' id='word_1_341' title='bbox 1689 3504 1849 3577; x_wconf 85' lang='lat' dir='ltr'><strong>eique</strong></span> 
     </span>
    </p>
   </div>
   <div class='ocr_carea' id='block_1_51' title="bbox 265 3589 1848 3660">
    <p class='ocr_par' dir='ltr' id='par_1_51' title="bbox 265 3589 1848 3660">
     <span class='ocr_line' id='line_1_51' title="bbox 265 3589 1848 3660; baseline 0.003 -17"><span class='ocrx_word' id='word_1_342' title='bbox 265 3590 644 3645; x_wconf 88' lang='lat' dir='ltr'><strong>malediceret.</strong></span> <span class='ocrx_word' id='word_1_343' title='bbox 686 3589 970 3660; x_wconf 84' lang='lat' dir='ltr'><strong>profectus</strong></span> <span class='ocrx_word' id='word_1_344' title='bbox 1023 3591 1113 3646; x_wconf 91' lang='lat' dir='ltr'><strong>ille</strong></span> <span class='ocrx_word' id='word_1_345' title='bbox 1157 3592 1224 3646; x_wconf 89' lang='lat' dir='ltr'><strong>ad</strong></span> <span class='ocrx_word' id='word_1_346' title='bbox 1278 3593 1703 3647; x_wconf 88' lang='lat' dir='ltr'><strong>Constantinum</strong></span> <span class='ocrx_word' id='word_1_347' title='bbox 1743 3595 1848 3648; x_wconf 90' lang='lat' dir='ltr'><strong>im-</strong></span> 
     </span>
    </p>
   </div>
   <div class='ocr_carea' id='block_1_52' title="bbox 264 3684 1849 3756">
    <p class='ocr_par' dir='ltr' id='par_1_52' title="bbox 264 3684 1849 3756">
     <span class='ocr_line' id='line_1_52' title="bbox 264 3684 1849 3756; baseline 0.003 -22"><span class='ocrx_word' id='word_1_348' title='bbox 264 3691 572 3756; x_wconf 77' lang='lat' dir='ltr'><strong>peratorem</strong></span> <span class='ocrx_word' id='word_1_349' title='bbox 610 3698 768 3752; x_wconf 89' lang='lat' dir='ltr'><strong>opem</strong></span> <span class='ocrx_word' id='word_1_350' title='bbox 809 3685 877 3737; x_wconf 91' lang='lat' dir='ltr'><strong>ab</strong></span> <span class='ocrx_word' id='word_1_351' title='bbox 933 3684 1052 3752; x_wconf 84' lang='lat' dir='ltr'><strong>ipso</strong></span> <span class='ocrx_word' id='word_1_352' title='bbox 1100 3691 1295 3737; x_wconf 89' lang='lat' dir='ltr'><strong>contra</strong></span> <span class='ocrx_word' id='word_1_353' title='bbox 1343 3684 1715 3740; x_wconf 86' lang='lat' dir='ltr'><strong>Alexandrum</strong></span> <span class='ocrx_word' id='word_1_354' title='bbox 1755 3702 1849 3756; x_wconf 90' lang='lat' dir='ltr'><strong>pa-</strong></span> 
     </span>
    </p>
   </div>
   <div class='ocr_carea' id='block_1_53' title="bbox 187 3752 1848 3846">
    <p class='ocr_par' dir='ltr' id='par_1_53' title="bbox 187 3752 1848 3846">
     <span class='ocr_line' id='line_1_53' title="bbox 187 3752 1848 3846; baseline 0.003 -19"><span class='ocrx_word' id='word_1_355' title='bbox 187 3752 204 3764; x_wconf 41' lang='lat'>.</span> <span class='ocrx_word' id='word_1_356' title='bbox 265 3752 562 3827; x_wconf 80' lang='lat' dir='ltr'><strong>triarcham</strong></span> <span class='ocrx_word' id='word_1_357' title='bbox 595 3773 769 3843; x_wconf 90' lang='lat' dir='ltr'><strong>petiit.</strong></span> <span class='ocrx_word' id='word_1_358' title='bbox 820 3774 1062 3830; x_wconf 87' lang='lat' dir='ltr'><strong>Comites</strong></span> <span class='ocrx_word' id='word_1_359' title='bbox 1087 3785 1268 3830; x_wconf 90' lang='lat' dir='ltr'><strong>autem</strong></span> <span class='ocrx_word' id='word_1_360' title='bbox 1315 3792 1372 3830; x_wconf 89' lang='lat' dir='ltr'><strong>se</strong></span> <span class='ocrx_word' id='word_1_361' title='bbox 1416 3778 1548 3832; x_wconf 88' lang='lat' dir='ltr'><strong>Ario</strong></span> <span class='ocrx_word' id='word_1_362' title='bbox 1601 3781 1848 3846; x_wconf 83' lang='lat' dir='ltr'><strong>praebue-</strong></span> 
     </span>
    </p>
   </div>
   <div class='ocr_carea' id='block_1_54' title="bbox 263 3867 1847 3937">
    <p class='ocr_par' dir='ltr' id='par_1_54' title="bbox 263 3867 1847 3937">
     <span class='ocr_line' id='line_1_54' title="bbox 263 3867 1847 3937; baseline 0.003 -17"><span class='ocrx_word' id='word_1_363' title='bbox 263 3877 393 3921; x_wconf 83' lang='lat' dir='ltr'><strong>runt</strong></span> <span class='ocrx_word' id='word_1_364' title='bbox 443 3868 687 3936; x_wconf 88' lang='lat' dir='ltr'><strong>episcopi</strong></span> <span class='ocrx_word' id='word_1_365' title='bbox 729 3871 853 3932; x_wconf 92' lang='lat' dir='ltr'><strong>duo,</strong></span> <span class='ocrx_word' id='word_1_366' title='bbox 879 3882 1112 3937; x_wconf 89' lang='lat' dir='ltr'><strong>quorum</strong></span> <span class='ocrx_word' id='word_1_367' title='bbox 1132 3881 1272 3922; x_wconf 87' lang='lat' dir='ltr'><strong>unus</strong></span> <span class='ocrx_word' id='word_1_368' title='bbox 1294 3869 1512 3921; x_wconf 90' lang='lat' dir='ltr'><strong>nomine</strong></span> <span class='ocrx_word' id='word_1_369' title='bbox 1548 3867 1847 3925; x_wconf 86' lang='lat' dir='ltr'><strong>Eumenius</strong></span> 
     </span>
    </p>
   </div>
   <div class='ocr_carea' id='block_1_55' title="bbox 275 3955 1846 4030">
    <p class='ocr_par' dir='ltr' id='par_1_55' title="bbox 275 3955 1846 4030">
     <span class='ocr_line' id='line_1_55' title="bbox 275 3955 1846 4030; baseline 0.006 -21"><span class='ocrx_word' id='word_1_370' title='bbox 275 3957 295 4029; x_wconf 94' lang='lat'><strong>[</strong></span> <span class='ocrx_word' id='word_1_371' title='bbox 323 3958 400 4012; x_wconf 82' lang='lat' dir='ltr'><strong>al.</strong></span> <span class='ocrx_word' id='word_1_372' title='bbox 435 3955 772 4030; x_wconf 87' lang='lat' dir='ltr'><strong>Eusebius],</strong></span> <span class='ocrx_word' id='word_1_373' title='bbox 800 3958 1129 4014; x_wconf 71' lang='lat' dir='ltr'><strong>Nicomedia:</strong></span> <span class='ocrx_word' id='word_1_374' title='bbox 1156 3960 1351 4028; x_wconf 89' lang='lat' dir='ltr'><strong>episc.,</strong></span> <span class='ocrx_word' id='word_1_375' title='bbox 1395 3960 1531 4014; x_wconf 90' lang='lat' dir='ltr'><strong>alter</strong></span> <span class='ocrx_word' id='word_1_376' title='bbox 1578 3960 1846 4018; x_wconf 87' lang='lat' dir='ltr'><strong>Eusebius</strong></span> 
     </span>
    </p>
   </div>
   <div class='ocr_carea' id='block_1_56' title="bbox 267 4049 1842 4120">
    <p class='ocr_par' dir='ltr' id='par_1_56' title="bbox 267 4049 1842 4120">
     <span class='ocr_line' id='line_1_56' title="bbox 267 4049 1842 4120; baseline 0.006 -20"><span class='ocrx_word' id='word_1_377' title='bbox 267 4049 435 4102; x_wconf 68' lang='lat' dir='ltr'><strong>Philae</strong></span> <span class='ocrx_word' id='word_1_378' title='bbox 460 4049 774 4118; x_wconf 86' lang='lat' dir='ltr'><strong>episcopus,</strong></span> <span class='ocrx_word' id='word_1_379' title='bbox 810 4064 968 4120; x_wconf 89' lang='lat' dir='ltr'><strong>opem</strong></span> <span class='ocrx_word' id='word_1_380' title='bbox 999 4066 1029 4104; x_wconf 92' lang='lat' dir='ltr'><strong>a</strong></span> <span class='ocrx_word' id='word_1_381' title='bbox 1061 4049 1430 4105; x_wconf 90' lang='lat' dir='ltr'><strong>Constantino</strong></span> <span class='ocrx_word' id='word_1_382' title='bbox 1464 4051 1842 4120; x_wconf 87' lang='lat' dir='ltr'><strong>implorantes.</strong></span> 
     </span>
    </p>
   </div>
   <div class='ocr_carea' id='block_1_57' title="bbox 267 4141 1846 4214">
    <p class='ocr_par' dir='ltr' id='par_1_57' title="bbox 267 4141 1846 4214">
     <span class='ocr_line' id='line_1_57' title="bbox 267 4141 1846 4214; baseline 0.005 -21"><span class='ocrx_word' id='word_1_383' title='bbox 267 4141 490 4196; x_wconf 90' lang='lat' dir='ltr'><strong>Dicente</strong></span> <span class='ocrx_word' id='word_1_384' title='bbox 541 4141 671 4196; x_wconf 87' lang='lat' dir='ltr'><strong>Ario</strong></span> <span class='ocrx_word' id='word_1_385' title='bbox 706 4141 1055 4197; x_wconf 84' lang='lat' dir='ltr'><strong>:Alexander</strong></span> <span class='ocrx_word' id='word_1_386' title='bbox 1111 4143 1424 4211; x_wconf 88' lang='lat' dir='ltr'><strong>patriarcha</strong></span> <span class='ocrx_word' id='word_1_387' title='bbox 1502 4146 1706 4214; x_wconf 87' lang='lat' dir='ltr'><strong>iniuria</strong></span> <span class='ocrx_word' id='word_1_388' title='bbox 1760 4162 1846 4201; x_wconf 85' lang='lat' dir='ltr'><strong>me</strong></span> 
     </span>
    </p>
   </div>
   <div class='ocr_carea' id='block_1_58' title="bbox 221 4232 1845 4308">
    <p class='ocr_par' dir='ltr' id='par_1_58' title="bbox 221 4232 1845 4308">
     <span class='ocr_line' id='line_1_58' title="bbox 221 4232 1845 4308; baseline 0.005 -23"><span class='ocrx_word' id='word_1_389' title='bbox 221 4253 225 4256; x_wconf 92' lang='grc'>·</span> <span class='ocrx_word' id='word_1_390' title='bbox 261 4232 470 4298; x_wconf 79' lang='lat' dir='ltr'><strong>alfecit,</strong></span> <span class='ocrx_word' id='word_1_391' title='bbox 504 4243 558 4289; x_wconf 90' lang='lat' dir='ltr'><strong>et</strong></span> <span class='ocrx_word' id='word_1_392' title='bbox 608 4234 851 4289; x_wconf 84' lang='lat' dir='ltr'><strong>Ecclesia</strong></span> <span class='ocrx_word' id='word_1_393' title='bbox 889 4235 1166 4289; x_wconf 90' lang='lat' dir='ltr'><strong>immerito</strong></span> <span class='ocrx_word' id='word_1_394' title='bbox 1217 4237 1450 4306; x_wconf 87' lang='lat' dir='ltr'><strong>expulit,</strong></span> <span class='ocrx_word' id='word_1_395' title='bbox 1508 4249 1561 4290; x_wconf 91' lang='lat' dir='ltr'><strong>et</strong></span> <span class='ocrx_word' id='word_1_396' title='bbox 1605 4238 1845 4308; x_wconf 78' lang='lat' dir='ltr'><strong>impera-</strong></span> 
     </span>
    </p>
   </div>
   <div class='ocr_carea' id='block_1_59' title="bbox 263 4325 1842 4398">
    <p class='ocr_par' dir='ltr' id='par_1_59' title="bbox 263 4325 1842 4398">
     <span class='ocr_line' id='line_1_59' title="bbox 263 4325 1842 4398; baseline 0.005 -23"><span class='ocrx_word' id='word_1_397' title='bbox 263 4333 440 4379; x_wconf 88' lang='lat' dir='ltr'><strong>torem</strong></span> <span class='ocrx_word' id='word_1_398' title='bbox 466 4335 689 4394; x_wconf 89' lang='lat' dir='ltr'><strong>rogantc</strong></span> <span class='ocrx_word' id='word_1_399' title='bbox 716 4336 774 4378; x_wconf 93' lang='lat' dir='ltr'><strong>ut</strong></span> <span class='ocrx_word' id='word_1_400' title='bbox 800 4325 953 4378; x_wconf 92' lang='lat' dir='ltr'><strong>illum</strong></span> <span class='ocrx_word' id='word_1_401' title='bbox 991 4335 1326 4390; x_wconf 84' lang='lat' dir='ltr'><strong>accerseret,</strong></span> <span class='ocrx_word' id='word_1_402' title='bbox 1383 4343 1493 4398; x_wconf 88' lang='lat' dir='ltr'><strong>quo</strong></span> <span class='ocrx_word' id='word_1_403' title='bbox 1518 4343 1704 4381; x_wconf 90' lang='lat' dir='ltr'><strong>coram</strong></span> <span class='ocrx_word' id='word_1_404' title='bbox 1738 4331 1842 4384; x_wconf 84' lang='lat' dir='ltr'><strong>im-</strong></span> 
     </span>
    </p>
   </div>
   <div class='ocr_carea' id='block_1_60' title="bbox 263 4417 1845 4491">
    <p class='ocr_par' dir='ltr' id='par_1_60' title="bbox 263 4417 1845 4491">
     <span class='ocr_line' id='line_1_60' title="bbox 263 4417 1845 4491; baseline 0.006 -25"><span class='ocrx_word' id='word_1_405' title='bbox 263 4422 518 4483; x_wconf 88' lang='lat' dir='ltr'><strong>peratore</strong></span> <span class='ocrx_word' id='word_1_406' title='bbox 547 4431 672 4469; x_wconf 90' lang='lat' dir='ltr'><strong>cum</strong></span> <span class='ocrx_word' id='word_1_407' title='bbox 723 4417 841 4486; x_wconf 91' lang='lat' dir='ltr'><strong>ipso</strong></span> <span class='ocrx_word' id='word_1_408' title='bbox 889 4417 1220 4487; x_wconf 89' lang='lat' dir='ltr'><strong>disputaret.</strong></span> <span class='ocrx_word' id='word_1_409' title='bbox 1281 4420 1686 4476; x_wconf 86' lang='lat' dir='ltr'><strong>Constantinus</strong></span> <span class='ocrx_word' id='word_1_410' title='bbox 1715 4437 1845 4491; x_wconf 91' lang='lat' dir='ltr'><strong>ergo</strong></span> 
     </span>
    </p>
   </div>
   <div class='ocr_carea' id='block_1_61' title="bbox 261 4505 1842 4574">
    <p class='ocr_par' dir='ltr' id='par_1_61' title="bbox 261 4505 1842 4574">
     <span class='ocr_line' id='line_1_61' title="bbox 261 4505 1842 4574; baseline 0.006 -16"><span class='ocrx_word' id='word_1_411' title='bbox 261 4505 564 4574; x_wconf 87' lang='lat' dir='ltr'><strong>imperator</strong></span> <span class='ocrx_word' id='word_1_412' title='bbox 591 4509 762 4563; x_wconf 90' lang='lat' dir='ltr'><strong>misso</strong></span> <span class='ocrx_word' id='word_1_413' title='bbox 790 4509 1180 4564; x_wconf 87' lang='lat' dir='ltr'><strong>Alexandriam</strong></span> <span class='ocrx_word' id='word_1_414' title='bbox 1216 4514 1408 4565; x_wconf 88' lang='lat' dir='ltr'><strong>nuntio</strong></span> <span class='ocrx_word' id='word_1_415' title='bbox 1460 4513 1609 4565; x_wconf 92' lang='lat' dir='ltr'><strong>illum</strong></span> <span class='ocrx_word' id='word_1_416' title='bbox 1659 4529 1842 4567; x_wconf 86' lang='lat' dir='ltr'><strong>accer-</strong></span> 
     </span>
    </p>
   </div>
   <div class='ocr_carea' id='block_1_62' title="bbox 262 4597 1844 4672">
    <p class='ocr_par' dir='ltr' id='par_1_62' title="bbox 262 4597 1844 4672">
     <span class='ocr_line' id='line_1_62' title="bbox 262 4597 1844 4672; baseline 0.003 -21"><span class='ocrx_word' id='word_1_417' title='bbox 262 4597 416 4662; x_wconf 81' lang='lat' dir='ltr'><strong>sivit,</strong></span> <span class='ocrx_word' id='word_1_418' title='bbox 485 4598 790 4669; x_wconf 80' lang='lat' dir='ltr'><strong>Ariumque</strong></span> <span class='ocrx_word' id='word_1_419' title='bbox 852 4602 1147 4655; x_wconf 90' lang='lat' dir='ltr'><strong>convenire</strong></span> <span class='ocrx_word' id='word_1_420' title='bbox 1211 4601 1340 4657; x_wconf 77' lang='lat' dir='ltr'><strong>fecit</strong></span> <span class='ocrx_word' id='word_1_421' title='bbox 1391 4617 1500 4672; x_wconf 91' lang='lat' dir='ltr'><strong>quo</strong></span> <span class='ocrx_word' id='word_1_422' title='bbox 1552 4618 1674 4656; x_wconf 88' lang='lat' dir='ltr'><strong>cum</strong></span> <span class='ocrx_word' id='word_1_423' title='bbox 1727 4604 1844 4672; x_wconf 87' lang='lat' dir='ltr'><strong>ipso</strong></span> 
     </span>
    </p>
   </div>
   <div class='ocr_carea' id='block_1_63' title="bbox 1951 2033 3597 2102">
    <p class='ocr_par' dir='ltr' id='par_1_63' title="bbox 1951 2033 3597 2102">
     <span class='ocr_line' id='line_1_63' title="bbox 1951 2033 3597 2102; baseline 0.003 -14"><span class='ocrx_word' id='word_1_424' title='bbox 1951 2033 2234 2088; x_wconf 87' lang='lat' dir='ltr'><strong>stantinus</strong></span> <span class='ocrx_word' id='word_1_425' title='bbox 2263 2033 2636 2087; x_wconf 87' lang='lat' dir='ltr'><strong>Alexandrum</strong></span> <span class='ocrx_word' id='word_1_426' title='bbox 2667 2033 3033 2102; x_wconf 90' lang='lat' dir='ltr'><strong>patriarcham</strong></span> <span class='ocrx_word' id='word_1_427' title='bbox 3080 2034 3216 2089; x_wconf 83' lang='lat' dir='ltr'><strong>Ario</strong></span> <span class='ocrx_word' id='word_1_428' title='bbox 3245 2036 3530 2093; x_wconf 53' lang='lat' dir='ltr'><strong>omnibus.</strong></span> <span class='ocrx_word' id='word_1_429' title='bbox 3589 2073 3597 2081; x_wconf 92' lang='lat'><strong>-</strong></span> 
     </span>
    </p>
   </div>
   <div class='ocr_carea' id='block_1_64' title="bbox 1951 2124 3536 2196">
    <p class='ocr_par' dir='ltr' id='par_1_64' title="bbox 1951 2124 3536 2196">
     <span class='ocr_line' id='line_1_64' title="bbox 1951 2124 3536 2196; baseline 0.004 -18"><span class='ocrx_word' id='word_1_430' title='bbox 1951 2139 2058 2194; x_wconf 89' lang='lat' dir='ltr'><strong>que</strong></span> <span class='ocrx_word' id='word_1_431' title='bbox 2097 2125 2190 2194; x_wconf 88' lang='lat' dir='ltr'><strong>qui</strong></span> <span class='ocrx_word' id='word_1_432' title='bbox 2225 2124 2474 2179; x_wconf 89' lang='lat' dir='ltr'><strong>eamdem</strong></span> <span class='ocrx_word' id='word_1_433' title='bbox 2511 2126 2975 2196; x_wconf 86' lang='lat' dir='ltr'><strong>amplecterentur</strong></span> <span class='ocrx_word' id='word_1_434' title='bbox 3002 2127 3333 2182; x_wconf 88' lang='lat' dir='ltr'><strong>sententiam</strong></span> <span class='ocrx_word' id='word_1_435' title='bbox 3367 2129 3536 2184; x_wconf 84' lang='lat' dir='ltr'><strong>male-</strong></span> 
     </span>
    </p>
   </div>
   <div class='ocr_carea' id='block_1_65' title="bbox 1953 2215 3539 2289">
    <p class='ocr_par' dir='ltr' id='par_1_65' title="bbox 1953 2215 3539 2289">
     <span class='ocr_line' id='line_1_65' title="bbox 1953 2215 3539 2289; baseline 0.004 -22"><span class='ocrx_word' id='word_1_436' title='bbox 1953 2217 2156 2270; x_wconf 86' lang='lat' dir='ltr'><strong>dicere.</strong></span> <span class='ocrx_word' id='word_1_437' title='bbox 2196 2215 2346 2270; x_wconf 83' lang='lat' dir='ltr'><strong>Dixit</strong></span> <span class='ocrx_word' id='word_1_438' title='bbox 2373 2223 2556 2270; x_wconf 86' lang='lat' dir='ltr'><strong>autem</strong></span> <span class='ocrx_word' id='word_1_439' title='bbox 2590 2215 2902 2271; x_wconf 84' lang='lat' dir='ltr'><strong>Alexander</strong></span> <span class='ocrx_word' id='word_1_440' title='bbox 2947 2216 3316 2273; x_wconf 88' lang='lat' dir='ltr'><strong>Constantino</strong></span> <span class='ocrx_word' id='word_1_441' title='bbox 3361 2219 3539 2289; x_wconf 78' lang='lat' dir='ltr'><strong>impe-</strong></span> 
     </span>
    </p>
   </div>
   <div class='ocr_carea' id='block_1_66' title="bbox 1953 2305 3540 2377">
    <p class='ocr_par' dir='ltr' id='par_1_66' title="bbox 1953 2305 3540 2377">
     <span class='ocr_line' id='line_1_66' title="bbox 1953 2305 3540 2377; baseline 0.003 -19"><span class='ocrx_word' id='word_1_442' title='bbox 1953 2305 2124 2359; x_wconf 91' lang='lat' dir='ltr'><strong>ratori</strong></span> <span class='ocrx_word' id='word_1_443' title='bbox 2153 2323 2166 2358; x_wconf 86' lang='lat'><strong>:</strong></span> <span class='ocrx_word' id='word_1_444' title='bbox 2210 2305 2362 2360; x_wconf 88' lang='lat' dir='ltr'><strong>Haud</strong></span> <span class='ocrx_word' id='word_1_445' title='bbox 2394 2307 2506 2374; x_wconf 90' lang='lat' dir='ltr'><strong>ita;</strong></span> <span class='ocrx_word' id='word_1_446' title='bbox 2540 2307 2669 2375; x_wconf 91' lang='lat' dir='ltr'><strong>quin</strong></span> <span class='ocrx_word' id='word_1_447' title='bbox 2702 2307 2886 2376; x_wconf 83' lang='lat' dir='ltr'><strong>potius</strong></span> <span class='ocrx_word' id='word_1_448' title='bbox 2912 2307 3139 2362; x_wconf 89' lang='lat' dir='ltr'><strong>mittens</strong></span> <span class='ocrx_word' id='word_1_449' title='bbox 3175 2323 3267 2362; x_wconf 88' lang='lat' dir='ltr'><strong>rex</strong></span> <span class='ocrx_word' id='word_1_450' title='bbox 3311 2310 3540 2377; x_wconf 87' lang='lat' dir='ltr'><strong>patriar-</strong></span> 
     </span>
    </p>
   </div>
   <div class='ocr_carea' id='block_1_67' title="bbox 1951 2399 3536 2468">
    <p class='ocr_par' dir='ltr' id='par_1_67' title="bbox 1951 2399 3536 2468">
     <span class='ocr_line' id='line_1_67' title="bbox 1951 2399 3536 2468; baseline 0.003 -16"><span class='ocrx_word' id='word_1_451' title='bbox 1951 2399 2085 2452; x_wconf 85' lang='lat' dir='ltr'><strong>chas</strong></span> <span class='ocrx_word' id='word_1_452' title='bbox 2103 2409 2158 2452; x_wconf 93' lang='lat' dir='ltr'><strong>et</strong></span> <span class='ocrx_word' id='word_1_453' title='bbox 2179 2399 2464 2468; x_wconf 85' lang='lat' dir='ltr'><strong>episc0pos</strong></span> <span class='ocrx_word' id='word_1_454' title='bbox 2488 2410 2754 2464; x_wconf 88' lang='lat' dir='ltr'><strong>accersat,</strong></span> <span class='ocrx_word' id='word_1_455' title='bbox 2784 2409 2842 2453; x_wconf 87' lang='lat' dir='ltr'><strong>ut</strong></span> <span class='ocrx_word' id='word_1_456' title='bbox 2867 2401 2938 2456; x_wconf 84' lang='lat' dir='ltr'><strong>sit</strong></span> <span class='ocrx_word' id='word_1_457' title='bbox 2971 2399 3126 2456; x_wconf 91' lang='lat' dir='ltr'><strong>nobis</strong></span> <span class='ocrx_word' id='word_1_458' title='bbox 3148 2401 3461 2467; x_wconf 86' lang='lat' dir='ltr'><strong>concilium,</strong></span> <span class='ocrx_word' id='word_1_459' title='bbox 3482 2401 3536 2456; x_wconf 89' lang='lat' dir='ltr'><strong>in</strong></span> 
     </span>
    </p>
   </div>
   <div class='ocr_carea' id='block_1_68' title="bbox 1953 2490 3536 2560">
    <p class='ocr_par' dir='ltr' id='par_1_68' title="bbox 1953 2490 3536 2560">
     <span class='ocr_line' id='line_1_68' title="bbox 1953 2490 3536 2560; baseline 0.005 -17"><span class='ocrx_word' id='word_1_460' title='bbox 1953 2504 2062 2559; x_wconf 91' lang='lat' dir='ltr'><strong>quo</strong></span> <span class='ocrx_word' id='word_1_461' title='bbox 2079 2505 2192 2544; x_wconf 91' lang='lat' dir='ltr'><strong>rem</strong></span> <span class='ocrx_word' id='word_1_462' title='bbox 2216 2490 2562 2556; x_wconf 85' lang='lat' dir='ltr'><strong>deﬁniamus,</strong></span> <span class='ocrx_word' id='word_1_463' title='bbox 2587 2492 2826 2560; x_wconf 91' lang='lat' dir='ltr'><strong>Arioque</strong></span> <span class='ocrx_word' id='word_1_464' title='bbox 2847 2493 3262 2560; x_wconf 87' lang='lat' dir='ltr'><strong>maledicamus,</strong></span> <span class='ocrx_word' id='word_1_465' title='bbox 3281 2504 3334 2549; x_wconf 91' lang='lat' dir='ltr'><strong>et</strong></span> <span class='ocrx_word' id='word_1_466' title='bbox 3355 2511 3536 2551; x_wconf 82' lang='lat' dir='ltr'><strong>veram</strong></span> 
     </span>
    </p>
   </div>
   <div class='ocr_carea' id='block_1_69' title="bbox 1953 2581 3538 2653">
    <p class='ocr_par' dir='ltr' id='par_1_69' title="bbox 1953 2581 3538 2653">
     <span class='ocr_line' id='line_1_69' title="bbox 1953 2581 3538 2653; baseline 0.003 -17"><span class='ocrx_word' id='word_1_467' title='bbox 1953 2581 2114 2636; x_wconf 89' lang='lat' dir='ltr'><strong>ﬁdem</strong></span> <span class='ocrx_word' id='word_1_468' title='bbox 2191 2595 2550 2651; x_wconf 88' lang='lat' dir='ltr'><strong>exponamus,</strong></span> <span class='ocrx_word' id='word_1_469' title='bbox 2593 2582 2962 2652; x_wconf 87' lang='lat' dir='ltr'><strong>omnibusque</strong></span> <span class='ocrx_word' id='word_1_470' title='bbox 3014 2593 3196 2639; x_wconf 92' lang='lat' dir='ltr'><strong>notam</strong></span> <span class='ocrx_word' id='word_1_471' title='bbox 3243 2582 3538 2653; x_wconf 82' lang='lat' dir='ltr'><strong>faciamus.</strong></span> 
     </span>
    </p>
   </div>
   <div class='ocr_carea' id='block_1_70' title="bbox 2023 2672 3536 2748">
    <p class='ocr_par' dir='ltr' id='par_1_70' title="bbox 2023 2672 3536 2748">
     <span class='ocr_line' id='line_1_70' title="bbox 2023 2672 3536 2748; baseline 0.001 -21"><span class='ocrx_word' id='word_1_472' title='bbox 2023 2673 2246 2729; x_wconf 81' lang='lat' dir='ltr'><strong>Mittens</strong></span> <span class='ocrx_word' id='word_1_473' title='bbox 2273 2687 2404 2744; x_wconf 88' lang='lat' dir='ltr'><strong>ergo</strong></span> <span class='ocrx_word' id='word_1_474' title='bbox 2432 2672 2831 2728; x_wconf 89' lang='lat' dir='ltr'><strong>Constantinus</strong></span> <span class='ocrx_word' id='word_1_475' title='bbox 2871 2689 2965 2728; x_wconf 85' lang='lat' dir='ltr'><strong>rex</strong></span> <span class='ocrx_word' id='word_1_476' title='bbox 2997 2675 3054 2727; x_wconf 86' lang='lat' dir='ltr'><strong>in</strong></span> <span class='ocrx_word' id='word_1_477' title='bbox 3104 2690 3296 2732; x_wconf 92' lang='lat' dir='ltr'><strong>omnes</strong></span> <span class='ocrx_word' id='word_1_478' title='bbox 3332 2678 3536 2748; x_wconf 91' lang='lat' dir='ltr'><strong>passim</strong></span> 
     </span>
    </p>
   </div>
   <div class='ocr_carea' id='block_1_71' title="bbox 1952 2753 3534 2840">
    <p class='ocr_par' dir='ltr' id='par_1_71' title="bbox 1952 2753 3534 2840">
     <span class='ocr_line' id='line_1_71' title="bbox 1952 2753 3534 2840; baseline 0.001 -18"><span class='ocrx_word' id='word_1_479' title='bbox 1952 2769 2226 2840; x_wconf 84' lang='lat' dir='ltr'><strong>regiones,</strong></span> <span class='ocrx_word' id='word_1_480' title='bbox 2250 2766 2592 2836; x_wconf 86' lang='lat' dir='ltr'><strong>patriarchas</strong></span> <span class='ocrx_word' id='word_1_481' title='bbox 2618 2776 2672 2820; x_wconf 91' lang='lat' dir='ltr'><strong>et</strong></span> <span class='ocrx_word' id='word_1_482' title='bbox 2699 2764 3168 2838; x_wconf 68' lang='lat' dir='ltr'><strong>episcoposm</strong></span> <span class='ocrx_word' id='word_1_483' title='bbox 3192 2753 3534 2834; x_wconf 75' lang='lat' dir='ltr'><strong>convocavit,</strong></span> 
     </span>
    </p>
   </div>
   <div class='ocr_carea' id='block_1_72' title="bbox 1954 2857 3540 2930">
    <p class='ocr_par' dir='ltr' id='par_1_72' title="bbox 1954 2857 3540 2930">
     <span class='ocr_line' id='line_1_72' title="bbox 1954 2857 3540 2930; baseline 0.001 -15"><span class='ocrx_word' id='word_1_484' title='bbox 1954 2863 2090 2917; x_wconf 89' lang='lat' dir='ltr'><strong>adeo</strong></span> <span class='ocrx_word' id='word_1_485' title='bbox 2125 2871 2183 2916; x_wconf 93' lang='lat' dir='ltr'><strong>ut</strong></span> <span class='ocrx_word' id='word_1_486' title='bbox 2204 2870 2328 2930; x_wconf 90' lang='lat' dir='ltr'><strong>post</strong></span> <span class='ocrx_word' id='word_1_487' title='bbox 2354 2875 2556 2914; x_wconf 84' lang='lat' dir='ltr'><strong>annum</strong></span> <span class='ocrx_word' id='word_1_488' title='bbox 2587 2867 2642 2913; x_wconf 91' lang='lat' dir='ltr'><strong>et</strong></span> <span class='ocrx_word' id='word_1_489' title='bbox 2673 2857 2812 2914; x_wconf 85' lang='lat' dir='ltr'><strong>duos</strong></span> <span class='ocrx_word' id='word_1_490' title='bbox 2875 2874 3093 2916; x_wconf 87' lang='lat' dir='ltr'><strong>menses</strong></span> <span class='ocrx_word' id='word_1_491' title='bbox 3121 2859 3302 2916; x_wconf 84' lang='lat' dir='ltr'><strong>Niceae</strong></span> <span class='ocrx_word' id='word_1_492' title='bbox 3335 2876 3540 2918; x_wconf 89' lang='lat' dir='ltr'><strong>conve-</strong></span> 
     </span>
    </p>
   </div>
   <div class='ocr_carea' id='block_1_73' title="bbox 1954 2949 3540 3022">
    <p class='ocr_par' dir='ltr' id='par_1_73' title="bbox 1954 2949 3540 3022">
     <span class='ocr_line' id='line_1_73' title="bbox 1954 2949 3540 3022; baseline -0.001 -15"><span class='ocrx_word' id='word_1_493' title='bbox 1954 2955 2135 3008; x_wconf 91' lang='lat' dir='ltr'><strong>nirent</strong></span> <span class='ocrx_word' id='word_1_494' title='bbox 2201 2953 2284 3008; x_wconf 90' lang='lat' dir='ltr'><strong>bis</strong></span> <span class='ocrx_word' id='word_1_495' title='bbox 2345 2949 2498 3005; x_wconf 83' lang='lat' dir='ltr'><strong>&#39;mille</strong></span> <span class='ocrx_word' id='word_1_496' title='bbox 2530 2950 2892 3022; x_wconf 85' lang='lat' dir='ltr'><strong>quadraginta</strong></span> <span class='ocrx_word' id='word_1_497' title='bbox 2925 2958 3054 3004; x_wconf 91' lang='lat' dir='ltr'><strong>octo</strong></span> <span class='ocrx_word' id='word_1_498' title='bbox 3088 2953 3353 3020; x_wconf 87' lang='lat' dir='ltr'><strong>episcopi,</strong></span> <span class='ocrx_word' id='word_1_499' title='bbox 3412 2967 3540 3008; x_wconf 86' lang='lat' dir='ltr'><strong>sen-</strong></span> 
     </span>
    </p>
   </div>
   <div class='ocr_carea' id='block_1_74' title="bbox 1956 3043 3540 3113">
    <p class='ocr_par' dir='ltr' id='par_1_74' title="bbox 1956 3043 3540 3113">
     <span class='ocr_line' id='line_1_74' title="bbox 1956 3043 3540 3113; baseline -0.001 -14"><span class='ocrx_word' id='word_1_500' title='bbox 1956 3047 2148 3100; x_wconf 91' lang='lat' dir='ltr'><strong>tentiis</strong></span> <span class='ocrx_word' id='word_1_501' title='bbox 2179 3053 2233 3099; x_wconf 91' lang='lat' dir='ltr'><strong>et</strong></span> <span class='ocrx_word' id='word_1_502' title='bbox 2271 3043 2634 3113; x_wconf 83' lang='lat' dir='ltr'><strong>religionibus</strong></span> <span class='ocrx_word' id='word_1_503' title='bbox 2681 3043 2829 3097; x_wconf 85' lang='lat' dir='ltr'><strong>inter</strong></span> <span class='ocrx_word' id='word_1_504' title='bbox 2865 3057 2924 3097; x_wconf 90' lang='lat' dir='ltr'><strong>se</strong></span> <span class='ocrx_word' id='word_1_505' title='bbox 2949 3043 3346 3112; x_wconf 86' lang='lat' dir='ltr'><strong>discrepantes.</strong></span> <span class='ocrx_word' id='word_1_506' title='bbox 3371 3043 3540 3099; x_wconf 86' lang='lat' dir='ltr'><strong>Erant</strong></span> 
     </span>
    </p>
   </div>
   <div class='ocr_carea' id='block_1_75' title="bbox 1954 3133 3540 3207">
    <p class='ocr_par' dir='ltr' id='par_1_75' title="bbox 1954 3133 3540 3207">
     <span class='ocr_line' id='line_1_75' title="bbox 1954 3133 3540 3207; baseline 0.001 -15"><span class='ocrx_word' id='word_1_507' title='bbox 1954 3153 2022 3192; x_wconf 84' lang='lat' dir='ltr'><strong>ex</strong></span> <span class='ocrx_word' id='word_1_508' title='bbox 2048 3137 2157 3191; x_wconf 88' lang='lat' dir='ltr'><strong>illis</strong></span> <span class='ocrx_word' id='word_1_509' title='bbox 2188 3136 2282 3207; x_wconf 91' lang='lat' dir='ltr'><strong>qui</strong></span> <span class='ocrx_word' id='word_1_510' title='bbox 2317 3137 2654 3190; x_wconf 88' lang='lat' dir='ltr'><strong>allirmarent</strong></span> <span class='ocrx_word' id='word_1_511' title='bbox 2681 3133 2964 3190; x_wconf 85' lang='lat' dir='ltr'><strong>Christum</strong></span> <span class='ocrx_word' id='word_1_512' title='bbox 3019 3143 3074 3189; x_wconf 91' lang='lat' dir='ltr'><strong>et</strong></span> <span class='ocrx_word' id='word_1_513' title='bbox 3104 3135 3330 3191; x_wconf 83' lang='lat' dir='ltr'><strong>Matrem</strong></span> <span class='ocrx_word' id='word_1_514' title='bbox 3365 3139 3540 3206; x_wconf 90' lang='lat' dir='ltr'><strong>ipsius</strong></span> 
     </span>
    </p>
   </div>
   <div class='ocr_carea' id='block_1_76' title="bbox 1953 3225 3540 3302">
    <p class='ocr_par' dir='ltr' id='par_1_76' title="bbox 1953 3225 3540 3302">
     <span class='ocr_line' id='line_1_76' title="bbox 1953 3225 3540 3302; baseline 0.003 -20"><span class='ocrx_word' id='word_1_515' title='bbox 1953 3230 2092 3284; x_wconf 87' lang='lat' dir='ltr'><strong>duos</strong></span> <span class='ocrx_word' id='word_1_516' title='bbox 2120 3243 2245 3284; x_wconf 90' lang='lat' dir='ltr'><strong>esse</strong></span> <span class='ocrx_word' id='word_1_517' title='bbox 2269 3235 2274 3243; x_wconf 89' lang='lat'><strong><em>&#39;</em></strong></span> <span class='ocrx_word' id='word_1_518' title='bbox 2298 3229 2433 3283; x_wconf 84' lang='lat' dir='ltr'><strong>deos</strong></span> <span class='ocrx_word' id='word_1_519' title='bbox 2468 3237 2668 3295; x_wconf 66' lang='lat' dir='ltr'><strong>praeter</strong></span> <span class='ocrx_word' id='word_1_520' title='bbox 2717 3225 2885 3282; x_wconf 90' lang='lat' dir='ltr'><strong>Deum</strong></span> <span class='ocrx_word' id='word_1_521' title='bbox 2919 3225 3238 3298; x_wconf 86' lang='lat' dir='ltr'><strong>[summum</strong></span> <span class='ocrx_word' id='word_1_522' title='bbox 3265 3229 3320 3302; x_wconf 72' lang='grc' dir='ltr'><strong>ι]</strong></span> <span class='ocrx_word' id='word_1_523' title='bbox 3379 3241 3540 3287; x_wconf 85' lang='lat' dir='ltr'><strong>erant</strong></span> 
     </span>
    </p>
   </div>
   <div class='ocr_carea' id='block_1_77' title="bbox 1879 3316 3539 3392">
    <p class='ocr_par' dir='ltr' id='par_1_77' title="bbox 1879 3316 3539 3392">
     <span class='ocr_line' id='line_1_77' title="bbox 1879 3316 3539 3392; baseline 0.005 -21"><span class='ocrx_word' id='word_1_524' title='bbox 1879 3316 1922 3371; x_wconf 92' lang='lat' dir='ltr'><strong>C</strong></span> <span class='ocrx_word' id='word_1_525' title='bbox 1962 3321 2013 3374; x_wconf 92' lang='lat' dir='ltr'><strong>hi</strong></span> <span class='ocrx_word' id='word_1_526' title='bbox 2058 3321 2304 3384; x_wconf 89' lang='lat' dir='ltr'><strong>Barbari,</strong></span> <span class='ocrx_word' id='word_1_527' title='bbox 2339 3333 2391 3374; x_wconf 89' lang='lat' dir='ltr'><strong>et</strong></span> <span class='ocrx_word' id='word_1_528' title='bbox 2421 3317 2726 3373; x_wconf 66' lang='lat' dir='ltr'><strong>Marianita?</strong></span> <span class='ocrx_word' id='word_1_529' title='bbox 2783 3319 3100 3375; x_wconf 89' lang='lat' dir='ltr'><strong>audierunt.</strong></span> <span class='ocrx_word' id='word_1_530' title='bbox 3139 3321 3308 3376; x_wconf 84' lang='lat' dir='ltr'><strong>Erant</strong></span> <span class='ocrx_word' id='word_1_531' title='bbox 3339 3324 3431 3392; x_wconf 87' lang='lat' dir='ltr'><strong>qui</strong></span> <span class='ocrx_word' id='word_1_532' title='bbox 3458 3323 3539 3380; x_wconf 88' lang='lat' dir='ltr'><strong>di-</strong></span> 
     </span>
    </p>
   </div>
   <div class='ocr_carea' id='block_1_78' title="bbox 1956 3411 3540 3486">
    <p class='ocr_par' dir='ltr' id='par_1_78' title="bbox 1956 3411 3540 3486">
     <span class='ocr_line' id='line_1_78' title="bbox 1956 3411 3540 3486; baseline 0.002 -16"><span class='ocrx_word' id='word_1_533' title='bbox 1956 3425 2143 3470; x_wconf 86' lang='lat' dir='ltr'><strong>cerent</strong></span> <span class='ocrx_word' id='word_1_534' title='bbox 2175 3414 2456 3468; x_wconf 86' lang='lat' dir='ltr'><strong>Christum</strong></span> <span class='ocrx_word' id='word_1_535' title='bbox 2493 3426 2522 3466; x_wconf 88' lang='lat' dir='ltr'><strong>a</strong></span> <span class='ocrx_word' id='word_1_536' title='bbox 2556 3411 2716 3468; x_wconf 87' lang='lat' dir='ltr'><strong>Patre</strong></span> <span class='ocrx_word' id='word_1_537' title='bbox 2753 3427 2896 3480; x_wconf 87' lang='lat' dir='ltr'><strong>esse,</strong></span> <span class='ocrx_word' id='word_1_538' title='bbox 2932 3414 3103 3469; x_wconf 88' lang='lat' dir='ltr'><strong>instar</strong></span> <span class='ocrx_word' id='word_1_539' title='bbox 3138 3413 3370 3471; x_wconf 83' lang='lat' dir='ltr'><strong>ﬂammae</strong></span> <span class='ocrx_word' id='word_1_540' title='bbox 3399 3418 3540 3486; x_wconf 89' lang='lat' dir='ltr'><strong>ignis</strong></span> 
     </span>
    </p>
   </div>
   <div class='ocr_carea' id='block_1_79' title="bbox 1955 3503 3538 3578">
    <p class='ocr_par' dir='ltr' id='par_1_79' title="bbox 1955 3503 3538 3578">
     <span class='ocr_line' id='line_1_79' title="bbox 1955 3503 3538 3578; baseline 0.003 -18"><span class='ocrx_word' id='word_1_541' title='bbox 1955 3521 2077 3576; x_wconf 69' lang='lat' dir='ltr'><strong>qua:</strong></span> <span class='ocrx_word' id='word_1_542' title='bbox 2105 3505 2172 3560; x_wconf 89' lang='lat' dir='ltr'><strong>ab</strong></span> <span class='ocrx_word' id='word_1_543' title='bbox 2195 3504 2318 3576; x_wconf 88' lang='lat' dir='ltr'><strong>igne</strong></span> <span class='ocrx_word' id='word_1_544' title='bbox 2354 3503 2672 3560; x_wconf 78' lang='lat' dir='ltr'><strong>ﬂammante</strong></span> <span class='ocrx_word' id='word_1_545' title='bbox 2717 3504 3070 3574; x_wconf 89' lang='lat' dir='ltr'><strong>dependeret,</strong></span> <span class='ocrx_word' id='word_1_546' title='bbox 3137 3522 3239 3563; x_wconf 86' lang='lat' dir='ltr'><strong>nec</strong></span> <span class='ocrx_word' id='word_1_547' title='bbox 3301 3509 3538 3578; x_wconf 86' lang='lat' dir='ltr'><strong>priorem</strong></span> 
     </span>
    </p>
   </div>
   <div class='ocr_carea' id='block_1_80' title="bbox 1955 3599 3538 3668">
    <p class='ocr_par' dir='ltr' id='par_1_80' title="bbox 1955 3599 3538 3668">
     <span class='ocr_line' id='line_1_80' title="bbox 1955 3599 3538 3668; baseline 0.003 -15"><span class='ocrx_word' id='word_1_548' title='bbox 1955 3600 2268 3655; x_wconf 88' lang='lat' dir='ltr'><strong>diminuere</strong></span> <span class='ocrx_word' id='word_1_549' title='bbox 2296 3599 2622 3668; x_wconf 89' lang='lat' dir='ltr'><strong>posterioris</strong></span> <span class='ocrx_word' id='word_1_550' title='bbox 2663 3599 2733 3654; x_wconf 89' lang='lat' dir='ltr'><strong>ab</strong></span> <span class='ocrx_word' id='word_1_551' title='bbox 2785 3599 2905 3668; x_wconf 86' lang='lat' dir='ltr'><strong>ipso</strong></span> <span class='ocrx_word' id='word_1_552' title='bbox 2935 3600 3353 3655; x_wconf 85' lang='lat' dir='ltr'><strong>derivationem.</strong></span> <span class='ocrx_word' id='word_1_553' title='bbox 3382 3604 3538 3658; x_wconf 86' lang='lat' dir='ltr'><strong>Erat-</strong></span> 
     </span>
    </p>
   </div>
   <div class='ocr_carea' id='block_1_81' title="bbox 1952 3691 3535 3763">
    <p class='ocr_par' dir='ltr' id='par_1_81' title="bbox 1952 3691 3535 3763">
     <span class='ocr_line' id='line_1_81' title="bbox 1952 3691 3535 3763; baseline 0.006 -20"><span class='ocrx_word' id='word_1_554' title='bbox 1952 3708 2059 3760; x_wconf 88' lang='lat' dir='ltr'><strong>que</strong></span> <span class='ocrx_word' id='word_1_555' title='bbox 2091 3693 2208 3745; x_wconf 86' lang='lat' dir='ltr'><strong>haec</strong></span> <span class='ocrx_word' id='word_1_556' title='bbox 2233 3691 2456 3746; x_wconf 88' lang='lat' dir='ltr'><strong>Sabellii</strong></span> <span class='ocrx_word' id='word_1_557' title='bbox 2511 3699 2566 3747; x_wconf 91' lang='lat' dir='ltr'><strong>et</strong></span> <span class='ocrx_word' id='word_1_558' title='bbox 2617 3692 2955 3747; x_wconf 83' lang='lat' dir='ltr'><strong>asseclarum</strong></span> <span class='ocrx_word' id='word_1_559' title='bbox 3015 3693 3189 3763; x_wconf 90' lang='lat' dir='ltr'><strong>ipsius</strong></span> <span class='ocrx_word' id='word_1_560' title='bbox 3241 3700 3535 3752; x_wconf 90' lang='lat' dir='ltr'><strong>sententia.</strong></span> 
     </span>
    </p>
   </div>
   <div class='ocr_carea' id='block_1_82' title="bbox 1952 3779 3536 3860">
    <p class='ocr_par' dir='ltr' id='par_1_82' title="bbox 1952 3779 3536 3860">
     <span class='ocr_line' id='line_1_82' title="bbox 1952 3779 3536 3860; baseline 0.006 -24"><span class='ocrx_word' id='word_1_561' title='bbox 1952 3782 2296 3837; x_wconf 83' lang='lat' dir='ltr'><strong>Asserebant</strong></span> <span class='ocrx_word' id='word_1_562' title='bbox 2347 3783 2440 3836; x_wconf 90' lang='lat' dir='ltr'><strong>alii</strong></span> <span class='ocrx_word' id='word_1_563' title='bbox 2478 3779 2760 3853; x_wconf 79' lang='lat' dir='ltr'><strong>Virginem</strong></span> <span class='ocrx_word' id='word_1_564' title='bbox 2819 3782 3046 3840; x_wconf 84' lang='lat' dir='ltr'><strong>Mariam</strong></span> <span class='ocrx_word' id='word_1_565' title='bbox 3111 3787 3536 3860; x_wconf 86' lang='lat' dir='ltr'><strong>haudquaquam</strong></span> 
     </span>
    </p>
   </div>
   <div class='ocr_carea' id='block_1_83' title="bbox 1950 3872 3535 3950">
    <p class='ocr_par' dir='ltr' id='par_1_83' title="bbox 1950 3872 3535 3950">
     <span class='ocr_line' id='line_1_83' title="bbox 1950 3872 3535 3950; baseline 0.006 -24"><span class='ocrx_word' id='word_1_566' title='bbox 1950 3872 2128 3942; x_wconf 85' lang='lat' dir='ltr'><strong>ipsum</strong></span> <span class='ocrx_word' id='word_1_567' title='bbox 2173 3889 2366 3928; x_wconf 84' lang='lat' dir='ltr'><strong>novem</strong></span> <span class='ocrx_word' id='word_1_568' title='bbox 2399 3874 2683 3930; x_wconf 89' lang='lat' dir='ltr'><strong>mensibus</strong></span> <span class='ocrx_word' id='word_1_569' title='bbox 2737 3877 2789 3929; x_wconf 92' lang='lat' dir='ltr'><strong>in</strong></span> <span class='ocrx_word' id='word_1_570' title='bbox 2852 3886 3011 3934; x_wconf 87' lang='lat' dir='ltr'><strong>utero</strong></span> <span class='ocrx_word' id='word_1_571' title='bbox 3049 3889 3316 3950; x_wconf 83' lang='lat' dir='ltr'><strong>gestasse,</strong></span> <span class='ocrx_word' id='word_1_572' title='bbox 3346 3897 3535 3937; x_wconf 90' lang='lat' dir='ltr'><strong>verum</strong></span> 
     </span>
    </p>
   </div>
   <div class='ocr_carea' id='block_1_84' title="bbox 1951 3966 3536 4044">
    <p class='ocr_par' dir='ltr' id='par_1_84' title="bbox 1951 3966 3536 4044">
     <span class='ocr_line' id='line_1_84' title="bbox 1951 3966 3536 4044; baseline 0.006 -26"><span class='ocrx_word' id='word_1_573' title='bbox 1951 3966 2129 4035; x_wconf 91' lang='lat' dir='ltr'><strong>ipsum</strong></span> <span class='ocrx_word' id='word_1_574' title='bbox 2160 3980 2258 4035; x_wconf 91' lang='lat' dir='ltr'><strong>per</strong></span> <span class='ocrx_word' id='word_1_575' title='bbox 2295 3973 2510 4022; x_wconf 91' lang='lat' dir='ltr'><strong>uterum</strong></span> <span class='ocrx_word' id='word_1_576' title='bbox 2537 3967 2718 4038; x_wconf 79' lang='lat' dir='ltr'><strong>ipsius</strong></span> <span class='ocrx_word' id='word_1_577' title='bbox 2764 3969 2939 4026; x_wconf 89' lang='lat' dir='ltr'><strong>instar</strong></span> <span class='ocrx_word' id='word_1_578' title='bbox 2971 3986 3128 4041; x_wconf 81' lang='lat' dir='ltr'><strong>aquae</strong></span> <span class='ocrx_word' id='word_1_579' title='bbox 3161 3988 3260 4044; x_wconf 88' lang='lat' dir='ltr'><strong>per</strong></span> <span class='ocrx_word' id='word_1_580' title='bbox 3289 3975 3536 4030; x_wconf 86' lang='lat' dir='ltr'><strong>canalem</strong></span> 
     </span>
    </p>
   </div>
   <div class='ocr_carea' id='block_1_85' title="bbox 1950 4055 3537 4135">
    <p class='ocr_par' dir='ltr' id='par_1_85' title="bbox 1950 4055 3537 4135">
     <span class='ocr_line' id='line_1_85' title="bbox 1950 4055 3537 4135; baseline 0.007 -26"><span class='ocrx_word' id='word_1_581' title='bbox 1950 4056 2273 4121; x_wconf 86' lang='lat' dir='ltr'><strong>transiisse;</strong></span> <span class='ocrx_word' id='word_1_582' title='bbox 2309 4055 2546 4111; x_wconf 87' lang='lat' dir='ltr'><strong>Verbum</strong></span> <span class='ocrx_word' id='word_1_583' title='bbox 2585 4057 2854 4127; x_wconf 89' lang='lat' dir='ltr'><strong>siquidem</strong></span> <span class='ocrx_word' id='word_1_584' title='bbox 2883 4075 2981 4130; x_wconf 89' lang='lat' dir='ltr'><strong>per</strong></span> <span class='ocrx_word' id='word_1_585' title='bbox 3015 4077 3206 4119; x_wconf 89' lang='lat' dir='ltr'><strong>aurem</strong></span> <span class='ocrx_word' id='word_1_586' title='bbox 3257 4065 3431 4135; x_wconf 87' lang='lat' dir='ltr'><strong>ipsius</strong></span> <span class='ocrx_word' id='word_1_587' title='bbox 3458 4066 3537 4120; x_wconf 85' lang='lat' dir='ltr'><strong>in-</strong></span> 
     </span>
    </p>
   </div>
   <div class='ocr_carea' id='block_1_86' title="bbox 1949 4147 3536 4224">
    <p class='ocr_par' dir='ltr' id='par_1_86' title="bbox 1949 4147 3536 4224">
     <span class='ocr_line' id='line_1_86' title="bbox 1949 4147 3536 4224; baseline 0.01 -27"><span class='ocrx_word' id='word_1_588' title='bbox 1949 4162 2197 4218; x_wconf 87' lang='lat' dir='ltr'><strong>gressum</strong></span> <span class='ocrx_word' id='word_1_589' title='bbox 2221 4147 2293 4203; x_wconf 89' lang='lat' dir='ltr'><strong>ibi</strong></span> <span class='ocrx_word' id='word_1_590' title='bbox 2321 4149 2504 4203; x_wconf 87' lang='lat' dir='ltr'><strong>statim</strong></span> <span class='ocrx_word' id='word_1_591' title='bbox 2549 4149 2756 4206; x_wconf 88' lang='lat' dir='ltr'><strong>exiisse</strong></span> <span class='ocrx_word' id='word_1_592' title='bbox 2783 4153 2873 4207; x_wconf 91' lang='lat' dir='ltr'><strong>ubi</strong></span> <span class='ocrx_word' id='word_1_593' title='bbox 2909 4154 3094 4224; x_wconf 84' lang='lat' dir='ltr'><strong>egredi</strong></span> <span class='ocrx_word' id='word_1_594' title='bbox 3127 4156 3268 4211; x_wconf 89' lang='lat' dir='ltr'><strong>solet</strong></span> <span class='ocrx_word' id='word_1_595' title='bbox 3302 4155 3484 4212; x_wconf 79' lang='lat' dir='ltr'><strong>infans</strong></span> <span class='ocrx_word' id='word_1_596' title='bbox 3521 4175 3536 4213; x_wconf 90' lang='lat'><strong>:</strong></span> 
     </span>
    </p>
   </div>
   <div class='ocr_carea' id='block_1_87' title="bbox 1948 4237 3539 4317">
    <p class='ocr_par' dir='ltr' id='par_1_87' title="bbox 1948 4237 3539 4317">
     <span class='ocr_line' id='line_1_87' title="bbox 1948 4237 3539 4317; baseline 0.011 -31"><span class='ocrx_word' id='word_1_597' title='bbox 1948 4249 2070 4303; x_wconf 83' lang='lat' dir='ltr'><strong>quae</strong></span> <span class='ocrx_word' id='word_1_598' title='bbox 2103 4239 2385 4292; x_wconf 81' lang='lat' dir='ltr'><strong>sententia</strong></span> <span class='ocrx_word' id='word_1_599' title='bbox 2427 4237 2604 4294; x_wconf 84' lang='lat' dir='ltr'><strong>Eliani</strong></span> <span class='ocrx_word' id='word_1_600' title='bbox 2638 4251 2692 4295; x_wconf 90' lang='lat' dir='ltr'><strong>et</strong></span> <span class='ocrx_word' id='word_1_601' title='bbox 2734 4243 3050 4312; x_wconf 90' lang='lat' dir='ltr'><strong>sequacium</strong></span> <span class='ocrx_word' id='word_1_602' title='bbox 3077 4244 3252 4317; x_wconf 88' lang='lat' dir='ltr'><strong>ipsius</strong></span> <span class='ocrx_word' id='word_1_603' title='bbox 3279 4246 3404 4303; x_wconf 88' lang='lat' dir='ltr'><strong>fuit.</strong></span> <span class='ocrx_word' id='word_1_604' title='bbox 3433 4248 3539 4304; x_wconf 86' lang='lat' dir='ltr'><strong>Alii</strong></span> 
     </span>
    </p>
   </div>
   <div class='ocr_carea' id='block_1_88' title="bbox 1949 4330 3536 4409">
    <p class='ocr_par' dir='ltr' id='par_1_88' title="bbox 1949 4330 3536 4409">
     <span class='ocr_line' id='line_1_88' title="bbox 1949 4330 3536 4409; baseline 0.009 -28"><span class='ocrx_word' id='word_1_605' title='bbox 1949 4330 2229 4385; x_wconf 85' lang='lat' dir='ltr'><strong>Christum</strong></span> <span class='ocrx_word' id='word_1_606' title='bbox 2278 4331 2559 4390; x_wconf 90' lang='lat' dir='ltr'><strong>hominem</strong></span> <span class='ocrx_word' id='word_1_607' title='bbox 2628 4334 2802 4392; x_wconf 90' lang='lat' dir='ltr'><strong>fuisse</strong></span> <span class='ocrx_word' id='word_1_608' title='bbox 2859 4352 2890 4392; x_wconf 88' lang='lat' dir='ltr'><strong>a</strong></span> <span class='ocrx_word' id='word_1_609' title='bbox 2944 4339 3231 4397; x_wconf 87' lang='lat' dir='ltr'><strong>divinitate</strong></span> <span class='ocrx_word' id='word_1_610' title='bbox 3265 4353 3536 4409; x_wconf 91' lang='lat' dir='ltr'><strong>creatum,</strong></span> 
     </span>
    </p>
   </div>
   <div class='ocr_carea' id='block_1_89' title="bbox 1949 4421 3539 4504">
    <p class='ocr_par' dir='ltr' id='par_1_89' title="bbox 1949 4421 3539 4504">
     <span class='ocr_line' id='line_1_89' title="bbox 1949 4421 3539 4504; baseline 0.011 -30"><span class='ocrx_word' id='word_1_611' title='bbox 1949 4421 2193 4491; x_wconf 86' lang='lat' dir='ltr'><strong>ejusdem</strong></span> <span class='ocrx_word' id='word_1_612' title='bbox 2239 4438 2362 4477; x_wconf 91' lang='lat' dir='ltr'><strong>cum</strong></span> <span class='ocrx_word' id='word_1_613' title='bbox 2399 4434 2654 4481; x_wconf 89' lang='lat' dir='ltr'><strong>nostrum</strong></span> <span class='ocrx_word' id='word_1_614' title='bbox 2705 4427 2890 4498; x_wconf 90' lang='lat' dir='ltr'><strong>aliquo</strong></span> <span class='ocrx_word' id='word_1_615' title='bbox 2935 4430 3281 4497; x_wconf 79' lang='lat' dir='ltr'><strong>substantiae,</strong></span> <span class='ocrx_word' id='word_1_616' title='bbox 3333 4432 3539 4504; x_wconf 89' lang='lat' dir='ltr'><strong>ﬁliique</strong></span> 
     </span>
    </p>
   </div>
   <div class='ocr_carea' id='block_1_90' title="bbox 1950 4515 3532 4599">
    <p class='ocr_par' dir='ltr' id='par_1_90' title="bbox 1950 4515 3532 4599">
     <span class='ocr_line' id='line_1_90' title="bbox 1950 4515 3532 4599; baseline 0.01 -33"><span class='ocrx_word' id='word_1_617' title='bbox 1950 4515 2278 4585; x_wconf 87' lang='lat' dir='ltr'><strong>principium</strong></span> <span class='ocrx_word' id='word_1_618' title='bbox 2321 4531 2346 4568; x_wconf 91' lang='lat' dir='ltr'><strong>a</strong></span> <span class='ocrx_word' id='word_1_619' title='bbox 2382 4515 2550 4572; x_wconf 82' lang='lat' dir='ltr'><strong>Maria</strong></span> <span class='ocrx_word' id='word_1_620' title='bbox 2591 4519 2786 4584; x_wconf 84' lang='lat' dir='ltr'><strong>fuisse,</strong></span> <span class='ocrx_word' id='word_1_621' title='bbox 2831 4520 3122 4592; x_wconf 89' lang='lat' dir='ltr'><strong>ipsumque</strong></span> <span class='ocrx_word' id='word_1_622' title='bbox 3152 4524 3388 4580; x_wconf 84' lang='lat' dir='ltr'><strong>electum</strong></span> <span class='ocrx_word' id='word_1_623' title='bbox 3439 4531 3532 4599; x_wconf 90' lang='lat' dir='ltr'><strong>qui</strong></span> 
     </span>
    </p>
   </div>
   <div class='ocr_carea' id='block_1_91' title="bbox 1949 4605 3538 4680">
    <p class='ocr_par' dir='ltr' id='par_1_91' title="bbox 1949 4605 3538 4680">
     <span class='ocr_line' id='line_1_91' title="bbox 1949 4605 3538 4680; baseline 0.011 -21"><span class='ocrx_word' id='word_1_624' title='bbox 1949 4605 2273 4660; x_wconf 68' lang='lat' dir='ltr'><strong>substantia:</strong></span> <span class='ocrx_word' id='word_1_625' title='bbox 2333 4606 2591 4662; x_wconf 70' lang='lat' dir='ltr'><strong>humana:</strong></span> <span class='ocrx_word' id='word_1_626' title='bbox 2661 4609 2928 4665; x_wconf 87' lang='lat' dir='ltr'><strong>liberator</strong></span> <span class='ocrx_word' id='word_1_627' title='bbox 2993 4623 3162 4680; x_wconf 85' lang='lat' dir='ltr'><strong>esset,</strong></span> <span class='ocrx_word' id='word_1_628' title='bbox 3237 4618 3538 4676; x_wconf 82' lang='lat' dir='ltr'><strong>comitante</strong></span> 
     </span>
    </p>
   </div>
   <div class='ocr_carea' id='block_1_92' title="bbox 261 4664 3538 4774">
    <p class='ocr_par' dir='ltr' id='par_1_92' title="bbox 261 4664 3538 4774">
     <span class='ocr_line' id='line_1_92' title="bbox 261 4664 3538 4774; baseline 0.007 -32"><span class='ocrx_word' id='word_1_629' title='bbox 261 4689 690 4758; x_wconf 84' lang='lat' dir='ltr'><strong>disputationem</strong></span> <span class='ocrx_word' id='word_1_630' title='bbox 726 4692 975 4747; x_wconf 78' lang='lat' dir='ltr'><strong>haberet.</strong></span> <span class='ocrx_word' id='word_1_631' title='bbox 1025 4691 1203 4749; x_wconf 83' lang='lat' dir='ltr'><strong>Jnssit</strong></span> <span class='ocrx_word' id='word_1_632' title='bbox 1240 4695 1408 4764; x_wconf 87' lang='lat' dir='ltr'><strong>igitur</strong></span> <span class='ocrx_word' id='word_1_633' title='bbox 1453 4697 1845 4750; x_wconf 86' lang='lat' dir='ltr'><strong>Constantinus</strong></span> <span class='ocrx_word' id='word_1_634' title='bbox 1876 4664 1923 4722; x_wconf 73' lang='grc' dir='ltr'><strong>ί)</strong></span> <span class='ocrx_word' id='word_1_635' title='bbox 1951 4698 2127 4768; x_wconf 92' lang='lat' dir='ltr'><strong>ipsum</strong></span> <span class='ocrx_word' id='word_1_636' title='bbox 2159 4699 2332 4769; x_wconf 87' lang='lat' dir='ltr'><strong>gratia</strong></span> <span class='ocrx_word' id='word_1_637' title='bbox 2376 4699 2588 4765; x_wconf 89' lang='lat' dir='ltr'><strong>divina,</strong></span> <span class='ocrx_word' id='word_1_638' title='bbox 2620 4711 2674 4754; x_wconf 92' lang='lat' dir='ltr'><strong>et</strong></span> <span class='ocrx_word' id='word_1_639' title='bbox 2717 4701 2770 4755; x_wconf 91' lang='lat' dir='ltr'><strong>in</strong></span> <span class='ocrx_word' id='word_1_640' title='bbox 2805 4703 2924 4774; x_wconf 91' lang='lat' dir='ltr'><strong>ipso</strong></span> <span class='ocrx_word' id='word_1_641' title='bbox 2969 4720 3065 4774; x_wconf 90' lang='lat' dir='ltr'><strong>per</strong></span> <span class='ocrx_word' id='word_1_642' title='bbox 3089 4721 3333 4762; x_wconf 85' lang='lat' dir='ltr'><strong>amorem</strong></span> <span class='ocrx_word' id='word_1_643' title='bbox 3365 4721 3418 4765; x_wconf 91' lang='lat' dir='ltr'><strong>et</strong></span> <span class='ocrx_word' id='word_1_644' title='bbox 3445 4726 3538 4765; x_wconf 88' lang='lat' dir='ltr'><strong>vo-</strong></span> 
     </span>
    </p>
   </div>
   <div class='ocr_carea' id='block_1_93' title="bbox 257 4781 1849 4852">
    <p class='ocr_par' dir='ltr' id='par_1_93' title="bbox 257 4781 1849 4852">
     <span class='ocr_line' id='line_1_93' title="bbox 257 4781 1849 4852; baseline 0.002 -19"><span class='ocrx_word' id='word_1_645' title='bbox 257 4781 454 4834; x_wconf 84' lang='lat' dir='ltr'><strong>Arium</strong></span> <span class='ocrx_word' id='word_1_646' title='bbox 476 4781 799 4831; x_wconf 85' lang='lat' dir='ltr'><strong>sententiam</strong></span> <span class='ocrx_word' id='word_1_647' title='bbox 822 4796 977 4835; x_wconf 90' lang='lat' dir='ltr'><strong>suam</strong></span> <span class='ocrx_word' id='word_1_648' title='bbox 1002 4783 1296 4852; x_wconf 86' lang='lat' dir='ltr'><strong>explicare.</strong></span> <span class='ocrx_word' id='word_1_649' title='bbox 1315 4782 1454 4836; x_wconf 89' lang='lat' dir='ltr'><strong>Tum</strong></span> <span class='ocrx_word' id='word_1_650' title='bbox 1476 4785 1638 4837; x_wconf 86' lang='lat' dir='ltr'><strong>Arius</strong></span> <span class='ocrx_word' id='word_1_651' title='bbox 1661 4806 1672 4839; x_wconf 84' lang='lat'>:</span> <span class='ocrx_word' id='word_1_652' title='bbox 1697 4786 1849 4847; x_wconf 88' lang='lat' dir='ltr'><strong>Dico,</strong></span> 
     </span>
    </p>
   </div>
   <div class='ocr_carea' id='block_1_94' title="bbox 258 4873 1851 4941">
    <p class='ocr_par' dir='ltr' id='par_1_94' title="bbox 258 4873 1851 4941">
     <span class='ocr_line' id='line_1_94' title="bbox 258 4873 1851 4941; baseline 0.003 -15"><span class='ocrx_word' id='word_1_653' title='bbox 258 4873 462 4941; x_wconf 85' lang='lat' dir='ltr'><strong>inquit,</strong></span> <span class='ocrx_word' id='word_1_654' title='bbox 485 4873 705 4927; x_wconf 88' lang='lat' dir='ltr'><strong>Patrem</strong></span> <span class='ocrx_word' id='word_1_655' title='bbox 749 4873 922 4929; x_wconf 88' lang='lat' dir='ltr'><strong>fuisse</strong></span> <span class='ocrx_word' id='word_1_656' title='bbox 947 4889 1072 4930; x_wconf 91' lang='lat' dir='ltr'><strong>cum</strong></span> <span class='ocrx_word' id='word_1_657' title='bbox 1107 4890 1217 4930; x_wconf 89' lang='lat' dir='ltr'><strong>non</strong></span> <span class='ocrx_word' id='word_1_658' title='bbox 1239 4882 1387 4930; x_wconf 86' lang='lat' dir='ltr'><strong>esset</strong></span> <span class='ocrx_word' id='word_1_659' title='bbox 1410 4874 1618 4940; x_wconf 85' lang='lat' dir='ltr'><strong>Filius;</strong></span> <span class='ocrx_word' id='word_1_660' title='bbox 1651 4875 1851 4931; x_wconf 85' lang='lat' dir='ltr'><strong>deinde</strong></span> 
     </span>
    </p>
   </div>
   <div class='ocr_carea' id='block_1_95' title="bbox 260 4964 1851 5036">
    <p class='ocr_par' dir='ltr' id='par_1_95' title="bbox 260 4964 1851 5036">
     <span class='ocr_line' id='line_1_95' title="bbox 260 4964 1851 5036; baseline 0.001 -20"><span class='ocrx_word' id='word_1_661' title='bbox 260 4966 442 5033; x_wconf 89' lang='lat' dir='ltr'><strong>ipsum</strong></span> <span class='ocrx_word' id='word_1_662' title='bbox 474 4967 540 5021; x_wconf 91' lang='lat' dir='ltr'><strong>de</strong></span> <span class='ocrx_word' id='word_1_663' title='bbox 568 4981 710 5020; x_wconf 91' lang='lat' dir='ltr'><strong>novo</strong></span> <span class='ocrx_word' id='word_1_664' title='bbox 744 4966 1066 5035; x_wconf 82' lang='lat' dir='ltr'><strong>produxisse</strong></span> <span class='ocrx_word' id='word_1_665' title='bbox 1099 4965 1296 5022; x_wconf 81' lang='lat' dir='ltr'><strong>Filium</strong></span> <span class='ocrx_word' id='word_1_666' title='bbox 1333 4965 1427 5036; x_wconf 84' lang='lat' dir='ltr'><strong>qui</strong></span> <span class='ocrx_word' id='word_1_667' title='bbox 1462 4964 1564 5018; x_wconf 91' lang='lat' dir='ltr'><strong>fuit</strong></span> <span class='ocrx_word' id='word_1_668' title='bbox 1611 4966 1684 5019; x_wconf 89' lang='lat' dir='ltr'><strong>illi</strong></span> <span class='ocrx_word' id='word_1_669' title='bbox 1714 4964 1851 5020; x_wconf 80' lang='lat' dir='ltr'><strong>Ver-</strong></span> 
     </span>
    </p>
   </div>
   <div class='ocr_carea' id='block_1_96' title="bbox 257 5057 1852 5128">
    <p class='ocr_par' dir='ltr' id='par_1_96' title="bbox 257 5057 1852 5128">
     <span class='ocr_line' id='line_1_96' title="bbox 257 5057 1852 5128; baseline 0.003 -19"><span class='ocrx_word' id='word_1_670' title='bbox 257 5057 416 5115; x_wconf 82' lang='lat' dir='ltr'><strong>hnm.</strong></span> <span class='ocrx_word' id='word_1_671' title='bbox 444 5058 548 5114; x_wconf 90' lang='lat' dir='ltr'><strong>nisi</strong></span> <span class='ocrx_word' id='word_1_672' title='bbox 575 5061 720 5127; x_wconf 90' lang='lat' dir='ltr'><strong>quod</strong></span> <span class='ocrx_word' id='word_1_673' title='bbox 749 5060 816 5115; x_wconf 92' lang='lat' dir='ltr'><strong>de</strong></span> <span class='ocrx_word' id='word_1_674' title='bbox 842 5075 983 5114; x_wconf 75' lang='lat' dir='ltr'><strong>novo</strong></span> <span class='ocrx_word' id='word_1_675' title='bbox 1007 5060 1313 5128; x_wconf 88' lang='lat' dir='ltr'><strong>productus</strong></span> <span class='ocrx_word' id='word_1_676' title='bbox 1337 5069 1394 5113; x_wconf 90' lang='lat' dir='ltr'><strong>et</strong></span> <span class='ocrx_word' id='word_1_677' title='bbox 1421 5068 1640 5114; x_wconf 86' lang='lat' dir='ltr'><strong>creatus</strong></span> <span class='ocrx_word' id='word_1_678' title='bbox 1663 5059 1852 5114; x_wconf 85' lang='lat' dir='ltr'><strong>fuerit.</strong></span> 
     </span>
    </p>
   </div>
   <div class='ocr_carea' id='block_1_97' title="bbox 1950 4790 3504 4865">
    <p class='ocr_par' dir='ltr' id='par_1_97' title="bbox 1950 4790 3504 4865">
     <span class='ocr_line' id='line_1_97' title="bbox 1950 4790 3504 4865; baseline 0.008 -20"><span class='ocrx_word' id='word_1_679' title='bbox 1950 4793 2214 4845; x_wconf 89' lang='lat' dir='ltr'><strong>luntatem</strong></span> <span class='ocrx_word' id='word_1_680' title='bbox 2247 4790 2551 4854; x_wconf 89' lang='lat' dir='ltr'><strong>habitante,</strong></span> <span class='ocrx_word' id='word_1_681' title='bbox 2591 4791 2827 4863; x_wconf 83' lang='lat' dir='ltr'><strong>ideoque</strong></span> <span class='ocrx_word' id='word_1_682' title='bbox 2877 4799 3206 4865; x_wconf 84' lang='lat' dir='ltr'><strong>appellatum</strong></span> <span class='ocrx_word' id='word_1_683' title='bbox 3242 4800 3414 4857; x_wconf 86' lang='lat' dir='ltr'><strong>fuisse</strong></span> <span class='ocrx_word' id='word_1_684' title='bbox 3445 4803 3504 4858; x_wconf 85' lang='lat' dir='ltr'><strong>Fi</strong></span> 
     </span>
    </p>
   </div>
   <div class='ocr_carea' id='block_1_98' title="bbox 1955 4880 3532 4948">
    <p class='ocr_par' dir='ltr' id='par_1_98' title="bbox 1955 4880 3532 4948">
     <span class='ocr_line' id='line_1_98' title="bbox 1955 4880 3532 4948; baseline 0.009 -14"><span class='ocrx_word' id='word_1_685' title='bbox 1955 4881 2088 4936; x_wconf 90' lang='lat' dir='ltr'><strong>lium</strong></span> <span class='ocrx_word' id='word_1_686' title='bbox 2121 4881 2236 4936; x_wconf 92' lang='lat' dir='ltr'><strong>Dei.</strong></span> <span class='ocrx_word' id='word_1_687' title='bbox 2277 4880 2529 4936; x_wconf 90' lang='lat' dir='ltr'><strong>Dicentes</strong></span> <span class='ocrx_word' id='word_1_688' title='bbox 2569 4883 2732 4938; x_wconf 87' lang='lat' dir='ltr'><strong>etiam</strong></span> <span class='ocrx_word' id='word_1_689' title='bbox 2768 4885 2934 4939; x_wconf 86' lang='lat' dir='ltr'><strong>Deum</strong></span> <span class='ocrx_word' id='word_1_690' title='bbox 2977 4888 3342 4945; x_wconf 73' lang='lat' dir='ltr'><strong>subStantiam</strong></span> <span class='ocrx_word' id='word_1_691' title='bbox 3369 4909 3532 4948; x_wconf 91' lang='lat' dir='ltr'><strong>unam</strong></span> 
     </span>
    </p>
   </div>
   <div class='ocr_carea' id='block_1_99' title="bbox 1953 4981 3532 5057">
    <p class='ocr_par' dir='ltr' id='par_1_99' title="bbox 1953 4981 3532 5057">
     <span class='ocr_line' id='line_1_99' title="bbox 1953 4981 3532 5057; baseline 0.008 -28"><span class='ocrx_word' id='word_1_692' title='bbox 1953 4987 2076 5029; x_wconf 88' lang='lat' dir='ltr'><strong>esse</strong></span> <span class='ocrx_word' id='word_1_693' title='bbox 2097 5014 2111 5038; x_wconf 92' lang='lat'><strong>,</strong></span> <span class='ocrx_word' id='word_1_694' title='bbox 2135 4981 2189 5027; x_wconf 87' lang='lat' dir='ltr'><strong>et</strong></span> <span class='ocrx_word' id='word_1_695' title='bbox 2223 4989 2512 5043; x_wconf 89' lang='lat' dir='ltr'><strong>personam</strong></span> <span class='ocrx_word' id='word_1_696' title='bbox 2537 4991 2724 5042; x_wconf 91' lang='lat' dir='ltr'><strong>unam,</strong></span> <span class='ocrx_word' id='word_1_697' title='bbox 2752 4994 2870 5046; x_wconf 72' lang='lat' dir='ltr'><strong>qua:</strong></span> <span class='ocrx_word' id='word_1_698' title='bbox 2894 4981 3069 5034; x_wconf 85' lang='lat' dir='ltr'><strong>tribus</strong></span> <span class='ocrx_word' id='word_1_699' title='bbox 3088 4984 3405 5040; x_wconf 89' lang='lat' dir='ltr'><strong>nominibus</strong></span> <span class='ocrx_word' id='word_1_700' title='bbox 3436 5002 3532 5057; x_wconf 87' lang='lat' dir='ltr'><strong>ap-</strong></span> 
     </span>
    </p>
   </div>
   <div class='ocr_carea' id='block_1_100' title="bbox 1951 5065 3529 5141">
    <p class='ocr_par' dir='ltr' id='par_1_100' title="bbox 1951 5065 3529 5141">
     <span class='ocr_line' id='line_1_100' title="bbox 1951 5065 3529 5141; baseline 0.011 -25"><span class='ocrx_word' id='word_1_701' title='bbox 1951 5065 2206 5133; x_wconf 86' lang='lat' dir='ltr'><strong>pellatur.</strong></span> <span class='ocrx_word' id='word_1_702' title='bbox 2241 5081 2346 5120; x_wconf 90' lang='lat' dir='ltr'><strong>nec</strong></span> <span class='ocrx_word' id='word_1_703' title='bbox 2376 5065 2429 5118; x_wconf 88' lang='lat' dir='ltr'><strong>in</strong></span> <span class='ocrx_word' id='word_1_704' title='bbox 2461 5066 2722 5133; x_wconf 79' lang='lat' dir='ltr'><strong>Verbum,</strong></span> <span class='ocrx_word' id='word_1_705' title='bbox 2749 5085 2850 5124; x_wconf 86' lang='lat' dir='ltr'><strong>nec</strong></span> <span class='ocrx_word' id='word_1_706' title='bbox 2887 5070 2940 5122; x_wconf 87' lang='lat' dir='ltr'><strong>in</strong></span> <span class='ocrx_word' id='word_1_707' title='bbox 2975 5070 3241 5141; x_wconf 72' lang='lat' dir='ltr'><strong>Spiritum</strong></span> <span class='ocrx_word' id='word_1_708' title='bbox 3275 5089 3529 5133; x_wconf 79' lang='lat' dir='ltr'><strong>sanetum</strong></span> 
     </span>
    </p>
   </div>
   <div class='ocr_carea' id='block_1_101' title="bbox 265 5146 3536 5232">
    <p class='ocr_par' dir='ltr' id='par_1_101' title="bbox 265 5146 3536 5232">
     <span class='ocr_line' id='line_1_101' title="bbox 265 5146 3536 5232; baseline 0.009 -34"><span class='ocrx_word' id='word_1_709' title='bbox 265 5147 477 5232; x_wconf 83' lang='lat' dir='ltr'><strong>Deinde</strong></span> <span class='ocrx_word' id='word_1_710' title='bbox 509 5151 735 5206; x_wconf 91' lang='lat' dir='ltr'><strong>tradidit</strong></span> <span class='ocrx_word' id='word_1_711' title='bbox 773 5151 936 5206; x_wconf 86' lang='lat' dir='ltr'><strong>Pater</strong></span> <span class='ocrx_word' id='word_1_712' title='bbox 961 5150 1123 5217; x_wconf 86' lang='lat' dir='ltr'><strong>Filio,</strong></span> <span class='ocrx_word' id='word_1_713' title='bbox 1160 5153 1256 5219; x_wconf 89' lang='lat' dir='ltr'><strong>qui</strong></span> <span class='ocrx_word' id='word_1_714' title='bbox 1289 5146 1529 5206; x_wconf 82' lang='lat' dir='ltr'><strong>Verbum</strong></span> <span class='ocrx_word' id='word_1_715' title='bbox 1557 5150 1732 5219; x_wconf 88' lang='lat' dir='ltr'><strong>ipsius</strong></span> <span class='ocrx_word' id='word_1_716' title='bbox 1756 5167 1854 5218; x_wconf 90' lang='lat' dir='ltr'><strong>ap-</strong></span> <span class='ocrx_word' id='word_1_717' title='bbox 1950 5157 2272 5212; x_wconf 82' lang='lat' dir='ltr'><strong>credentes:</strong></span> <span class='ocrx_word' id='word_1_718' title='bbox 2297 5156 2920 5232; x_wconf 57' lang='lat' dir='ltr'><strong>eratMI-ﬂﬂhmc</strong></span> <span class='ocrx_word' id='word_1_719' title='bbox 2952 5168 3225 5222; x_wconf 88' lang='lat' dir='ltr'><strong>sententia</strong></span> <span class='ocrx_word' id='word_1_720' title='bbox 3248 5167 3401 5225; x_wconf 90' lang='lat' dir='ltr'><strong>Pauli</strong></span> <span class='ocrx_word' id='word_1_721' title='bbox 3431 5173 3536 5228; x_wconf 89' lang='lat' dir='ltr'><strong>Sa-</strong></span> 
     </span>
    </p>
   </div>
   <div class='ocr_carea' id='block_1_102' title="bbox 263 5229 1846 5303">
    <p class='ocr_par' dir='ltr' id='par_1_102' title="bbox 263 5229 1846 5303">
     <span class='ocr_line' id='line_1_102' title="bbox 263 5229 1846 5303; baseline 0.008 -21"><span class='ocrx_word' id='word_1_722' title='bbox 263 5229 521 5296; x_wconf 86' lang='lat' dir='ltr'><strong>pellatur,</strong></span> <span class='ocrx_word' id='word_1_723' title='bbox 546 5233 858 5301; x_wconf 86' lang='lat' dir='ltr'><strong>imperium,</strong></span> <span class='ocrx_word' id='word_1_724' title='bbox 887 5233 1097 5303; x_wconf 86' lang='lat' dir='ltr'><strong>fuitque</strong></span> <span class='ocrx_word' id='word_1_725' title='bbox 1121 5236 1211 5290; x_wconf 90' lang='lat' dir='ltr'><strong>ille</strong></span> <span class='ocrx_word' id='word_1_726' title='bbox 1246 5238 1508 5291; x_wconf 81' lang='lat' dir='ltr'><strong>caelorum</strong></span> <span class='ocrx_word' id='word_1_727' title='bbox 1527 5249 1581 5293; x_wconf 90' lang='lat' dir='ltr'><strong>et</strong></span> <span class='ocrx_word' id='word_1_728' title='bbox 1600 5250 1774 5303; x_wconf 68' lang='lat' dir='ltr'><strong>terra),</strong></span> <span class='ocrx_word' id='word_1_729' title='bbox 1791 5251 1846 5295; x_wconf 87' lang='lat' dir='ltr'><strong>et</strong></span> 
     </span>
    </p>
   </div>
   <div class='ocr_carea' id='block_1_103' title="bbox 257 5321 1842 5392">
    <p class='ocr_par' dir='ltr' id='par_1_103' title="bbox 257 5321 1842 5392">
     <span class='ocr_line' id='line_1_103' title="bbox 257 5321 1842 5392; baseline 0.007 -20"><span class='ocrx_word' id='word_1_730' title='bbox 257 5321 507 5374; x_wconf 86' lang='lat' dir='ltr'><strong>omnium</strong></span> <span class='ocrx_word' id='word_1_731' title='bbox 528 5338 649 5392; x_wconf 87' lang='lat' dir='ltr'><strong>quae</strong></span> <span class='ocrx_word' id='word_1_732' title='bbox 669 5324 810 5378; x_wconf 92' lang='lat' dir='ltr'><strong>inter</strong></span> <span class='ocrx_word' id='word_1_733' title='bbox 829 5340 890 5378; x_wconf 89' lang='lat' dir='ltr'><strong>ea</strong></span> <span class='ocrx_word' id='word_1_734' title='bbox 909 5334 1038 5380; x_wconf 88' lang='lat' dir='ltr'><strong>sunt</strong></span> <span class='ocrx_word' id='word_1_735' title='bbox 1088 5328 1361 5391; x_wconf 91' lang='lat' dir='ltr'><strong>conditor,</strong></span> <span class='ocrx_word' id='word_1_736' title='bbox 1390 5329 1534 5382; x_wconf 87' lang='lat' dir='ltr'><strong>sicut</strong></span> <span class='ocrx_word' id='word_1_737' title='bbox 1587 5332 1640 5383; x_wconf 91' lang='lat' dir='ltr'><strong>in</strong></span> <span class='ocrx_word' id='word_1_738' title='bbox 1662 5330 1842 5383; x_wconf 75' lang='lat' dir='ltr'><strong>Evan-</strong></span> 
     </span>
    </p>
   </div>
   <div class='ocr_carea' id='block_1_104' title="bbox 259 5415 1840 5484">
    <p class='ocr_par' dir='ltr' id='par_1_104' title="bbox 259 5415 1840 5484">
     <span class='ocr_line' id='line_1_104' title="bbox 259 5415 1840 5484; baseline 0.009 -21"><span class='ocrx_word' id='word_1_739' title='bbox 259 5415 407 5482; x_wconf 82' lang='lat' dir='ltr'><strong>gelio</strong></span> <span class='ocrx_word' id='word_1_740' title='bbox 451 5427 642 5469; x_wconf 89' lang='lat' dir='ltr'><strong>sancto</strong></span> <span class='ocrx_word' id='word_1_741' title='bbox 687 5423 941 5484; x_wconf 89' lang='lat' dir='ltr'><strong>testatur,</strong></span> <span class='ocrx_word' id='word_1_742' title='bbox 974 5418 1198 5474; x_wconf 86' lang='lat' dir='ltr'><strong>dicens:</strong></span> <span class='ocrx_word' id='word_1_743' title='bbox 1227 5420 1365 5472; x_wconf 83' lang='lat' dir='ltr'><strong>Data</strong></span> <span class='ocrx_word' id='word_1_744' title='bbox 1395 5434 1472 5474; x_wconf 79' lang='lat' dir='ltr'><strong>est</strong></span> <span class='ocrx_word' id='word_1_745' title='bbox 1499 5422 1627 5474; x_wconf 81' lang='lat' dir='ltr'><strong>mihi</strong></span> <span class='ocrx_word' id='word_1_746' title='bbox 1671 5426 1840 5477; x_wconf 80' lang='lat' dir='ltr'><strong>omnis</strong></span> 
     </span>
    </p>
   </div>
   <div class='ocr_carea' id='block_1_105' title="bbox 250 5507 1839 5581">
    <p class='ocr_par' dir='ltr' id='par_1_105' title="bbox 250 5507 1839 5581">
     <span class='ocr_line' id='line_1_105' title="bbox 250 5507 1839 5581; baseline 0.008 -27"><span class='ocrx_word' id='word_1_747' title='bbox 250 5515 490 5571; x_wconf 79' lang='lat' dir='ltr'><strong>potestas</strong></span> <span class='ocrx_word' id='word_1_748' title='bbox 512 5507 567 5558; x_wconf 78' lang='lat' dir='ltr'><strong>in</strong></span> <span class='ocrx_word' id='word_1_749' title='bbox 587 5510 741 5560; x_wconf 67' lang='lat' dir='ltr'><strong>catos</strong></span> <span class='ocrx_word' id='word_1_750' title='bbox 765 5519 808 5560; x_wconf 85' lang='lat' dir='ltr'><strong>et</strong></span> <span class='ocrx_word' id='word_1_751' title='bbox 836 5509 892 5560; x_wconf 82' lang='lat' dir='ltr'><strong>in</strong></span> <span class='ocrx_word' id='word_1_752' title='bbox 927 5520 1124 5561; x_wconf 81' lang='lat' dir='ltr'><strong>terram</strong></span> <span class='ocrx_word' id='word_1_753' title='bbox 1149 5511 1169 5540; x_wconf 83' lang='grc'>⁸</span> <span class='ocrx_word' id='word_1_754' title='bbox 1189 5528 1202 5564; x_wconf 86' lang='lat'><strong>:</strong></span> <span class='ocrx_word' id='word_1_755' title='bbox 1226 5509 1325 5564; x_wconf 80' lang='lat' dir='ltr'><strong>fuit</strong></span> <span class='ocrx_word' id='word_1_756' title='bbox 1347 5527 1476 5581; x_wconf 88' lang='lat' dir='ltr'><strong>ergo</strong></span> <span class='ocrx_word' id='word_1_757' title='bbox 1522 5513 1612 5567; x_wconf 88' lang='lat' dir='ltr'><strong>ille</strong></span> <span class='ocrx_word' id='word_1_758' title='bbox 1653 5528 1839 5567; x_wconf 87' lang='lat' dir='ltr'><strong>eorum</strong></span> 
     </span>
    </p>
   </div>
   <div class='ocr_carea' id='block_1_106' title="bbox 263 5597 1843 5676">
    <p class='ocr_par' dir='ltr' id='par_1_106' title="bbox 263 5597 1843 5676">
     <span class='ocr_line' id='line_1_106' title="bbox 263 5597 1843 5676; baseline 0.008 -28"><span class='ocrx_word' id='word_1_759' title='bbox 263 5597 524 5650; x_wconf 82' lang='lat' dir='ltr'><strong>conditor</strong></span> <span class='ocrx_word' id='word_1_760' title='bbox 559 5613 621 5650; x_wconf 87' lang='lat' dir='ltr'><strong>ea</strong></span> <span class='ocrx_word' id='word_1_761' title='bbox 648 5615 771 5666; x_wconf 68' lang='lat' dir='ltr'><strong>ipsa:</strong></span> <span class='ocrx_word' id='word_1_762' title='bbox 804 5599 904 5668; x_wconf 90' lang='lat' dir='ltr'><strong>ipsi</strong></span> <span class='ocrx_word' id='word_1_763' title='bbox 947 5602 1072 5655; x_wconf 85' lang='lat' dir='ltr'><strong>data</strong></span> <span class='ocrx_word' id='word_1_764' title='bbox 1103 5603 1180 5656; x_wconf 88' lang='lat' dir='ltr'><strong>esl</strong></span> <span class='ocrx_word' id='word_1_765' title='bbox 1214 5601 1588 5676; x_wconf 77' lang='lat' dir='ltr'><strong>[potestate.]</strong></span> <span class='ocrx_word' id='word_1_766' title='bbox 1640 5607 1843 5660; x_wconf 87' lang='lat' dir='ltr'><strong>Dcimlc</strong></span> 
     </span>
    </p>
   </div>
   <div class='ocr_carea' id='block_1_107' title="bbox 248 5687 1842 5769">
    <p class='ocr_par' dir='ltr' id='par_1_107' title="bbox 248 5687 1842 5769">
     <span class='ocr_line' id='line_1_107' title="bbox 248 5687 1842 5769; baseline 0.006 -24"><span class='ocrx_word' id='word_1_767' title='bbox 248 5687 623 5759; x_wconf 60' lang='lat'><strong>537-439</strong></span> <span class='ocrx_word' id='word_1_768' title='bbox 648 5689 884 5746; x_wconf 85' lang='lat' dir='ltr'><strong>Verbum</strong></span> <span class='ocrx_word' id='word_1_769' title='bbox 952 5694 1081 5749; x_wconf 90' lang='lat' dir='ltr'><strong>illud</strong></span> <span class='ocrx_word' id='word_1_770' title='bbox 1115 5705 1298 5765; x_wconf 87' lang='lat' dir='ltr'><strong>postea</strong></span> <span class='ocrx_word' id='word_1_771' title='bbox 1329 5712 1394 5752; x_wconf 90' lang='lat' dir='ltr'><strong>ex</strong></span> <span class='ocrx_word' id='word_1_772' title='bbox 1423 5698 1590 5754; x_wconf 83' lang='lat' dir='ltr'><strong>Maria</strong></span> <span class='ocrx_word' id='word_1_773' title='bbox 1631 5699 1842 5769; x_wconf 88' lang='lat' dir='ltr'><strong>virgine</strong></span> 
     </span>
    </p>
   </div>
   <div class='ocr_carea' id='block_1_108' title="bbox 323 5894 931 5962">
    <p class='ocr_par' dir='ltr' id='par_1_108' title="bbox 323 5894 931 5962">
     <span class='ocr_line' id='line_1_108' title="bbox 323 5894 931 5962; baseline 0.008 -13"><span class='ocrx_word' id='word_1_774' title='bbox 323 5897 343 5926; x_wconf 83' lang='grc'><strong><em>⁵</em></strong></span> <span class='ocrx_word' id='word_1_775' title='bbox 398 5894 590 5950; x_wconf 85' lang='lat' dir='ltr'><strong>Matth.</strong></span> <span class='ocrx_word' id='word_1_776' title='bbox 622 5910 814 5962; x_wconf 85' lang='lat' dir='ltr'><strong>xxvut,</strong></span> <span class='ocrx_word' id='word_1_777' title='bbox 842 5898 931 5954; x_wconf 75' lang='grc'><strong>18.</strong></span> 
     </span>
    </p>
   </div>
   <div class='ocr_carea' id='block_1_109' title="bbox 1946 5249 3530 5327">
    <p class='ocr_par' dir='ltr' id='par_1_109' title="bbox 1946 5249 3530 5327">
     <span class='ocr_line' id='line_1_109' title="bbox 1946 5249 3530 5327; baseline 0.013 -28"><span class='ocrx_word' id='word_1_778' title='bbox 1946 5249 2214 5303; x_wconf 89' lang='lat' dir='ltr'><strong>mosateni</strong></span> <span class='ocrx_word' id='word_1_779' title='bbox 2238 5251 2561 5318; x_wconf 74' lang='lat' dir='ltr'><strong>patriarchae</strong></span> <span class='ocrx_word' id='word_1_780' title='bbox 2581 5251 2932 5320; x_wconf 87' lang='lat' dir='ltr'><strong>Antiocheni,</strong></span> <span class='ocrx_word' id='word_1_781' title='bbox 2948 5259 3176 5327; x_wconf 81' lang='lat' dir='ltr'><strong>ejusque</strong></span> <span class='ocrx_word' id='word_1_782' title='bbox 3197 5269 3530 5319; x_wconf 89' lang='lat' dir='ltr'><strong>sectatorum</strong></span> 
     </span>
    </p>
   </div>
   <div class='ocr_carea' id='block_1_110' title="bbox 1951 5339 3528 5421">
    <p class='ocr_par' dir='ltr' id='par_1_110' title="bbox 1951 5339 3528 5421">
     <span class='ocr_line' id='line_1_110' title="bbox 1951 5339 3528 5421; baseline 0.013 -30"><span class='ocrx_word' id='word_1_783' title='bbox 1951 5342 2040 5409; x_wconf 91' lang='lat' dir='ltr'><strong>qui</strong></span> <span class='ocrx_word' id='word_1_784' title='bbox 2076 5339 2384 5397; x_wconf 89' lang='lat' dir='ltr'><strong>Pauliciani</strong></span> <span class='ocrx_word' id='word_1_785' title='bbox 2420 5347 2674 5400; x_wconf 86' lang='lat' dir='ltr'><strong>audiunt.</strong></span> <span class='ocrx_word' id='word_1_786' title='bbox 2733 5347 2903 5401; x_wconf 88' lang='lat' dir='ltr'><strong>Erant</strong></span> <span class='ocrx_word' id='word_1_787' title='bbox 2946 5361 3001 5404; x_wconf 88' lang='lat' dir='ltr'><strong>et</strong></span> <span class='ocrx_word' id='word_1_788' title='bbox 3041 5352 3132 5418; x_wconf 87' lang='lat' dir='ltr'><strong>qui</strong></span> <span class='ocrx_word' id='word_1_789' title='bbox 3198 5365 3528 5421; x_wconf 79' lang='lat' dir='ltr'><strong>assererem,</strong></span> 
     </span>
    </p>
   </div>
   <div class='ocr_carea' id='block_1_111' title="bbox 1955 5435 3530 5514">
    <p class='ocr_par' dir='ltr' id='par_1_111' title="bbox 1955 5435 3530 5514">
     <span class='ocr_line' id='line_1_111' title="bbox 1955 5435 3530 5514; baseline 0.011 -30"><span class='ocrx_word' id='word_1_790' title='bbox 1955 5440 2067 5488; x_wconf 88' lang='lat' dir='ltr'><strong>tres</strong></span> <span class='ocrx_word' id='word_1_791' title='bbox 2098 5449 2221 5489; x_wconf 81' lang='lat' dir='ltr'><strong>esse</strong></span> <span class='ocrx_word' id='word_1_792' title='bbox 2263 5435 2414 5495; x_wconf 88' lang='lat' dir='ltr'><strong>deos.</strong></span> <span class='ocrx_word' id='word_1_793' title='bbox 2451 5438 2541 5505; x_wconf 90' lang='lat' dir='ltr'><strong>qui</strong></span> <span class='ocrx_word' id='word_1_794' title='bbox 2572 5453 2677 5491; x_wconf 91' lang='lat' dir='ltr'><strong>non</strong></span> <span class='ocrx_word' id='word_1_795' title='bbox 2714 5441 2872 5494; x_wconf 88' lang='lat' dir='ltr'><strong>aliter</strong></span> <span class='ocrx_word' id='word_1_796' title='bbox 2910 5457 2970 5494; x_wconf 91' lang='lat' dir='ltr'><strong>se</strong></span> <span class='ocrx_word' id='word_1_797' title='bbox 3001 5443 3235 5498; x_wconf 89' lang='lat' dir='ltr'><strong>habeant</strong></span> <span class='ocrx_word' id='word_1_798' title='bbox 3266 5461 3432 5514; x_wconf 90' lang='lat' dir='ltr'><strong>quam</strong></span> <span class='ocrx_word' id='word_1_799' title='bbox 3470 5459 3530 5502; x_wconf 91' lang='lat' dir='ltr'><strong>ut</strong></span> 
     </span>
    </p>
   </div>
   <div class='ocr_carea' id='block_1_112' title="bbox 1951 5524 3527 5608">
    <p class='ocr_par' dir='ltr' id='par_1_112' title="bbox 1951 5524 3527 5608">
     <span class='ocr_line' id='line_1_112' title="bbox 1951 5524 3527 5608; baseline 0.011 -31"><span class='ocrx_word' id='word_1_800' title='bbox 1951 5524 2147 5588; x_wconf 89' lang='lat' dir='ltr'><strong>bonus,</strong></span> <span class='ocrx_word' id='word_1_801' title='bbox 2183 5537 2234 5580; x_wconf 90' lang='lat' dir='ltr'><strong>et</strong></span> <span class='ocrx_word' id='word_1_802' title='bbox 2270 5531 2470 5591; x_wconf 82' lang='lat' dir='ltr'><strong>malus,</strong></span> <span class='ocrx_word' id='word_1_803' title='bbox 2519 5539 2571 5584; x_wconf 91' lang='lat' dir='ltr'><strong>et</strong></span> <span class='ocrx_word' id='word_1_804' title='bbox 2600 5531 2688 5599; x_wconf 91' lang='lat' dir='ltr'><strong>qui</strong></span> <span class='ocrx_word' id='word_1_805' title='bbox 2725 5533 2888 5586; x_wconf 88' lang='lat' dir='ltr'><strong>medii</strong></span> <span class='ocrx_word' id='word_1_806' title='bbox 2921 5533 2991 5587; x_wconf 87' lang='lat' dir='ltr'><strong>sit</strong></span> <span class='ocrx_word' id='word_1_807' title='bbox 3015 5535 3157 5589; x_wconf 88' lang='lat' dir='ltr'><strong>inter</strong></span> <span class='ocrx_word' id='word_1_808' title='bbox 3194 5552 3292 5591; x_wconf 89' lang='lat' dir='ltr'><strong>eos</strong></span> <span class='ocrx_word' id='word_1_809' title='bbox 3318 5549 3527 5608; x_wconf 77' lang='lat' dir='ltr'><strong>tempe-</strong></span> 
     </span>
    </p>
   </div>
   <div class='ocr_carea' id='block_1_113' title="bbox 1951 5620 3524 5690">
    <p class='ocr_par' dir='ltr' id='par_1_113' title="bbox 1951 5620 3524 5690">
     <span class='ocr_line' id='line_1_113' title="bbox 1951 5620 3524 5690; baseline 0.01 -22"><span class='ocrx_word' id='word_1_810' title='bbox 1951 5620 2226 5682; x_wconf 86' lang='lat' dir='ltr'><strong>ramenti;</strong></span> <span class='ocrx_word' id='word_1_811' title='bbox 2284 5637 2407 5690; x_wconf 70' lang='lat' dir='ltr'><strong>qua:</strong></span> <span class='ocrx_word' id='word_1_812' title='bbox 2458 5621 2756 5678; x_wconf 82' lang='lat' dir='ltr'><strong>Marcionis</strong></span> <span class='ocrx_word' id='word_1_813' title='bbox 2807 5625 3081 5679; x_wconf 84' lang='lat' dir='ltr'><strong>maledicti</strong></span> <span class='ocrx_word' id='word_1_814' title='bbox 3137 5637 3190 5680; x_wconf 86' lang='lat' dir='ltr'><strong>et</strong></span> <span class='ocrx_word' id='word_1_815' title='bbox 3247 5631 3524 5684; x_wconf 79' lang='lat' dir='ltr'><strong>sociorum</strong></span> 
     </span>
    </p>
   </div>
   <div class='ocr_carea' id='block_1_114' title="bbox 1954 5709 3524 5782">
    <p class='ocr_par' dir='ltr' id='par_1_114' title="bbox 1954 5709 3524 5782">
     <span class='ocr_line' id='line_1_114' title="bbox 1954 5709 3524 5782; baseline 0.01 -24"><span class='ocrx_word' id='word_1_816' title='bbox 1954 5709 2128 5776; x_wconf 82' lang='lat' dir='ltr'><strong>ipsius</strong></span> <span class='ocrx_word' id='word_1_817' title='bbox 2196 5713 2467 5765; x_wconf 63' lang='lat' dir='ltr'><strong>sentvntia</strong></span> <span class='ocrx_word' id='word_1_818' title='bbox 2527 5713 2747 5782; x_wconf 87' lang='lat' dir='ltr'><strong>:quiet</strong></span> <span class='ocrx_word' id='word_1_819' title='bbox 2805 5713 3143 5770; x_wconf 82' lang='lat' dir='ltr'><strong>allirmarunt</strong></span> <span class='ocrx_word' id='word_1_820' title='bbox 3200 5716 3524 5774; x_wconf 80' lang='lat' dir='ltr'><strong>Mareioncm</strong></span> 
     </span>
    </p>
   </div>
  </div>
