4076 6412
551 447 568 506 1
581 446 687 508 007

1564 436 1937 497 EUTYCHII
1964 433 2499 495 ALEXANDRI‘NI
2543 434 2761 497 PATR.

3677 447 3808 511 1038

480 556 483 561 ’
548 553 853 625 principem
899 552 1273 625 apostolorum
1312 564 1452 611 esse,
1508 549 1670 602 Petro
1704 546 1957 616 apostolo
1990 544 2130 613 reje-
2163 555 2204 608 Α
2237 543 2564 610 Sabbatum,
2590 546 2779 601 Cihaci
2842 547 3035 601 feriam
3078 549 3317 605 tertiam.
3344 549 3517 607 Natus
3550 564 3634 609 est
3691 570 3816 628 ergo

545 656 658 704 cto.
691 647 794 702 Alii
819 641 1107 719 [denique]
1128 648 1488 699 asseruerunt
1513 638 1857 692 divinitatem
1884 636 2087 692 Christi
2113 654 2126 701 ;

548 755 673 813 quae
699 738 855 794 Pauli
887 736 1124 808 apostoli
1146 733 1428 791 sententia
1458 741 1564 795 est,
1607 744 1706 784 nec
1760 743 1868 782 non
1916 729 2131 798 episco-

547 848 742 903 porum
762 839 1135 886 trecentorum
1164 837 1220 883 et
1242 824 1570 880 octodecim.

618 924 845 981 Auditis
878 924 1121 994 ipsorum
1156 917 1447 975 sententiis
1476 916 1709 972 miratus
1741 922 1827 972 est
1854 915 2128 970 Constan-

549 1019 697 1072 tinus
728 1030 825 1071 rex
856 1015 1003 1069 hanc
1022 1009 1478 1082 discrepantiam,
1505 1010 1779 1080 domoque
1807 1009 1940 1079 ipsis
1967 1021 2126 1077 sepo-

549 1111 656 1165 sita
698 1108 754 1162 in
778 1122 890 1177 qua
927 1107 1044 1161 loca
1084 1103 1221 1175 ipsis
1257 1103 1491 1173 paravit,
1530 1102 1934 1173 disputationes
1979 1101 2126 1168 ipsos

546 1201 743 1256 habere
769 1199 958 1268 jussit,
989 1205 1049 1251 ut
1076 1204 1376 1267 perspecto
1422 1196 1566 1264 apud
1610 1208 1771 1264 quem
1799 1208 1929 1249 vera
1977 1198 2126 1247 esset

545 1293 700 1358 ﬁdes,
741 1293 922 1362 ipsum
975 1297 1323 1360 sequeretur.
1385 1288 1465 1341 illi
1521 1301 1656 1357 ergo
1692 1292 1998 1341 tercentum
2069 1291 2124 1338 et

539 1384 848 1441 octodecim
884 1384 940 1438 in
1000 1398 1167 1444 unam
1215 1381 1399 1446 tidem,
1464 1394 1743 1451 unamque
1794 1378 2120 1434 sententiam

537 1474 941 1533 consenserunt
987 1473 1376 1544 disputantes,
1432 1471 1543 1527 illis
1590 1470 1933 1542 argumentis
2005 1469 2122 1524 suis

536 1570 849 1640 superiores
904 1573 1229 1628 evaserunt,
1287 1563 1565 1632 ﬁdemque
1613 1576 1800 1618 veram
1865 1560 2120 1616 declara-

538 1671 698 1729 runt;
724 1660 922 1731 reliqui
948 1667 1131 1715 autem
1172 1656 1417 1728 episcopi
1461 1655 1757 1712 sententiis
1805 1664 1860 1709 et
1904 1653 2122 1723 religio-

536 1760 701 1813 nibus
727 1757 871 1811 inter
907 1770 969 1811 se
1010 1752 1215 1809 diversi
1244 1752 1489 1807 fuerunt.
1530 1748 1643 1807 Rex
1676 1763 1811 1818 ergo
1856 1746 2120 1803 trecentis

535 1859 590 1906 et
619 1848 929 1905 octodecim
980 1845 1254 1916 episcotpis
1293 1843 1417 1899 istis
1450 1843 1569 1896 loco
1607 1840 1844 1912 quodam
1899 1836 2120 1907 preprio

536 1953 590 1996 et
631 1940 815 2011 amplo
848 1949 1040 2010 parato
1092 1937 1210 2007 ipse
1255 1937 1309 1990 in
1360 1950 1551 1991 eorum
1606 1934 1785 1989 medio
1846 1930 2116 1993 consedit,

537 2045 875 2105 acceptaque
903 2030 1195 2095 annulum,
1218 2027 1464 2099 gladium
1523 2033 1578 2079 et
1620 2032 1898 2094 sceptrum
1957 2036 2118 2077 suum

540 2126 674 2194 ipsis
696 2124 942 2185 tradidit,
961 2120 1337 2190 dicensipsis:
1366 2116 1530 2174 Vobis
1556 2117 1719 2171 hodie
1744 2116 1799 2170 iu
1828 2114 2116 2184 imperium

541 2232 720 2273 meum
752 2222 1076 2287 potestatem
1113 2213 1387 2278 concessi,
1418 2219 1475 2267 ut
1514 2212 1566 2264 in
1595 2224 1662 2265 eo
1705 2206 1873 2280 444
1907 2205 2119 2260 faciatis

536 2308 802 2380 quidquid
840 2306 1020 2362 facere
1048 2305 1212 2360 vobis
1245 2304 1468 2374 expedit
1517 2315 1707 2357 eorum
1739 2315 1860 2370 quae
1884 2298 1950 2353 ad
1985 2298 2118 2352 reli-

535 2403 751 2471 gionem
781 2400 885 2455 rite
931 2397 1317 2455 stabiliendam
1363 2404 1420 2451 et
1471 2394 1712 2449 ﬁdelium
1766 2389 2115 2447 commodum

536 2501 799 2565 spectant.
830 2491 937 2557 Illi,
964 2490 1075 2560 regi
1103 2487 1493 2545 benedicentes
1517 2496 1571 2539 et
1595 2486 1773 2554 ipsum
1799 2482 1980 2554 gladio
2014 2496 2117 2537 suo

537 2588 853 2648 cinxerunt,
883 2583 1130 2638 dicentes
1169 2598 1183 2635 :
1227 2579 1415 2635 Fidem
1477 2577 1835 2634 christianum
1896 2573 2114 2642 publice

536 2675 887 2748 proﬁtearis,
956 2686 1191 2741 eamque
1267 2683 1599 2739 propugnes.
1671 2664 2118 2733 Composueruut

533 2770 696 2825 etiam
731 2771 835 2840 ipsi
888 2768 1060 2832 libros
1104 2763 1500 2835 quadraginta,
1530 2760 1625 2830 qui
1691 2758 2117 2814 constitutiones

530 2873 585 2920 et
617 2865 763 2935 leges
800 2861 1148 2918 continerent
1187 2877 1202 2912 :
1236 2871 1467 2928 quarum
1502 2854 1627 2911 aliae
1653 2853 1786 2923 quid
1822 2851 1935 2918 regi
1973 2852 2117 2907 scire

531 2963 586 3008 et
616 2952 804 3011 facere
825 2950 1110 3020 expediret
1146 2942 1526 3020 [docuerunt,]
1554 2944 1675 2999 aliae
1708 2942 1838 3013 quid
1894 2941 1962 2998 ab
2002 2942 2117 3009 cpi-

545 3045 751 3114 scopis,
783 3058 850 3099 ex
903 3044 972 3097 iis
1004 3024 1135 3111 quae
1186 3042 1241 3095 in
1275 3038 1409 3107 ipsis
1454 3037 1848 3107 comprehensa
1907 3044 2112 3097 essent,

534 3137 651 3191 ﬁeri
682 3136 925 3190 deceret.
950 3131 1188 3189 Concilii
1218 3132 1477 3201 princeps
1515 3137 1571 3183 et
1594 3141 1799 3197 praeses
1828 3134 1949 3181 erat
1986 3125 2115 3179 Ale-

536 3229 746 3283 xander
778 3225 1089 3298 patriarcha
1140 3222 1568 3283 Alexandrinus.
1603 3230 1657 3275 et
1691 3219 1839 3291 [cum
1869 3216 1959 3290 eo]
2000 3217 2113 3272 Eu-

537 3321 780 3376 stathius
808 3320 1125 3389 patriarcha
1155 3316 1552 3381 Antiocbenus,
1585 3322 1641 3369 et
1699 3312 1971 3367 Macarius
2000 3312 2116 3380 epi-

534 3427 735 3484 scopus
767 3408 1313 3482 Hierosolyuitauus,
1354 3407 1634 3479 Sylvester
1674 3405 1981 3475 patriarcha
2009 3405 2120 3460 Ro-

535 3519 731 3559 manus
784 3502 1003 3557 nomine
1038 3515 1140 3557 suo
1173 3498 1312 3555 duos
1363 3499 1514 3554 misit
1564 3495 1895 3560 sacerdotes,
1944 3510 2113 3550 unum

536 3597 758 3652 nomine
781 3593 1086 3659 Victorem,
1124 3592 1359 3649 alterum
1394 3588 1725 3654 Viceutium,
1754 3590 1846 3657 qui
1890 3590 1944 3641 in
1998 3588 2114 3641 Arii

535 3687 928 3757 sociorumque
980 3685 1158 3756 ipsius
1192 3681 1824 3739 excommuuicatiouem
1884 3693 2117 3733 consen-

536 3789 761 3844 serunt;
796 3780 1063 3851 ipsisque,
1092 3793 1157 3833 ac
1210 3776 1465 3833 omnibus
1509 3776 1600 3845 qui
1648 3772 1899 3829 eamdem
1947 3772 2115 3842 proﬁ-

537 3882 789 3931 terentur
843 3870 1204 3935 scnteutiam,
1261 3869 1688 3927 malediaerunt.
1738 3864 1889 3921 Fidei
1945 3865 2111 3920 etiam

533 3966 936 4027 confessionem
968 3964 1289 4029 ediderunt,
1318 3968 1643 4025 statuentes,
1669 3958 1864 4017 Filium
1888 3973 1921 4013 a
1954 3956 2114 4012 Patre

535 4070 660 4114 ante
712 4058 898 4119 omnia
951 4056 1151 4114 stecula
1201 4054 1447 4125 genitum
1503 4042 1709 4119 fuisse;
1749 4051 2114 4120 eumdemque

537 4150 786 4221 ejusdem
828 4165 954 4206 cum
1011 4149 1176 4203 Patre
1242 4157 1475 4211 natura,
1530 4145 1866 4201 increatunt.
1916 4141 2110 4208 Porro,

537 4241 660 4296 urbi
690 4239 1168 4309 Constantinopoli
1190 4237 1564 4308 patriarchatu
1601 4234 1968 4306 praefecerunt
2001 4233 2113 4288 Me-

536 4330 877 4402 tr0pbaoem.
898 4327 1046 4387 Inter
1062 4342 1155 4385 eos
1170 4329 1332 4383 etiam
1354 4325 1606 4381 convenit
1632 4324 1838 4380 Pascha
1860 4324 2114 4379 christia-

539 4435 729 4475 uorum
760 4420 849 4474 die
899 4417 1178 4472 Dominico
1218 4426 1342 4487 post
1384 4412 1694 4468 Judaaorum
1728 4411 1936 4467 Pascha
1964 4412 2111 4467 cele-

2236 636 2501 693 Dominus
2528 650 2717 693 noster
2770 639 2932 696 Jesus
2992 641 3252 699 Christus
3306 645 3576 702 vicesimo
3625 650 3815 718 quinto

2233 729 2320 784 die
2351 731 2565 785 Canuni
2605 733 2829 800 prioris,
2880 734 3074 788 Cihaei
3115 738 3379 792 vicesimo
3403 753 3572 807 nono,
3604 741 3817 814 fuitque

2231 821 2351 876 dies
2371 821 2492 889 ejus
2520 824 2715 878 natalis
2748 825 2878 879 feria
2916 829 3098 883 tertia.
3137 828 3287 883 Diem
3354 847 3488 886 vero
3551 834 3814 904 baptismi

2232 912 2407 982 ipsius
2460 915 2643 984 reperi
2702 915 2873 970 fuisse
2924 918 3059 988 cycli
3110 920 3310 975 solaris
3340 921 3554 976 decimo
3584 935 3812 993 quarto;

2229 1004 2366 1074 cycli
2400 1004 2610 1061 lunaris
2639 1006 2855 1062 decimo
2894 1025 3062 1073 nouo,
3104 1026 3225 1068 cum
3261 1022 3410 1068 esset
3441 1024 3632 1083 epacte
3687 1019 3816 1073 solis

2228 1103 2338 1151 tres
2366 1106 2421 1152 et
2448 1098 2737 1155 dimidium
2798 1111 2852 1157 et
2916 1118 3022 1157 una
3049 1114 3266 1174 quarta.
3298 1106 3441 1161 luna:
3469 1124 3597 1163 vero
3625 1111 3669 1133 “'
3700 1129 3712 1164 :
3751 1126 3810 1166 ac

2226 1190 2439 1258 primus
2473 1191 2689 1247 Canuni
2724 1195 3050 1262 posterioris
3081 1198 3218 1265 dies,
3260 1198 3394 1254 feria
3428 1201 3640 1270 quinta,
3667 1218 3811 1257 men-

2227 1282 2305 1337 sis
2338 1280 2552 1338 Tubabi
2609 1283 2938 1342 Sabbatum.
2969 1286 3101 1343 Fuit
3153 1305 3287 1362 ergo
3341 1292 3613 1362 baptisma
3646 1293 3812 1362 ipsius

2226 1377 2441 1432 illustre
2463 1377 2549 1433 die
2578 1376 2789 1443 Martis,
2824 1390 2979 1436 sexto
3002 1380 3194 1437 Canun
3212 1384 3565 1457 posterioris,
3599 1384 3812 1441 Tubabi

2224 1470 2537 1526 undecimo.
2587 1473 2714 1529 Dies
2778 1484 2958 1531 autem
3000 1478 3379 1534 cruciﬁxiouis
3413 1481 3587 1551 ipsius
3617 1481 3812 1537 saluti-

2226 1562 2352 1618 ferre
2381 1564 2550 1638 m
2577 1567 2767 1621 incidit
2793 1569 2845 1623 in
2881 1569 3154 1625 decimum
3191 1586 3394 1626 nouum
3427 1573 3563 1644 cycli
3594 1574 3811 1641 solaris,

2224 1654 2365 1724 cycli
2416 1671 2548 1711 vero
2618 1658 2827 1713 lunaris
2875 1659 3449 1732 decimumquartum,
3502 1679 3630 1720 cum
3668 1679 3816 1722 esset
3900 1718 3905 1723 .

2216 1752 2406 1810 epacte
2446 1742 2585 1798 solis
2626 1754 2836 1813 septem
2879 1762 3005 1803 cum
3047 1748 3303 1817 dimidio,
3348 1751 3492 1808 luna:
3531 1770 3661 1811 vero
3701 1759 3739 1778 "
3782 1776 3800 1814 :

2216 1842 2271 1886 et
2331 1835 2545 1904 primus
2612 1839 2821 1893 mensis
2880 1840 3047 1908 Adar,
3108 1840 3245 1897 feria
3312 1845 3527 1915 quinta,
3590 1849 3810 1918 primus

2217 1936 2399 1982 autem
2442 1930 2650 1985 mensis
2691 1931 2991 1987 Bormahat
3031 1933 3168 1990 feria
3207 1935 3422 2006 prima,
3481 1948 3534 1995 et
3584 1939 3810 1998 Iuda-ti-

2216 2035 2339 2073 rum
2386 2019 2597 2076 Pascha
2639 2023 2729 2079 die
2767 2024 2953 2092 Jovis,
3013 2026 3178 2083 Adari
3232 2030 3493 2087 vicesimo
3533 2034 3808 2100 secundo,

2218 2114 2311 2181 qui
2361 2113 2676 2171 Bormahati
2730 2130 2849 2171 erat
2895 2119 3189 2176 vicesimus
3224 2132 3436 2178 sextus.
3491 2123 3669 2195 Atque
3700 2126 3806 2183 hoc

2220 2207 2429 2262 indicat
2487 2210 2779 2266 Dominum
2818 2210 3008 2270 Jesum
3071 2212 3279 2270 Pascha
3332 2231 3458 2271 cum
3511 2217 3803 2288 discipulis

2219 2301 2336 2354 suis
2377 2301 2687 2358 comedisse
2724 2303 2813 2359 die
2872 2303 3060 2369 Jovis;
3122 2305 3448 2362 cruciﬁxum
3508 2308 3678 2365 fuisse
3716 2310 3809 2366 die

2221 2389 2473 2457 Veneris,
2525 2395 2694 2451 Adari
2747 2397 3013 2454 vicesimo
3059 2401 3245 2466 tertio,
3284 2400 3606 2458 Bormahati
3660 2406 3812 2461 vice.

2219 2483 2359 2540 simo
2388 2484 2658 2554 septimo;
2685 2501 2751 2541 ac
2780 2489 3153 2545 resurrexisse
3208 2491 3299 2547 die
3325 2491 3480 2557 solis,
3529 2492 3696 2548 A-Jari
3725 2495 3809 2548 vi-

2219 2577 2425 2630 cesiqu
2457 2578 2676 2648 quinto,
2729 2577 3047 2635 Bormahali
3103 2581 3366 2638 vicesimo
3424 2597 3591 2638 nouo.
3645 2584 3814 2638 Chri-

2219 2669 2420 2724 stianis
2460 2686 2611 2736 vero,
2647 2671 2721 2725 uti
2771 2673 2886 2740 jam
2921 2673 3186 2738 diximus,
3222 2677 3277 2729 in
3296 2691 3460 2732 more
3487 2686 3627 2739 erat,
3657 2685 3815 2746 post-

2218 2776 2381 2829 quam
2418 2761 2740 2831 Epiphanite
2764 2762 2968 2821 festum
3022 2764 3398 2821 celebrassent
3430 2768 3515 2821 dic
3538 2771 3810 2836 crastino,

2218 2854 2584 2924 quadraginta
2604 2855 2722 2911 dies
2764 2856 3041 2926 jejunare,
3073 2858 3200 2913 dein
3252 2860 3528 2930 jejunium
3564 2863 3808 2929 solvere,

2218 2940 2664 3017 cumque'Judaei
2718 2949 2934 3005 Pascha
2995 2951 3340 3006 celebrarent
3399 2953 3542 3008 idem
3600 2954 3804 3010 festum

2221 3055 2332 3094 una
2365 3040 2672 3106 celebrare,
2697 3042 2844 3111 quod
2880 3042 3001 3098 dies
3036 3044 3322 3100 Paschalis
3349 3062 3472 3100 cum
3497 3048 3691 3118 jejuuii
3719 3064 3811 3104 so-

2226 3132 2438 3186 lutione
2469 3142 2616 3187 erat.
2651 3131 2925 3197 Vetarunt
2956 3147 3139 3192 autem
3170 3138 3322 3208 ipsos
3355 3140 3548 3195 Patres
3578 3140 3808 3195 trecenti

2145 3253 2186 3310 ε
2223 3223 2531 3280 octodecim
2575 3225 2681 3281 hoc
2711 3225 2915 3293 facere,
2964 3228 3230 3299 jubentes
3266 3231 3475 3287 Pascha
3533 3230 3811 3287 Christia—

2224 3332 2418 3371 norum
2448 3318 2716 3373 celebrari
2776 3320 2865 3373 die
2903 3318 3213 3386 Dominico,
3235 3321 3448 3393 Pascha
3484 3322 3807 3380 Judzorum

2222 3409 2472 3479 proxime
2512 3421 2812 3481 sequente:
2846 3414 3311 3485 prohibentesque
3361 3418 3446 3472 vel
3511 3432 3619 3475 una
3677 3433 3811 3477 cum

2219 3501 2446 3569 Judaeis,
2480 3505 2564 3558 rel
2592 3513 2720 3559 ante
2752 3505 2904 3574 ipsos
2960 3506 3158 3563 festum
3219 3509 3323 3565 hoc
3372 3526 3556 3580 agere,
3614 3526 3813 3566 verum

2218 3606 2416 3650 curare
2438 3603 2498 3648 ut
2543 3610 2761 3665 semper
2791 3595 2999 3653 Pascha
3020 3599 3460 3657 Christianorum
3489 3601 3815 3659 Judteoruna

2220 3684 2434 3739 Pascha
2456 3695 2810 3755 sequeretur.

2291 3772 2618 3835 Statuerutit
2646 3778 2809 3835 etiam
2835 3795 2905 3835 nc
2934 3781 3229 3852 episeOpus
3287 3783 3413 3853 quis
3447 3798 3669 3839 uxorem
3698 3784 3815 3839 ha-
3874 3776 3885 3781 ’

2219 3869 2391 3925 heret.
2411 3871 2458 3925 Δ
2477 3878 2721 3940 ιωιῳθτε
2743 3873 2888 3927 enim
2915 3875 3311 3944 apostolorum,
3336 3891 3508 3944 usque
3533 3877 3599 3929 ad
3619 3879 3817 3933 conci-

2216 3964 2349 4020 liuu:
2399 3972 2768 4019 trecentorum
2825 3965 3132 4021 octodecim
3182 3982 3377 4023 uxores
3425 3968 3560 4038 ipsis
3613 3978 3813 4033 erant,

2217 4056 2352 4111 adeo
2384 4054 2515 4109 utsi
2554 4057 2679 4126 quis
2736 4056 2828 4125 qui
2891 4072 3113 4111 uxorem
3164 4057 3390 4113 duxerat
3440 4056 3814 4131 549-551

2215 4146 2507 4216 episcopus
2557 4148 3014 4211 constitueretur,
3060 4159 3305 4204 maneret
3338 4150 3454 4218 ipsa
3511 4164 3635 4205 cum
3686 4150 3811 4211 illo.

2217 4252 2395 4305 neque
2441 4237 2511 4291 ab
2555 4246 2644 4299 geo
2697 4237 2992 4302 recederet,
3025 4239 3271 4307 exceptis
3312 4239 3659 4308 patriarchis.
3691 4240 3820 4298 Illis

2215 4331 2361 4382 enim
2392 4344 2590 4383 uxores
2612 4344 2719 4383 non
2766 4337 2949 4395 erant,
2994 4345 3175 4400 neque
3222 4334 3575 4401 coniugatum
3608 4348 3820 4403 quem-

2221 4435 2383 4487 quam
2423 4419 2487 4472 ad
2526 4436 2726 4475 munus
2759 4421 2892 4476 illud
2923 4424 3318 4490 provehehant.
3354 4422 3520 4478 Porro
3565 4425 3815 4481 Alcmn-

539 4512 827 4577 bl‘andtllll,
845 4510 1223 4581 uequeeodem
1243 4503 2112 4565 diecoucurreredebereJudaeo-
2148 4501 2189 4553 D
2219 4513 2338 4575 der,
2378 4512 2647 4565 Achillam
2678 4514 2887 4566 socium
2940 4529 3127 4577 suum,
3165 4521 3255 4584 qui
3308 4529 3435 4572 ante
3488 4519 3660 4587 ipsum
3700 4534 3817 4587 pa-

540 4623 657 4660 rum
691 4606 742 4660 et
781 4605 1208 4661 christianorum
1231 4602 1464 4657 Pascha.
1491 4598 1899 4655 Coufinnaruut
1921 4596 2115 4671 M5-

535 4698 697 4775 447
713 4699 874 4755 etiam
896 4698 1168 4755 calculum
1191 4694 1478 4752 Paschalis
1496 4702 1551 4750 et
1570 4692 1765 4763 jejuuil
1792 4710 1819 4745 a
1842 4690 2114 4746 Demetrio

539 4792 849 4863 patriarcha
881 4788 1279 4850 Alexandrino,
1317 4784 1528 4841 Gaiano
1559 4785 1820 4853 episcopo
1868 4782 2117 4837 Hieroso-

539 4887 821 4957 tymitano,
846 4881 1077 4939 Maximo
1106 4877 1412 4948 patriarcha
1435 4875 1796 4936 Antiocbeno,
1820 4883 1875 4930 et
1900 4872 2115 4927 Victore

539 4976 846 5047 patriarcha
864 4973 1111 5029 [ternario
1124 4970 1508 5033 constitutum;
1523 4965 1948 5036 forequejejunii
1969 4963 2112 5032 apud

538 5065 870 5121 christianos
943 5060 1271 5117 solutionem
1338 5058 1532 5117 eodem
1599 5058 1688 5114 die
1742 5073 1852 5128 quo
1903 5055 2112 5111 Pascha

503 5199 509 5206 .
540 5160 806 5228 ipsorum,
830 5154 1045 5213 scilicet
1086 5153 1374 5208 Doutiuico
1396 5150 1709 5209 Iudaeorum
1746 5149 1954 5205 Pascha
1984 5165 2114 5220 pro-

540 5251 684 5306 xime
712 5254 1002 5316 sequente.
1029 5244 1209 5315 quuit
1262 5242 1392 5303 Saitl
1452 5242 1678 5305 Patricii
1736 5243 1906 5308 ﬁlius,
1943 5242 2116 5299 medi-

538 5342 675 5397 cina:
702 5337 983 5396 studiosus
1012 5355 1025 5389 :
1056 5333 1212 5389 Scire
1238 5347 1372 5387 aveo
1399 5347 1512 5402 quo
1541 5332 1630 5388 die
1662 5331 1982 5401 septimanae
2017 5344 2115 5384 na-

538 5446 630 5488 tus
664 5431 737 5489 sit
772 5428 1049 5483 Dominus
1097 5434 1287 5480 noster
1319 5421 1484 5479 Jesus
1517 5422 1796 5489 Christus,
1830 5424 1981 5486 item,
2003 5435 2114 5493 quo

535 5527 624 5588 die
658 5515 1279 5588 crucifixussit,etqu0ti
1303 5516 1508 5570 fuerint
1537 5514 1655 5571 dies
1683 5514 1813 5580 iati;
1863 5514 1918 5568 in
1973 5513 2114 5569 hanc

539 5584 702 5687 igitur
744 5630 859 5669 rem
895 5622 954 5668 ut
1007 5610 1345 5680 inquirerem
1376 5621 1550 5661 anuos
1576 5608 1885 5671 revolvens,
1932 5607 2112 5676 reperi

539 5709 717 5775 ipsum
750 5705 1076 5761 duodecimo
1107 5701 1247 5774 cycli
1275 5700 1471 5756 solaris
1495 5708 1683 5755 natum
1719 5699 1891 5756 fuisse
1912 5704 1977 5768 ",
2011 5716 2114 5753 uu-

543 5796 842 5866 mm-icyeli
894 5796 1126 5855 lunaris,
1183 5794 1465 5860 fuisseque
1506 5801 1621 5846 tum
1680 5803 1931 5860 epactum
1978 5795 2114 5848 solis

546 5894 735 5943 unum,
784 5883 950 5936 Luna
989 5885 1196 5949 vero“,
1224 5883 1457 5953 primum
1496 5884 1704 5938 Canuni
1745 5884 1943 5952 prioris
1972 5884 2112 5939 diem

2227 4602 2469 4657 triarcha
2505 4601 2916 4658 Alexandrinus
2974 4603 3176 4670 fuerat,
3229 4608 3297 4662 de
3333 4610 3505 4679 gradu
3571 4610 3823 4679 patriar—

2220 4694 2367 4748 chali
2400 4694 2625 4763 dejecit,
2651 4694 2781 4764 quia
2812 4694 2941 4749 Ario
2979 4708 3199 4766 recepto
3230 4710 3451 4754 'contra
3504 4701 3646 4756 Petti
3708 4718 3825 4772 pa-

2221 4785 2479 4839 triarcha:
2516 4784 2877 4841 Alexandrini
2912 4784 3234 4841 mandatum
3273 4788 3496 4845 fecerat.
3533 4790 3613 4845 llli
3671 4808 3821 4848 vero

2221 4875 2454 4930 trecenti
2478 4876 2786 4930 octodecim
2820 4875 2884 4930 ad
2929 4876 3048 4931 loca
3081 4893 3180 4935 sua
3212 4878 3426 4935 honore
3481 4880 3664 4936 affecti
3700 4897 3821 4938 re-

2217 4967 2480 5034 dierunt;
2542 4967 2705 5037 idque
2765 4982 2913 5023 anno
2974 4970 3326 5026 Cotrstantini
3385 4972 3527 5039 regis
3582 4974 3825 5029 decimo

2219 5072 2388 5114 nono.
2448 5059 2574 5114 Tria
2635 5069 2816 5114 autem
2879 5060 3096 5116 decreta
3152 5052 3327 5116 edidit
3378 5063 3819 5123 Consmmiuus.

2219 5151 2485 5217 Primum,
2523 5163 2581 5208 ut
2619 5154 2920 5211 confractis
2958 5157 3118 5217 idolis
3158 5172 3351 5213 omnes
3380 5174 3570 5214 eorum
3622 5163 3821 5216 ρυιιοι

2216 5258 2305 5298 res
2337 5259 2367 5297 e
2392 5245 2572 5323 medio
2601 5245 2941 5299 tollerentur.
2974 5246 3318 5312 Secundum,
3370 5265 3439 5305 ue
3480 5251 3603 5319 quis
3634 5259 3818 5309 nota-

2219 5335 2285 5389 rii
2311 5336 2544 5392 forensis
2579 5336 2759 5391 ofﬁcio
2782 5337 3104 5408 fungeretur
3128 5348 3324 5409 praeter
3349 5339 3819 5400 Christianorum

2219 5424 2449 5491 liberos,
2481 5426 2755 5496 iidemque
2787 5428 3078 5498 praefectus
3110 5439 3165 5484 et
3218 5431 3390 5485 duces
3423 5440 3628 5487 essent.
3662 5431 3826 5509 Ter-

2221 5518 2375 5583 tium,
2413 5530 2470 5573 ut
2502 5519 2590 5573 die
2625 5517 2932 5586 Passionis,
2955 5529 3010 5575 et
3041 5521 3216 5590 ipsum
3241 5533 3504 5591 sequente
3546 5526 3635 5579 die
3690 5524 3824 5582 Ve—

2219 5613 2478 5672 neris,ab
2530 5613 2679 5666 omni
2715 5627 2882 5682 opere
2939 5613 3285 5669 abstinerent
3343 5615 3610 5681 homines,
3660 5632 3831 5673 neve

2219 5706 2285 5758 in
2309 5704 2500 5759 iisdem
2526 5705 2774 5773 praelium
2829 5706 3000 5760 ullum
3051 5707 3508 5763 committeretur.
3547 5709 3604 5763 ln
3642 5726 3827 5766 man-

2217 5796 2359 5849 datis
2381 5797 2545 5850 etiam
2579 5796 2726 5849 dedit
2784 5798 3185 5853 Constantinus
3234 5798 3531 5868 imperator
3557 5800 3831 5857 Macario

2218 5890 2468 5958 episcopo
2521 5887 3039 5958 Hierosolymitano,
3088 5898 3147 5947 ut
3212 5894 3447 5961 sepulcri
3507 5905 3559 5948 et
3611 5897 3827 5952 crucis
