4076 6404
283 254 422 321 1069

1726 266 2100 331 ANNALES.

3423 253 3561 319 1010

278 374 399 428 ioca
435 373 798 444 perquireret,
831 384 886 430 et
912 377 1181 439 ecclesias
1217 386 1476 435 strueret.
1506 378 1653 436 Dixit
1708 382 1870 454 quin-
1897 384 1944 443 Α
1973 383 2249 456 perierat:
2289 397 2463 439 annos
2511 380 2705 455 viginti
2739 390 2850 438 tres
2909 378 3070 446 sedit,
3117 378 3246 435 dei‘n
3304 385 3558 434 mortuus

275 466 447 520 etiam
497 465 706 522 llelena
754 465 1103 525 Constantini
1135 479 1354 525 mater:
1406 469 1542 526 Vovi
1601 487 1703 544 ego
1761 473 1869 526 itu-

276 573 402 612 ram
435 572 523 614 me
568 557 949 632 Hierosolyma
992 571 1051 614 ut
1110 563 1428 633 perquisitis
1475 565 1611 619 locis
1662 566 1869 621 sanctis

280 649 402 719 ipsa
434 649 684 706 aediﬁciis
703 667 920 708 ornem.
947 653 1080 709 Cum
1109 670 1240 725 ergo
1271 670 1520 726 magnam
1553 656 1658 728 ipsi
1692 671 1856 727 Optlm

279 742 496 812 cupiam
524 744 757 816 largitus
790 757 956 813 esset,
980 747 1223 818 profecta
1255 759 1336 803 est
1379 748 1544 823 452
1588 750 1728 820 ipsa,
1763 765 1869 806 una

280 849 407 889 cum
431 834 672 892 Macario
696 839 979 910 episcopo,
1009 839 1384 914 Hierosolyma
1398 843 1466 898 ad
1484 858 1701 899 crucem
1724 860 1871 914 qum-

282 924 538 990 reudam.
568 927 663 983 ubi
693 930 1014 985 convocatis
1057 930 1374 987 Iudaeorum
1409 930 1788 1005 Hierosolyma
1821 944 1874 1003 ct

282 1025 529 1073 montem
560 1018 797 1076 Gaiilaeae
854 1021 1218 1078 incolentium
1250 1031 1481 1080 centum
1523 1025 1682 1087 viris.
1744 1041 1870 1079 cum

281 1125 353 1166 ex
375 1112 483 1167 illis
519 1112 708 1167 decem
746 1112 1048 1183 elegisset,
1071 1115 1272 1172 deinde
1295 1131 1359 1170 ex
1397 1116 1533 1186 ipsis
1564 1124 1700 1180 tres,
1733 1133 1870 1185 quo-

283 1215 407 1255 rum
439 1200 530 1255 uni
569 1216 767 1257 nomen
826 1201 1021 1269 Iudas,
1055 1206 1268 1274 rogavit
1306 1215 1367 1260 ut
1420 1205 1528 1277 ipsi
1588 1206 1707 1262 loca
1748 1223 1874 1263 sau-

282 1301 375 1348 cta
406 1293 755 1361 indicarent;
791 1294 869 1350 illi
911 1311 1043 1352 vero
1085 1295 1425 1363 abnuerunt,
1481 1297 1732 1354 dicentes
1767 1299 1871 1353 sibi

283 1384 468 1440 locum
501 1393 692 1441 notum
752 1402 864 1444 non
891 1403 1043 1456 esse;
1103 1403 1279 1461 quare
1329 1390 1480 1461 ipsos
1538 1391 1593 1445 in
1649 1400 1871 1461 puteum

285 1494 431 1549 aqua
454 1495 692 1535 vacuum
727 1481 988 1553 coniecit,
1040 1483 1132 1539 ubi
1167 1498 1290 1539 cum
1324 1490 1536 1555 septem
1570 1484 1690 1541 dies
1745 1500 1873 1556 per-

288 1569 626 1625 mansissent
676 1571 817 1626 nihil
857 1572 1086 1629 edentes
1119 1574 1203 1629 vel
1238 1574 1511 1640 bibentes,
1569 1575 1708 1630 dixit
1764 1586 1872 1630 ter~

287 1662 402 1716 tius
432 1661 523 1717 ille
571 1663 797 1718 nomine
852 1662 1025 1721 Judas
1082 1667 1253 1722 sociis
1310 1666 1469 1724 suis:
1508 1666 1670 1723 Pater
1716 1683 1872 1722 meus

288 1754 410 1810 loca
434 1752 551 1818 illa,
585 1769 711 1825 qua:
736 1756 969 1824 inquirit
997 1757 1196 1813 mulier
1240 1758 1371 1823 ista,
1425 1759 1557 1814 mihi
1588 1759 1872 1823 indicavit,

289 1860 467 1917 eaque
498 1847 645 1917 patri
704 1864 807 1904 suo
862 1850 932 1905 ab
991 1865 1099 1906 avo
1148 1851 1395 1907 indicato
1452 1851 1642 1909 fuisse.
1682 1852 1877 1908 Excla-

292 1948 507 1995 mantes
537 1954 669 2010 ergo
709 1941 906 2013 reliqui
958 1941 1097 2008 duo,
1155 1957 1281 1997 cum
1335 1959 1366 1999 e
1417 1953 1584 2014 puteo
1643 1944 1874 2001 extracti

289 2027 553 2098 fuissent,
587 2029 807 2088 Helenae
837 2042 1165 2101 narrarunt,
1196 2034 1329 2105 quid
1384 2034 1523 2107 ipsis
1549 2046 1877 2093 narraverat

286 2120 485 2180 ludas.
518 2122 691 2191 Quem
723 2139 850 2182 cum
895 2127 1080 2199 ﬂagris
1133 2129 1270 2186 caedi
1330 2129 1617 2201 iussisset,
1654 2131 1876 2187 confes-

290 2230 386 2271 sus
418 2225 504 2270 est
538 2216 628 2271 ille
674 2232 736 2274 se
775 2218 957 2274 locum
1007 2234 1210 2288 nosse;
1269 2221 1661 2293 profectusque
1698 2222 1876 2279 donec

290 2305 363 2362 ad
391 2306 516 2362 loca
553 2307 645 2365 ubi
681 2321 870 2367 essent
925 2313 1242 2380 sepulcrum
1293 2325 1350 2372 et
1402 2315 1651 2371 craniutu
1684 2333 1875 2385 perve-

292 2398 532 2468 nissent,
564 2398 690 2472 (fuit
718 2409 901 2458 autem
935 2402 1092 2461 locus
1141 2404 1389 2462 timetum
1450 2406 1735 2478 magnum)
1770 2408 1874 2463 ibi-

291 2505 402 2561 que
428 2506 623 2560 preces
654 2491 893 2550 fundens
916 2496 1055 2553 dixit
1087 2496 1379 2563 :Domine,
1399 2500 1446 2554 si
1470 2498 1638 2555 fuerit
1668 2500 1722 2555 in
1752 2500 1874 2555 loco

292 2582 768 2654 istesepulcrum,
799 2584 885 2641 fac
924 2594 985 2641 ut
1039 2596 1311 2643 tremente
1366 2589 1455 2644 hic
1516 2598 1663 2644 terra
1715 2596 1877 2645 exeat

296 2674 506 2737 fumus,
538 2690 649 2744 quo
682 2676 928 2732 credam.
962 2676 1256 2735 Tremente
1314 2694 1447 2751 ergo
1499 2680 1623 2736 loco
1661 2680 1877 2738 exiente

291 2766 421 2823 inde
454 2764 609 2822 fumo
638 2768 1015 2837 suaveolente,
1041 2771 1297 2830 credidit.
1332 2771 1582 2843 Cumque
1609 2772 1875 2843 jussisset

287 2862 499 2918 Helena
521 2863 702 2919 locum
734 2863 957 2932 pulvere
1010 2865 1231 2930 nudari,
1269 2875 1657 2937 apparuerunt
1692 2870 1876 2939 sepul-

289 2971 448 3011 crum
488 2963 545 3010 et
579 2956 830 3012 eranium
867 2974 883 3012 :
925 2965 982 3013 at
1008 2957 1187 3014 tribus
1241 2958 1316 3014 ibi
1376 2960 1639 3017 crucibus
1696 2977 1878 3032 reper-

290 3050 384 3117 tis,
409 3049 695 3117 Quomodo
720 3052 925 3123 (inquit
953 3051 1182 3125 Helena)
1202 3054 1591 3128 dignoscemus
1620 3072 1870 3124 quaenam

290 3139 533 3213 ipsarum
553 3159 687 3199 crux
700 3144 905 3201 ChriSIi
924 3144 1110 3202 fuerit?
1129 3147 1306 3218 Prope
1323 3157 1504 3203 autem
1516 3147 1878 3223 453-455

297 3236 437 3304 ipsis
469 3234 646 3290 adfuit
681 3237 908 3306 quidam
945 3237 1137 3293 morbo
1185 3239 1477 3294 admodum
1511 3240 1664 3310 gravi
1722 3239 1877 3296 labo-

292 3341 428 3383 rans
463 3327 606 3384 adeo
642 3337 703 3385 ut
735 3331 885 3386 nulla
940 3331 1138 3385 salutis
1190 3346 1318 3402 spes
1373 3331 1481 3402 ipsi
1540 3344 1874 3401 superesset,

282 3421 391 3497 cui
420 3419 689 3490 impositae
716 3437 913 3479 cruces
965 3424 1141 3493 prima
1172 3433 1224 3479 et
1281 3425 1523 3480 secunda
1566 3425 1705 3480 nihil
1754 3440 1880 3495 pro.

299 3513 562 3578 fuerunt;
611 3515 1021 3583 quamprimum
1069 3525 1256 3571 autem
1293 3516 1455 3572 tertia
1515 3517 1625 3588 ipsi
1660 3520 1877 3575 admota

293 3602 423 3667 fuit,
448 3604 691 3660 surrexit
713 3611 952 3676 aegrotus
970 3606 1164 3661 morbo
1194 3622 1297 3662 suo
1327 3608 1543 3676 penitus
1590 3610 1876 3678 liberatus,

289 3708 361 3749 ac
395 3696 618 3751 sanitati
652 3699 959 3754 restitutus.
992 3696 1147 3753 Unde
1170 3700 1325 3754 novit
1363 3699 1568 3757 Helena
1598 3719 1719 3759 eam
1766 3703 1876 3760 Do-

298 3787 438 3841 mini
470 3788 647 3844 nostri
688 3788 918 3857 Christi,
950 3805 1060 3844 non
1094 3790 1217 3846 sine
1270 3793 1627 3850 veneratione
1676 3811 1878 3852 memo-

290 3879 500 3945 randi,
533 3895 755 3935 crucem
809 3879 1005 3937 fuisse.
1056 3881 1233 3949 Quam
1282 3898 1417 3955 ergo
1468 3885 1642 3942 thecae
1697 3902 1876 3943 aureae

292 3971 606 4042 impositam
656 3986 845 4028 secum
887 3977 1192 4044 asportavit
1224 3992 1239 4039 ;
1274 3984 1330 4032 et
1359 3982 1731 4049 quodcunque
1776 3979 1879 4034 Do-

292 4064 447 4119 mino
475 4074 666 4120 nostro
684 4064 912 4122 Christo
963 4068 1314 4123 reconditum
1346 4069 1528 4127 fuerat
1578 4071 1647 4127 ad
1702 4072 1871 4129 filium

290 4170 455 4213 suum
487 4156 916 4216 Constantinum
948 4160 1199 4219 abduxit.
1247 4162 1668 4236 Exstructisque
1696 4168 1873 4223 eccle-

291 4249 376 4305 sia
405 4248 881 4319 Resurreetionis,
912 4264 967 4310 et
992 4257 1184 4312 cranio
1231 4264 1293 4313 et
1317 4259 1553 4314 ecclesia
1600 4260 1874 4316 Constan-

292 4344 394 4398 tini
427 4360 648 4402 reversa
671 4354 778 4412 est,
823 4347 982 4424 jpsso
1011 4347 1257 4405 Macario
1296 4349 1558 4421 episcopo
1606 4352 1872 4409 Hieroso-

290 4436 555 4507 lymitano
587 4439 827 4509 reliquas
847 4439 1110 4496 ecclesias
1134 4450 1447 4510 exstruere.

364 4524 591 4582 Factum
622 4536 710 4583 est
747 4530 851 4585 hoc
876 4544 1024 4585 anno
1060 4531 1277 4600 imperii
1324 4530 1674 4586 Constantini
1727 4533 1876 4589 vice-

288 4617 432 4672 simo
455 4621 723 4675 secundo.
774 4619 947 4677 Porro
998 4638 1027 4675 a
1082 4631 1213 4677 nato
1261 4621 1492 4680 Domino
1534 4623 1759 4680 Christo
1805 4626 1873 4682 ad

288 4712 665 4769 inventionem
706 4715 897 4772 crucis
928 4704 1057 4770 anni
1111 4715 1336 4772 fuerunt
1392 4719 1624 4774 trecenti
1681 4719 1873 4791 viginti

285 4814 436 4860 octo.
486 4806 646 4862 Anno
716 4817 898 4864 autem
965 4810 1180 4880 imperii
1215 4810 1563 4867 Constantini
1609 4813 1874 4869 vicesimo

287 4899 472 4965 primo
501 4900 845 4958 constitutus
878 4913 962 4957 est
1005 4903 1351 4959 Athanasius
1400 4906 1721 4974 patriarcha
1759 4908 1877 4962 Me-

287 4991 619 5058 xandrinus,
657 4995 753 5064 qui
782 4996 1019 5063 scriptor
1079 4996 1230 5052 fuit:
1280 5012 1456 5052 annos
1511 4999 1874 5069 quadraginta

293 5099 393 5138 sex
450 5085 617 5141 sedit.
662 5088 822 5141 Anno
879 5087 1095 5157 imperii
1155 5089 1333 5159 ipsius
1398 5091 1664 5146 vicesimo
1711 5095 1876 5149 tertio

289 5177 631 5234 constitutus
662 5189 757 5235 est'
779 5178 1032 5234 Valerius
1097 5183 1413 5252 patriarcha
1471 5184 1873 5252 Antiochenus,

289 5266 383 5329 qui
419 5282 596 5323 annos
648 5272 903 5327 undecim
962 5273 1128 5339 sedit,
1183 5275 1383 5332 deinde
1439 5287 1691 5336 mortuus
1740 5292 1875 5336 eat:

290 5359 532 5419 Arianus
564 5362 685 5419 fuit.
716 5365 878 5422 Anno
924 5366 1176 5435 ejusdem
1212 5368 1473 5425 vicesimo
1526 5387 1674 5428 nouo
1704 5371 1880 5431 factus

289 5459 378 5507 est
408 5451 780 5513 Maximianus
827 5458 1125 5529 episcopus
1174 5458 1734 5534 Hierosolymitanus,
1797 5470 1881 5521 vir

295 5544 547 5610 humilis,
571 5555 626 5601 et
681 5550 997 5609 cuiocuius
1052 5550 1243 5609 dexter
1287 5561 1556 5623 tempore
1592 5556 1878 5613 seditionis

367 5733 385 5763 "
419 5731 579 5788 Joau.
612 5750 651 5801 ι,
685 5735 718 5788 5
751 5749 873 5805 sqq.

1906 4441 1951 4498 Β
1981 4451 2281 4505 Eumenius
2321 4467 2335 4503 :

1969 490 2075 535 est.
2101 483 2261 534 Anno
2300 478 2469 552 456
2509 478 2722 547 imperii
2758 475 3008 547 ejusdem
3060 473 3330 530 vicesimo
3382 472 3549 527 tertio

1971 580 2222 624 mortuus
2248 578 2331 625 est
2358 567 2743 638 Metrophanes
2789 564 3105 636 patriarcha
3170 560 3561 619 Constantino-

1973 663 2245 732 poliianus
2289 678 2414 717 cum
2449 671 2564 717 tres
2613 675 2790 716 annos
2828 657 3154 713 cathedram
3213 661 3558 725 occupasset,

1974 756 2262 826 factusque
2324 763 2408 811 est
2461 762 2583 824 post
2637 754 2817 824 ipsum
2883 748 3198 805 Alexander
3247 746 3560 818 patriarcha

1970 849 2652 920 ConstantinOpoiitanus,
2699 848 2792 918 qui
2833 852 2960 901 octo
3010 857 3184 900 annos
3225 840 3402 908 sedit',
3439 839 3561 893 dein

1975 949 2231 997 mortuus
2263 948 2369 997 est.
2401 939 2578 996 Porro
2633 938 2913 996 Eusebius
2959 934 3296 992 Nicomediae
3349 931 3566 1003 episco-

1974 1055 2077 1108 pus
2108 1048 2162 1093 et
2193 1039 2383 1094 socius
2418 1036 2620 1108 ipsius,
2669 1036 2875 1106 quibus
2895 1047 3003 1089 una
3035 1047 3158 1089 cum
3212 1030 3345 1085 Ario
3393 1028 3566 1082 male-

1974 1129 2231 1185 tiixerunt
2267 1129 2497 1185 trecenti
2528 1137 2584 1184 et
2633 1127 2964 1192 octodecim,
3005 1125 3073 1181 ad
3134 1121 3564 1179 Constantinum

1978 1222 2305 1277 accedentes
2336 1236 2494 1290 opem
2545 1221 2723 1290 ipsius
2765 1219 3158 1290 implorarunt,
3214 1221 3476 1285 rogantes
3508 1221 3568 1266 ut

1976 1315 2216 1382 receptis
2248 1314 2384 1384 ipsis
2441 1312 2888 1370 maledictionem
2938 1309 3152 1365 irritam
3203 1304 3454 1362 faceret:
3506 1319 3568 1360 se

1976 1409 2247 1479 siquidem
2284 1407 2418 1463 Ario
2447 1407 2673 1476 ejusque
2726 1405 3055 1461 sententiam
3098 1399 3366 1470 amplexis
3394 1396 3568 1453 male-

1976 1504 2182 1570 dicere,
2208 1504 2573 1565 eamdemque
2617 1515 2782 1570 quam
2843 1495 3074 1552 trecenti
3124 1492 3432 1549 octodecim
3487 1489 3563 1544 illi

1977 1596 2134 1649 fidem
2165 1593 2430 1665 protitcri.
2460 1591 2717 1661 Reccptis
2748 1604 2881 1658 ergo
2925 1586 3062 1658 ipsis
3084 1600 3182 1641 rex
3225 1579 3568 1638 maledictio~

1978 1698 2102 1737 nem
2131 1682 2380 1749 sustulit,
2403 1690 2459 1735 et
2494 1679 2791 1736 Eusebium
2826 1673 3308 1731 Nicomediensem
3344 1683 3566 1727 assum-

1982 1783 2133 1846 ptum
2178 1772 2556 1845 patriarcham
2606 1765 3095 1838 Constantinopoli
3138 1762 3407 1836 praefecit.
3464 1761 3570 1816 He-

1981 1869 2102 1924 lena
2123 1875 2305 1922 autem
2341 1865 2510 1922 misso
2568 1863 2710 1919 duce
2773 1861 3011 1934 quodam
3063 1858 3252 1914 multis
3296 1857 3571 1912 instructo

1980 1960 2199 2030 opibus,
2246 1957 2536 2014 ecclesiam
2576 1954 2745 2010 Rohae
2776 1953 3076 2017 exstruxit,
3096 1951 3208 2017 cui,
3229 1957 3363 2006 utet
3396 1947 3575 2005 eccleo

1980 2049 2080 2106 siis
2106 2046 2503 2119 Hierosolymis
2530 2045 2857 2109 exstructis,
2895 2059 3020 2099 cum
3053 2042 3220 2098 finem
3276 2038 3572 2110 imposuis—

1979 2145 2123 2203 sent,
2155 2135 2473 2194 consecrari
2541 2148 2638 2191 eas
2692 2133 2867 2188 voluit
2922 2134 3246 2202 imperator,
3288 2142 3451 2200 quem
3512 2127 3567 2182 in

1982 2230 2143 2285 tinem
2172 2227 2468 2284 Eusebium
2493 2226 2862 2297 patriarcham
2895 2221 3567 2293 Constantinopolitanum

1979 2322 2354 2395 Hierosolyma
2392 2320 2880 2393 proliciscijussit‘,
2931 2318 3120 2385 ibique
3180 2316 3567 2386 episcoporum

1978 2416 2275 2472 concilium
2304 2400 2546 2471 indicere
2570 2421 2629 2468 ut
2666 2414 2910 2468 locorum
2962 2407 3365 2465 consecrationi
3397 2406 3571 2462 intrr-

1977 2522 2183 2569 essent.
2252 2509 2593 2582 Scripsitque
2655 2504 3056 2563 Constantinus
3129 2505 3431 2574 imperator
3500 2499 3568 2555 ad

1979 2605 2343 2662 Athanasium
2373 2601 2744 2672 patriarcham
2789 2596 3231 2655 Alexandrinum
3271 2600 3332 2648 ut
3363 2599 3418 2647 et
3451 2591 3570 2662 ipse

1978 2693 2313 2752 declicationi
2347 2692 2436 2748 isti
2478 2692 2789 2754 interesset,
2828 2696 2889 2744 ut
2938 2688 3087 2742 dicto
3148 2699 3250 2741 suo
3300 2683 3571 2752 obseque-

1978 2797 2151 2853 retur,
2179 2802 2279 2842 ncc
2307 2786 2353 2840 ei
2373 2782 2740 2859 457-459
2762 2781 3172 2852 immorigerum
3200 2792 3258 2833 se
3281 2776 3565 2846 praeberet.

1982 2895 2238 2935 monens.
2265 2876 2458 2947 Nepoti
2485 2877 2650 2930 etiam
2683 2889 2808 2940 suo,
2833 2873 2923 2929 cui
2965 2885 3165 2928 nomen
3205 2867 3565 2931 Delmatinus,

1981 2974 2036 3028 in
2066 2972 2340 3027 mandatis
2372 2972 2545 3032 dedit.
2591 2978 2650 3024 ut
2686 2967 2979 3024 concilium
3019 2965 3155 3021 illud
3181 2963 3377 3030 adiret,
3405 2968 3570 3032 atque

1901 3099 1947 3162 α
1982 3067 2037 3121 in
2073 3066 2211 3121 urbe
2249 3064 2394 3136 Tyro
2431 3071 2703 3118 maneret.

2050 3157 2184 3213 Cum
2238 3170 2369 3226 ergo
2404 3155 2471 3211 de
2501 3154 2923 3211 consecratione
2976 3152 3120 3208 inter
3151 3151 3304 3222 ipsos
3350 3165 3568 3206 conve-

1980 3255 2178 3319 nisset,
2209 3249 2592 3322 Hierosolyma
2625 3247 2935 3310 tendentes,
2971 3247 3026 3301 in
3060 3244 3196 3300 urbe
3245 3241 3393 3315 Tyro
3427 3257 3570 3300 con-

1981 3345 2185 3417 gregali
2216 3352 2377 3409 sunt;
2410 3342 2500 3399 ubi
2530 3340 2826 3398 adfuerunt
2852 3336 3221 3394 Maximianus
3245 3334 3571 3392 Monoculus

1981 3441 2277 3511 episcopus
2310 3435 2874 3507 Hierosolymitauus,
2924 3429 3269 3487 Athanasius
3331 3428 3569 3497 patriar-

1980 3532 2082 3585 cha
2108 3526 2540 3592 Alexandrinus,
2568 3522 2825 3581 Valerius
2858 3521 3170 3593 patriarcha
3193 3520 3572 3578 Antiochenus

1985 3638 2111 3677 cum
2170 3609 2446 3691 episcopis
2499 3616 2878 3693 compluribus
2932 3626 3244 3685 magnaque
3280 3611 3567 3667 hominum

1982 3712 2356 3768 multitudine.
2406 3707 2535 3765 Fuit
2577 3708 2781 3764 ibidem
2830 3708 2885 3762 in
2936 3704 3174 3760 concilio
3202 3703 3430 3774 quidam
3473 3716 3571 3758 no-

1982 3809 2127 3861 mine
2156 3803 2484 3868 Eumenius,
2516 3814 2741 3871 unaque
2779 3814 2904 3854 cum
2954 3800 3075 3868 ipso
3102 3797 3291 3869 plures
3316 3798 3410 3867 qui
3453 3797 3567 3850 Arii

1981 3896 2311 3954 sententiam
2355 3892 2852 3964 amplectebantur.
2886 3888 3193 3946 Subinnuit
3234 3903 3368 3959 ergo
3400 3885 3570 3942 Euse-

1980 3989 2098 4044 bius
2138 3985 2450 4058 patriarcha
2497 3981 3147 4052 Constantinopolitanus
3197 3979 3465 4035 Eumenio
3509 3984 3569 4033 ut

1978 4079 2332 4150 quaestionem
2356 4076 2663 4157 Athanasio.
2686 4074 3015 4146 patriarchae
3040 4071 3418 4130 Alexandrino
3446 4084 3567 4126 mo-

1977 4181 2148 4228 veret.
2186 4169 2463 4227 Eusebius
2493 4168 2791 4240 siquidem,
2818 4168 2920 4224 etsi
2957 4165 3026 4221 ad
3073 4179 3260 4236 regem
3313 4177 3572 4219 reversus

1981 4265 2264 4337 professus
2315 4271 2463 4320 esset
2503 4277 2565 4318 se
2603 4260 2735 4316 Ario
2777 4259 3144 4324 contrarium,
3187 4258 3332 4315 idem
3383 4265 3568 4314 tamen

1980 4374 2105 4414 cum
2162 4357 2257 4413 ilio
2312 4355 2606 4418 sentiebat,
2657 4363 2823 4425 atque
2869 4354 3176 4411 asserebat.
3246 4351 3396 4406 Dixit
3435 4365 3571 4422 ergo

2384 4448 2505 4505 Non
2563 4449 2853 4505 affirmavit
2905 4449 3073 4504 Arius
3129 4444 3418 4504 Christum
3478 4460 3574 4501 res

1982 4555 2224 4604 creasse,
2281 4556 2497 4605 verum,
2546 4555 2643 4609 per
2700 4539 2877 4608 ipsum
2932 4551 3024 4594 res
3076 4536 3254 4595 fuisse
3307 4545 3566 4592 creatas:

1983 4636 2160 4704 ipsum
2189 4634 2335 4690 enim
2365 4630 2604 4688 Verbum
2635 4645 2759 4686 esse
2785 4628 2881 4684 Dei
2913 4644 3026 4700 quo
3058 4639 3246 4686 creata
3291 4636 3422 4686 sunt
3451 4642 3569 4683 coe-

1984 4725 2096 4780 lum
2126 4731 2183 4780 et
2211 4732 2354 4778 terra
2390 4740 2403 4775 :
2437 4734 2658 4776 creasse
2693 4720 2840 4775 enim
2878 4719 3047 4775 Deum
3076 4722 3169 4775 res
3208 4734 3305 4790 per
3325 4717 3565 4773 Verbum

1984 4833 2168 4885 suum,
2201 4827 2255 4872 at
2279 4814 2518 4871 Verbum
2571 4814 2691 4878 ejus
2739 4827 2827 4866 res
2868 4812 3013 4867 istas-
3050 4825 3159 4865 non
3207 4818 3429 4866 creasse
3465 4824 3483 4863 :
3513 4819 3568 4862 et

1984 4910 2130 4964 sicut
2150 4907 2290 4962 dixit
2311 4904 2574 4960 Dominus
2590 4901 2845 4957 Christus
2871 4902 2926 4956 in
2948 4900 3268 4971 Evangelia,
3296 4899 3364 4955 Et
3387 4901 3569 4955 omnia

1982 5017 2076 5071 per
2122 5000 2296 5069 ipsum
2326 5001 2559 5070 fuerunt,
2589 5007 2638 5051 et
2669 4996 2783 5050 sine
2811 4997 2925 5066 ipso
2968 5010 3077 5050 non
3116 4996 3221 5065 fuit
3253 4995 3566 5067 quidquam,

1986 5109 2170 5147 eorum
2200 5107 2319 5163 qure
2353 5093 2591 5160 fuerunt.
2638 5090 2933 5156 Dixitque:
2966 5088 3071 5144 Per
3114 5090 3288 5159 ipsum
3324 5088 3428 5158 fuit
3456 5090 3566 5143 vita

1980 5197 2029 5241 et
2062 5186 2169 5240 rita
2208 5186 2303 5239 tua:
2329 5195 2447 5239 erat
2462 5183 2753 5237 hominum.
2782 5180 2913 5241 item
2948 5199 2962 5235 :
3005 5181 3066 5236 In
3110 5183 3315 5237 mundo
3345 5183 3473 5254 fuit,
3518 5193 3569 5236 et

1985 5279 2214 5335 mundus
2243 5275 2411 5351 460
2440 5293 2532 5347 per
2563 5279 2734 5347 ipsum
2775 5275 2953 5345 [actus
2984 5286 3061 5332 est
3089 5286 3135 5334 ".
3197 5277 3408 5333 Retulit
3434 5291 3566 5346 ergo

1982 5388 2070 5427 res
2105 5387 2198 5441 per
2243 5372 2422 5441 ipsum
2483 5369 2655 5425 factas
2707 5366 2901 5430 fuisse,
2952 5384 3069 5423 non
3110 5376 3293 5423 autem
3347 5366 3412 5420 ab
3445 5367 3566 5436 ipso

1979 5465 2152 5520 factas
2186 5479 2340 5519 esse:
2378 5462 2525 5527 Haec,
2571 5460 2778 5530 inquit,
2823 5469 2943 5514 erat
2979 5459 3092 5513 Arii
3145 5460 3440 5517 sententia,
3474 5473 3565 5513 ve—

1980 5573 2099 5612 rum
2134 5556 2366 5613 trecenti
2394 5555 2697 5612 octodecim
2729 5552 2829 5615 illi,
2868 5552 3059 5621 inique
3090 5566 3217 5607 cum
3254 5553 3374 5622 ipso
3400 5566 3567 5621 agen-
