4076 6404
520 209 656 276 1011

1541 211 1916 277 EUTYCHlI
1952 207 2492 269 ALEXANDRINI
2535 207 2753 269 PATR.

3647 193 3792 259 1012

512 334 616 392 les,
665 330 864 399 injuria
912 331 1070 388 illum
1120 342 1284 402 atque
1337 330 1615 388 immerito
1646 314 2099 385 excommunica-
2130 325 2176 381 Α
2207 320 2315 385 tiit,
2353 320 2446 375 tibi
2483 320 2606 375 oleo
2637 316 2958 373 chrismatis
2988 314 3264 379 confecto,
3307 310 3460 368 nullo
3502 308 3792 402 episcopo—

510 432 661 477 runt.
687 423 786 479 Cui
824 426 1106 495 respondit
1145 424 1481 480 Athanasius
1504 420 1813 493 patriarcha
1845 419 2086 472 Alexan-

466 546 473 553 -
509 512 708 569 drinus
742 516 913 571 :Ario
954 515 1092 570 nihil
1142 516 1282 572 falso
1318 516 1664 586 impegeruut
1700 511 1941 581 episcOpi
1978 519 2088 565 tre-

511 605 658 659 centi
719 606 1024 662 octodecim
1054 649 1069 674 ,
1114 624 1216 664 nec
1262 608 1462 677 injuria
1494 589 1697 674 ‘ipsum
1761 602 2086 659 affecerunt.

511 696 818 754 Aﬂirmavit
860 701 1005 757 enim
1060 703 1176 772 ipse
1214 719 1228 756 :
1260 700 1459 755 Filium
1524 699 1735 770 absque
1788 698 1949 752 Patre
1999 712 2088 750 res

511 805 748 848 creasse.
802 793 957 860 Quod
985 794 1031 850 si
1068 810 1156 852 res
1196 809 1228 849 a
1257 793 1398 850 Filio
1426 799 1626 851 creata:
1671 791 1898 859 fuerint,
1927 791 1999 845 ita
2031 798 2089 843 ut

516 878 677 936 Pater
718 881 963 951 ipsarum
1011 890 1229 938 creator
1261 897 1372 939 non
1416 883 1520 948 sit,
1586 890 1853 953 sequetur
1907 881 2089 949 ipsum

513 969 646 1024 nihil
692 973 916 1027 omnino
972 986 1159 1029 earum
1203 987 1459 1035 creasse.
1509 973 1657 1045 quod
1709 972 1830 1029 falsi
1882 972 2088 1027 crimen

515 1067 748 1121 intentat
780 1066 856 1122 illi
903 1069 1048 1135 quod
1095 1070 1153 1125 in
1182 1068 1485 1141 Evangelio
1521 1069 1731 1126 dictum
1763 1081 1849 1126 est
1877 1088 1892 1124 :
1925 1069 2091 1124 Pater

511 1174 660 1212 meus
688 1169 852 1223 creat,
882 1171 931 1214 et
955 1178 1047 1232 ego
1085 1163 1245 1217 creo'
1281 1182 1294 1218 :
1332 1161 1627 1233 Dixitque:
1660 1159 1718 1217 Si
1757 1178 1862 1217 non
1891 1162 2089 1233 faciam

507 1264 600 1317 ego
627 1265 783 1316 opera
814 1250 1000 1307 Patris
1047 1256 1169 1320 mei,
1199 1271 1262 1309 ne
1294 1253 1423 1310 mihi
1465 1253 1756 1310 credatis”.
1791 1254 1903 1310 Nec
1941 1267 2087 1308 non:

506 1337 655 1394 Sicut
690 1342 853 1398 Pater
882 1346 1110 1415 viciﬁcat
1133 1364 1287 1419 quem
1317 1347 1448 1414 vult,
1487 1356 1537 1402 et
1566 1357 1734 1404 morte
1778 1348 1979 1419 aﬁirit;
2011 1348 2091 1401 ita

505 1441 557 1486 et
590 1431 768 1489 Filius
794 1438 1024 1507 uiviﬂcat
1047 1456 1197 1509 quem
1223 1444 1354 1508 vult,
1384 1452 1434 1497 et
1464 1451 1635 1497 morte
1669 1442 1826 1512 afﬁcit
1856 1443 1900 1474 ¹⁰
1934 1460 1948 1496 :
1980 1452 2091 1510 quo

508 1529 769 1595 ostendit,
793 1547 852 1585 se
877 1540 930 1587 et
962 1532 1241 1590 viviticare
1260 1543 1314 1589 et
1335 1542 1510 1591 morte
1535 1536 1771 1603 allicere,
1792 1545 1848 1589 et
1866 1546 2087 1591 creare:

506 1628 674 1692 atque
702 1621 828 1678 hinc
867 1625 1138 1680 mendacii
1163 1626 1416 1699 arguitur
1438 1627 1688 1698 quisquis
1714 1628 1889 1696 ipsum
1935 1641 2090 1682 erea-

504 1721 682 1769 torem
725 1731 850 1772 esse
901 1720 1202 1788 negaverit,
1253 1735 1319 1776 ac
1372 1735 1460 1777 res
1506 1738 1599 1788 per
1649 1721 1827 1790 ipsum
1870 1728 2085 1775 creatas

506 1804 701 1871 fuisse,
739 1810 815 1864 ita
845 1817 903 1864 ttt
926 1811 1047 1881 ipse
1075 1826 1262 1867 earnm
1301 1825 1520 1869 creator
1564 1828 1674 1869 non
1709 1812 1891 1868 fuerit.
1924 1811 2082 1879 Quod

503 1910 686 1957 autem
713 1903 875 1971 dicis,
911 1921 998 1963 res
1029 1923 1124 1978 per
1162 1909 1341 1979 ipsum
1375 1910 1548 1966 factas
1582 1909 1752 1966 fuisse
1774 1951 1789 1976 ,
1832 1925 1933 1966 nos
1965 1924 2075 1965 non

503 1990 836 2061 dubitamus,
873 2012 999 2052 cum
1035 1998 1247 2064 tierent,
1287 2000 1564 2056 Christum
1601 2002 1832 2068 dixisse,
1875 2017 2082 2073 easque

504 2081 683 2140 factas
711 2084 901 2152 fuisse,
936 2092 1082 2160 quod
1127 2093 1306 2148 innuit
1334 2093 1483 2150 dicto
1510 2110 1651 2150 suo:
1692 2093 1981 2166 Egofacio,
2032 2104 2085 2150 et

499 2173 666 2231 Pater
691 2178 841 2248 facit,
872 2191 1156 2240 creaturas
1178 2193 1231 2239 et
1256 2187 1446 2241 vitam.
1483 2186 1697 2242 Dictum
1727 2190 1871 2243 enim
1902 2198 2077 2255 tuum,

502 2267 609 2324 Per
657 2271 838 2344 ipsum
891 2276 1048 2332 factae
1095 2288 1228 2334 sunt
1274 2294 1380 2341 res,
1435 2295 1501 2334 eo
1533 2281 1671 2337 redit
1707 2289 1765 2335 ut
1810 2281 2083 2352 significet

500 2361 679 2433 ipsum
732 2382 825 2424 eas
852 2367 1214 2443 ἀει-463
1254 2387 1492 2437 creasse,
1533 2389 1737 2443 easque
1764 2389 1855 2443 per
1892 2374 2073 2444 ipsum

500 2462 714 2511 creatas
761 2456 966 2515 fuisse:
1014 2475 1174 2516 secus
1210 2461 1378 2526 enim,
1406 2463 1603 2517 horum
1638 2464 1910 2519 dictorum
1940 2467 2080 2522 alte-

501 2563 620 2601 rum
652 2548 808 2606 alteri
841 2555 1268 2612 contradiceret.
1298 2556 1565 2612 Praeterea
1598 2559 1880 2628 respondit
1908 2560 2080 2616 Atha-

498 2643 690 2699 nasius
719 2644 1011 2714 Euutenio,
1043 2649 1275 2707 dicens:
1312 2649 1471 2718 Quod
1502 2652 1571 2707 ad
1619 2668 1810 2710 eorum
1844 2671 1910 2710 ex
1955 2656 2073 2710 Arii

495 2736 722 2791 asseelis
767 2741 1097 2795 sententiam
1148 2744 1243 2814 qui
1307 2744 1499 2800 dicunt
1549 2743 1768 2801 Patrem
1833 2749 2076 2806 voluisse

494 2827 723 2897 aliquid,
753 2830 951 2888 Filium
978 2844 1163 2891 autem
1193 2837 1325 2893 illud
1349 2854 1605 2906 creasse;
1644 2850 1704 2896 ut
1734 2842 1782 2897 si
1814 2843 2075 2899 voluntas

493 2921 695 2988 Patris,
720 2927 927 2981 creatio
956 2926 1102 2992 Filii,
1135 2930 1273 2987 falsa
1312 2941 1398 2988 est
1429 2942 1483 2989 et
1523 2934 1650 3000 illa;
1691 2933 1889 2990 Filium
1917 2937 2065 2991 enim

494 3024 742 3071 creatum
799 3036 922 3076 esse
980 3031 1266 3092 autumat;
1322 3027 1469 3083 unde
1518 3027 1818 3101 [sequitur]
1891 3024 2150 3100 partesC

493 3112 663 3165 ereati
697 3112 749 3167 in
785 3114 1063 3171 creatione
1095 3119 1339 3187 potiores
1398 3135 1521 3177 esse
1568 3122 1819 3189 partibus
1860 3134 2078 3179 creato-

493 3204 601 3271 ris;
636 3222 761 3260 cum
795 3208 886 3262 ille
932 3219 986 3264 et
1040 3212 1274 3267 voluerit
1315 3224 1367 3267 et
1401 3215 1632 3281 fecerit;
1685 3215 1776 3270 hic
1812 3218 2072 3284 voluerit,

492 3309 548 3350 at
593 3314 702 3353 non
749 3300 964 3355 fecerit.
1000 3302 1150 3360 Illius
1177 3307 1345 3375 igitur
1382 3317 1590 3376 partes,
1624 3310 1680 3363 in
1710 3325 1776 3365 eo
1810 3312 1956 3379 quod
1997 3310 2076 3365 fe-

491 3391 653 3455 cerit,
690 3393 928 3461 potiores
956 3405 1117 3451 erunt
1148 3414 1310 3467 quam
1354 3400 1537 3470 hujus.
1566 3400 1709 3467 Quin
1746 3416 1803 3457 et
1849 3419 2077 3459 necesse

491 3491 575 3536 est
632 3492 690 3535 ut
735 3483 924 3538 eadem
957 3484 1029 3538 sit
1076 3487 1223 3542 illius
1272 3489 1415 3543 ratio
1459 3492 1513 3544 in
1554 3508 1618 3546 eo
1645 3493 1789 3559 quod
1839 3495 2076 3548 voluerit

494 3574 601 3639 hic,
639 3574 973 3642 perﬁciendo
1001 3594 1125 3648 qua:
1164 3580 1462 3651 cujuslibet
1490 3586 1703 3652 agentis
1744 3601 1775 3640 e
1807 3588 2076 3642 creaturis

491 3664 545 3718 in
588 3665 681 3719 illo
712 3669 858 3737 quod
891 3670 959 3725 ab
992 3671 1110 3739 ipso
1142 3671 1257 3725 fieri
1292 3673 1523 3728 voluerit
1544 3683 1759 3729 creator
1783 3675 2072 3733 faciendo:

489 3760 796 3830 eodemque
843 3764 1004 3820 modo
1039 3781 1098 3821 se
1132 3766 1338 3823 habent
1386 3778 1636 3838 respectu
1689 3772 1994 3825 coactionis
2022 3783 2076 3828 et

493 3853 707 3909 arbitrii
762 3855 1062 3914 libertatis.
1100 3859 1258 3925 Quod
1311 3860 1357 3915 si
1407 3871 1632 3917 coactus
1670 3865 1864 3933 egerit,
1917 3865 2079 3921 nullae

491 3956 656 4002 erunt
694 3949 817 4018 ejus
862 3951 915 4004 iu
964 3954 1177 4008 actione
1213 3960 1433 4029 partes;
1467 3955 1551 4009 sin
1584 3955 1777 4022 libere,
1827 3957 1942 4013 fieri
1977 3972 2077 4027 po—

493 4051 602 4098 test
629 4051 687 4096 ut
734 4043 818 4100 vel
845 4045 1208 4116 obsequatur,
1257 4047 1342 4102 vel
1378 4048 1791 4120 immorigerum
1826 4065 1885 4106 se
1931 4067 2079 4121 pra:-

490 4135 642 4203 beat,
674 4142 727 4191 et
769 4146 829 4192 ut
858 4139 941 4194 vel
973 4141 1200 4209 praemio
1232 4140 1520 4208 alliciatur,
1574 4145 1659 4199 vel
1702 4157 1866 4215 paena
1906 4160 1918 4196 :
1958 4160 2078 4213 qua:

493 4228 680 4283 dicere
709 4231 1011 4287 absurdum
1049 4243 1154 4289 est.
1188 4234 1362 4290 Aliter
1401 4238 1567 4291 etiam
1615 4237 1796 4292 eidem
1848 4253 2078 4307 respon-

2199 425 2317 462 rum
2394 417 2681 478 praesente,
2745 405 3019 462 Ecelesias
3083 412 3434 459 consecratas
3497 399 3619 454 oleo
3680 397 3792 452 isto

2197 500 2375 565 unxit,
2423 500 2621 555 deinde
2681 498 2749 553 ad
2803 498 3191 566 imperatorem
3238 510 3298 550 se
3339 491 3630 548 conferens
3679 488 3793 558 ipsi

2196 589 2326 661 quid
2386 588 2608 646 fecisset
2664 588 3055 655 annuntiavit,
3108 588 3202 658 qui
3257 587 3473 643 honore
3528 583 3789 639 ah‘ectum

2195 680 2580 735 Alexandriam
2613 681 2846 736 remisit.
2883 679 2965 735 ira
2992 688 3177 735 autem
3209 685 3515 733 commotus
3560 682 3647 731 est
3677 673 3789 727 im-

2196 780 2416 843 perator
2454 772 2512 827 in
2554 772 2856 829 Eusebium
2888 768 3264 843 patriarcham
3321 766 3798 835 Constantinopo-

2196 863 2450 928 litanum,
2485 864 3049 935 posuituitqueipsum
3100 860 3248 932 quod
3294 874 3421 916 eum
3450 857 3519 914 ad
3552 857 3801 928 patriar-

2197 954 2417 1009 chatum
2453 962 2734 1010 evexerat.
2788 952 3030 1010 Profecti
3066 951 3268 1009 deinde
3316 949 3526 1013 caeteri,
3580 948 3680 1019 qui
3729 947 3789 1001 in

2199 1046 2333 1102 urbe
2367 1044 2514 1118 Tyro
2556 1047 2878 1117 congregati
2931 1045 3173 1111 fuerant,
3223 1042 3469 1113 episcopi
3520 1040 3791 1095 Hieroso-

2198 1138 2362 1208 lyma,
2413 1138 2744 1194 invenerunt
2800 1137 3165 1193 Athanasium
3192 1134 3586 1206 lpatriarcham
3635 1134 3791 1201 ipsos

2197 1230 2531 1301 praevertisse
2580 1229 2844 1285 ecclesias
2914 1229 3317 1286 consecrando.
3373 1225 3597 1281 Festum
3653 1237 3793 1294 ergo

2196 1337 2458 1391 magnum
2484 1322 2828 1378 celebrantes
2855 1321 2928 1377 ob
2958 1319 3322 1379 ecclesiarum
3354 1316 3790 1375 dedicationem,

2197 1413 2494 1483 laetitiaque
2523 1412 2734 1485 ingenti
2762 1410 2997 1483 perfusi,
3028 1411 3234 1466 reversi
3259 1417 3412 1465 sunt.

2268 1504 2496 1561 Factum
2526 1514 2613 1560 est
2643 1505 2750 1560 hoc
2786 1519 2932 1559 anno
2967 1502 3186 1573 imperii
3218 1498 3569 1557 Constantini
3618 1494 3796 1549 trice-

2198 1596 2360 1653 simo.
2397 1596 2649 1652 Mortuus
2666 1604 2752 1651 est
2775 1604 2957 1651 autem
2991 1592 3266 1649 Eusebius
3295 1589 3607 1662 patriarcha
3638 1587 3795 1641 Con-

2123 1683 2163 1742 Β
2193 1686 2736 1756 stantinopolitanus,
2786 1700 2909 1740 cmn
2944 1685 3100 1740 ‘duos
3134 1697 3312 1738 annos
3351 1681 3606 1743 sedisset,
3646 1678 3795 1748 ipsi-

2191 1796 2301 1851 que
2329 1778 2679 1835 maledictum
2703 1786 2872 1843 esset,
2901 1776 3352 1845 substitutusque
3372 1780 3460 1827 est
3499 1772 3554 1826 in
3590 1773 3779 1826 locum

2188 1874 2365 1943 ipsius
2401 1870 2761 1945 “5-567
2797 1866 3276 1938 Constantinopoli
3307 1865 3509 1919 Paulos
3546 1862 3789 1933 patriar-

2190 1967 2317 2034 cha,
2341 1967 2434 2036 qui
2472 1981 2596 2021 cum
2625 1974 2867 2037 quatuor
2896 1978 3069 2019 annos
3090 1961 3323 2019 sedisset
3358 1961 3426 2015 ab
3450 1960 3788 2028 imperatore

2183 2058 2552 2113 Constantino
2591 2057 2870 2129 relegatus
2912 2064 3020 2112 est.
3056 2055 3231 2109 Porro
3274 2052 3449 2106 vetuit
3496 2051 3785 2106 Constan-

2185 2152 2338 2207 tinus
2367 2151 2689 2220 imperator,
2729 2164 2796 2205 ne
2829 2148 2956 2219 quis
3001 2146 3227 2204 Iudaeus
3279 2143 3661 2214 Hierosolyma
3696 2141 3787 2195 in-

2184 2245 2413 2308 coleret,
2448 2250 2546 2297 aut
2573 2256 2672 2313 per
2719 2255 2785 2296 ea
2824 2240 3123 2305 transiret;
3180 2247 3358 2294 morte
3418 2235 3587 2291 etiam
3636 2232 3785 2289 allici

2178 2336 2345 2409 jussit
2374 2349 2567 2390 omnes
2602 2332 2695 2405 qui
2744 2334 3066 2405 religionem
3089 2330 3460 2387 Christianam
3508 2343 3620 2382 non
3657 2341 3783 2381 am-

2183 2426 2579 2496 plecterentur.
2621 2424 2827 2481 Christi
2888 2438 3021 2496 ergo
3055 2437 3255 2477 nomen
3304 2419 3541 2489 professi
3587 2425 3721 2474 sunt
3750 2433 3787 2472 e

2183 2518 2439 2591 gentibus
2489 2533 2555 2574 ac
2593 2517 2802 2574 Iudaeis
2834 2515 3252 2587 quamplurimi,
3285 2529 3351 2569 ac
3388 2513 3592 2584 passim
3628 2510 3786 2567 obti-

2187 2612 2312 2675 nuit
2390 2611 2859 2668 christianismus.
2906 2609 3231 2664 Nuntiatum
3277 2615 3362 2664 est
3404 2616 3583 2662 autem
3633 2605 3789 2660 Con-

2184 2703 2432 2760 stantino
2482 2703 2802 2774 imperatori
2850 2702 3082 2759 Judzeos
3128 2710 3282 2756 metu
3327 2698 3521 2754 mortis
3567 2697 3783 2753 Christi

2178 2795 2400 2866 quidem
2430 2794 2753 2863 religionem
2786 2795 3056 2864 profiteri,
3094 2801 3153 2848 at
3181 2807 3337 2847 suam
3381 2788 3606 2846 interim
3641 2787 3784 2842 reti-

2181 2901 2333 2942 nere.
2369 2885 2619 2957 Rogante
2638 2899 2770 2955 ergo
2794 2885 3147 2955 imperatore:
3172 2882 3462 2950 Quomodo
3487 2881 3592 2935 hoc
3621 2889 3783 2935 certo

2184 2978 2463 3034 sciemus?
2504 2978 2791 3050 respondit
2839 2976 3043 3032 Paulus
3094 2975 3412 3046 patriarcha
3444 2972 3781 3029 Constanti-

2183 3070 2537 3140 nopolitauus
2581 3087 2595 3123 :
2650 3070 2793 3124 Caro
2824 3069 3049 3138 porcina
3086 3069 3205 3139 lege
3247 3067 3416 3121 vetita
3470 3072 3579 3129 est,
3604 3078 3778 3133 quare

2179 3177 2301 3218 eam
2330 3177 2438 3217 non
2473 3161 2770 3216 comedunt
2799 3159 3009 3226 Judaei;
3040 3159 3175 3228 jube
3221 3173 3354 3227 ergo
3389 3156 3619 3212 mactari
3649 3170 3779 3224 por-

2181 3270 2306 3317 cos,
2374 3268 2438 3308 ac
2491 3253 2650 3323 coqui
2698 3267 2889 3307 eorum
2942 3265 3364 3319 carnetn.-qu:e
3428 3258 3593 3304 sectae
3647 3247 3783 3301 huic

2178 3342 2443 3413 gustanda
2491 3343 2830 3411 praebeatur;
2866 3340 2911 3396 si
2953 3340 3078 3410 quis
3107 3341 3253 3393 enim
3296 3352 3416 3393 eam
3446 3353 3557 3391 non
3585 3350 3781 3390 conie-

2179 3433 2354 3496 derit,
2406 3431 2548 3485 scies
2583 3430 2764 3499 ipsum
2810 3430 2864 3483 in
2917 3428 3204 3497 judaismo
3266 3426 3447 3480 adhuc
3496 3435 3782 3494 perstare.

2177 3522 2275 3578 Cui
2310 3521 2709 3577 Constantinus
2748 3521 3050 3590 imperator
3081 3537 3092 3571 :
3139 3517 3198 3573 Si
3229 3516 3456 3588 (inquit)
3486 3532 3616 3572 caro
3642 3530 3781 3585 por-

2180 3613 2302 3667 cina
2328 3612 2447 3680 lege
2472 3609 2641 3665 vetita
2677 3609 2772 3672 sit,
2804 3607 3084 3678 quomodo
3119 3607 3282 3662 nobis
3317 3621 3383 3661 ea
3411 3607 3584 3668 vesci,
3619 3604 3781 3659 aliis-

2180 3719 2289 3773 que
2338 3701 2583 3757 eamdem
2649 3700 3037 3756 comedendam
3108 3700 3355 3769 praebere
3400 3697 3621 3753 licebit?
3662 3696 3782 3751 Re-

2179 3794 2399 3862 spondit
2421 3792 2623 3848 Paulus
2653 3792 3001 3862 patriarcha:
3030 3792 3501 3858 Domiuus‘noster
3520 3789 3781 3845 Christus

2182 3882 2502 3955 [ejusmodi]
2532 3882 2721 3937 omnia
2744 3897 2865 3955 quae
2902 3881 2959 3935 in
2984 3881 3103 3950 lege
3125 3887 3259 3935 sunt
3291 3880 3606 3950 abrogavit,
3632 3893 3777 3934 nova

2181 3976 2342 4031 nobis
2372 3975 2491 4046 lege
2536 3975 2664 4035 lata,
2705 3972 2958 4027 videlicet
2982 3973 3303 4043 Evangelio.
3382 3973 3530 4026 Dixit
3558 3988 3692 4040 ergo
3720 3972 3777 4026 in

2184 4075 2544 4125 sacrosancto
2593 4064 2910 4135 Evangelio,
2942 4064 3303 4136 Quodcunque
3359 4082 3416 4119 os
3475 4065 3783 4134 ingreditur

2180 4160 2446 4215 hominem
2479 4174 2585 4213 non
2614 4159 2842 4228 polluit,
2866 4160 3081 4215 scilicet
3114 4157 3384 4227 quidquid
3423 4158 3776 4223 comeditur;

2179 4252 2443 4306 hominem
2486 4266 2604 4307 vero
2638 4249 2808 4323 468
2840 4250 3033 4319 polluit
3074 4250 3330 4320 quidquid
3374 4266 3441 4304 ea:
3488 4265 3783 4320 ore.egre-

490 4321 608 4427 diu.
635 4318 691 4376 Si
722 4323 955 4428 creator
989 4333 1273 4429 creaturas
1317 4344 1449 4384 suas
1486 4345 1580 4399 per
1617 4330 1878 4386 Creatum
1925 4346 2079 4387 crea—
2104 4369 2157 4429 Ι)
2183 4339 2331 4393 ditur
2356 4340 2425 4407 “,
2457 4318 2937 4395 scilicet—stultitia
2985 4346 3041 4392 et
3086 4318 3407 4401 inﬁdelitas,
3436 4349 3491 4393 et
3518 4338 3569 4391 id
3596 4318 3779 4407 genus

492 4414 656 4478 verit,
701 4415 811 4470 erit
850 4415 974 4472 sine
1017 4416 1185 4472 dubio
1217 4419 1449 4476 Creatus
1490 4421 1635 4475 alius
1686 4435 1717 4473 a
1768 4422 2064 4489 Creatore;

490 4508 793 4564 autumatis
829 4524 965 4580 ergo
1016 4509 1334 4566 Creatorem
1366 4526 1478 4581 per
1525 4513 1692 4567 alium
1747 4529 1946 4586 agere;
1976 4516 2070 4584 qui

491 4605 675 4652 autem
718 4613 817 4669 per
864 4600 1032 4654 alium
1082 4601 1195 4671 agit
1233 4602 1554 4672 perlicieute
1587 4602 1696 4658 isto
1743 4619 1885 4675 opus
1909 4606 2072 4660 habet

492 4706 604 4760 quo
634 4706 731 4761 per
763 4691 919 4748 illum
955 4704 1082 4764 agat
1135 4710 1262 4751 cum
1298 4695 1421 4752 sine
1455 4695 1550 4752 illo
1600 4712 1710 4751 non
1759 4699 2080 4766 perficiatur

490 4784 595 4854 ipsi
619 4784 983 4859 “50pm;
1007 4790 1100 4858 qui
1130 4798 1310 4844 autem
1339 4790 1449 4844 alio
1481 4804 1621 4860 opus
1652 4791 1836 4856 habet,
1874 4791 2078 4864 imper-

490 4877 673 4935 fectus
702 4887 807 4944 est,
835 4881 983 4950 quod
1012 4882 1160 4937 absit
1184 4892 1243 4937 ut
1272 4883 1341 4937 de
1369 4883 1627 4939 Creatore
1656 4883 1894 4940 dicatur.
1930 4884 2068 4941 Cum

491 4984 624 5037 ergo
671 4970 1018 5041 profligasset
1057 4975 1397 5030 Athanasius
1440 4975 1791 5033 Alexandria.-
1838 4979 2076 5047 patriar-

490 5062 618 5124 cha,
648 5065 1149 5122 contradicentium
1178 5076 1528 5137 argumenta,
1561 5069 1698 5124 adeo
1735 5080 1795 5124 ut
1816 5073 2075 5125 omnibus

488 5154 583 5223 qui
616 5152 849 5210 aderant
876 5168 1173 5226 appareret
1200 5158 1412 5215 falsitas
1437 5177 1627 5215 eorum
1653 5177 1776 5231 quae
1802 5161 2074 5227 dicereut,

489 5244 807 5300 conturbati
855 5246 936 5301 illi
981 5255 1035 5301 et
1088 5249 1298 5319 pudore
1349 5249 1546 5306 suffusi
1601 5251 1655 5304 in
1708 5253 2073 5307 Athanasium

491 5332 767 5394 irruentes
818 5338 1022 5396 ictibus
1053 5343 1198 5398 male
1249 5345 1536 5398 multatum
1573 5360 1709 5414 pene
1736 5357 2065 5400 enecarunt.

490 5429 595 5496 Qui
626 5445 761 5501 ergo
791 5447 822 5488 e
861 5433 1119 5489 manibus
1166 5435 1413 5505 ipsorum
1445 5450 1477 5491 a
1512 5436 1831 5493 Dalmateno
1876 5446 2077 5507 nepote

493 5525 847 5591 imperatoris
886 5536 1109 5597 ereptus
1138 5527 1518 5600 Hierosolyma
1549 5528 1675 5600 fuga
1716 5532 1941 5599 elapsus
1981 5545 2075 5601 pe-

2181 4433 2309 4488 alia.
2344 4433 2560 4488 Dictum
2591 4432 2754 4487 etiam
2806 4440 2894 4487 est
2943 4446 2972 4484 a
3010 4431 3178 4485 Paulo
3205 4431 3460 4499 apostolo
3502 4432 3556 4485 in
3593 4430 3781 4499 priore

2180 4527 2246 4583 ad
2276 4527 2430 4583 urbis
2465 4524 2717 4582 Corinthi
2751 4524 2960 4580 incolas
2989 4522 3232 4593 Epistula
3263 4540 3275 4576 :
3307 4524 3471 4577 Cibus
3518 4526 3689 4578 uentri
3722 4536 3781 4578 et

2182 4628 2354 4676 venter
2386 4618 2525 4680 cibo,
2560 4616 2698 4671 Deus
2722 4624 2901 4670 autem
2930 4624 3211 4686 utrumque
3255 4614 3486 4670 abolebit
3520 4617 3587 4671 “.
3621 4616 3780 4669 Scri-

2181 4723 2333 4781 ptum
2361 4708 2527 4762 etiam
2557 4707 2612 4760 in
2642 4706 2795 4760 Actis
2842 4705 3239 4776 apostolorum,
3276 4703 3440 4760 Petro
3492 4707 3776 4775 apostolo-

2188 4816 2307 4856 rum
2359 4798 2612 4869 principi,
2657 4813 2781 4854 Clllll
2831 4799 2883 4853 in
2935 4799 3071 4853 urbe
3115 4797 3376 4868 Joppensi
3411 4809 3576 4863 esset,
3622 4798 3775 4852 domi

2187 4887 2291 4942 viri
2340 4886 2629 4956 cujusdam
2693 4888 2955 4954 coriarii,
3007 4888 3229 4943 nomine
3277 4886 3560 4952 Simonis,
3607 4898 3777 4958 atque

2187 4981 2386 5037 aedium
2418 4989 2620 5036 tectum
2657 4980 2790 5035 hora
2823 4981 2926 5036 dici
2961 4990 3117 5036 sexta
3147 4981 3341 5035 orandi
3361 4981 3536 5052 gratia
3568 4996 3772 5035 ascen-

2186 5073 2378 5137 disset,
2410 5072 2679 5128 incidisse
2709 5087 2988 5139 somnum,
3038 5072 3329 5143 ipsumque
3373 5072 3574 5128 coelum
3610 5087 3773 5140 aper—

2186 5173 2300 5219 tum
2351 5167 2731 5236 conspexisse,
2768 5174 2933 5235 atque
2984 5180 3114 5220 ecce
3171 5166 3519 5220 descendisse
3563 5181 3594 5220 e
3622 5179 3776 5220 cano

2182 5254 2411 5309 linteum
2443 5270 2700 5325 magnum
2733 5255 2908 5309 donec
2940 5265 3140 5309 terram
3173 5255 3533 5324 pet-lingeret.
3567 5255 3617 5308 in
3653 5271 3774 5323 quo

2181 5357 2340 5401 erant
2372 5347 2578 5415 qumvis
2612 5345 2991 5413 quadrupedis
3032 5352 3088 5400 et
3119 5346 3267 5408 ferai.
3319 5360 3385 5401 ac
3438 5346 3676 5415 rcptilia,
3704 5361 3776 5402 ac
3822 5352 3827 5357 '

2182 5440 2433 5495 volucres
2463 5438 2611 5504 creti,
2648 5453 2864 5508 unaque
2905 5453 3095 5493 vocem
3136 5439 3378 5494 audiiSse
3403 5454 3524 5507 qu.e
3548 5437 3648 5505 ipsi
3676 5438 3774 5492 di-

2176 5542 2360 5590 ceret:
2390 5530 2560 5598 Heus,
2603 5531 2775 5597 Petre,
2808 5547 3025 5601 surgens
3056 5540 3230 5586 macta
3262 5539 3312 5586 et
3336 5547 3572 5596 vescere;
3601 5536 3655 5586 et
3675 5530 3771 5586 di-

561 5709 583 5740 ⁸
610 5708 769 5766 Joan.
802 5727 857 5776 ν,
889 5708 943 5766 7.
1017 5711 1036 5743 '
1066 5711 1228 5770 Joan.
1264 5730 1318 5781 x,
1350 5714 1439 5768 '57.
1520 5714 1563 5747 ¹⁶
1598 5713 1756 5770 Joan.
1784 5696 1835 5780 ἦ,
1869 5712 1957 5768 20.
1996 5714 2077 5785 ,ου
2109 5712 2303 5771 Matth.
2335 5729 2425 5781 xv,
2456 5713 2543 5768 ll.
2600 5712 2665 5787 τη
2694 5711 2717 5768 l
2745 5710 2873 5769 Cor.
2906 5730 2981 5782 v1,
3010 5713 3093 5768 15.

3480 6391 3516 6396 κὴ.
3598 6389 3615 6392 ο
3696 6388 3710 6392 -
3784 6389 3822 6396 Α...
3880 6392 3916 6398 γη
