4076 6390
355 277 492 342 1013

349 398 507 445 rente
532 386 732 441 Petro:
769 382 1008 441 Do-uine,
1039 397 1069 433 η

349 484 474 547 edi,
532 492 719 534 vorem
762 479 829 531 ad
867 488 993 529 eum
1054 470 1298 526 secundo
1352 464 1610 520 venisse:
1663 453 1933 525 Quidquid

355 577 492 631 Deus
523 572 792 646 purgavit,
838 584 900 623 ne
941 574 997 620 tu
1035 563 1258 636 polluite
1282 560 1349 624 ⁸³,
1379 574 1447 613 ac
1479 565 1564 611 ter
1604 553 1710 608 hoc
1741 551 1816 604 illi
1847 566 1933 603 re-

350 644 573 740 petiisse
619 678 811 720 vocem
838 702 853 724 ,
898 659 1026 715 dein
1076 669 1296 711 rursum
1325 653 1379 706 in
1412 650 1614 706 coelum
1651 644 1929 700 sublatum

353 761 528 816 fuisse
559 758 787 813 linteum
814 769 831 807 :
855 754 1117 808 miratum
1142 763 1270 818 ergo
1304 746 1471 800 fuisse
1497 741 1744 803 Petrum,
1770 742 1936 802 atque

350 856 493 928 apud
544 868 605 910 se
635 850 954 922 perplexum
1007 845 1254 900 haesisse.
1287 839 1403 895 Hoc
1426 852 1558 908 ergo
1593 836 1735 928 viso,
1760 846 1935 901 eoque

353 926 500 1019 quod
527 947 582 1001 in
615 940 911 1012 Evangelia
935 954 1036 994 suo
1064 944 1257 992 sancto
1286 932 1426 988 dixit
1456 926 1723 983 Dominus
1749 930 1937 978 noster

349 1014 629 1102 Christus,
655 1042 1032 1106 praeceperunt
1053 1028 1215 1084 nobis
1245 1027 1441 1081 Petrus
1471 1031 1526 1079 et
1550 1018 1754 1075 Paulus
1784 1014 1934 1070 omni

350 1147 524 1189 carne
564 1128 817 1200 cujusvis
856 1128 1079 1181 tandem
1111 1116 1486 1193 quadrupedis
1539 1114 1714 1176 vesci,
1763 1125 1937 1184 quare

350 1236 409 1282 et
452 1239 652 1295 porcus
705 1230 760 1278 et
801 1227 1000 1274 caetera
1063 1226 1406 1287 quaecunque
1458 1208 1719 1264 animalia
1774 1205 1935 1262 nobis

352 1317 624 1389 permissa
659 1322 808 1369 sunt.
835 1310 1013 1367 Jussit
1038 1323 1170 1379 ergo
1214 1307 1514 1376 imperator
1556 1300 1782 1357 mactari
1812 1314 1937 1364 por-

351 1426 473 1475 cos,
503 1405 853 1483 439471
878 1416 1181 1470 eorumque
1202 1414 1393 1452 carnes
1422 1406 1608 1452 coetas
1653 1395 1708 1447 in
1765 1393 1935 1448 frusta

353 1501 570 1559 concidi
607 1508 661 1553 et
696 1499 762 1555 ad
807 1497 1166 1553 ecclesiarum
1197 1501 1389 1564 portas
1427 1508 1523 1563 per
1552 1501 1727 1546 totum
1759 1491 1935 1558 ipsius

354 1611 585 1667 regnum
622 1591 911 1649 Dominico
939 1589 1227 1646 Paschalis
1272 1587 1460 1652 statui,
1505 1600 1617 1656 quo
1662 1585 1836 1640 cuivis
1870 1598 1933 1638 ex

356 1689 589 1746 ecclesia
612 1686 910 1757 egredienti
934 1683 1178 1740 buccella
1198 1682 1383 1738 carnis
1411 1679 1653 1751 porcina:
1679 1677 1929 1746 porrige-
1969 1697 2010 1750 Β

357 1791 530 1846 retur,
558 1788 613 1835 et
642 1778 891 1849 quisquis
920 1792 1041 1833 eam
1060 1791 1168 1832 non
1189 1775 1374 1831 ederet
1397 1782 1575 1829 morte
1605 1770 1933 1831 abiceretur,

357 1891 469 1946 quo
504 1884 664 1946 pacto
692 1871 973 1929 interfecta
992 1879 1075 1926 est
1098 1884 1290 1938 magna
1311 1867 1595 1923 hominum
1622 1864 1937 1921 multitudo.

430 1957 783 2039 Byzantium
813 1963 979 2020 etiam
1048 1977 1204 2018 muro
1245 1962 1489 2017 cinctum
1533 1958 1939 2016 Conatantinus

359 2058 661 2129 imperator
700 2054 1220 2126 Constantinopolin
1271 2053 1594 2123 appellavit,
1639 2065 1786 2106 anno
1836 2051 1942 2105 im-

359 2150 496 2221 perii
525 2149 612 2205 sui
644 2147 947 2204 tricesimo.
981 2146 1161 2202 Porro
1187 2152 1400 2200 mortua
1433 2150 1519 2199 est
1546 2140 1755 2199 Helena
1793 2142 1941 2198 Con-

360 2242 591 2298 stantini
645 2248 821 2296 mater
864 2240 975 2309 iam
1007 2238 1381 2309 octogenaria.
1427 2234 1728 2304 Imperavit
1757 2244 1941 2291 autem

358 2333 760 2391 Constantinus
803 2346 977 2388 annos
1008 2332 1234 2403 triginta
1264 2329 1428 2397 duos,
1465 2330 1592 2388 dein
1621 2329 1780 2397 obiit,
1817 2344 1941 2387 cum

355 2429 542 2470 annos
553 2416 840 2486 sexaginta
858 2415 1107 2486 quinque
1122 2415 1555 2473 vixisset.tribus
1572 2417 1777 2473 relictis
1798 2415 1950 2480 filiis,

353 2522 596 2576 quorum
628 2518 762 2563 natu
792 2508 1093 2564 maximum
1131 2508 1236 2562 sibi
1272 2509 1658 2578 cognominem
1682 2509 1953 2563 Constan-

359 2599 541 2656 tinum
577 2600 894 2671 appellavit,
928 2600 1237 2659 secundum
1266 2601 1337 2656 de
1383 2603 1555 2671 patris
1586 2601 1674 2657 sui
1728 2600 1952 2656 nomine

362 2694 765 2762 Constantem,
806 2694 1031 2750 tertium
1073 2708 1205 2750 vero
1243 2693 1671 2762 Constantium;
1713 2709 1952 2766 quorum

360 2786 1304 2858 Constantinum,Constantinopoli
1324 2806 1341 2857 ;
1358 2786 1739 2857 Constantem,
1758 2789 1953 2845 Antio-

364 2880 506 2938 chiae
534 2879 709 2954 Syriae
742 2880 1114 2963 Damascente,
1148 2891 1204 2936 et
1251 2880 1528 2953 Egypto;
1569 2882 1954 2948 Constantem,

362 2973 492 3029 urbi
527 2970 716 3028 Romae
741 2972 1012 3044 praefecit.
1041 2973 1283 3045 Sapbres
1320 2988 1451 3031 vero
1488 2974 1747 3031 liormozi
1787 2974 1957 3043 filius,

365 3066 533 3122 Persa
542 3076 671 3122 rum’
682 3080 801 3132 rex,
815 3067 1003 3122 urbem
1021 3039 1179 3123 Sus-is
1191 3077 1554 3136 exstructam,
1568 3039 2012 3125 Choat-Sabut"3
2046 3039 2276 3103 ίδείθηθν

363 3161 686 3230 appellavit,
719 3160 885 3216 aliam
918 3161 970 3214 in
1005 3161 1228 3230 regione
1256 3159 1473 3228 Sawad,
1507 3160 1958 3229 Phiruz-Sabur;

368 3251 537 3306 urbes
578 3253 747 3307 etiam
798 3253 851 3306 in
910 3250 1101 3307 Sindia
1138 3262 1194 3308 et
1250 3250 1501 3321 Sejestan
1553 3256 1823 3323 condidit,
1858 3269 1961 3312 nec

364 3353 475 3392 non
525 3337 730 3393 multos
762 3335 950 3393 eﬂodit
990 3336 1209 3400 fluvios,
1241 3336 1613 3406 fornicesque,
1655 3343 1710 3390 et
1751 3344 1947 3404 pontes

362 3430 659 3486 exstruxit.
682 3429 848 3485 Senio
875 3438 1057 3484 autent
1085 3430 1197 3501 jam
1226 3429 1483 3485 confecto
1508 3426 1792 3483 labefacta:
1821 3433 1950 3481 sunt

366 3526 533 3588 vires,
556 3531 613 3577 et
643 3522 897 3593 caligavit
929 3523 1098 3588 visus,
1141 3521 1457 3592 superciliis
1492 3521 1546 3575 in
1590 3520 1783 3577 oculos
1816 3535 1947 3591 pro-

366 3616 700 3670 minantibus
727 3629 933 3684 :quare
967 3616 1143 3686 legato
1164 3615 1231 3669 ad
1260 3614 1517 3668 ludorum
1541 3627 1723 3683 regem
1755 3612 1948 3681 misso,

370 3701 639 3756 medicum
677 3703 745 3758 ab
777 3702 897 3773 ipso
925 3701 1102 3772 petiit.
1131 3702 1236 3769 Qui
1283 3718 1414 3773 ergo
1452 3703 1578 3771 ejus
1612 3703 1747 3758 artis
1780 3702 1947 3776 472

367 3793 602 3861 peritum
632 3795 924 3864 quemdam
957 3793 1181 3850 nomine
1231 3792 1523 3863 Georgium
1572 3791 1822 3857 remisit,
1858 3793 1948 3862 qui

368 3888 547 3953 ipsum
595 3887 818 3942 sanitati
871 3887 1133 3951 restituit,
1189 3886 1329 3942 adeo
1387 3895 1450 3940 ut
1493 3883 1953 3940 confirmarentur

368 3976 473 4043 ipsi
502 3979 679 4037 nervi.
719 3977 1152 4048 reddereturque
1171 3979 1346 4042 visus,
1377 3985 1434 4032 et
1460 3991 1661 4047 equum
1684 3989 1952 4032 conscen-

369 4069 502 4123 dere
538 4070 763 4124 valeret.
796 4067 977 4126 Jussit
1024 4083 1157 4141 ergo
1202 4069 1360 4124 illum
1408 4069 1601 4124 urbem
1643 4083 1808 4139 quam
1842 4068 1951 4125 sibi

366 4163 531 4218 vellet
561 4163 904 4217 ineolendam
935 4162 1158 4232 eligere.
1206 4162 1302 4218 llle
1350 4163 1484 4218 urbe
1533 4161 1952 4225 Cboat-Sabur,

367 4269 495 4325 quae
526 4261 583 4308 et
629 4252 803 4308 Corch
856 4253 1186 4321 appellatur,
1237 4261 1432 4321 estque
1482 4251 1616 4307 urbs
1666 4249 1828 4317 Susa,
1879 4253 1949 4307 ibi

369 4361 543 4415 usque
580 4346 710 4401 dum
747 4358 778 4397 e
809 4344 945 4401 vivis
974 4343 1263 4400 excederet
1297 4342 1584 4397 habitavit.

1788 232 2160 307 ANNALES.

1077 391 1303 447 unquam
1330 387 1420 443 ego
1444 366 1771 425 immundum
1803 360 1929 433 quid
1958 351 2005 412 A
2036 354 2396 421 Maxentium,
2431 363 2727 420 omnesque
2760 347 2857 420 qui
2904 360 3030 403 cum
3081 343 3175 400 illa
3208 341 3263 397 in
3310 339 3498 397 fratris
3526 338 3612 394 sui

3470 218 3613 287 10H

2036 447 2238 505 credem
2273 444 2684 516 conspirarant,
2730 456 2760 496 e
2804 439 2987 494 medio
3017 435 3266 503 sustulit,
3317 433 3617 502 Romaeque

2036 545 2213 598 virum
2260 539 2551 613 quemdam
2588 533 2811 591 nomine
2857 547 2958 589 suo
3005 529 3268 601 praefecit.
3317 527 3475 582 Auno
3514 526 3621 583 im-

2036 635 2172 706 perii
2200 632 2446 704 ejusdem
2490 629 2749 700 septimo,
2793 624 2973 681 factus
3002 631 3088 678 est
3135 619 3351 675 Marcus
3384 618 3619 688 patriar-

2038 730 2137 783 cha
2170 726 2470 790 Romanus,
2512 722 2607 792 qui
2643 734 2766 777 cum
2798 731 2974 772 annos
3017 716 3157 770 duos
3183 712 3440 776 sedisset,
3473 722 3623 764 moro

2038 831 2165 877 tuus
2201 827 2305 876 est.
2356 817 2514 872 Anno
2553 813 2797 881 ejusdem
2841 824 2992 865 nono
3044 806 3382 864 constitutus
3429 800 3624 874 473-

2036 912 2201 989 475
2249 919 2335 967 est
2374 909 2553 966 Julius
2609 903 2923 976 patriarcha
2961 900 3262 960 Romanus,
3329 894 3422 964 qui
3456 907 3630 947 annos

2039 982 2350 1074 quin—decim
2386 999 2549 1061 sedit,
2596 995 2725 1052 dein
2758 1000 3008 1048 mortuus
3031 996 3138 1046 est.
3174 986 3334 1042 Anno
3379 982 3622 1056 ejusdem

2037 1073 2300 1152 vicesimo
2353 1100 2549 1165 quarto
2602 1088 2944 1147 constitutus
2993 1080 3254 1137 Linarius
3303 1073 3620 1148 patriarcha

2039 1189 2341 1252 Romanus,
2375 1200 2472 1243 sex
2520 1196 2694 1238 annos
2719 1177 2882 1244 sedit,
2904 1175 3029 1231 dein
3062 1178 3312 1228 mortuus
3339 1176 3447 1224 est.
3466 1167 3626 1220 Anno

2039 1282 2255 1353 imperii
2283 1280 2402 1351 ejus
2435 1275 2702 1334 vicesimo
2737 1270 3075 1327 constitutus
3124 1270 3208 1320 est
3237 1260 3479 1334 Cyrillus
3506 1258 3625 1329 epi-

2039 1351 2239 1447 scopus
2269 1367 2823 1440 Hierosolymitanus,
2849 1362 2941 1416 ubi
2972 1372 3099 1416 cum
3158 1369 3334 1410 annos
3377 1351 3624 1422 quinque

2039 1444 2297 1533 sedisset,
2338 1466 2499 1534 fugit.
2542 1461 2620 1517 Eo
2657 1468 2907 1528 tempore
2946 1448 3260 1522 congregati
3313 1444 3431 1501 Arii
3477 1458 3629 1498 asse-

2040 1565 2156 1627 elte,
2189 1574 2315 1616 cum
2354 1556 2614 1614 omnibus
2643 1552 2768 1624 ejus
2792 1544 3126 1606 sententiam
3160 1538 3448 1611 amplexis,
3479 1534 3622 1603 apud

2042 1658 2429 1725 imperatorem
2495 1643 2902 1708 Constantium,
2983 1637 3051 1693 de
3108 1634 3213 1689 ﬁde
3260 1639 3315 1687 et
3355 1627 3625 1687 sententia

2041 1764 2137 1804 sua
2163 1745 2365 1816 optima
2394 1753 2629 1813 quasque
2657 1733 3045 1808 praedicantes,
3093 1732 3368 1783 trecentos
3395 1731 3449 1778 et
3472 1728 3624 1776 octn-

2040 1839 2215 1896 decim
2266 1836 2391 1892 illos
2437 1832 2529 1904 qui
2574 1829 2771 1886 Nicaeae
2812 1827 3207 1885 convenerant,
3248 1829 3483 1878 errasse,
3513 1823 3560 1865 et
3597 1827 3627 1866 a

2042 1947 2172 1988 vero
2214 1932 2269 1984 in
2312 1922 2587 1985 sententia
2634 1935 2735 1977 sua
2764 1917 3041 1978 deviasse,
3071 1912 3200 1967 dum
3247 1908 3447 1963 Filium
3480 1906 3629 1970 ejus~

2041 2027 2162 2083 dem
2191 2038 2314 2079 esse
2361 2016 2686 2077 substantiae
2716 2027 2841 2070 cum
2900 2008 3060 2063 Patre
3112 2008 3453 2066 assererem,
3477 1998 3624 2053 dixe-

2043 2127 2216 2175 runt:
2254 2114 2413 2171 Vetes
2432 2125 2561 2181 ergo
2597 2102 2902 2177 (inquiunt)
2952 2101 3060 2157 hoc
3108 2095 3241 2161 dici,
3289 2108 3418 2150 cum
3473 2105 3634 2146 error

2040 2214 2146 2278 sit;
2182 2208 2328 2282 quod
2383 2214 2439 2262 et
2489 2203 2672 2259 facere
2717 2196 2915 2255 statuit
2953 2194 3280 2265 imperator.
3332 2186 3411 2242 Eo
3445 2193 3629 2239 autem

2043 2275 2289 2372 te-npore
2335 2312 2502 2368 super
2552 2292 2731 2349 cranii
2781 2285 2978 2363 [locoJ
3030 2284 3126 2356 qui
3181 2288 3269 2336 est
3332 2275 3627 2372 Golgotha,

2042 2368 2221 2453 medio
2251 2391 2341 2448 die
2390 2387 2649 2460 apparuit
2691 2398 2825 2439 crux
2869 2395 2900 2435 c
2951 2377 3099 2440 luce,
3144 2388 3174 2429 a
3227 2379 3375 2427 terra
3422 2368 3626 2425 coelum

2041 2502 2217 2559 usque
2266 2484 2581 2557 pertingens
2628 2485 2683 2532 et
2746 2474 2813 2529 ad
2869 2477 3115 2526 montem
3168 2464 3448 2520 Olivarum
3507 2474 3633 2531 pro-

2042 2552 2219 2646 ten'sa,
2257 2552 2416 2647 cujus
2436 2574 2576 2630 lucis
2602 2568 2901 2647 splendore
2925 2562 3198 2619 occultata
3228 2567 3311 2621 est
3350 2556 3445 2611 lux
3472 2552 3628 2609 solis.

2046 2673 2175 2728 Eam
2207 2646 2424 2733 omnes,
2459 2664 2553 2737 qui
2589 2646 2643 2719 in
2682 2661 2815 2716 urbe
2845 2652 3343 2725 Hierosolymitana
3377 2648 3628 2710 aderant,

2043 2774 2154 2821 tam
2203 2759 2388 2828 magni
2438 2771 2603 2827 quam
2666 2752 2819 2824 parvi
2877 2752 3309 2816 conspexerunt,
3362 2747 3631 2812 praesente

2042 2856 2207 2914 etiam
2239 2851 2443 2924 Cyrillo
2476 2848 2741 2918 episeopo
2791 2835 3334 2910 Hierosolymitano;
3375 2830 3467 2901 qui
3497 2843 3632 2900 ergo

2046 2947 2246 3005 litteris
2274 2942 2461 3000 statim
2490 2939 2715 3008 scriptis
2767 2935 3156 3004 imperatorem
3208 2929 3287 2982 rei
3340 2924 3628 2981 certiorem

2302 3034 2482 3089 dixit:
2511 3029 2632 3086 Sub
2674 3034 2831 3100 patre
2864 3033 2986 3091 tuo,
3019 3023 3196 3078 beatae
3222 3017 3499 3075 memoriae
3530 3015 3632 3068 im-

2049 3141 2333 3201 peratore,
2391 3124 2648 3197 apparuit
2707 3136 2847 3178 crux
2916 3116 3131 3175 Domini
3188 3111 3393 3170 Christi
3458 3108 3631 3163 stellis

2047 3217 2327 3296 [etiigiata]
2375 3214 2560 3272 medio
2588 3212 2676 3269 die
2722 3212 2779 3265 in
2803 3208 2964 3273 coelo,
2994 3221 3059 3263 ac
3105 3204 3220 3276 jam
3276 3208 3330 3257 te
3373 3204 3637 3296 regnante

2050 3288 2372 3387 (imperator
2398 3305 2552 3378 felix)
2578 3303 2748 3379 476
2776 3299 3030 3372 apparuit
3055 3311 3221 3369 super
3244 3293 3430 3350 Cranii
3463 3288 3634 3365 [loco]

2049 3384 2184 3462 crux
2220 3420 2251 3459 e
2292 3402 2415 3458 luce
2443 3401 2602 3466 cujus
2634 3395 2896 3468 splendor
2934 3391 3070 3449 solis
3123 3388 3483 3461 splendorem
3515 3384 3635 3454 ipso

2051 3493 2278 3551 meridie
2311 3500 2553 3564 superat.
2577 3486 2913 3556 Litterisque
2935 3480 3050 3538 suis
3082 3480 3186 3551 ipsi
3219 3479 3396 3536 suasit
3430 3490 3497 3531 ne
3523 3473 3640 3528 Arii

2052 3587 2336 3659 ipsiusque
2396 3583 2718 3654 sequacium
2769 3575 3105 3635 sententiam
3163 3571 3635 3642 amplecteretur,

2052 3688 2237 3750 utpote
2261 3676 2351 3748 qui
2385 3691 2415 3731 a
2448 3688 2578 3729 vero
2623 3670 2907 3727 deviantes
2951 3667 3018 3722 ad
3069 3663 3455 3720 infidelitatem
3506 3670 3636 3728 pro-

2051 3770 2189 3841 lapsi
2242 3775 2450 3839 essent,
2514 3764 2718 3836 quibus
2766 3759 3125 3815 maledixerat
3171 3761 3542 3810 trecentorum
3583 3754 3634 3800 et

2051 3860 2357 3919 octodecim
2405 3857 2793 3929 episcoporum
2846 3849 3185 3911 concilium,
3258 3843 3632 3910 omnibusque

2050 3954 2144 4025 qui
2193 3952 2336 4007 idem
2386 3964 2512 4005 rum
2570 3948 2706 4018 ipsis
2760 3949 3092 4000 assererent.
3151 3937 3453 4008 imperator
3505 3947 3639 4000 ergo

2058 4023 2301 4114 acceptis
2356 4040 2546 4115 Cyrilli
2604 4038 2801 4094 litteris
2858 4050 3088 4115 magna,
3141 4031 3214 4087 ob
3254 4029 3346 4084 illa
3390 4040 3512 4096 qua:
3564 4023 3631 4079 ad

2053 4141 2230 4212 ipsum
2261 4135 2580 4207 scripserat,
2624 4130 2815 4186 laetitia
2862 4126 3089 4183 aﬂ‘ectus
3114 4133 3222 4189 est,
3267 4131 3321 4177 et
3355 4118 3423 4174 ad
3448 4130 3637 4172 verum

2053 4246 2310 4291 reversus
2343 4229 2516 4286 vetuit
2550 4226 2763 4281 admitti
2793 4223 2908 4279 Arii
2943 4220 3302 4278 sententiam.

2126 4323 2206 4378 En
2238 4333 2484 4392 tempore
2519 4313 3031 4385 Constantinopoli,
3071 4308 3401 4374 Antiochiae,
3433 4303 3640 4367 Babeli,

441 4394 641 4492 'i‘otum
665 4443 848 4490 autem
879 4435 1023 4505 quod
1062 4432 1197 4488 vixit
1241 4430 1422 4487 Sabur
1476 4432 1739 4500 spatium,
1774 4448 1945 4486 annn-
1977 4404 2031 4464 D
2060 4423 2114 4469 ει
2146 4406 2518 4472 Αιθιθίιάτίων
2551 4406 2839 4480 l3":evaluit
2868 4405 2989 4460 Α”ίί
3041 4402 3340 4468 sentem“,
3367 4397 3527 4469 cuius
3576 4394 3642 4450 θ’

369 4538 494 4579 rum
545 4529 668 4579 erat
725 4522 1073 4593 septuaginta
1144 4522 1415 4582 duorum;
1472 4519 1675 4588 Quibus
1734 4520 1945 4576 exactis

370 4625 623 4673 mortuus
651 4625 756 4671 est.
790 4613 1056 4686 Regnavit
1081 4622 1202 4682 post
1241 4612 1421 4680 ipsum
1474 4611 1528 4665 in
1563 4610 1763 4668 Persas
1798 4611 1943 4668 illius

368 4709 545 4778 ipsius
578 4706 811 4763 Ardsltir
843 4706 1041 4760 Saburi
1095 4705 1239 4758 filius
1284 4718 1461 4759 annos
1510 4713 1769 4773 quatuor,
1822 4704 1946 4758 dein

369 4808 621 4855 mortuus
675 4805 760 4854 est
818 4813 832 4850 :
900 4797 1064 4864 idque
1120 4809 1268 4850 anno
1325 4795 1540 4862 imperii
1598 4793 1947 4851 Constantini

369 4890 468 4945 lilii
529 4886 883 4945 Constantini
939 4886 1291 4943 Rummorum
1342 4887 1695 4957 imperatoris
1751 4887 1949 4957 primo.

368 4981 496 5036 Post
562 4980 742 5052 ipsum
802 4981 859 5035 in
939 4978 1140 5036 Persas
1204 4982 1458 5049 regnavit
1531 4979 1704 5033 frater
1768 4979 1949 5050 ipsius

375 5069 551 5139 Sapor
598 5069 793 5141 Sapori
856 5068 1000 5123 illius
1055 5083 1229 5126 annos
1287 5067 1683 5140 quinquaginta
1734 5068 1845 5124 duo
1897 5077 1954 5124 et

379 5175 598 5215 menses
652 5164 911 5230 quatuor,
960 5160 1123 5229 idque
1171 5174 1315 5214 anno
1366 5159 1520 5229 regni
1572 5157 1955 5224 Constantini,

381 5252 474 5306 lilii
509 5252 860 5308 Constantini
893 5252 1241 5307 [iiuna-orum
1300 5252 1670 5320 imperatoris,
1734 5251 1954 5322 quinto.

377 5348 538 5401 Anno
590 5346 804 5417 imperii
848 5346 1098 5415 ejusdem
1151 5347 1346 5415 quinto
1394 5344 1447 5399 in
1515 5343 1739 5398 fratrem
1780 5345 1958 5413 ipsius

377 5438 764 5494 Constantium
804 5437 995 5495 Roma:
1028 5439 1244 5493 irruens
1277 5436 1564 5504 praefectus
1595 5436 1820 5505 quidam
1859 5452 1959 5491 no-

380 5532 527 5586 mine
576 5531 883 5589 Maxentius
931 5532 1107 5602 ipsum
1155 5530 1377 5586 occidit.
1429 5529 1549 5596 Quo
1593 5529 1780 5584 audito
1810 5530 1959 5585 Con-

381 5623 653 5679 stantinus
682 5622 1029 5680 Constantini
1074 5624 1217 5679 filius
1264 5622 1431 5677 misso
1464 5621 1702 5677 exercitu
1756 5634 1953 5691 magno

462 5744 503 5775 ¹³
532 5742 654 5798 Acl.
689 5759 740 5805 ι,
778 5744 842 5798 l5
873 5758 995 5813 sqq.

2047 4510 2170 4565 dem
2205 4516 2258 4562 et
2285 4504 2623 4562 sententiam
2655 4501 2750 4572 qui
2782 4499 3271 4570 amplecterentur,
3314 4493 3538 4550 nomine
3571 4490 3641 4545 ab

2046 4599 2220 4669 ipsius
2249 4597 2493 4662 nomine,
2532 4593 2687 4658 Ario,
2717 4591 2954 4646 deducto
2987 4589 3179 4644 Ariani
3214 4585 3439 4642 vocitati
3485 4590 3642 4640 sunt.

2049 4696 2210 4749 Anno
2236 4689 2451 4761 imperii
2505 4686 2815 4744 Constantii
2853 4684 2946 4740 lilii
2996 4680 3349 4738 Constantini
3397 4677 3645 4736 secundo

2052 4784 2388 4842 constitutus
2427 4790 2511 4837 est
2544 4780 2851 4852 Cyprianus
2878 4775 3191 4848 patriarcha
3236 4772 3644 4835 Antiochenus,

2061 4883 2157 4954 qui
2194 4881 2433 4937 Arianus
2455 4888 2596 4942 erat,
2628 4884 2682 4929 et
2714 4888 2841 4929 cum
2885 4870 3169 4929 biennium
3206 4868 3461 4934 sedisset,
3498 4880 3643 4922 mor-

2061 4984 2193 5032 tuus
2230 4981 2336 5031 est.
2382 4972 2542 5027 Anno
2572 4968 2780 5039 imperii
2811 4967 2929 5038 ejus
2969 4973 3170 5036 quarto
3203 4961 3380 5019 factus
3414 4970 3499 5017 est
3528 4961 3646 5016 Bla-

2077 5067 2192 5124 sius
2246 5062 2560 5142 patriarcha
2605 5057 3003 5122 Antiochenus,
3048 5056 3140 5127 qui
3190 5069 3369 5110 annos
3407 5063 3648 5125 quatuor

2069 5156 2235 5222 sedit,
2268 5155 2395 5211 dein
2442 5160 2697 5208 mortuus
2737 5159 2843 5204 est.
2885 5146 2983 5204 Hic
3013 5148 3187 5204 etiam
3229 5148 3471 5202 At‘ianus
3521 5145 3645 5199 fuit.

2066 5251 2227 5304 Anno
2249 5246 2494 5319 ejusdem
2524 5252 2717 5299 octavo
2765 5240 2944 5297 factus
2973 5250 3058 5296 est
3085 5239 3372 5295 Eustatius
3416 5237 3649 5309 patriar-

2060 5342 2163 5398 cha
2188 5338 2588 5402 Antiochenus,
2635 5336 2730 5407 qui
2784 5348 2959 5390 annos
3000 5334 3242 5404 quinque
3289 5332 3454 5393 sedit,
3504 5330 3633 5384 dein

2067 5444 2321 5490 mortuus
2349 5440 2474 5488 est:
2521 5430 2614 5501 qui
2668 5428 2836 5485 etiam
2895 5412 3154 5485 Arianus.
3197 5428 3355 5480 Auno
3398 5422 3644 5496 ejusdem

2022 5576 2030 5585 .
2064 5528 2278 5584 decimo
2311 5527 2472 5581 tertio
2501 5530 2723 5580 creatus
2750 5534 2834 5580 est
2868 5521 2977 5578 Leo
3002 5521 3315 5592 patriarcha
3347 5519 3648 5573 Antioche-

2086 5636 2212 5686 tzus,
2247 5620 2363 5689 ipse
2391 5619 2553 5675 etiam
2584 5617 2841 5684 Ariauus,
2878 5617 2970 5673 ubi
3017 5628 3212 5670 novem
3271 5628 3443 5667 annos
3485 5609 3648 5674 sedit,
