4076 6398
464 227 601 293 1015

1497 242 1871 303 EUTYCIIII
1913 246 2452 306 ALEXANDlllNl
2491 248 2711 311 PATR.

3596 249 3730 313 lUlG

454 361 583 416 dein
642 371 894 420 mortuus
930 378 1034 423 est.
1083 369 1388 439 Imperator
1438 371 1804 447 5.77-5.79
1853 390 2027 432 autem

2144 357 2319 422 ipsum
2372 358 2682 413 trucidandi
2737 359 2944 422 animo,
3003 359 3181 412 adorti
3242 365 3392 414 sunt.
3445 359 3550 426 Qui
3603 377 3729 416 cum

462 455 632 510 misso
684 455 958 523 Eudoxio,
998 461 1152 516 urbis
1202 463 1472 519 Jertnanze
1523 468 1806 538 episcopo,
1855 469 2035 539 ipsum

456 547 764 604 Antiochia:
811 553 1184 620 patriarcham
1238 557 1498 625 praefecit.
1557 557 1890 616 Manicbatus
1948 564 2037 618 hic

460 650 610 707 erat;
649 643 902 698 eumdem
955 662 1078 700 cum
1111 648 1388 703 biennium
1426 653 1730 708 Antiochia:
1763 643 2034 722 isedisset,

456 732 758 802 imperator
786 735 1302 807 ConstantinOpolin
1351 745 1650 807 transtulit,
1705 745 1794 799 ubi
1847 747 2034 801 decem

456 828 619 882 armis
650 843 880 885 munere
921 833 1276 901 patriarchali
1322 834 1546 892 functus
1583 847 1685 902 est,
1721 839 1847 894 dein
1893 857 2038 896 mor-

457 926 606 973 tuus.
635 916 798 974 Anno
828 921 1090 978 vicesimo
1131 926 1376 981 secundo
1414 928 1627 996 imperii
1682 929 1856 999 ipsius
1886 922 2038 986 con-

453 1009 682 1065 stitutus
724 1022 809 1068 est
867 1015 1203 1073 Athanasius
1260 1021 1570 1088 patriarcha
1619 1021 2035 1088 Antiocbenus,

452 1102 548 1171 qui
579 1113 631 1158 et
667 1103 1001 1163 Manichacus
1032 1107 1164 1176 fuit;
1199 1112 1290 1165 ubi
1328 1129 1450 1166 cum
1481 1123 1719 1185 quatuor
1742 1131 1915 1172 annos
1945 1133 2037 1173 se-

454 1191 648 1258 disset,
701 1205 952 1254 mortuus
1003 1213 1106 1254 est.
1154 1199 1302 1256 ldetn
1358 1220 1452 1259 rex
1497 1221 1644 1261 anno
1695 1206 1910 1277 imperii
1952 1210 2037 1263 sui

455 1285 653 1352 primo,
704 1286 877 1344 Paulo
931 1294 1247 1361 patriarcha
1303 1296 1921 1370 Constantinopolitano
1983 1303 2036 1357 in

452 1378 706 1434 exsiliunt
759 1383 953 1450 misso,
1004 1387 1124 1440 vice
1152 1387 1272 1454 ejus
1305 1389 1625 1454 Eusebium,
1659 1394 1820 1448 etiam
1869 1394 2041 1451 Mani-

452 1470 687 1536 charum,
739 1475 1106 1543 patriarcham
1161 1481 1362 1536 ibidem
1414 1485 1735 1548 constituit;
1781 1489 1876 1556 qui
1915 1505 2036 1542 eum

455 1573 567 1618 tres
593 1579 771 1620 annos
799 1568 1058 1634 sedisset,
1094 1583 1350 1630 mortuus
1382 1587 1487 1631 est.

518 1655 639 1722 Quo
684 1674 816 1728 ergo
855 1672 1113 1731 mortuo,
1172 1667 1476 1738 imperator
1521 1671 1750 1726 Paulum
1808 1677 2041 1742 patriar-

447 1749 634 1818 cham,
671 1767 700 1806 a
741 1769 800 1810 se
839 1755 1053 1826 pridem
1091 1760 1416 1826 relegatum,
1461 1765 1736 1818 cathedra:
1783 1781 1898 1819 sua!
1955 1782 2042 1820 re—

449 1843 652 1907 stituit,
690 1861 855 1915 quam
893 1856 1008 1905 tres
1045 1865 1217 1904 annos
1249 1857 1565 1922 occupavit,
1613 1857 1739 1910 dein
1785 1867 2040 1913 mortuus

446 1944 550 1988 est.
589 1941 752 1992 Anno
801 1940 1018 2011 imperii
1066 1945 1314 2013 ejusdem
1345 1948 1560 2002 decimo
1593 1951 1926 2006 constitutus
1957 1961 2042 2005 t-st

453 2027 810 2087 Macedonius
857 2035 1170 2104 patriarcha
1219 2037 1892 2111 Constantinopolitanus,
1941 2052 2041 2114 qui

453 2119 721 2190 Spiritum
777 2138 1032 2183 sanctum
1071 2141 1316 2188 creatum
1366 2150 1488 2190 esse
1537 2141 1812 2204 asseruit;
1853 2140 2038 2195 decem

449 2227 626 2298 annos
680 2216 850 2281 sedit,
888 2221 1014 2274 dein
1055 2232 1310 2279 mortuus
1348 2235 1452 2280 est.
1497 2227 1654 2282 Anno
1690 2229 1906 2298 imperii
1951 2233 2036 2285 sui

448 2297 718 2356 vicesimo
761 2307 942 2374 pritno
973 2309 1278 2379 imperator
1312 2313 1624 2372 Eudoxium
1663 2297 2035 2388 patriarcham

446 2391 852 2451 Antiochenum
882 2438 898 2464 ,
948 2401 1470 2476 ConstantinOpoliu
1520 2413 1871 2473 translatum,
1937 2413 2040 2466 ibi-

445 2486 571 2540 dem
606 2491 978 2558 patriarcbam
1008 2499 1304 2553 constituit
1342 2519 1354 2555 :
1391 2501 1491 2556 fuit
1526 2504 1613 2559 hic
1659 2505 2032 2573 Manichacus;

445 2581 634 2637 decem
692 2598 868 2642 annos
924 2589 1108 2654 sedit,
1166 2589 1294 2646 dein
1361 2605 1616 2650 mortuus
1671 2606 1775 2651 est.
1833 2598 2028 2662 Porro,

444 2671 692 2745 Egyptii
729 2686 900 2747 atque
940 2681 1328 2746 Alexandrini.
1359 2701 1484 2741 eum
1519 2690 1770 2757 plerique
1839 2690 2030 2745 Ariani

444 2777 499 2823 et
553 2767 837 2825 Manichaei
891 2782 1117 2838 essent,
1177 2776 1398 2848 Egypti
1463 2791 1627 2849 atque
1686 2782 2034 2839 Alexandrire

444 2863 710 2918 ecclesias
735 2878 1077 2936 occupantes
1111 2867 1280 2941 5.80
1313 2888 1406 2927 eas
1437 2882 1756 2940 tenuerunt,
1792 2893 1892 2931 nec
1922 2895 2031 2932 non

448 2954 503 3008 in
535 2957 903 3014 Athanasium
939 2961 1318 3030 patriarcham
1355 2965 1813 3033 Alexandrinum,
1853 2971 2027 3040 ipsum

2145 450 2271 517 fuga
2303 467 2360 504 se
2393 452 2460 505 ab
2495 452 2627 520 ipsis
2661 453 2976 522 eripuisset,
3013 452 3088 505 illi
3117 451 3430 507 llcraclium
3468 451 3732 508 Hieroso-

2143 543 2302 614 lymis
2325 545 2642 613 episcopum
2679 544 3076 614 praefecerunt,
3108 544 3212 598 fuit
3244 547 3289 600 is
3326 545 3590 611 Arianus,
3623 557 3734 601 tres

2143 650 2320 688 annos
2355 636 2520 700 sedit,
2553 636 2679 689 dein
2713 648 2963 692 mortuus
2995 647 3100 690 est.
3129 639 3291 692 Anno
3334 637 3548 707 imperii
3582 640 3731 707 ejus-

2141 725 2262 779 dem
2317 727 2561 781 secundo
2612 736 2834 782 creatus
2887 737 2973 782 est
3025 727 3356 785 Meletianus
3417 731 3730 799 patriarcha

2141 818 2540 883 Antiochenus,
2590 820 2684 890 qui
2735 821 3075 876 orthodoxus
3129 821 3264 886 fuit;
3295 837 3476 876 annos
3532 823 3722 893 viginti

2141 911 2384 981 quinque
2433 911 2599 974 sedit,
2652 913 2813 982 cujus
2863 914 3208 982 praefecturae
3271 931 3418 970 anno
3469 917 3732 972 vicesimo

2143 1004 2328 1073 primo
2355 1005 2699 1061 celebratum
2754 1016 2837 1062 est
2895 1007 3386 1078 ConstantinOpoli
3435 1011 3728 1063 concilium

2142 1099 2471 1154 secundum.
2498 1098 2612 1155 Sub
2638 1101 2742 1156 hoc
2775 1103 3107 1172 imperatore
3140 1103 3455 1173 patriarcha
3487 1105 3736 1158 Alexan-

2140 1190 2334 1247 drinus
2363 1191 2465 1246 fuit
2493 1192 2859 1260 Athanasius;
2896 1195 3546 1265 Constantinopolitanus
3572 1237 3588 1261 ,
3621 1199 3698 1250 I'Iu

2143 1280 2351 1336 doxius
2402 1283 2770 1348 Manichacus;
2833 1283 3132 1351 Ronmnns,
3195 1286 3471 1341 Linarius.
3529 1285 3730 1340 Eodem

2142 1375 2448 1446 imperante
2501 1376 2689 1432 ﬂoruit
2736 1377 2976 1434 Basilius
3030 1379 3298 1435 Caesarea:
3345 1380 3730 1452 Cappadoeiae.

2141 1485 2264 1538 qua
2316 1470 2370 1522 in
2432 1471 2808 1529 Romanorum
2846 1473 3057 1527 ditionc
3090 1482 3195 1536 est,
3245 1473 3580 1543 episc0pus;
3631 1489 3733 1527 nec

2145 1578 2252 1617 non
2301 1562 2633 1634 Gregorius,
2683 1563 2922 1620 Naziazu
2976 1565 3274 1634 episc0pus
3304 1580 3318 1616 :
3348 1564 3502 1618 urbis
3550 1572 3730 1617 autem

2145 1657 2304 1710 istius
2361 1655 2603 1712 Naziazu
2654 1657 2853 1714 incolae
2904 1673 3100 1710 omnes
3145 1656 3297 1712 Sahii
3357 1667 3537 1710 erant.
3587 1655 3725 1709 Cum

2152 1763 2280 1817 ergo
2314 1747 2610 1819 Gregorius
2659 1749 2955 1816 episcopus
3004 1749 3388 1804 Nazianzenus
3431 1747 3735 1803 orationem

2161 1841 2390 1898 haberet.
2445 1842 2500 1895 iu
2555 1840 2730 1894 Natali
2788 1841 2993 1896 Christi
3059 1841 3270 1894 Domini
3331 1842 3528 1904 nostri,
3577 1839 3739 1906 cujus

2153 1934 2314 1990 initio
2368 1934 2576 1990 diceret
2608 1949 2622 1985 :
2658 1933 2854 2004 Natus,
2891 1945 2975 1990 est
3031 1934 3286 1990 Christus
3315 1975 3328 1997 ,
3393 1932 3737 2002 gloriﬁcate;

2151 2027 2408 2084 Christus
2458 2027 2526 2081 de
2583 2027 2748 2093 coelo,
2795 2029 3071 2097 excipite;
3131 2027 3387 2082 Christus
3433 2027 3488 2081 iu
3546 2035 3734 2088 terra,

2151 2122 2426 2188 exaltate;
2463 2137 2700 2192 eamque
2733 2137 2919 2177 coram
2959 2122 3092 2191 ipsis
3145 2122 3455 2186 recitasset,
3515 2120 3549 2174 ii
3603 2119 3734 2173 illu-

2151 2216 2348 2269 dentes
2379 2215 2560 2284 ipsum
2590 2215 2823 2272 irridere
2859 2225 3166 2284 creperum.
3199 2214 3339 2268 Cum
3366 2227 3496 2283 ergo
3526 2211 3735 2266 adven-

2152 2318 2362 2365 tassent
2421 2308 2725 2380 Epiphania
2777 2307 2939 2366 aliam
2988 2309 3154 2366 etiam
3207 2305 3379 2380 m
3425 2307 3730 2360 orationem

2149 2401 2482 2470 composuit,
2534 2400 2587 2454 in
2623 2415 2733 2469 qua
2765 2400 3060 2454 Sabiorum
3093 2400 3420 2466 religionem
3462 2398 3731 2458 traduxit,

2150 2495 2413 2564 ipsosque
2468 2493 2685 2561 probris
2737 2492 2940 2559 all‘ecit,
2980 2508 3101 2548 eam
3154 2493 3366 2548 scilicet
3420 2492 3525 2546 sub
3571 2490 3733 2560 cujus

2149 2588 2368 2642 initium
2431 2587 2608 2642 dicit:
2645 2585 2888 2641 Rursum
2943 2586 3104 2642 Jesus
3155 2602 3345 2647 meus,
3399 2597 3454 2638 et
3507 2601 3728 2638 rursum

2149 2680 2493 2751 mysterium.
2531 2679 2804 2749 Tempore
2849 2681 3013 2734 etiam
3062 2679 3266 2734 Juliani
3317 2689 3584 2749 apostatzn
3630 2680 3732 2731 llo—

2149 2776 2261 2828 ruit
2292 2774 2446 2827 Anba
2481 2767 2777 2833 Antonius.
2819 2773 2912 2842 qui
2947 2774 3166 2841 primus.
3189 2783 3306 2827 erat
3337 2772 3730 2825 monachorum

2145 2866 2368 2937 Egypti
2432 2869 2710 2921 desertum
2779 2867 3160 2926 incolentium,
3228 2867 3318 2920 ubi
3381 2867 3731 2919 monasteriis

2143 2962 2441 3017 exstrui-tis
2472 2960 2772 3015 monachos
2827 2961 3204 3031 congregavit.
3257 2957 3366 3013 Nec
3415 2975 3523 3012 non
3571 2957 3728 3010 Anha

445 3049 762 3104 trucidandi
796 3053 1005 3120 animo,
1035 3056 1341 3122 irruerunt,
1365 3059 1452 3115 ille
1483 3077 1614 3116 vero
1644 3062 1768 3132 fuga
1798 3065 1866 3118 ab
1900 3065 2027 3133 ipsis

2151 3055 2375 3109 Flavius
2419 3055 2472 3108 in
2532 3053 2693 3125 Syria
2740 3053 2834 3122 qui
2890 3053 3106 3121 primus.
3156 3064 3271 3106 erat
3327 3052 3727 3106 monachorum

444 3141 694 3212 dilapsus
744 3144 1002 3212 delituit,
1053 3164 1178 3203 cum
1226 3151 1338 3220 jam
1391 3168 1620 3210 munere
1677 3158 2026 3224 patriarcbali

444 3233 634 3289 decem
683 3238 845 3294 annis
887 3239 1107 3296 functus
1161 3241 1406 3316 fuisset;
1454 3247 1906 3316 constitutusque
1948 3261 2032 3303 est-

447 3325 769 3398 Gregorius,
797 3331 892 3400 qui
921 3331 1260 3391 Manicbreus
1292 3336 1414 3401 fuit,
1452 3340 1759 3405 patriarcha
1790 3343 2028 3395 Alexan-

449 3415 672 3478 drinus,
709 3419 804 3490 qui
836 3435 1014 3475 annos
1052 3424 1242 3478 decem
1280 3427 1444 3490 sedit,
1477 3428 1602 3482 dein
1637 3443 1888 3487 mortuus
1918 3441 2024 3488 est.

449 3509 548 3561 Illo
581 3519 820 3578 mortuo,
874 3513 1214 3572 Athanasius
1270 3521 1583 3589 patriarcha
1620 3523 2026 3582 Alexandrinus

446 3603 500 3657 in
534 3603 712 3658 locum
754 3622 917 3660 suum
957 3623 1232 3678 reversus,
1270 3620 1385 3668 tres
1414 3629 1589 3671 annos
1624 3617 1788 3672 sedit.
1821 3618 2022 3673 Eodem

444 3705 692 3765 tempore
713 3697 1195 3771 ConstantinOpoli
1220 3705 1606 3762 Alexandriam
1635 3710 1859 3764 veniens
1887 3727 2025 3779 prte-

444 3787 622 3844 fectus
653 3791 881 3860 quidam
918 3796 1144 3852 nomine
1177 3795 1464 3868 Syrianus,
1497 3801 1590 3870 qui
1625 3803 1866 3858 Arianus
1894 3805 2019 3870 fuit,

439 3883 806 3939 Athanasium
840 3889 1215 3957 patriarcham
1249 3893 1302 3946 in
1335 3892 1514 3947 locum
1539 3896 1836 3964 quemdam
1865 3897 2025 3953 Tibe-

441 3975 592 4029 riada
659 3979 865 4033 dictum
924 3983 1229 4051 relegavit,
1293 3988 1605 4054 patriarcha
1672 3989 2021 4046 Alexandria?

437 4071 740 4126 constituto
790 4073 1058 4144 Georgio,
1112 4077 1200 4144 qui
1239 4077 1478 4133 Arianns
1552 4081 1673 4146 fuit,
1731 4098 2020 4151 annosque

441 4173 538 4212 sex
573 4161 733 4213 sedit.
773 4161 906 4217 Dein
942 4164 1076 4218 abiit
1108 4165 1377 4236 Syrianus
1421 4169 1714 4238 praal‘ectns
1745 4172 2023 4226 Constan-

442 4247 714 4316 littOpolin
753 4251 1062 4319 petiturus;
1099 4271 1210 4322 quo
1243 4258 1569 4310 Alexandria
1598 4260 1845 4326 ptolemo
1870 4260 2021 4314 urbis

441 4341 562 4407 ejus
589 4341 784 4397 incolae
807 4343 1093 4401 Melchiani
1117 4347 1408 4418 Georgium
1432 4351 1794 4418 patriarcham
1818 4353 2018 4416 adorti,

2143 3147 2402 3204 Jordauis
2448 3146 2728 3204 desertum
2772 3146 3130 3202 incolentium
3163 3157 3218 3201 et
3269 3146 3322 3200 in
3369 3148 3490 3215 ipso
3532 3162 3727 3199 mona-

2139 3241 2273 3294 chos
2303 3238 2552 3307 collegit,
2585 3247 2639 3292 et
2677 3240 3014 3292 monasteria
3056 3240 3288 3306 locaque
3321 3238 3726 3306 quamplurima

2137 3331 2436 3384 exstruxit.
2470 3329 2794 3384 Nuntiatum
2835 3342 3017 3384 autem
3054 3341 3138 3386 est
3181 3330 3404 3385 Juliano
3455 3339 3726 3398 apostatze

2140 3424 2458 3493 imperatori
2509 3424 2775 3477 statuisse
2807 3424 3070 3493 Saporem
3121 3425 3344 3492 Saporis
3378 3423 3548 3476 ﬁlium
3590 3421 3725 3475 Per-

2138 3531 2325 3571 ;arum
2376 3530 2582 3582 regem,
2627 3515 2801 3582 ipsum
2861 3516 3001 3568 bello
3047 3516 3292 3585 aggredi.
3328 3518 3544 3570 Paratis
3592 3533 3726 3583 ergo

2137 3607 2312 3677 copiis
2368 3605 2655 3675 profectus
2709 3615 2792 3659 cst
2840 3605 3095 3661 Julianus
3147 3609 3247 3677 ipsi
3302 3610 3355 3662 in
3404 3624 3721 3664 occursum.

2139 3702 2323 3760 frame
2356 3708 2538 3754 autem
2568 3703 3019 3755 conversationis
3047 3702 3244 3772 ips-ius,
3274 3703 3513 3770 ﬁdeique
3546 3721 3607 3754 ac
3635 3703 3726 3753 in-

2136 3795 2400 3848 tentionis
2431 3794 2589 3848 mala:
2621 3795 2820 3862 gratia,
2857 3799 3120 3866 quodque
3156 3797 3411 3852 homines
3446 3800 3512 3851 ad
3541 3796 3726 3849 idolo.

2136 3890 2349 3941 latriam
2407 3888 2694 3956 impellere
2741 3887 3012 3952 studeret,
3065 3888 3270 3944 factum
3306 3897 3385 3943 est
3433 3900 3491 3942 ttt
3542 3889 3719 3956 ipsum

2133 3979 2319 4047 praelia
2374 3979 2650 4032 devictum
2717 3981 3049 4034 ittterliccret
3119 3980 3356 4051 Sapores
3417 3981 3717 4035 Persarum

2132 4087 2246 4135 rex,
2278 4087 2644 4142 magnamque
2676 4075 2999 4142 sequacium
3039 4076 3211 4145 ipsius
3240 4083 3479 4145 stragem
3508 4075 3721 4131 ederet.

2131 4164 2408 4219 Memoria:
2434 4174 2618 4219 autem
2657 4166 2895 4235 prodidit
2925 4167 3160 4222 Basilius
3199 4167 3462 4223 Caesarea:
3501 4169 3712 4237 Cappa-

2129 4258 2303 4311 docia:
2336 4259 2655 4327 episcopus,
2684 4259 2892 4314 scloco
2924 4276 3025 4314 suo
3051 4263 3332 4317 sedentem
3367 4271 3496 4316 ante
3524 4262 3720 4316 oculos

2133 4349 2372 4401 tabulam
2426 4348 2690 4402 habuisse
2743 4350 2796 4403 in
2857 4367 2964 4418 qua
3015 4350 3234 4420 depicta
3291 4361 3409 4407 erat
3455 4352 3716 4407 Mercurii

445 4437 625 4503 ipsum
678 4437 1029 4494 interfectum
1069 4441 1194 4510 igne
1247 4453 1599 4509 cremarunt,
1656 4461 2022 4514 reversusque

2138 4439 2385 4509 martyris
2438 4438 2677 4509 elligies;
2745 4441 2874 4494 dum
2934 4457 3066 4496 vero
3121 4445 3364 4498 tabulam
3421 4445 3715 4513 inspiceret

437 4539 516 4582 est
559 4531 612 4582 in
665 4531 841 4584 locum
891 4547 1055 4587 suum
1109 4535 1468 4592 Athanasius.
1525 4537 1729 4592 Eodem
1775 4549 2022 4607 tempore

442 4623 702 4689 procellis
754 4625 1020 4694 agitatum
1072 4644 1223 4682 mare
1274 4633 1439 4684 nutlta
1476 4631 1824 4687 Alexandria:
1873 4632 2018 4695 loca,

443 4728 540 4766 nec
595 4729 703 4768 non
758 4716 1046 4782 ecclesias,
1083 4734 1226 4788 aqua
1261 4721 1466 4776 obruit.
1516 4722 1662 4778 Obiit
1691 4732 1875 4777 autem
1915 4723 2017 4775 im-

440 4813 660 4871 perator
689 4807 1049 4865 Constantius
1089 4810 1437 4867 Constantini
1476 4814 1617 4868 ﬁlius
1668 4831 1791 4867 cum
1848 4815 2022 4884 impc-

442 4897 581 4950 rium
613 4913 789 4955 annos
824 4901 1016 4970 viginti
1048 4912 1285 4972 quatuor
1316 4915 1658 4974 occupasset.

515 4987 643 5044 Post
692 5006 852 5060 quem
912 4994 964 5048 iu
1026 4993 1307 5050 Romanos
1357 4999 1495 5052 duos
1545 5013 1718 5052 annos
1766 5000 2017 5066 regnavit

439 5081 693 5137 Julianus
729 5084 1022 5153 imperator
1045 5087 1136 5155 qui
1165 5088 1320 5142 {idem
1353 5089 1661 5159 abnegavit,
1682 5091 1848 5159 idque
1872 5107 2016 5145 anno

439 5174 587 5242 regni
627 5173 854 5242 Saporis
891 5176 983 5230 filii
1011 5177 1237 5246 Saporis
1259 5179 1554 5234 Persarum
1585 5182 1730 5250 regis
1754 5183 2016 5236 vicesimo

437 5265 633 5330 primo.
684 5264 986 5334 Imperator
1020 5270 1123 5324 iste
1159 5270 1429 5336 Julianus,
1478 5272 1584 5325 lide
1619 5271 2012 5346 481-483

431 5355 746 5409 Christiana
779 5357 1075 5428 abut-gata,
1105 5361 1356 5414 homines
1391 5363 1457 5416 ad
1495 5362 1766 5417 idolorum
1800 5365 2009 5417 cultum

435 5446 698 5500 reducere
738 5448 975 5512 studuit,
1020 5466 1385 5519 magnamque
1421 5462 1722 5523 martyrum
1758 5456 2012 5509 multitu-

433 5539 616 5591 dinem
650 5547 827 5591 morte
854 5538 1062 5594 aﬂ‘ecit.
1096 5541 1256 5592 Anno
1299 5542 1512 5607 imperii
1550 5543 1669 5612 ejus
1714 5544 1912 5612 primo,
1943 5560 2007 5598 ex

431 5629 630 5682 incolis
671 5629 1217 5701 Hierosolymorum,
1276 5633 1378 5699 qni-
1425 5635 1536 5688 Arii
1591 5646 1773 5704 partes
1809 5652 2010 5705 seque-

440 5720 659 5785 bantur,
708 5721 970 5792 Cyrillum
1022 5723 1336 5795 episcopum
1411 5727 2004 5800 llierosolymitanum,

2129 4528 2476 4598 disparuisse
2524 4531 2785 4601 martyris
2821 4532 3051 4602 emgiem
3084 4551 3098 4586 :
3129 4538 3273 4604 quod
3311 4537 3437 4589 dum
3477 4536 3565 4590 ille
3609 4537 3712 4587 tui-

2129 4630 2370 4683 rari-tur,
2414 4630 2538 4691 post
2571 4625 2850 4679 modicum
2884 4627 3148 4694 temporis
3189 4628 3428 4695 Spatium
3461 4629 3711 4682 eamdem

2126 4715 2178 4767 in
2213 4716 2454 4768 tabulam
2489 4717 2743 4784 rediisse,
2776 4728 2938 4789 atque
3363 4721 3414 4774 in
3449 4739 3713 4777 mucrone

2127 4808 2327 4861 lancea:
2353 4807 2548 4876 quaéin
2578 4810 2822 4876 praedicti
2849 4814 3108 4883 martyris
3137 4830 3299 4868 manu
3336 4815 3551 4883 depicta
3581 4815 3709 4874 fuit,

2125 4899 2377 4968 εειιιδιιίηἰ
2411 4901 2542 4969 quid
2579 4901 2759 4957 simile
2795 4902 2918 4958 fuit.
2954 4906 3076 4971 Quo
3109 4909 3302 4976 majori
3341 4910 3709 4964 admiratione

2125 5008 2440 5061 percussus,
2480 4995 2719 5052 Basilius
2756 5000 3054 5068 episcopus
3087 5003 3354 5056 confusus
3389 5003 3567 5068 bassit,
3603 5006 3706 5056 do-

2123 5100 2222 5136 nec
2266 5085 2370 5154 ipsi
2417 5089 2766 5142 nuntiaretur
2817 5089 3099 5144 Julianmn
3156 5102 3457 5160 apostatam
3513 5094 3704 5146 eadem

2124 5175 2254 5228 hora
2309 5179 2363 5230 in
2423 5180 2613 5248 prmlio
2671 5182 2978 5248 accidisse;
3026 5185 3167 5237 unde
3228 5186 3460 5239 Basilius
3512 5201 3700 5238 notum

2123 5269 2315 5323 habuit
2356 5274 2554 5338 ipsum,
2593 5273 2664 5328 ob
2690 5290 2949 5344 magnum
2981 5293 3092 5345 quo
3144 5279 3482 5332 christianos
3512 5295 3703 5348 prose-

2120 5371 2282 5417 cutus
2339 5374 2420 5416 est
2493 5365 2706 5429 odium,
2766 5383 3043 5437 quemque
3092 5385 3416 5437 promovere
3465 5381 3701 5426 conatus

2115 5466 2199 5508 est
2231 5455 2500 5510 idolorum
2551 5459 2784 5527 cultum,
2839 5476 2866 5513 a
2921 5459 3192 5515 Mercurio
3242 5474 3476 5533 martyre
3525 5464 3700 5517 inter-

2116 5543 2339 5600 fectum.

2187 5637 2383 5693 Occiso
2411 5637 2629 5695 Juliano
2663 5643 2995 5712 imperatore
3039 5653 3308 5711 apostata,
3343 5657 3467 5715 post
3511 5647 3693 5717 ipsum

2118 5727 2380 5788 Romanis
2411 5745 2613 5788 annum
2651 5750 2822 5790 unum
2855 5736 3141 5806 imperavit
3171 5735 3474 5803 Jovianns;
3531 5737 3694 5809 idque
