4076 6436
501 229 635 296 1017

1940 248 2291 310 ANNALES

3618 255 3750 320 iJl8

500 364 644 404 anno
679 350 830 420 regni
883 351 1109 417 Saporis
1162 354 1258 410 lilii
1311 356 1540 429 Saporis
1593 360 1885 417 Persarum
1925 363 2071 435 regis
2100 364 2149 418 A
2180 382 2302 433 nus,
2323 366 2419 436 qui
2449 365 2600 422 Petri
2623 368 2959 436 patriarcha
2988 367 3349 423 Alexandrini
3381 367 3749 424 antecesseris

505 442 771 498 vicesimo
800 443 1002 514 primo.
1034 445 1162 503 Fuit
1209 446 1476 507 Joviauus
1533 452 1637 509 lide
1687 455 2069 520 orthodoxus,

499 532 786 604 religionis
861 537 1182 596 christiana:
1235 557 1646 614 propugnator;
1715 556 1769 601 at
1826 548 2073 616 profecto

500 634 690 681 contra
719 626 900 697 ipsum
953 628 1145 686 rebelli
1185 636 1446 703 quodam,
1498 636 1613 704 ipse
1653 640 1719 692 ad
1756 639 1961 694 bellum
1992 640 2068 695 illi

497 716 844 797 inferendum
901 736 1228 793 progressus
1279 738 1530 783 mortuus
1581 740 1663 785 est
1718 731 1772 784 in
1809 733 1917 796 via,
1949 733 2071 787 loco

497 810 736 876 quodam
772 811 949 870 Dades
980 812 1148 870 dicto.
1184 816 1453 886 Regnavit
1488 829 1610 890 post
1645 822 1823 891 ipsum
1854 824 1908 878 in
1959 823 2071 878 Ro-

496 913 690 955 manos
717 898 922 959 Valens
951 920 1128 960 annos
1156 908 1445 963 duodecim
1484 928 1498 964 :
1533 911 1698 979 idque
1742 928 1886 967 anno
1918 915 2071 983 regni

495 991 721 1062 Saporis
786 995 880 1051 lilii
948 996 1175 1067 Saporis
1231 1000 1521 1057 Persarmn
1590 1004 1735 1074 regis
1805 1005 2066 1062 vicesimo

495 1094 714 1150 quarto.
764 1086 925 1143 Anno
970 1091 1184 1159 imperii
1236 1091 1355 1161 ejus
1400 1096 1564 1150 tertio
1602 1098 1933 1151 constitutus
1983 1107 2070 1153 est

496 1174 786 1233 llamasius
820 1180 1136 1249 patriarcha
1173 1182 1480 1251 Romanus,
1531 1186 1626 1256 qui
1663 1202 1842 1242 annos
1870 1189 2067 1259 viginti

494 1276 621 1324 octo
664 1269 830 1338 sedit,
882 1271 1011 1326 dein
1062 1283 1314 1331 mortuus
1359 1284 1442 1332 est
1480 1295 1495 1332 :
1527 1278 1685 1348 cujus
1733 1266 2071 1351 praefectura:

496 1376 651 1417 anno.
697 1363 907 1418 decimo
961 1366 1198 1435 septimo
1249 1369 1587 1426 celebratum
1634 1386 1720 1429 est
1772 1377 2069 1430 concilium

494 1455 797 1511 secundum
821 1456 1481 1528 Constantinopolitanum
1505 1503 1520 1515 .
1546 1466 1706 1520 Anno
1739 1478 1937 1537 quarto
1965 1470 2071 1522 im-

496 1548 634 1614 perii
668 1546 899 1605 Valentii
932 1552 1272 1609 constitutus
1304 1563 1388 1610 est
1411 1554 1721 1614 Democlius
1753 1561 2073 1629 patriarcha

495 1638 1166 1711 Constantinopolitauus,
1219 1646 1313 1714 qui
1349 1647 1683 1707 Manichaurs
1730 1654 1853 1718 fuit,
1889 1671 2075 1712 annos.

494 1731 747 1787 undecim
783 1734 949 1799 sedit,
983 1734 1109 1790 dein
1143 1747 1395 1795 mortuus
1423 1740 1594 1815 488
1621 1755 1727 1801 est.
1777 1746 1936 1804 Anno
1967 1749 2069 1804 im-

499 1824 640 1892 perii
677 1825 855 1894 ipsius
894 1828 1074 1897 primo
1097 1832 1433 1889 constitutus
1460 1843 1545 1889 est
1576 1836 1738 1894 Arvis
1773 1839 2071 1910 episcopus

494 1916 1049 1991 Hierosolymitanus,
1081 1924 1172 1992 qui
1200 1934 1253 1979 et
1294 1924 1626 1986 Manichmus
1673 1932 1794 1999 fuit,
1841 1946 1897 1988 et
1939 1949 2065 1991 cum

496 2026 674 2067 annos
691 2015 937 2083 quinque
968 2015 1221 2083 sedisset,
1254 2028 1506 2074 mortuus
1524 2030 1627 2076 est.
1658 2022 1817 2080 Anno
1852 2026 2065 2093 imperii

493 2100 736 2168 ejusdem
829 2105 1063 2173 septimo
1118 2107 1297 2164 factus
1354 2121 1436 2165 est
1490 2110 1727 2171 Hilarius
1779 2117 2070 2187 episcopus

493 2192 1045 2269 Hierosolymitanus,
1074 2202 1175 2271 Qui
1215 2202 1456 2261 Arianus
1512 2215 1666 2275 erat;
1725 2223 1897 2265 annos
1927 2225 2069 2280 qua-

489 2296 618 2342 tuor
667 2290 829 2354 sedit,
897 2290 1022 2346 dein
1062 2303 1313 2347 mortuus
1364 2304 1466 2348 est.
1532 2295 1611 2349 Eo
1661 2308 1877 2353 mortuo
1909 2299 2069 2353 rediit

495 2380 737 2451 Cyrillus
768 2381 1065 2454 episcopus
1102 2384 1653 2457 tlierosolyinitanus,
1688 2390 1781 2460 qui
1820 2391 1889 2446 ab
1914 2394 2071 2446 Aria-

490 2473 582 2529 nis
618 2474 859 2546 fugerat,
909 2476 964 2531 in
1011 2476 1192 2532 loequ
1226 2493 1418 2545 suum,
1466 2480 1561 2535 ubi
1601 2496 1777 2537 annos
1829 2483 2066 2538 sederim

488 2566 678 2630 sedit,
733 2568 859 2624 dein
914 2578 1169 2625 mortuus
1211 2580 1317 2625 est.
1369 2570 1572 2628 Totum
1628 2590 1759 2645 ergo
1806 2579 2067 2647 temporis

492 2662 731 2731 spatium
767 2675 878 2731 quo
908 2663 1233 2734 episcopatu
1268 2664 1492 2720 functus
1517 2674 1606 2722 est
1626 2665 1866 2738 Cyrillus
1891 2683 2065 2723 anno.

490 2770 614 2809 rum
648 2764 766 2810 erat
816 2756 1051 2827 triginta.
1075 2756 1266 2812 trium.
1300 2758 1665 2830 Episcopatus
1713 2760 1889 2831 ipsius
1923 2776 2077 2817 anno

486 2848 756 2906 vicesimo
786 2851 1022 2918 septimo
1072 2850 1177 2905 fuit
1215 2852 1510 2907 concilium
1551 2852 2067 2924 Constantinopoli-

486 2952 681 2997 tanum
716 2942 1047 2998 secundum.
1074 2944 1220 3011 Quin
1247 2954 1299 2998 et
1326 2944 1680 2999 Alexandrini
1705 2944 2064 3001 Athanasium

485 3033 858 3100 patriam-ham
913 3033 1099 3089 animo
1142 3034 1319 3104 ipsum
1357 3035 1668 3091 trucidandi
1701 3037 1875 3091 adorti
1907 3046 2058 3103 sunt,

2169 3026 2549 3100 [conferendo]
2611 3029 2901 3091 dissensio,

484 3127 579 3185 ille
634 3143 765 3183 vero
818 3128 943 3197 fuga
1005 3128 1295 3197 prolapsus
1345 3129 1583 3185 delituit.
1648 3129 1888 3184 Lucium
1931 3148 2060 3202 ergo

483 3222 777 3285 Arianum,
810 3222 877 3276 ad
909 3223 1330 3292 patriarcbalem
1362 3222 1709 3278 Alexandriae
1738 3223 2071 3290 dignitatem.

485 3323 807 3370 evexerant.
854 3313 1110 3383 Quinque
1156 3326 1336 3371 autem
1385 3315 1586 3385 elapsis
1616 3316 1898 3369 mensibus
1927 3332 2074 3371 conm

483 3406 767 3460 venientes
807 3408 1044 3483 episcopi
1093 3407 1342 3462 nonnulli
1406 3423 1515 3462 una
1559 3422 1680 3462 cum
1729 3407 2063 3462 christiano-

483 3511 607 3550 rum
655 3494 1040 3551 Melchitarum
1098 3497 1458 3552 multitudine
1510 3497 1682 3551 Lucio
1734 3499 2064 3568 patriarcha:

483 3586 917 3647 maledixernnt,
969 3589 1146 3657 ipsmn
1198 3590 1252 3642 in
1284 3587 1539 3644 exsilium
1576 3589 1927 3659 pepulerunt,
1975 3605 2063 3643 re-

483 3691 787 3750 versuSque
821 3676 1166 3733 Athanasius
1197 3678 1517 3746 patriarcha
1571 3679 1625 3732 in
1663 3678 1853 3734 sedem
1880 3694 2060 3739 suam,

478 3769 655 3839 ipsam
718 3769 897 3823 donec
954 3779 1264 3824 moreretur
1311 3769 1624 3838 occupavit.
1675 3769 2060 3825 Patriarchatu

479 3872 663 3918 autem
719 3862 943 3918 functus
984 3870 1069 3917 est
1098 3877 1276 3927 annos
1301 3862 1663 3933 quadraginta
1719 3879 1838 3918 sex.
1901 3865 2063 3917 Anno

481 3954 702 4023 imperii
759 3951 988 4009 Valentii
1024 3963 1221 4011 octavo
1254 3956 1596 4011 constitutus
1622 3967 1708 4011 est
1741 3956 1937 4012 Petrus
1967 3972 2071 4025 pa-.

480 4045 723 4100 triarcha
765 4042 1195 4112 Alexandrinus,
1252 4064 1418 4116 quem
1467 4063 1592 4101 cum
1640 4049 1826 4102 animo
1881 4048 2060 4117 ipsum

478 4136 770 4192 occidendi
817 4137 999 4194 adorti
1048 4147 1232 4193 essent
1263 4138 1455 4194 Ariani
1483 4139 1601 4208 ipse
1636 4139 1759 4207 fuga
1798 4156 1858 4195 se
1882 4141 2063 4210 prori-

476 4229 599 4297 puit
630 4226 1015 4306 488491.
1054 4228 1262 4286 Deinde
1311 4230 1428 4287 sedi
1477 4245 1593 4285 sua:
1636 4226 1888 4288 redditus
1932 4248 2057 4289 cum

476 4332 595 4371 eam
624 4333 720 4373 sex
748 4333 924 4374 annos
953 4329 1279 4388 occupasset
1315 4327 1569 4375 mortuus
1600 4329 1704 4377 est.

551 4409 868 4464 Concitavit
917 4410 1362 4480 autem'quidam
1398 4422 1589 4466 contra
1627 4410 1938 4467 Valentium
1971 4429 2061 4470 re-

482 4499 791 4565 bellionem
812 4502 866 4557 in
905 4502 1229 4565 Occidente,
1258 4513 1446 4557 contra
1479 4520 1639 4573 quem
1691 4506 1782 4559 ille
1814 4520 1940 4559 cum
1968 4521 2061 4559 eo-

480 4596 589 4664 piis
614 4595 733 4651 suis
764 4593 1041 4663 profectus
1071 4595 1125 4648 in
1161 4594 1303 4649 bello
1329 4596 1556 4661 occidit,
1602 4599 1905 4668 imperante
1937 4612 2063 4669 post

479 4689 660 4757 ipsum
704 4685 971 4743 Romanis
1013 4685 1184 4741 fratre
1214 4686 1386 4756 ipsius
1420 4687 1647 4744 Valente
1696 4705 1874 4746 annos
1925 4703 2057 4751 tres.

482 4780 647 4848 idque
675 4792 824 4835 anno
851 4778 1005 4850 regni
1040 4777 1286 4849 Saporis,
1320 4779 1414 4835 lilii
1448 4778 1685 4848 Saporis
1761 4781 2055 4837 Persarum

481 4871 649 4941 regis,
713 4871 996 4927 tricesimo
1048 4879 1227 4928 sexto.
1278 4870 1452 4927 Porro
1515 4882 1764 4944 tempore
1816 4875 2061 4931 Valentis

481 4962 861 5031 imperatoris,
894 4961 1241 5018 Alexandria:
1291 4962 1396 5017 fuit
1446 4965 1530 5018 vir
1562 4966 1785 5036 quidam
1838 4970 2064 5024 nomine

481 5055 808 5123 Theodorus
825 5055 919 5125 qui
946 5055 1324 5110 Melchitarum
1357 5057 1684 5112 sententiam
1721 5058 2061 5129 disputando

484 5150 768 5218 tuebatur,
797 5150 1132 5205 Arianorum
1164 5161 1346 5206 autem
1392 5151 1667 5206 refutabat
1695 5170 1709 5207 :
1751 5169 1911 5223 quem
1935 5170 2064 5221 ergo

482 5250 706 5310 captum
737 5242 856 5297 Arii
909 5241 1184 5296 maledicti
1227 5243 1493 5307 asseclte,
1543 5245 1742 5299 vinctis
1786 5247 2058 5311 manibus,

479 5349 751 5406 equorum
781 5334 1018 5406 pedibus
1043 5334 1367 5403 alligarunt,
1394 5350 1537 5405 quos
1561 5336 1762 5392 deinde
1787 5337 1839 5391 in
1868 5354 2061 5408 campo

478 5425 547 5480 ad
580 5441 807 5483 cursum
862 5427 1189 5490 incitarunt,
1239 5425 1420 5480 donec
1452 5426 1749 5498 discerptis
1784 5430 2063 5485 membro-

487 5535 606 5573 rum
635 5520 996 5590 compagibus
1042 5521 1363 5590 martyrium
1397 5535 1592 5589 passus
1623 5524 1714 5576 sit.
1764 5525 1923 5578 Anno
1956 5525 2063 5578 im-

483 5610 620 5678 perii
673 5608 918 5667 Valentis
976 5609 1353 5666 Romanorum
1401 5612 1749 5680 imperatoris
1807 5616 2054 5671 secundo

482 5702 816 5759 constitutus
864 5714 945 5759 est
980 5701 1304 5758 Timotheus
1362 5703 1669 5771 patriarcha
1724 5705 2051 5760 Alexandri-

2179 459 2263 514 sui
2302 459 2474 515 frater
2511 461 2650 526 luit;
2689 471 2901 531 septem
2925 475 3099 516 annos
3134 459 3299 524 sedit,
3330 460 3456 514 dein
3493 468 3745 513 mortuus

2176 560 2284 606 est.
2316 552 2477 605 Anno
2517 563 2702 607 autem
2737 552 3077 623 prtefecturte
3106 551 3285 619 ipsius
3315 559 3474 605 sexto
3497 550 3745 604 habitum

2175 650 2262 695 est
2319 642 2619 698 concilium
2681 644 3352 715 Constantinopolitanum
3414 641 3721 697 secundum

2177 729 2462 788 Exstruxit
2486 742 2675 789 autem
2697 733 3017 790 Timotheus
3066 731 3372 804 patriarcha
3403 731 3748 785 Alexandria:

2173 825 2439 881 ecclesias
2460 828 2786 895 complures.
2810 837 2864 881 et
2884 837 3235 881 monumenta
3257 838 3367 878 non
3391 840 3424 892 p
3442 839 3585 877 mea.
3665 823 3747 875 -

2178 926 2259 973 tos
2280 919 2443 973 etiam
2470 917 2539 975 ab
2567 919 2684 974 Arii
2715 920 2980 974 sententia
3009 919 3077 973 ad
3121 916 3502 971 Melcbitarum
3536 914 3748 968 doctria

2172 1025 2300 1063 nam
2367 1012 2660 1066 convertit.
2715 1012 2873 1065 Auno
2938 1011 3151 1080 imperii
3201 1006 3448 1076 ejusdem
3500 1004 3744 1061 Valentis

2176 1098 2545 1155 Bouianorum
2593 1100 2939 1170 imperatoris
2969 1100 3232 1159 secundo,
3275 1098 3612 1153 constitutus
3660 1105 3746 1147 est

2173 1191 2439 1261 Evagrius
2493 1193 2808 1262 patriarcha
2851 1191 3017 1264 492
3048 1190 3743 1260 Coustautiuopolitanus:

2172 1284 2334 1339 fidem
2376 1286 2466 1339 hic
2500 1285 2878 1340 Melchitarum
2916 1285 3220 1355 professus,
3272 1300 3399 1337 cnm
3421 1288 3561 1337 duos
3592 1297 3745 1336 men-

2171 1392 2260 1434 ses
2308 1377 2545 1433 sedisset
2595 1379 2648 1431 iu
2686 1378 2937 1433 exsilium
2995 1378 3185 1444 pulsus
3227 1385 3328 1430 est.
3363 1374 3563 1430 Valens
3610 1391 3744 1444 ergo

2170 1469 2471 1539 imperator
2503 1471 2772 1525 accersito
2804 1466 3079 1538 Gregm-io~
3104 1468 3452 1523 Nazianzeno
3480 1508 3494 1529 ,
3564 1470 3741 1533 ipsam

2169 1563 2320 1620 sedis
2350 1562 2977 1633 Constantinopolitanm
3026 1577 3214 1616 curant
3251 1560 3742 1630 susciperejussit.

2168 1657 2330 1727 cujus
2363 1672 2492 1728 ergo
2532 1672 2621 1712 res
2656 1663 2897 1725 quatuor
2934 1670 3109 1709 annos
3148 1653 3575 1719 administravit,
3619 1654 3747 1706 dein

2171 1758 2419 1803 mortuus
2449 1758 2555 1803 est.
2594 1746 2712 1802 Sub
2742 1748 2930 1802 codem
2967 1745 3195 1800 Valente
3223 1743 3593 1798 Rotnanorum
3641 1745 3744 1797 im-

2169 1852 2422 1911 peratore
2451 1847 2614 1895 natus
2644 1847 2729 1894 est
2762 1851 2985 1893 sanctus
3027 1836 3279 1907 Euthymi
3303 1853 3370 1890 ts.
3436 1835 3745 1892 Coucitarit

2172 1938 2356 1984 autem
2394 1930 2625 1999 quidam
2652 1930 2706 1983 in
2754 1928 3049 1984 Occidente
3094 1938 3285 1983 contra
3323 1925 3603 1983 Valentem
3655 1944 3745 1981 re-

2132 2022 2504 2087 bellionem,
2555 2020 2826 2076 adversus
2882 2036 3043 2087 quem
3092 2034 3216 2073 cum
3276 2020 3394 2087 ipse
3444 2018 3743 2073 exercitum

2169 2115 2438 2177 duxisset,
2503 2113 2799 2168 commisso
2853 2112 2994 2167 inter
3047 2114 3198 2181 ipsos
3257 2111 3504 2181 pluribus
3554 2111 3745 2166 diebus

2169 2207 2381 2278 praelia,
2422 2207 2544 2262 loco
2571 2208 2809 2273 quodam
2839 2203 3055 2258 Taraka
3090 2205 3256 2259 dicto.
3293 2204 3347 2258 in
3395 2204 3574 2273 fugam
3612 2217 3747 2255 con-

2170 2312 2365 2354 versus
2406 2297 2608 2352 Valens
2658 2296 2957 2366 imperator
3007 2295 3075 2350 ad
3124 2297 3303 2349 vicum
3353 2298 3641 2364 quemdam
3688 2294 3741 2346 in

2170 2391 2377 2444 ditione
2403 2388 2892 2458 Adrianopolitana
2943 2388 3214 2458 confugit,
3264 2386 3355 2441 ubi
3406 2387 3582 2454 ipsum
3635 2400 3741 2439 una

2170 2498 2292 2536 cum
2327 2482 2445 2537 vico
2495 2481 2622 2550 igne
2669 2479 2920 2535 immisso
2967 2479 3407 2534 combusserun'.
3464 2477 3744 2531 Successit

2171 2574 2273 2643 ipsi
2316 2573 2458 2627 filius
2486 2572 2861 2637 Valentianus,
2902 2586 3141 2637 quocum
3190 2586 3296 2624 una
3330 2570 3593 2624 Ruinanis
3641 2571 3745 2621 im-

2170 2664 2379 2733 perarit
2413 2662 2709 2717 Gratianus
2740 2670 2851 2717 tres
2891 2677 3084 2716 annos.

2241 2753 2458 2807 Mortuo
2514 2753 2713 2808 deinde
2759 2753 3026 2809 Gratiano
3076 2752 3431 2821 imperatore,
3480 2770 3580 2807 nec
3635 2768 3741 2806 non

2174 2846 2358 2915 paucis
2386 2854 2510 2914 post
2546 2846 2723 2916 ipsum
2750 2846 2945 2901 diebus
2992 2845 3319 2915 imperatore
3354 2850 3529 2901 etiam.
3554 2848 3745 2901 Vah-n-

2174 2937 2343 2996 tiano.
2375 2944 2509 2991 orta
2530 2946 2615 2992 est
2647 2938 2790 2993 inter
2844 2936 3120 2991 Rotnanos
3171 2952 3369 3005 magna
3402 2939 3469 2992 dc
3511 2939 3743 3007 imperio

2984 3027 3297 3085 dicentibus
3362 3030 3740 3098 quibusdam:

2166 3120 2460 3189 imperium
2511 3121 2566 3175 in
2619 3138 2719 3176 nos
2776 3131 2956 3177 teneat
3015 3138 3214 3177 unuse
3250 3122 3373 3178 filiis
3434 3120 3741 3174 Valentiani

2165 3214 2511 3283 imperatoris
2544 3214 2720 3284 magni
2747 3233 2762 3281 ;
2789 3216 2935 3269 aliis:
2973 3212 3049 3269 Ne
3079 3217 3304 3283 imponet
3337 3215 3491 3268 nobis
3515 3214 3618 3269 nisi
3638 3215 3741 3268 ali-

2164 3309 2286 3377 quis
2312 3323 2338 3360 a
2366 3308 2522 3363 nobis
2553 3309 2838 3377 probatus,
2881 3309 2973 3377 qui
3005 3308 3162 3363 fidem
3208 3308 3566 3362 christianam
3600 3322 3741 3377 pro-

2166 3411 2391 3472 pugnet.
2437 3400 2579 3467 Quin
2631 3409 2686 3455 et
2722 3400 3101 3470 discrepantes
3157 3399 3379 3456 fuerunt
3414 3400 3746 3454 christiano-

2165 3508 2283 3546 rmn
2321 3494 2627 3561 opiniones,
2658 3502 2712 3548 et
2741 3493 2929 3546 divisae
2958 3493 3267 3557 sententiae,
3298 3492 3499 3561 quibus
3525 3492 3744 3545 tandem

2170 3587 2452 3655 praevaluit
2467 3588 2823 3651 Arianorum,
2839 3595 2896 3643 et
2918 3585 3432 3641 Macedonianorum
3452 3587 3742 3640 sententia.

2163 3678 2518 3752 $93-$95
2552 3680 2657 3733 Sex
2692 3695 2825 3748 ergo
2857 3680 3143 3734 mensibus
3173 3678 3483 3731 conturlati
3521 3692 3741 3731 manse-

2166 3784 2293 3825 runt
2327 3773 2538 3841 absque
2571 3772 2923 3842 imperatore.
2973 3770 3162 3839 Neque
3194 3771 3340 3825 ullus
3388 3786 3451 3825 eo
3498 3779 3741 3839 tempore

2163 3864 2636 3933 Constantinopoli
2690 3862 2904 3931 prrefuit
2962 3862 3293 3931 patriarcha.
3331 3859 3462 3915 Nam
3501 3875 3530 3913 a
3564 3869 3741 3913 morte

2164 3953 2408 4025 Gregorii
2455 3955 2700 4023 episcopi
2737 3952 3092 4019 Nazianzcui,
3122 3954 3215 4022 qui
3247 3952 3396 4007 sedis
3422 3951 3743 4007 Constanti

2166 4047 2492 4116 nopolitanre
2522 4060 2706 4100 curam
2737 4054 3003 4116 gesserat,
3042 4060 3215 4101 vacua
3252 4045 3517 4099 remansit
3547 4043 3741 4097 cathe-

2165 4140 2260 4193 dra
2315 4138 2471 4192 nullo
2505 4137 2735 4193 suffecto
2761 4138 3094 4206 patriarcha.
3154 4136 3558 4191 Convenientes
3611 4151 3743 4205 ergo

2166 4240 2451 4288 senatores
2483 4240 2538 4287 et
2569 4231 2741 4287 duces
2771 4231 3066 4301 quemdam
3098 4246 3165 4285 ex
3195 4229 3468 4300 episcOpis
3520 4229 3743 4282 noauine

2163 4324 2385 4395 Cyrum,
2415 4324 2592 4378 virum
2632 4325 2861 4393 prolmm
2886 4335 2937 4377 et
2967 4320 3242 4392 egregium
3276 4338 3288 4374 :
3317 4320 3393 4374 Te
3439 4319 3739 4391 (inquiunt)

2164 4425 2451 4485 acceptum
2512 4417 2803 4479 habemus,
2833 4424 2889 4470 et
2917 4415 3289 4485 quodcunque
3329 4413 3425 4466 tibi
3467 4412 3536 4468 de
3579 4410 3745 4467 nobis

2163 4519 2405 4563 statuere
2436 4509 2615 4564 visum
2649 4508 2810 4561 fuerit
2837 4525 2851 4573 ;
2885 4508 2977 4561 tibi
3004 4523 3132 4576 ergo
3159 4506 3434 4574 Optionem
3469 4502 3741 4574 permitti-

2163 4618 2307 4666 mus,
2335 4608 2393 4652 ut
2419 4599 2596 4653 virum
2627 4599 2782 4669 cujus
2812 4598 2910 4653 tibi
2944 4614 3123 4651 mores
3156 4596 3368 4667 probati
3406 4594 3611 4649 fuerint
3638 4607 3739 4646 no-

2163 4690 2247 4744 bis
2277 4705 2456 4758 regem
2489 4691 2796 4744 constituas
2836 4706 2849 4742 :
2883 4690 2927 4743 si
2971 4689 3117 4741 enim
3171 4687 3379 4754 absque
3438 4700 3566 4753 rege
3618 4699 3741 4753 per-

2164 4782 2532 4837 manserimus
2550 4796 2580 4835 a
2602 4779 2787 4835 Persis
2805 4778 3037 4848 aliisque
3061 4776 3342 4840 timemus,
3367 4790 3435 4829 ne
3461 4776 3737 4845 regionem

2168 4884 2409 4929 nostram
2451 4872 2770 4927 invadentes
2809 4870 2992 4934 nobis,
3030 4883 3138 4937 prae
3178 4868 3501 4936 opinionum
3548 4865 3739 4918 multi-

2164 4966 2351 5020 tudine
2386 4974 2440 5020 et
2468 4963 2900 5019 differentiarum
2929 4961 3327 5032 magnitudine,
3361 4958 3737 5029 praevalentes,

2169 5075 2269 5113 nos
2324 5058 2575 5129 perdant.
2636 5055 2941 5125 Respondit
2991 5054 3125 5122 ipsis
3172 5054 3462 5124 episcopus
3497 5070 3510 5106 :
3551 5050 3605 5106 Si
3638 5068 3740 5121 ego

2163 5150 2341 5204 virum
2400 5149 2637 5219 aliquem
2683 5149 2916 5203 electum
2966 5147 3124 5202 vobis
3180 5161 3361 5216 regem
3424 5144 3739 5213 prarfecero,

2165 5257 2359 5296 vereor
2394 5256 2463 5296 ne
2491 5242 2617 5296 dum
2654 5240 2775 5294 aliis
2808 5236 3097 5309 placuerit,
3132 5239 3253 5291 aliis
3285 5252 3410 5291 vero
3437 5251 3568 5297 non,
3601 5237 3739 5292 bella

2165 5337 2309 5390 inter
2337 5350 2435 5391 vos
2462 5342 2519 5390 et
2560 5335 2737 5390 credes
2769 5334 3036 5387 oriantur.
3098 5330 3299 5411 Verum
3335 5345 3456 5399 quae
3505 5327 3633 5382 mihi
3686 5327 3741 5382 in

2167 5440 2401 5481 mentem
2435 5435 2586 5481 venit
2622 5425 2897 5480 sententia
2925 5424 3082 5478 vobis
3129 5422 3434 5491 explicabo,
3474 5434 3638 5489 quam
3692 5421 3739 5473 si

2165 5519 2399 5588 amplexi
2427 5517 2642 5574 fueritis
2669 5528 2722 5574 et
2751 5517 2881 5571 mihi
2917 5525 2971 5570 et
2992 5514 3150 5569 vobis
3204 5513 3391 5567 utilior
3422 5522 3504 5566 est
3532 5512 3737 5565 futura.

2167 5612 2430 5678 Quaenam
2455 5611 2757 5681 (inquiunt)
2786 5608 2888 5663 ista
2912 5607 3035 5663 est?
3074 5603 3374 5675 Respondit
3399 5602 3692 5673 episcopus
3718 5619 3733 5656 :

2170 5703 2239 5758 Ut
2277 5721 2373 5777 per
2405 5715 2572 5759 telam
2598 5703 2785 5759 urbem
2816 5696 3503 5767 Constantinopolitanam,
3529 5709 3739 5764 praeco-
