4076 6410
343 233 483 296 1019

1363 235 1739 298 EUTYCIIII
1783 236 2335 297 ALEXANDRINI
2378 238 2600 299 PATR.

3482 234 3619 299 1020

339 350 427 403 nis
457 362 591 401 voce
619 345 889 411 edicatur,
938 358 1011 401 ne
1037 345 1112 404 sit
1144 348 1237 417 qui
1275 349 1345 404 ad
1387 351 1525 407 solis
1564 364 1823 406 occasum
1875 350 1926 404 in
1962 358 1999 410 Α
2044 350 2287 418 Sequere
2319 364 2423 402 me.
2470 348 2705 402 Secutus
2739 360 2868 418 ergo
2915 346 3089 417 ipsum
3139 349 3267 402 dum
3319 363 3427 401 una
3494 364 3616 403 cum

337 440 571 493 ecclesia
605 454 710 493 non
732 439 1055 508 conveniat,
1081 440 1178 495 ubi
1208 450 1379 496 totam
1409 451 1623 497 noctem
1664 444 1927 512 precibus

341 531 736 599 impendentes,
763 530 930 604 496
970 533 1097 588 dein
1166 549 1323 589 sacra
1372 536 1720 591 celebrantes
1754 534 1925 590 Deum

338 629 389 672 et
426 620 718 676 Dominum
755 630 1010 679 nostrum
1043 622 1231 679 Jesum
1276 625 1560 681 Christum
1589 641 1844 694 rogemus
1871 635 1929 679 ut

339 713 504 769 nobis
548 729 731 783 regem
792 716 980 787 eligat,
1028 727 1083 771 et
1133 734 1519 788 quemcunque
1556 719 1673 789 ipse
1704 720 1930 789 elegerit

340 809 511 862 nobis
568 824 751 877 regem
814 809 1205 879 praeficiamus.
1258 811 1318 865 in
1381 812 1544 880 cuius
1598 813 1926 868 sententiam

339 902 771 958 descenderunt.
842 901 1088 959 Fuerunt
1162 911 1346 959 autem
1423 905 1925 974 Constantinopoli,

338 995 444 1048 viri
478 997 590 1050 duo
621 1011 914 1066 pauperes,
952 998 1138 1053 tenuis
1172 998 1362 1065 sortis,
1414 998 1655 1053 amicitia
1695 1000 1836 1053 inter
1868 1012 1930 1052 se

342 1086 658 1155 conjuncti,
692 1102 924 1157 quorum
983 1103 1128 1143 unus
1169 1088 1392 1144 nomine
1439 1087 1807 1151 Theodosius,
1846 1090 1929 1142 vir

341 1179 531 1234 barba:
562 1196 722 1244 rarae,
756 1197 929 1236 annos
953 1181 1172 1251 triginta
1197 1191 1395 1246 natus;
1429 1185 1568 1239 alter
1585 1183 1926 1252 Theophilus

337 1274 557 1338 sapiens
585 1282 638 1326 et
666 1274 1053 1343 philosophus,
1096 1291 1273 1330 annos
1301 1285 1463 1332 natus
1514 1277 1733 1347 viginti'
1765 1278 1928 1347 quin-

335 1378 461 1431 que.
529 1363 609 1418 llli
672 1365 920 1432 quotidie
977 1366 1143 1421 simul
1217 1367 1699 1439 Constantinopoli
1768 1384 1928 1424 mane

335 1458 542 1525 egressi
577 1457 721 1528 ligna
749 1458 1102 1530 colligebant,
1121 1477 1243 1530 qua:
1268 1462 1542 1532 capitibus
1571 1464 1688 1520 suis
1713 1472 1924 1534 gestata

335 1551 679 1617 vendentes,
744 1554 1028 1610 dimidiam
1093 1558 1256 1626 pretii
1318 1565 1529 1626 partem
1588 1559 1925 1628 pauperibus

334 1643 767 1711 distribuebant,
810 1649 979 1703 altera
1021 1650 1225 1705 vietum
1267 1658 1324 1705 et
1360 1649 1566 1720 reliqua
1593 1650 1698 1706 sibi
1731 1666 1923 1707 neces-

2033 442 2155 508 ipso
2193 443 2592 511 proﬁciscerer,
2643 442 2750 496 vidi
2799 440 3027 505 arietes,
3089 457 3241 509 oves,
3295 443 3483 507 boves,
3522 442 3616 510 jn-

2032 540 2216 585 menta
2256 542 2310 587 et
2365 532 2641 595 volucres,
2696 549 2755 587 se
2808 532 2941 587 mihi
3004 534 3315 598 ineurvare,
3385 536 3615 590 arbores

2029 626 2358 681 etiam'tnihi
2403 627 2665 682 honorem
2705 627 2982 695 capitibus
3042 627 3324 682 inclinatis
3374 627 3614 695 deferre,

2033 719 2221 773 leones
2246 731 2427 773 autem
2470 720 2524 774 in
2566 735 2654 773 me
2680 721 2884 792 rugire,
2914 734 2941 773 a
2968 720 3174 789 quibus
3222 714 3354 776 cum'
3388 736 3615 791 magno-

2031 824 2159 876 pere
2186 821 2529 867 metuerem:
2565 809 2643 867 Ne
2688 822 2925 877 metuas,
2963 813 3159 880 inquit,
3221 811 3315 867 sed
3367 812 3609 883 gladium

2031 900 2197 956 istum
2222 914 2274 957 et
2305 904 2552 974 clypeum
2579 905 2877 975 prehende,
2898 905 2965 961 iis
2994 905 3088 959 tibi
3116 905 3169 959 in
3218 922 3438 960 manum
3466 922 3616 963 sum-

2030 994 2140 1065 ptis
2170 995 2192 1063 (
2222 1005 2341 1049 erat
2370 1003 2554 1051 autem
2585 997 2799 1066 gladius
2834 1013 3054 1067 anceps,
3112 1006 3354 1068 quatuor
3400 998 3614 1055 habens

2030 1084 2254 1157 sigilla).
2291 1088 2444 1152 Quos
2482 1104 2613 1158 ergo
2637 1090 2705 1143 ab
2738 1090 2857 1157 ipso
2886 1097 3149 1160 acceptos
3180 1106 3303 1145 cum
3337 1100 3611 1155 tenerem,

2030 1178 2179 1243 feras,
2216 1179 2324 1234 illis
2361 1180 2413 1233 in
2444 1196 2609 1235 manu
2659 1196 2776 1235 mea
2808 1185 3143 1249 conspectis,
3195 1184 3378 1238 statim
3413 1184 3467 1239 in
3508 1194 3617 1239 ter-

2029 1285 2143 1323 ram
2168 1271 2514 1338 procidentes
2551 1287 2636 1328 me
2669 1272 2991 1327 adorarunt.
3045 1272 3183 1328 Tum
3225 1289 3312 1328 me
3338 1274 3402 1328 ad
3463 1290 3613 1331 mare

2029 1362 2309 1432 perduxit,
2343 1363 2435 1417 ubi
2466 1364 2781 1419 columnam
2818 1380 2882 1419 ex
2915 1364 3056 1428 luce,
3089 1380 3120 1418 e
3151 1366 3287 1420 mari
3331 1368 3612 1434 prodeun-

2030 1460 2138 1509 tem
2172 1455 2308 1509 vidi.
2345 1454 2440 1510 Vir
2480 1467 2659 1511 autem
2696 1456 2788 1511 ille
2813 1472 2975 1511 manu
3008 1471 3106 1512 sua
3139 1466 3371 1513 extensa
3401 1459 3615 1515 colum-

2028 1561 2151 1601 nam
2183 1549 2597 1619 apprehendcns
2620 1564 2682 1604 ea
2727 1564 2813 1602 me
2841 1550 3041 1605 induit.
3078 1549 3260 1606 Divisa
3316 1560 3498 1607 autem
3528 1562 3611 1608 est

2027 1637 2278 1693 columna
2314 1642 2413 1694 ista
2450 1643 2501 1694 in
2539 1648 2650 1695 tres
2702 1641 2913 1709 stellas,
2978 1660 3212 1714 quarum
3264 1646 3438 1714 prima
3490 1661 3611 1714 qua)

333 1736 478 1791 saria
520 1741 936 1806 comparabant,
996 1759 1097 1797 nec
1153 1743 1458 1814 quidquam
1517 1744 1670 1814 ipsos
1720 1754 1918 1815 praeter

2024 1730 2242 1786 unionis
2271 1731 2448 1787 instar
2471 1741 2610 1797 erat,
2647 1749 2733 1788 me
2764 1743 2953 1804 peetus
2996 1751 3169 1805 usque
3194 1736 3556 1793 circumdedit
3593 1756 3608 1805 ;

333 1839 554 1885 noctem
580 1830 898 1898 dirimebat,
937 1842 1179 1905 utroque
1209 1835 1429 1890 domum
1461 1852 1619 1892 suam
1661 1838 1918 1900 abeunte,

331 1920 459 1976 dein
505 1922 571 1977 ad
626 1939 861 1993 pensum
904 1942 1062 1983 suum
1105 1928 1389 1983 redeunte.
1452 1930 1532 1984 Eo
1599 1931 1768 2003 igitur
1832 1930 1922 1987 die

332 2014 682 2087 Theophilus
711 2014 877 2073 .“beoe
918 2035 1078 2073 mane
1124 2020 1189 2076 ad
1232 2021 1607 2077 Theodosium
1657 2023 1922 2078 accedens

332 2118 394 2163 ut
425 2110 610 2180 ipsum
657 2126 688 2165 e
729 2126 928 2166 somno
980 2112 1247 2167 excitaret
1288 2128 1401 2181 quo
1440 2113 1709 2182 lignatum
1754 2111 1922 2184 proli-

333 2203 697 2271 ciscerentur,
765 2214 1030 2259 evocatus
1086 2206 1204 2273 ipse
1241 2221 1532 2274 egressus:
1572 2205 1771 2262 Frater
1846 2207 1919 2263 mi

333 2293 558 2365 (inquit)
592 2294 645 2349 in
688 2297 907 2351 somnio
947 2298 1132 2361 modo,
1169 2297 1312 2353 cuod
1345 2297 1477 2351 mihi
1510 2298 1666 2353 valde
1719 2299 1918 2353 mirum

330 2385 513 2441 visum
551 2394 657 2449 est,
688 2386 946 2443 detentus
976 2402 1098 2442 sum
1132 2387 1311 2442 donec
1347 2395 1400 2442 te
1446 2387 1779 2442 inclamante
1822 2403 1915 2441 ex-

333 2484 620 2547 perrectus
655 2491 776 2532 sum
806 2486 955 2532 metu
992 2479 1319 2548 perculsus;
1351 2478 1497 2548 quod
1530 2479 1575 2533 si
1610 2478 1912 2533 invenirem

333 2567 429 2634 qui
470 2568 1113 2637 mihiioterpretaretur,
1144 2570 1332 2625 darem
1379 2570 1455 2624 illi
1488 2571 1757 2641 quidquid
1807 2579 1918 2625 tota

333 2659 439 2715 hae
464 2660 766 2729 septimana
796 2662 1109 2719 lucraturus
1138 2678 1281 2729 sum,
1313 2677 1375 2717 ea
1398 2679 1504 2733 qua
1532 2678 1650 2719 sum
1681 2680 1919 2735 pauper—

332 2761 445 2809 tate
473 2770 602 2810 cnm
644 2753 781 2809 nihil
845 2754 993 2809 aliud
1029 2764 1285 2826 suppetat
1336 2772 1502 2826 quam
1557 2758 1701 2826 quod
1758 2758 1920 2828 lignis

330 2846 637 2904 vendendis
666 2849 973 2916 aequiram.
1007 2847 1107 2904 Cui
1138 2849 1504 2921 Theophilus:
1535 2851 1689 2915 Mihi,
1717 2851 1916 2920 inquit,

332 2939 673 2994 somniorum
729 2939 1270 3011 interpretandorum
1321 2942 1688 3017 5.97-5.99
1720 2944 1916 3012 peritia

2024 1825 2290 1890 secunda,
2353 1840 2475 1895 quae
2540 1826 2715 1880 instar
2772 1828 3074 1898 smaragdi,
3116 1827 3327 1883 femora
3387 1845 3609 1899 usque;

2024 1919 2185 1971 tertia
2208 1932 2365 1983 vero,
2411 1934 2533 1989 qua:
2566 1919 2740 1975 instar
2770 1919 3051 1991 hyacinthi
3086 1919 3412 1984 rubicantis,
3447 1921 3612 1991 pedes

2029 2024 2222 2079 usque.
2254 2010 2457 2067 Deinde
2489 2028 2574 2066 me
2597 2028 2758 2066 manu
2803 2014 3132 2081 prehensum
3161 2029 3286 2067 cum
3320 2014 3383 2067 ad
3414 2014 3608 2069 descr-

2024 2111 2139 2157 tum
2158 2101 2302 2156 istud
2321 2118 2578 2169 maguum
2594 2104 3100 2170 reduxissetz'i‘oile,
3120 2104 3384 2174 iuquit,in
3407 2105 3605 2159 omium

2027 2194 2222 2249 oculos
2253 2204 2397 2250 tuos.
2428 2194 2672 2250 Sublatis
2697 2194 3052 2268 ὅθι-503
3083 2211 3214 2266 ergo
3256 2199 3454 2267 oculis,
3479 2199 3613 2255 stel-

2024 2282 2132 2338 lam
2158 2299 2406 2353 magnam
2449 2283 2682 2354 fulguris
2717 2286 2892 2342 instar
2940 2289 3203 2358 conspexi
3231 2305 3353 2359 quae
3386 2291 3439 2343 in
3473 2292 3612 2345 duas

2025 2386 2212 2448 partes
2241 2376 2417 2432 divisa
2444 2377 2577 2431 mihi
2612 2379 2667 2432 in
2699 2389 2867 2447 caput
2895 2380 3102 2436 decidit
3149 2399 3165 2440 :
3206 2390 3323 2437 tum
3365 2385 3430 2438 ad
3464 2385 3608 2441 latus

2025 2469 2227 2525 deserti
2267 2485 2354 2524 me
2383 2471 2631 2534 deduxit,
2681 2471 2773 2527 ubi
2808 2473 2965 2528 multi
3008 2476 3337 2531 crescebant
3400 2487 3609 2544 sentes,

2022 2575 2080 2619 et
2103 2564 2249 2619 inter
2305 2566 2517 2621 medios
2547 2575 2730 2623 sentes
2783 2568 3010 2623 arbores
3062 2567 3421 2640 infrugiferae.
3473 2570 3606 2626 Dein

2024 2656 2090 2711 ad
2127 2659 2424 2725 tentorium
2457 2674 2714 2730 magnum
2757 2669 2811 2716 et
2865 2661 3153 2728 pulchrum
3211 2679 3299 2718 me
3330 2665 3605 2733 perduxit,

2021 2748 2177 2819 cujus
2209 2759 2415 2817 partem
2465 2753 2779 2808 interiorem
2815 2752 2944 2808 dum
2997 2754 3419 2824 perIuStrarem,
3475 2774 3608 2813 cece

2027 2844 2084 2898 in
2118 2843 2293 2910 ipsius
2323 2843 2505 2899 medio
2535 2859 2707 2916 agnus
2741 2856 2883 2913 erat,
2912 2855 2966 2901 et
2995 2845 3116 2902 fons
3146 2863 3302 2916 aqua:
3336 2850 3491 2906 laetis
3522 2853 3608 2904 in-

2023 2943 2139 2990 star
2162 2936 2474 2992 albicantis.
2502 2937 2689 3008 Agnus
2713 2947 2894 2994 autem
2933 2941 3037 2996 iste
3062 2943 3220 3011 quasi
3245 2942 3298 2998 in
3333 2941 3607 2999 ﬂammam

330 3036 441 3084 est.
473 3027 553 3082 Tu
588 3046 718 3100 ergo
738 3031 782 3085 si
827 3041 981 3088 tuum
1015 3033 1146 3087 mihi
1174 3035 1507 3101 narraveris,
1539 3051 1665 3103 ego,
1697 3036 1914 3091 volente
1945 3003 1992 3068 Ο
2026 3027 2170 3099 ignis
2221 3044 2524 3085 Conversus
2575 3030 2629 3085 in
2688 3031 2888 3085 ϐαθῐιιηι
2945 3047 3055 3088 Ima
3118 3048 3240 3087 cum
3310 3049 3448 3104 aqua
3503 3036 3608 3091 ista

334 3119 564 3175 Domino
595 3121 835 3189 Christo,
870 3123 1049 3193 ipsum
1072 3125 1184 3180 ‘tibi
1225 3127 1606 3196 explieatnrus
1661 3145 1806 3195 sum,
1847 3146 1917 3185 ne

328 3225 470 3281 opus
503 3211 706 3267 habeas
740 3212 1037 3284 quidquam
1088 3215 1167 3269 illi
1221 3218 1316 3287 qui
1355 3219 1538 3286 ipsum
1595 3219 1693 3273 ti‘bi
1749 3222 1918 3273 inter-

329 3304 643 3372 pretahitur
706 3306 1042 3374 impendere.
1105 3307 1244 3362 Tum
1312 3309 1699 3366 Theodosius:
1763 3312 1913 3368 inter

329 3396 718 3452 dormiendum
759 3397 983 3471 (inquit)
1019 3399 1203 3455 audivi
1235 3416 1423 3456 vocem
1461 3416 1735 3473 magnam,
1782 3404 1912 3475 (qua

329 3491 753 3561 expergefactus
809 3501 955 3547 metu
1009 3501 1400 3549 consternatus
1435 3497 1606 3563 sum),
1649 3497 1780 3551 mihi
1828 3497 1914 3551 di-

328 3601 482 3640 cens:
520 3583 877 3640 Perveneram
909 3590 1170 3642 exercitus
1209 3586 1501 3642 Persarum
1535 3588 1918 3646 Constantino-

327 3679 515 3747 polim,
548 3694 719 3747 quare
747 3680 1051 3734 accelerato
1079 3696 1269 3750 gressu
1300 3680 1354 3734 in
1388 3681 1529 3734 viam
1557 3698 1913 3751 progressus,

328 3770 404 3825 ibi
442 3786 539 3822 nec
571 3786 906 3839 quemquam
942 3771 1073 3838 vidi,
1117 3786 1220 3827 nec
1268 3771 1569 3843 quidquam
1608 3774 1815 3830 audivi.
1859 3777 1914 3832 In

329 3865 512 3919 cubile
542 3879 673 3937 ergo
702 3881 961 3920 reversus
998 3865 1232 3920 dormivi
1261 3865 1481 3936 vidique
1528 3882 1616 3922 me
1662 3868 1822 3938 quasi
1859 3869 1913 3923 in

330 3956 554 4012 deserto
603 3958 727 4011 loco
761 3965 924 4029 atque
956 3957 1248 4011 admodum
1294 3958 1482 4029 amplo
1528 3961 1912 4026 constitutum,

324 4065 507 4120 eoque
563 4050 853 4114 arietibus,
913 4050 1141 4116 ovibus,
1194 4049 1393 4115 bobus,
1438 4051 1720 4121 iumentis,
1761 4052 1916 4120 feris,

329 4144 672 4209 volucribus,
725 4150 890 4212 atque
941 4141 1277 4198 animalibus
1333 4144 1663 4214 omnigenis,
1704 4147 1917 4202 arbori-

331 4241 547 4307 busque
600 4238 1019 4309 prtegrandihus
1077 4235 1306 4304 referto,
1366 4255 1468 4294 nec
1530 4257 1640 4295 non
1700 4244 1915 4298 acervis

330 4333 589 4389 frumenti
623 4330 939 4402 ingentibus
966 4333 1421 4401 quamplurimis.
1461 4333 1581 4388 Dixi
1611 4350 1741 4406 ergo
1769 4339 1910 4405 apud

329 4410 419 4482 the
452 4444 468 4481 :
506 4425 727 4482 Utinam
781 4424 918 4480 mihi
981 4426 1240 4483 frumenti
1293 4426 1460 4497 hujus
1519 4427 1725 4498 aliquid
1766 4442 1913 4485 esset

326 4535 454 4573 cum
511 4534 718 4589 panper
754 4519 880 4574 sim.
941 4518 1152 4575 interea
1221 4528 1404 4576 autem
1440 4520 1569 4574 dum
1630 4521 1914 4588 animalia,

327 4614 559 4669 arbores
595 4621 649 4667 et
680 4611 1013 4668 frumentum
1065 4613 1243 4668 oculis
1289 4614 1587 4684 perlustro,
1645 4629 1776 4671 ecce
1825 4630 1915 4671 ac-

326 4707 490 4761 cessit
547 4707 612 4761 ad
650 4723 734 4760 me
765 4707 848 4760 vir
882 4707 1102 4762 cubitos
1138 4708 1542 4777 quinquaginta
1586 4707 1754 4772 altus,
1783 4722 1913 4762 cor-

328 4815 462 4870 p0re
511 4800 634 4855 auri
684 4799 863 4855 instar
929 4801 1113 4871 obrysi
1181 4798 1406 4869 fulgida,
1443 4799 1633 4854 dextra
1674 4800 1913 4869 gladium

330 4895 620 4965 ancipitem
675 4902 890 4956 tenens,
947 4903 1217 4964 erantque
1270 4892 1454 4963 gladio
1509 4901 1750 4964 quatuor
1806 4893 1914 4948 im-

333 4980 525 5055 pressa
557 4983 734 5053 sigilla
763 4984 941 5039 instar
966 4984 1085 5039 auri
1129 4984 1427 5049 micantia;
1476 4983 1698 5040 sinistra
1727 4993 1914 5039 autem

329 5088 547 5133 scutum
604 5090 858 5130 aureum.
901 5074 1073 5140 Quem
1110 5090 1233 5128 cum
1299 5074 1365 5128 ad
1419 5091 1507 5131 me
1557 5077 1912 5133 accedentem

332 5171 603 5233 viderem,
643 5177 788 5223 metu
816 5178 1207 5225 consternatus
1238 5170 1291 5223 in
1322 5166 1514 5225 faciem
1556 5170 1783 5238 procidi.
1821 5168 1918 5223 Ille

331 5274 509 5317 autem
543 5278 706 5316 manu
732 5276 848 5315 mea
881 5260 1148 5331 prehensa
1181 5276 1266 5315 me
1291 5262 1550 5329 erigens:
1583 5260 1662 5317 Ne
1681 5271 1914 5325 metuas,

331 5356 534 5422 inquit.
567 5350 731 5424 500
790 5348 932 5414 Quid
977 5350 1235 5419 estquod
1272 5366 1336 5404 ex
1368 5349 1657 5421 [omnibus
1699 5348 1789 5423 in],
1815 5350 1918 5404 hoc

333 5450 553 5502 deserto
583 5454 806 5515 Optares
826 5443 869 5497 ?‘
889 5441 1026 5496 Tum
1055 5456 1156 5511 ego
1182 5458 1196 5495 :
1241 5441 1465 5496 Domine
1498 5442 1593 5507 mi,
1625 5458 1732 5496 non
1752 5449 1918 5510 ‘opta-

337 5556 449 5593 rem
486 5554 588 5609 ego
622 5537 772 5591 aliud
824 5549 990 5606 quam
1026 5531 1284 5588 frumenti
1320 5548 1536 5600 parum.
1566 5532 1868 5604 Respondit
1900 5551 1914 5587 ε

332 5632 607 5700 Quidquid
643 5631 698 5684 in
732 5631 837 5685 hoc
873 5629 1098 5684 deserto
1147 5626 1322 5682 vides.
1377 5625 1445 5679 ab
1501 5625 1604 5679 hoc
1669 5635 1917 5692 tempore

335 5732 493 5777 tuum
517 5733 621 5789 est,
646 5732 852 5793 tuaque
887 5720 945 5775 in
976 5726 1269 5790 potestate.
1306 5717 1509 5773 Deinde
1553 5717 1690 5772 dixit
1727 5719 1859 5772 mihi
1892 5735 1905 5772 :

2025 3121 2373 3178 ascendebat.
2403 3121 2671 3193 Egressus
2696 3137 2827 3193 ergo
2868 3124 3112 3178 tentorio
3163 3125 3276 3180 vidi
3332 3125 3388 3180 in
3443 3141 3607 3180 manu

2022 3212 2124 3267 viri
2176 3214 2337 3269 istius
2394 3214 2603 3269 clavem
2659 3215 2825 3269 cubiti
2885 3215 3248 3285 longitudine,
3308 3218 3610 3287 eademque

2025 3305 2331 3368 latitudine.
2366 3321 2525 3375 quam
2561 3321 2684 3362 cum
2732 3307 2864 3360 mihi
2906 3308 3243 3374 tradidisset,
3298 3310 3410 3365 dixi
3449 3326 3461 3363 :
3497 3310 3606 3365 Do-

2023 3397 2171 3451 mine
2204 3398 2299 3462 mi,
2333 3399 2616 3466 quomodo
2647 3412 2756 3452 una
2786 3399 3062 3471 clypeum,
3096 3416 3309 3466 ensem,
3355 3412 3411 3459 et
3466 3403 3607 3457 hanc

2023 3488 2230 3544 clavem
2267 3489 2410 3545 ferre
2433 3493 2699 3560 possum?
2731 3491 3035 3561 Respondit
3059 3493 3185 3548 ille:
3220 3492 3332 3547 iloc
3351 3502 3436 3549 est
3458 3497 3607 3564 quod

2022 3581 2121 3636 tibi
2160 3582 2212 3636 in
2246 3585 2523 3639 mandatis
2547 3584 2731 3639 datum
2765 3594 2872 3640 est.
2909 3586 3251 3643 Dum'autem
3280 3587 3364 3643 cui
3390 3589 3601 3644 clavem

2022 3675 2294 3730 traderem
2325 3676 2718 3746 cogitabundus
2746 3678 2985 3744 substiti,
3015 3688 3069 3734 te
3097 3680 3162 3734 ad
3190 3680 3438 3736 dextram
3472 3683 3603 3736 mihi

2023 3767 2333 3823 adstantem
2370 3768 2507 3835 vidi,
2550 3770 2714 3839 pallio
2768 3770 3010 3826 candido
3060 3772 3292 3841 pulchro
3328 3774 3602 3839 indutum,

2021 3866 2292 3929 caputque
2329 3860 2464 3915 tiara
2491 3862 2730 3916 cinctum
2766 3862 3057 3918 habentem
3086 3878 3101 3928 ;
3134 3863 3611 3936 tibiergoclavem.

2023 3951 2243 4007 tradidi.
2284 3950 2423 4007 Tum
2463 3952 2778 4008 discedente
2814 3970 2844 4008 a
2881 3970 2965 4010 me
2999 3954 3119 4010 viro
3152 3953 3284 4020 isto,
3360 3972 3463 4026 ego
3494 3974 3599 4013 una

2021 4052 2072 4098 et
2139 4051 2198 4098 tu
2229 4044 2452 4099 domum
2485 4053 2729 4101 uestram
2782 4046 2999 4115 petituri
3036 4046 3347 4115 abivimus;
3390 4049 3603 4105 obviam

2022 4142 2205 4190 autem
2248 4150 2468 4190 murum
2526 4136 2883 4203 offendimus,
2913 4138 3001 4205 qtii
3043 4138 3188 4192 viam
3222 4140 3380 4195 nobis
3433 4141 3605 4197 inter-

2020 4227 2207 4295 elusit,
2238 4228 2454 4283 cubitos
2487 4228 2755 4287 ducentos
2805 4231 3050 4302 longum.
3089 4230 3210 4286 Dixi
3247 4248 3380 4303 ergo
3413 4232 3604 4301 :Qun-

2023 4319 2189 4375 modo
2218 4319 2306 4373 ﬁet
2339 4329 2400 4375 ut.
2438 4336 2655 4375 murum
2699 4321 2847 4375 hunc
2888 4319 3120 4376 transire
3153 4322 3478 4389 possimus?
3518 4323 3603 4376 his

2020 4412 2148 4467 dmn
2176 4414 2428 4484 occupati
2454 4414 2683 4484 fuimus,
2718 4429 2849 4469 ecce
2886 4415 3060 4469 lucem
3101 4414 3328 4485 fulguris
3368 4413 3544 4470 instar
3571 4430 3603 4471 e

2017 4504 2158 4560 coelo
2186 4502 2617 4561 descendentem
2671 4504 2806 4569 vidi,
2857 4521 2981 4575 quae
3026 4522 3151 4562 cum
3185 4502 3351 4579 505
3383 4521 3601 4561 murum

2018 4597 2168 4652 illum
2203 4596 2512 4667 deiecisset,
2556 4598 2954 4665 transivimus;
3018 4608 3130 4653 tum
3182 4607 3234 4655 te
3271 4598 3607 4655 inclamante

2019 4699 2373 4759 experrectus
2414 4706 2536 4744 sum
2551 4730 2563 4742 .

2092 4780 2237 4836 Dixit
2260 4782 2336 4836 illi
2377 4782 2718 4852 Theophilus
2751 4799 2767 4839 :
2811 4781 2870 4838 Si
2908 4799 3033 4839 vere
3068 4784 3248 4841 visum
3286 4792 3439 4839 tuum
3467 4785 3601 4839 mihi

2017 4870 2299 4937 retuleris,
2330 4871 2577 4925 futurum
2611 4880 2693 4926 est
2730 4881 2787 4926 ut
2811 4882 2868 4925 tu
2901 4888 2995 4928 rex
3023 4874 3247 4944 eligaris
3276 4891 3291 4940 ;
3324 4877 3600 4931 somnium

2016 4983 2149 5037 ergo
2199 4967 2294 5023 tibi
2349 4967 2782 5038 interpretabor.
2832 4969 3115 5025 Desertum
3175 4969 3303 5024 illud
3357 4971 3597 5038 amplum

2018 5059 2577 5126 mundusest;arietes
2601 5068 2656 5114 et
2691 5072 2842 5122 oves,
2877 5058 3127 5113 homines
3151 5065 3302 5120 sunt.
3329 5068 3438 5111 tam
3476 5059 3601 5111 tmni

2018 5168 2181 5224 quam
2217 5151 2365 5212 mali.
2392 5152 2486 5223 qui
2516 5150 2779 5207 mundum
2807 5151 3050 5206 incolunt
3070 5167 3083 5215 ;
3103 5149 3376 5219 iumenta,
3399 5150 3598 5216 Cra-ci;

2017 5247 2317 5307 volucres,
2384 5246 2546 5299 urbes
2605 5252 2660 5300 et
2715 5244 2912 5314 oppida
2975 5242 3321 5310 univcrsim;
3380 5243 3607 5297 arbores

2019 5341 2320 5397 consiliarii
2349 5351 2403 5394 et
2443 5339 2633 5393 duces.
2670 5335 2733 5392 lli
2766 5353 2958 5393 omnes
2989 5346 3043 5390 te
3082 5337 3135 5391 in
3171 5353 3342 5409 regno
3382 5347 3476 5391 tuo
3505 5351 3599 5387 eo-

2021 5435 2153 5489 lcnt.
2198 5432 2413 5488 Leoues
2451 5446 2584 5486 vero
2620 5430 2770 5500 regni
2809 5431 3002 5485 hostes
3048 5439 3181 5486 sunt
3213 5448 3226 5484 :
3262 5431 3474 5501 gladius
3501 5445 3605 5482 an-

2022 5543 2178 5596 ceps,
2212 5528 2297 5580 lex
2326 5525 2619 5593 czrterique
2635 5523 2849 5577 Veteris
2881 5532 2935 5576 et
2972 5520 3105 5575 Novi
3161 5519 3501 5580 Testameuti
3540 5521 3607 5573 li-

2022 5622 2143 5687 bri;
2205 5629 2444 5688 quatuor
2510 5616 2691 5688 sigilla
2761 5616 2944 5682 gladio
3015 5615 3312 5684 impressa,
3368 5619 3606 5680 quatuor

2021 5713 2307 5783 Evangelia
2342 5731 2354 5765 :
2398 5711 2573 5766 acervi
2609 5708 2885 5771 frumenti,
2910 5720 3162 5777 magnam
3187 5720 3352 5775 opum
3387 5701 3600 5771 copiam
