  <div class='ocr_page' id='page_1' title='image "/cluster/home/n/w/nwhite01/storage/ocr_20150623/111/coo.31924054870153/518.png"; bbox 0 0 4076 6462; ppageno 0'>
   <div class='ocr_carea' id='block_1_1' title="bbox 539 252 670 320">
    <p class='ocr_par' dir='ltr' id='par_1_1' title="bbox 539 252 670 320">
     <span class='ocr_line' id='line_1_1' title="bbox 539 252 670 320; baseline -0.015 0"><span class='ocrx_word' id='word_1_1' title='bbox 539 252 670 320; x_wconf 73' lang='lat'><strong>1621</strong></span> 
     </span>
    </p>
   </div>
   <div class='ocr_carea' id='block_1_2' title="bbox 1965 259 2336 323">
    <p class='ocr_par' dir='ltr' id='par_1_2' title="bbox 1965 259 2336 323">
     <span class='ocr_line' id='line_1_2' title="bbox 1965 259 2336 323; baseline 0.019 -7"><span class='ocrx_word' id='word_1_2' title='bbox 1965 259 2336 323; x_wconf 80' lang='lat' dir='ltr'><strong>ANNALES.</strong></span> 
     </span>
    </p>
   </div>
   <div class='ocr_carea' id='block_1_3' title="bbox 3608 257 3809 323">
    <p class='ocr_par' dir='ltr' id='par_1_3' title="bbox 3608 257 3809 323">
     <span class='ocr_line' id='line_1_3' title="bbox 3608 257 3809 323; baseline 0.005 -1"><span class='ocrx_word' id='word_1_3' title='bbox 3608 290 3616 300; x_wconf 90' lang='lat'><strong><em>-</em></strong></span> <span class='ocrx_word' id='word_1_4' title='bbox 3675 257 3809 323; x_wconf 65' lang='grc'><strong>1022</strong></span> 
     </span>
    </p>
   </div>
   <div class='ocr_carea' id='block_1_4' title="bbox 533 361 3800 441">
    <p class='ocr_par' dir='ltr' id='par_1_4' title="bbox 533 361 3800 441">
     <span class='ocr_line' id='line_1_4' title="bbox 533 361 3800 441; baseline 0.002 -27"><span class='ocrx_word' id='word_1_5' title='bbox 533 361 586 414; x_wconf 93' lang='lat' dir='ltr'><strong>in</strong></span> <span class='ocrx_word' id='word_1_6' title='bbox 627 375 794 430; x_wconf 77' lang='lat' dir='ltr'><strong>regno</strong></span> <span class='ocrx_word' id='word_1_7' title='bbox 822 369 914 415; x_wconf 92' lang='lat' dir='ltr'><strong>tuo</strong></span> <span class='ocrx_word' id='word_1_8' title='bbox 950 362 1210 418; x_wconf 89' lang='lat' dir='ltr'><strong>denotant</strong></span> <span class='ocrx_word' id='word_1_9' title='bbox 1249 379 1262 419; x_wconf 74' lang='grc' dir='ltr'><strong>ξ</strong></span> <span class='ocrx_word' id='word_1_10' title='bbox 1306 365 1560 421; x_wconf 85' lang='lat' dir='ltr'><strong>columna</strong></span> <span class='ocrx_word' id='word_1_11' title='bbox 1618 366 1758 422; x_wconf 92' lang='lat' dir='ltr'><strong>lucis</strong></span> <span class='ocrx_word' id='word_1_12' title='bbox 1805 381 1913 436; x_wconf 90' lang='lat' dir='ltr'><strong>qua</strong></span> <span class='ocrx_word' id='word_1_13' title='bbox 1944 366 2104 420; x_wconf 91' lang='lat' dir='ltr'><strong>indu-</strong></span> <span class='ocrx_word' id='word_1_14' title='bbox 2133 367 2182 426; x_wconf 76' lang='grc' dir='ltr'><strong>Δ</strong></span> <span class='ocrx_word' id='word_1_15' title='bbox 2209 366 2524 439; x_wconf 82' lang='lat' dir='ltr'><strong>episcopum</strong></span> <span class='ocrx_word' id='word_1_16' title='bbox 2581 368 3160 441; x_wconf 80' lang='lat' dir='ltr'><strong>llicrosolymitanum,</strong></span> <span class='ocrx_word' id='word_1_17' title='bbox 3231 370 3452 436; x_wconf 91' lang='lat' dir='ltr'><strong>litteris,</strong></span> <span class='ocrx_word' id='word_1_18' title='bbox 3503 369 3652 439; x_wconf 91' lang='lat' dir='ltr'><strong>ipsos</strong></span> <span class='ocrx_word' id='word_1_19' title='bbox 3700 386 3800 422; x_wconf 83' lang='lat' dir='ltr'><strong>una</strong></span> 
     </span>
    </p>
   </div>
   <div class='ocr_carea' id='block_1_5' title="bbox 532 452 2104 530">
    <p class='ocr_par' dir='ltr' id='par_1_5' title="bbox 532 452 2104 530">
     <span class='ocr_line' id='line_1_5' title="bbox 532 452 2104 530; baseline 0.004 -26"><span class='ocrx_word' id='word_1_20' title='bbox 532 461 617 504; x_wconf 88' lang='lat' dir='ltr'><strong>tus</strong></span> <span class='ocrx_word' id='word_1_21' title='bbox 647 466 727 515; x_wconf 88' lang='lat' dir='ltr'><strong>es,</strong></span> <span class='ocrx_word' id='word_1_22' title='bbox 767 452 856 507; x_wconf 87' lang='lat' dir='ltr'><strong>Dei</strong></span> <span class='ocrx_word' id='word_1_23' title='bbox 892 454 945 508; x_wconf 91' lang='lat' dir='ltr'><strong>in</strong></span> <span class='ocrx_word' id='word_1_24' title='bbox 981 463 1034 510; x_wconf 90' lang='lat' dir='ltr'><strong>te</strong></span> <span class='ocrx_word' id='word_1_25' title='bbox 1061 456 1314 526; x_wconf 81' lang='lat' dir='ltr'><strong>gratiam,</strong></span> <span class='ocrx_word' id='word_1_26' title='bbox 1353 475 1458 530; x_wconf 91' lang='lat' dir='ltr'><strong>qua</strong></span> <span class='ocrx_word' id='word_1_27' title='bbox 1490 459 1690 514; x_wconf 87' lang='lat' dir='ltr'><strong>saeculo</strong></span> <span class='ocrx_word' id='word_1_28' title='bbox 1717 469 1809 514; x_wconf 91' lang='lat' dir='ltr'><strong>tuo</strong></span> <span class='ocrx_word' id='word_1_29' title='bbox 1837 457 2059 513; x_wconf 85' lang='lat' dir='ltr'><strong>ﬂorebis</strong></span> <span class='ocrx_word' id='word_1_30' title='bbox 2089 474 2104 510; x_wconf 88' lang='lat'>:</span> 
     </span>
    </p>
   </div>
   <div class='ocr_carea' id='block_1_6' title="bbox 530 548 2106 623">
    <p class='ocr_par' dir='ltr' id='par_1_6' title="bbox 530 548 2106 623">
     <span class='ocr_line' id='line_1_6' title="bbox 530 548 2106 623; baseline 0.005 -23"><span class='ocrx_word' id='word_1_31' title='bbox 530 558 643 602; x_wconf 88' lang='lat' dir='ltr'><strong>tres</strong></span> <span class='ocrx_word' id='word_1_32' title='bbox 678 548 849 602; x_wconf 70' lang='lat' dir='ltr'><strong>stella:</strong></span> <span class='ocrx_word' id='word_1_33' title='bbox 883 565 1002 617; x_wconf 79' lang='lat' dir='ltr'><strong>quae</strong></span> <span class='ocrx_word' id='word_1_34' title='bbox 1029 559 1082 606; x_wconf 89' lang='lat' dir='ltr'><strong>te</strong></span> <span class='ocrx_word' id='word_1_35' title='bbox 1115 552 1432 618; x_wconf 79' lang='lat' dir='ltr'><strong>cinxerunt,</strong></span> <span class='ocrx_word' id='word_1_36' title='bbox 1467 554 1737 623; x_wconf 88' lang='lat' dir='ltr'><strong>baptisma</strong></span> <span class='ocrx_word' id='word_1_37' title='bbox 1762 567 1871 623; x_wconf 91' lang='lat' dir='ltr'><strong>quo</strong></span> <span class='ocrx_word' id='word_1_38' title='bbox 1901 552 2106 608; x_wconf 88' lang='lat' dir='ltr'><strong>tinctus</strong></span> 
     </span>
    </p>
   </div>
   <div class='ocr_carea' id='block_1_7' title="bbox 528 639 2103 716">
    <p class='ocr_par' dir='ltr' id='par_1_7' title="bbox 528 639 2103 716">
     <span class='ocr_line' id='line_1_7' title="bbox 528 639 2103 716; baseline 0.002 -22"><span class='ocrx_word' id='word_1_39' title='bbox 528 654 590 695; x_wconf 85' lang='lat' dir='ltr'><strong>es</strong></span> <span class='ocrx_word' id='word_1_40' title='bbox 639 639 691 693; x_wconf 93' lang='lat' dir='ltr'><strong>in</strong></span> <span class='ocrx_word' id='word_1_41' title='bbox 739 642 962 697; x_wconf 87' lang='lat' dir='ltr'><strong>nomine</strong></span> <span class='ocrx_word' id='word_1_42' title='bbox 1015 646 1197 700; x_wconf 92' lang='lat' dir='ltr'><strong>Patris</strong></span> <span class='ocrx_word' id='word_1_43' title='bbox 1247 654 1302 698; x_wconf 86' lang='lat' dir='ltr'><strong>et</strong></span> <span class='ocrx_word' id='word_1_44' title='bbox 1357 645 1477 700; x_wconf 86' lang='lat' dir='ltr'><strong>Filii</strong></span> <span class='ocrx_word' id='word_1_45' title='bbox 1517 654 1572 702; x_wconf 90' lang='lat' dir='ltr'><strong>et</strong></span> <span class='ocrx_word' id='word_1_46' title='bbox 1613 646 1850 716; x_wconf 78' lang='lat' dir='ltr'><strong>Spiritus</strong></span> <span class='ocrx_word' id='word_1_47' title='bbox 1907 645 2103 699; x_wconf 87' lang='lat' dir='ltr'><strong>sancti.</strong></span> 
     </span>
    </p>
   </div>
   <div class='ocr_carea' id='block_1_8' title="bbox 530 731 2103 807">
    <p class='ocr_par' dir='ltr' id='par_1_8' title="bbox 530 731 2103 807">
     <span class='ocr_line' id='line_1_8' title="bbox 530 731 2103 807; baseline 0.004 -23"><span class='ocrx_word' id='word_1_48' title='bbox 530 731 696 786; x_wconf 86' lang='lat' dir='ltr'><strong>Stella</strong></span> <span class='ocrx_word' id='word_1_49' title='bbox 730 748 850 798; x_wconf 70' lang='lat' dir='ltr'><strong>qua:</strong></span> <span class='ocrx_word' id='word_1_50' title='bbox 875 751 906 789; x_wconf 90' lang='lat' dir='ltr'><strong>e</strong></span> <span class='ocrx_word' id='word_1_51' title='bbox 931 737 1072 791; x_wconf 65' lang='lat' dir='ltr'><strong>caelo</strong></span> <span class='ocrx_word' id='word_1_52' title='bbox 1094 736 1147 790; x_wconf 91' lang='lat' dir='ltr'><strong>in</strong></span> <span class='ocrx_word' id='word_1_53' title='bbox 1177 747 1342 807; x_wconf 90' lang='lat' dir='ltr'><strong>caput</strong></span> <span class='ocrx_word' id='word_1_54' title='bbox 1374 747 1527 794; x_wconf 92' lang='lat' dir='ltr'><strong>tuum</strong></span> <span class='ocrx_word' id='word_1_55' title='bbox 1562 738 1868 801; x_wconf 88' lang='lat' dir='ltr'><strong>descendit,</strong></span> <span class='ocrx_word' id='word_1_56' title='bbox 1901 752 2103 792; x_wconf 87' lang='lat' dir='ltr'><strong>corona</strong></span> 
     </span>
    </p>
   </div>
   <div class='ocr_carea' id='block_1_9' title="bbox 529 822 2107 898">
    <p class='ocr_par' dir='ltr' id='par_1_9' title="bbox 529 822 2107 898">
     <span class='ocr_line' id='line_1_9' title="bbox 529 822 2107 898; baseline 0.006 -28"><span class='ocrx_word' id='word_1_57' title='bbox 529 822 802 894; x_wconf 68' lang='lat' dir='ltr'><strong>tuaregia</strong></span> <span class='ocrx_word' id='word_1_58' title='bbox 832 833 938 888; x_wconf 88' lang='lat' dir='ltr'><strong>est,</strong></span> <span class='ocrx_word' id='word_1_59' title='bbox 963 839 1128 893; x_wconf 91' lang='lat' dir='ltr'><strong>quam</strong></span> <span class='ocrx_word' id='word_1_60' title='bbox 1171 835 1231 879; x_wconf 90' lang='lat' dir='ltr'><strong>ut</strong></span> <span class='ocrx_word' id='word_1_61' title='bbox 1290 827 1472 882; x_wconf 77' lang='lat' dir='ltr'><strong>vidisti</strong></span> <span class='ocrx_word' id='word_1_62' title='bbox 1526 829 1580 882; x_wconf 94' lang='lat' dir='ltr'><strong>in</strong></span> <span class='ocrx_word' id='word_1_63' title='bbox 1636 829 1770 882; x_wconf 88' lang='lat' dir='ltr'><strong>duas</strong></span> <span class='ocrx_word' id='word_1_64' title='bbox 1805 836 1990 898; x_wconf 90' lang='lat' dir='ltr'><strong>partes</strong></span> <span class='ocrx_word' id='word_1_65' title='bbox 2023 827 2107 881; x_wconf 81' lang='lat' dir='ltr'><strong>di-</strong></span> 
     </span>
    </p>
   </div>
   <div class='ocr_carea' id='block_1_10' title="bbox 527 912 2103 992">
    <p class='ocr_par' dir='ltr' id='par_1_10' title="bbox 527 912 2103 992">
     <span class='ocr_line' id='line_1_10' title="bbox 527 912 2103 992; baseline 0.004 -26"><span class='ocrx_word' id='word_1_66' title='bbox 527 912 660 977; x_wconf 88' lang='lat' dir='ltr'><strong>vidi,</strong></span> <span class='ocrx_word' id='word_1_67' title='bbox 693 913 765 968; x_wconf 90' lang='lat' dir='ltr'><strong>ita</strong></span> <span class='ocrx_word' id='word_1_68' title='bbox 817 913 1058 970; x_wconf 86' lang='lat' dir='ltr'><strong>futurum</strong></span> <span class='ocrx_word' id='word_1_69' title='bbox 1088 927 1172 974; x_wconf 90' lang='lat' dir='ltr'><strong>est</strong></span> <span class='ocrx_word' id='word_1_70' title='bbox 1198 927 1256 974; x_wconf 91' lang='lat' dir='ltr'><strong>ut</strong></span> <span class='ocrx_word' id='word_1_71' title='bbox 1279 920 1390 975; x_wconf 84' lang='lat' dir='ltr'><strong>sint</strong></span> <span class='ocrx_word' id='word_1_72' title='bbox 1419 921 1516 975; x_wconf 92' lang='lat' dir='ltr'><strong>tibi</strong></span> <span class='ocrx_word' id='word_1_73' title='bbox 1575 922 1706 976; x_wconf 89' lang='lat' dir='ltr'><strong>dum</strong></span> <span class='ocrx_word' id='word_1_74' title='bbox 1771 936 1968 992; x_wconf 75' lang='lat' dir='ltr'><strong>regnas</strong></span> <span class='ocrx_word' id='word_1_75' title='bbox 2005 919 2103 976; x_wconf 89' lang='lat' dir='ltr'><strong>lilii</strong></span> 
     </span>
    </p>
   </div>
   <div class='ocr_carea' id='block_1_11' title="bbox 528 1005 2105 1084">
    <p class='ocr_par' dir='ltr' id='par_1_11' title="bbox 528 1005 2105 1084">
     <span class='ocr_line' id='line_1_11' title="bbox 528 1005 2105 1084; baseline 0.004 -24"><span class='ocrx_word' id='word_1_76' title='bbox 528 1007 658 1062; x_wconf 92' lang='lat' dir='ltr'><strong>duo.</strong></span> <span class='ocrx_word' id='word_1_77' title='bbox 691 1005 886 1063; x_wconf 86' lang='lat' dir='ltr'><strong>Sentes</strong></span> <span class='ocrx_word' id='word_1_78' title='bbox 911 1019 964 1064; x_wconf 90' lang='lat' dir='ltr'><strong>et</strong></span> <span class='ocrx_word' id='word_1_79' title='bbox 986 1011 1214 1068; x_wconf 85' lang='lat' dir='ltr'><strong>arbores</strong></span> <span class='ocrx_word' id='word_1_80' title='bbox 1242 1012 1600 1084; x_wconf 69' lang='lat' dir='ltr'><strong>infrugiferaa.</strong></span> <span class='ocrx_word' id='word_1_81' title='bbox 1620 1021 1811 1083; x_wconf 80' lang='lat' dir='ltr'><strong>gentes</strong></span> <span class='ocrx_word' id='word_1_82' title='bbox 1833 1022 1960 1068; x_wconf 89' lang='lat' dir='ltr'><strong>sunt</strong></span> <span class='ocrx_word' id='word_1_83' title='bbox 1983 1028 2105 1083; x_wconf 68' lang='lat' dir='ltr'><strong>qua:</strong></span> 
     </span>
    </p>
   </div>
   <div class='ocr_carea' id='block_1_12' title="bbox 526 1097 2102 1169">
    <p class='ocr_par' dir='ltr' id='par_1_12' title="bbox 526 1097 2102 1169">
     <span class='ocr_line' id='line_1_12' title="bbox 526 1097 2102 1169; baseline 0.005 -18"><span class='ocrx_word' id='word_1_84' title='bbox 526 1097 580 1152; x_wconf 92' lang='lat' dir='ltr'><strong>in</strong></span> <span class='ocrx_word' id='word_1_85' title='bbox 616 1099 904 1154; x_wconf 90' lang='lat' dir='ltr'><strong>Dominum</strong></span> <span class='ocrx_word' id='word_1_86' title='bbox 944 1101 1225 1157; x_wconf 86' lang='lat' dir='ltr'><strong>Christum</strong></span> <span class='ocrx_word' id='word_1_87' title='bbox 1287 1119 1397 1160; x_wconf 88' lang='lat' dir='ltr'><strong>non</strong></span> <span class='ocrx_word' id='word_1_88' title='bbox 1454 1105 1701 1160; x_wconf 87' lang='lat' dir='ltr'><strong>credunt.</strong></span> <span class='ocrx_word' id='word_1_89' title='bbox 1760 1104 2102 1169; x_wconf 91' lang='lat' dir='ltr'><strong>Tentorium,</strong></span> 
     </span>
    </p>
   </div>
   <div class='ocr_carea' id='block_1_13' title="bbox 525 1192 2101 1265">
    <p class='ocr_par' dir='ltr' id='par_1_13' title="bbox 525 1192 2101 1265">
     <span class='ocr_line' id='line_1_13' title="bbox 525 1192 2101 1265; baseline 0.005 -21"><span class='ocrx_word' id='word_1_90' title='bbox 525 1192 770 1247; x_wconf 85' lang='lat' dir='ltr'><strong>Ecclesia</strong></span> <span class='ocrx_word' id='word_1_91' title='bbox 797 1201 882 1248; x_wconf 91' lang='lat' dir='ltr'><strong>est</strong></span> <span class='ocrx_word' id='word_1_92' title='bbox 915 1211 929 1248; x_wconf 92' lang='lat'><strong>:</strong></span> <span class='ocrx_word' id='word_1_93' title='bbox 967 1208 1144 1264; x_wconf 79' lang='lat' dir='ltr'><strong>agnus</strong></span> <span class='ocrx_word' id='word_1_94' title='bbox 1181 1210 1340 1265; x_wconf 89' lang='lat' dir='ltr'><strong>quem</strong></span> <span class='ocrx_word' id='word_1_95' title='bbox 1379 1196 1434 1252; x_wconf 92' lang='lat' dir='ltr'><strong>in</strong></span> <span class='ocrx_word' id='word_1_96' title='bbox 1494 1198 1614 1265; x_wconf 89' lang='lat' dir='ltr'><strong>ejus</strong></span> <span class='ocrx_word' id='word_1_97' title='bbox 1677 1197 1857 1254; x_wconf 91' lang='lat' dir='ltr'><strong>medio</strong></span> <span class='ocrx_word' id='word_1_98' title='bbox 1891 1197 2101 1258; x_wconf 84' lang='lat' dir='ltr'><strong>vidisti,</strong></span> 
     </span>
    </p>
   </div>
   <div class='ocr_carea' id='block_1_14' title="bbox 525 1282 2105 1358">
    <p class='ocr_par' dir='ltr' id='par_1_14' title="bbox 525 1282 2105 1358">
     <span class='ocr_line' id='line_1_14' title="bbox 525 1282 2105 1358; baseline 0.004 -22"><span class='ocrx_word' id='word_1_99' title='bbox 525 1282 869 1338; x_wconf 87' lang='lat' dir='ltr'><strong>Eucharistia</strong></span> <span class='ocrx_word' id='word_1_100' title='bbox 939 1302 954 1338; x_wconf 92' lang='lat'><strong>:</strong></span> <span class='ocrx_word' id='word_1_101' title='bbox 1021 1300 1162 1355; x_wconf 87' lang='lat' dir='ltr'><strong>aqua</strong></span> <span class='ocrx_word' id='word_1_102' title='bbox 1215 1287 1341 1342; x_wconf 87' lang='lat' dir='ltr'><strong>lacti</strong></span> <span class='ocrx_word' id='word_1_103' title='bbox 1410 1287 1648 1352; x_wconf 87' lang='lat' dir='ltr'><strong>similis,</strong></span> <span class='ocrx_word' id='word_1_104' title='bbox 1702 1289 1995 1358; x_wconf 88' lang='lat' dir='ltr'><strong>baptisma,</strong></span> <span class='ocrx_word' id='word_1_105' title='bbox 2049 1294 2105 1342; x_wconf 90' lang='lat' dir='ltr'><strong>et</strong></span> 
     </span>
    </p>
   </div>
   <div class='ocr_carea' id='block_1_15' title="bbox 523 1375 2106 1450">
    <p class='ocr_par' dir='ltr' id='par_1_15' title="bbox 523 1375 2106 1450">
     <span class='ocr_line' id='line_1_15' title="bbox 523 1375 2106 1450; baseline 0.005 -24"><span class='ocrx_word' id='word_1_106' title='bbox 523 1375 983 1444; x_wconf 89' lang='lat' dir='ltr'><strong>quemadmodum</strong></span> <span class='ocrx_word' id='word_1_107' title='bbox 1016 1379 1204 1434; x_wconf 83' lang='lat' dir='ltr'><strong>vidisti</strong></span> <span class='ocrx_word' id='word_1_108' title='bbox 1244 1395 1444 1450; x_wconf 75' lang='lat' dir='ltr'><strong>agnum</strong></span> <span class='ocrx_word' id='word_1_109' title='bbox 1490 1381 1666 1434; x_wconf 86' lang='lat' dir='ltr'><strong>instar</strong></span> <span class='ocrx_word' id='word_1_110' title='bbox 1694 1379 1924 1436; x_wconf 68' lang='lat' dir='ltr'><strong>flammae</strong></span> <span class='ocrx_word' id='word_1_111' title='bbox 1964 1379 2106 1448; x_wconf 87' lang='lat' dir='ltr'><strong>ignis</strong></span> 
     </span>
    </p>
   </div>
   <div class='ocr_carea' id='block_1_16' title="bbox 522 1469 2106 1536">
    <p class='ocr_par' dir='ltr' id='par_1_16' title="bbox 522 1469 2106 1536">
     <span class='ocr_line' id='line_1_16' title="bbox 522 1469 2106 1536; baseline 0.001 -16"><span class='ocrx_word' id='word_1_112' title='bbox 522 1481 648 1520; x_wconf 90' lang='lat' dir='ltr'><strong>cum</strong></span> <span class='ocrx_word' id='word_1_113' title='bbox 687 1483 824 1536; x_wconf 87' lang='lat' dir='ltr'><strong>aqua</strong></span> <span class='ocrx_word' id='word_1_114' title='bbox 857 1469 914 1524; x_wconf 92' lang='lat' dir='ltr'><strong>in</strong></span> <span class='ocrx_word' id='word_1_115' title='bbox 947 1471 1147 1527; x_wconf 62' lang='lat' dir='ltr'><strong>coelum</strong></span> <span class='ocrx_word' id='word_1_116' title='bbox 1171 1471 1488 1535; x_wconf 89' lang='lat' dir='ltr'><strong>ascendere,</strong></span> <span class='ocrx_word' id='word_1_117' title='bbox 1523 1475 1598 1526; x_wconf 90' lang='lat' dir='ltr'><strong>ita</strong></span> <span class='ocrx_word' id='word_1_118' title='bbox 1633 1486 1699 1527; x_wconf 89' lang='lat' dir='ltr'><strong>eo</strong></span> <span class='ocrx_word' id='word_1_119' title='bbox 1723 1471 1969 1528; x_wconf 90' lang='lat' dir='ltr'><strong>ascendit</strong></span> <span class='ocrx_word' id='word_1_120' title='bbox 2005 1470 2106 1522; x_wconf 85' lang='lat' dir='ltr'><strong>Eu-</strong></span> 
     </span>
    </p>
   </div>
   <div class='ocr_carea' id='block_1_17' title="bbox 522 1561 2105 1635">
    <p class='ocr_par' dir='ltr' id='par_1_17' title="bbox 522 1561 2105 1635">
     <span class='ocr_line' id='line_1_17' title="bbox 522 1561 2105 1635; baseline 0.003 -22"><span class='ocrx_word' id='word_1_121' title='bbox 522 1561 803 1617; x_wconf 74' lang='lat' dir='ltr'><strong>charistia.</strong></span> <span class='ocrx_word' id='word_1_122' title='bbox 837 1561 1190 1635; x_wconf 82' lang='lat'><strong>505-507</strong></span> <span class='ocrx_word' id='word_1_123' title='bbox 1218 1563 1425 1629; x_wconf 87' lang='lat' dir='ltr'><strong>Clavis,</strong></span> <span class='ocrx_word' id='word_1_124' title='bbox 1455 1573 1697 1635; x_wconf 74' lang='lat' dir='ltr'><strong>potestas</strong></span> <span class='ocrx_word' id='word_1_125' title='bbox 1734 1573 1819 1620; x_wconf 86' lang='lat' dir='ltr'><strong>est</strong></span> <span class='ocrx_word' id='word_1_126' title='bbox 1851 1563 1945 1619; x_wconf 87' lang='lat' dir='ltr'><strong>tibi</strong></span> <span class='ocrx_word' id='word_1_127' title='bbox 1976 1563 2105 1618; x_wconf 89' lang='lat' dir='ltr'><strong>data</strong></span> 
     </span>
    </p>
   </div>
   <div class='ocr_carea' id='block_1_18' title="bbox 523 1651 2104 1721">
    <p class='ocr_par' dir='ltr' id='par_1_18' title="bbox 523 1651 2104 1721">
     <span class='ocr_line' id='line_1_18' title="bbox 523 1651 2104 1721; baseline 0.002 -16"><span class='ocrx_word' id='word_1_128' title='bbox 523 1651 590 1705; x_wconf 90' lang='lat' dir='ltr'><strong>ad</strong></span> <span class='ocrx_word' id='word_1_129' title='bbox 615 1651 926 1720; x_wconf 69' lang='lat' dir='ltr'><strong>praefectum</strong></span> <span class='ocrx_word' id='word_1_130' title='bbox 949 1654 1205 1711; x_wconf 72' lang='lat' dir='ltr'><strong>Ecclesiae</strong></span> <span class='ocrx_word' id='word_1_131' title='bbox 1236 1655 1492 1721; x_wconf 85' lang='lat' dir='ltr'><strong>mandato</strong></span> <span class='ocrx_word' id='word_1_132' title='bbox 1518 1665 1610 1711; x_wconf 92' lang='lat' dir='ltr'><strong>tuo</strong></span> <span class='ocrx_word' id='word_1_133' title='bbox 1635 1655 2104 1711; x_wconf 88' lang='lat' dir='ltr'><strong>constituendum.</strong></span> 
     </span>
    </p>
   </div>
   <div class='ocr_carea' id='block_1_19' title="bbox 524 1741 2102 1817">
    <p class='ocr_par' dir='ltr' id='par_1_19' title="bbox 524 1741 2102 1817">
     <span class='ocr_line' id='line_1_19' title="bbox 524 1741 2102 1817; baseline 0.001 -21"><span class='ocrx_word' id='word_1_134' title='bbox 524 1741 607 1798; x_wconf 89' lang='lat' dir='ltr'><strong>Tn</strong></span> <span class='ocrx_word' id='word_1_135' title='bbox 638 1753 821 1800; x_wconf 92' lang='lat' dir='ltr'><strong>autem</strong></span> <span class='ocrx_word' id='word_1_136' title='bbox 852 1747 983 1802; x_wconf 91' lang='lat' dir='ltr'><strong>mihi</strong></span> <span class='ocrx_word' id='word_1_137' title='bbox 1005 1748 1212 1803; x_wconf 85' lang='lat' dir='ltr'><strong>clavem</strong></span> <span class='ocrx_word' id='word_1_138' title='bbox 1236 1748 1536 1816; x_wconf 86' lang='lat' dir='ltr'><strong>tradidisti,</strong></span> <span class='ocrx_word' id='word_1_139' title='bbox 1561 1748 1614 1804; x_wconf 92' lang='lat' dir='ltr'><strong>id</strong></span> <span class='ocrx_word' id='word_1_140' title='bbox 1641 1756 1726 1804; x_wconf 91' lang='lat' dir='ltr'><strong>est</strong></span> <span class='ocrx_word' id='word_1_141' title='bbox 1753 1763 1839 1803; x_wconf 89' lang='lat' dir='ltr'><strong>me</strong></span> <span class='ocrx_word' id='word_1_142' title='bbox 1864 1748 2102 1817; x_wconf 82' lang='lat' dir='ltr'><strong>patriar-</strong></span> 
     </span>
    </p>
   </div>
   <div class='ocr_carea' id='block_1_20' title="bbox 529 1838 2104 1912">
    <p class='ocr_par' dir='ltr' id='par_1_20' title="bbox 529 1838 2104 1912">
     <span class='ocr_line' id='line_1_20' title="bbox 529 1838 2104 1912; baseline 0.002 -22"><span class='ocrx_word' id='word_1_143' title='bbox 529 1838 689 1890; x_wconf 90' lang='lat' dir='ltr'><strong>cham</strong></span> <span class='ocrx_word' id='word_1_144' title='bbox 725 1839 1052 1895; x_wconf 82' lang='lat' dir='ltr'><strong>constitues.</strong></span> <span class='ocrx_word' id='word_1_145' title='bbox 1111 1839 1297 1894; x_wconf 80' lang='lat' dir='ltr'><strong>Murus</strong></span> <span class='ocrx_word' id='word_1_146' title='bbox 1338 1849 1545 1907; x_wconf 87' lang='lat' dir='ltr'><strong>autem,</strong></span> <span class='ocrx_word' id='word_1_147' title='bbox 1594 1857 1697 1912; x_wconf 77' lang='lat' dir='ltr'><strong>pax</strong></span> <span class='ocrx_word' id='word_1_148' title='bbox 1735 1850 1822 1897; x_wconf 92' lang='lat' dir='ltr'><strong>est</strong></span> <span class='ocrx_word' id='word_1_149' title='bbox 1856 1849 1912 1895; x_wconf 89' lang='lat' dir='ltr'><strong>et</strong></span> <span class='ocrx_word' id='word_1_150' title='bbox 1952 1851 2104 1894; x_wconf 89' lang='lat' dir='ltr'><strong>tran-</strong></span> 
     </span>
    </p>
   </div>
   <div class='ocr_carea' id='block_1_21' title="bbox 522 1918 2101 2001">
    <p class='ocr_par' dir='ltr' id='par_1_21' title="bbox 522 1918 2101 2001">
     <span class='ocr_line' id='line_1_21' title="bbox 522 1918 2101 2001; baseline 0.003 -21"><span class='ocrx_word' id='word_1_151' title='bbox 522 1927 766 1996; x_wconf 84' lang='lat' dir='ltr'><strong>quillitas</strong></span> <span class='ocrx_word' id='word_1_152' title='bbox 791 1930 842 1983; x_wconf 92' lang='lat' dir='ltr'><strong>in</strong></span> <span class='ocrx_word' id='word_1_153' title='bbox 873 1918 1042 2000; x_wconf 75' lang='lat' dir='ltr'><strong>regno</strong></span> <span class='ocrx_word' id='word_1_154' title='bbox 1077 1940 1172 1988; x_wconf 91' lang='lat' dir='ltr'><strong>tuo</strong></span> <span class='ocrx_word' id='word_1_155' title='bbox 1199 1931 1402 1986; x_wconf 87' lang='lat' dir='ltr'><strong>futura.</strong></span> <span class='ocrx_word' id='word_1_156' title='bbox 1437 1930 1561 1986; x_wconf 73' lang='lat' dir='ltr'><strong>Haec</strong></span> <span class='ocrx_word' id='word_1_157' title='bbox 1591 1933 1693 1986; x_wconf 70' lang='lat' dir='ltr'><strong>Visi</strong></span> <span class='ocrx_word' id='word_1_158' title='bbox 1724 1931 1800 1986; x_wconf 91' lang='lat' dir='ltr'><strong>tui</strong></span> <span class='ocrx_word' id='word_1_159' title='bbox 1829 1931 2101 2001; x_wconf 89' lang='lat' dir='ltr'><strong>interpre-</strong></span> 
     </span>
    </p>
   </div>
   <div class='ocr_carea' id='block_1_22' title="bbox 521 2020 2099 2094">
    <p class='ocr_par' dir='ltr' id='par_1_22' title="bbox 521 2020 2099 2094">
     <span class='ocr_line' id='line_1_22' title="bbox 521 2020 2099 2094; baseline 0.003 -21"><span class='ocrx_word' id='word_1_160' title='bbox 521 2020 658 2077; x_wconf 85' lang='lat' dir='ltr'><strong>tatio</strong></span> <span class='ocrx_word' id='word_1_161' title='bbox 701 2032 806 2077; x_wconf 84' lang='lat' dir='ltr'><strong>est.</strong></span> <span class='ocrx_word' id='word_1_162' title='bbox 839 2021 1154 2094; x_wconf 79' lang='lat' dir='ltr'><strong>Respondet</strong></span> <span class='ocrx_word' id='word_1_163' title='bbox 1183 2021 1537 2080; x_wconf 85' lang='lat' dir='ltr'><strong>Theodosius</strong></span> <span class='ocrx_word' id='word_1_164' title='bbox 1565 2041 1580 2078; x_wconf 89' lang='lat'>:</span> <span class='ocrx_word' id='word_1_165' title='bbox 1609 2023 1780 2091; x_wconf 83' lang='lat' dir='ltr'><strong>Quam</strong></span> <span class='ocrx_word' id='word_1_166' title='bbox 1833 2024 1974 2080; x_wconf 89' lang='lat' dir='ltr'><strong>belle</strong></span> <span class='ocrx_word' id='word_1_167' title='bbox 2005 2024 2099 2094; x_wconf 89' lang='lat' dir='ltr'><strong>(mi</strong></span> 
     </span>
    </p>
   </div>
   <div class='ocr_carea' id='block_1_23' title="bbox 527 2114 2102 2188">
    <p class='ocr_par' dir='ltr' id='par_1_23' title="bbox 527 2114 2102 2188">
     <span class='ocr_line' id='line_1_23' title="bbox 527 2114 2102 2188; baseline 0.001 -20"><span class='ocrx_word' id='word_1_168' title='bbox 527 2114 719 2183; x_wconf 81' lang='lat' dir='ltr'><strong>frater)</strong></span> <span class='ocrx_word' id='word_1_169' title='bbox 752 2115 1141 2186; x_wconf 83' lang='lat' dir='ltr'><strong>interpretatus</strong></span> <span class='ocrx_word' id='word_1_170' title='bbox 1191 2119 1290 2172; x_wconf 84' lang='lat' dir='ltr'><strong>es!</strong></span> <span class='ocrx_word' id='word_1_171' title='bbox 1334 2117 1444 2188; x_wconf 82' lang='lat' dir='ltr'><strong>Ego</strong></span> <span class='ocrx_word' id='word_1_172' title='bbox 1477 2117 1622 2173; x_wconf 92' lang='lat' dir='ltr'><strong>enim</strong></span> <span class='ocrx_word' id='word_1_173' title='bbox 1660 2127 1716 2172; x_wconf 92' lang='lat' dir='ltr'><strong>ut</strong></span> <span class='ocrx_word' id='word_1_174' title='bbox 1747 2119 1848 2173; x_wconf 93' lang='lat' dir='ltr'><strong>sim</strong></span> <span class='ocrx_word' id='word_1_175' title='bbox 1885 2133 2003 2181; x_wconf 86' lang='lat' dir='ltr'><strong>rex,</strong></span> <span class='ocrx_word' id='word_1_176' title='bbox 2048 2127 2102 2171; x_wconf 91' lang='lat' dir='ltr'><strong>tu</strong></span> 
     </span>
    </p>
   </div>
   <div class='ocr_carea' id='block_1_24' title="bbox 521 2208 2102 2281">
    <p class='ocr_par' dir='ltr' id='par_1_24' title="bbox 521 2208 2102 2281">
     <span class='ocr_line' id='line_1_24' title="bbox 521 2208 2102 2281; baseline 0.004 -20"><span class='ocrx_word' id='word_1_177' title='bbox 521 2208 860 2275; x_wconf 84' lang='lat' dir='ltr'><strong>patriarcha,</strong></span> <span class='ocrx_word' id='word_1_178' title='bbox 922 2209 1052 2264; x_wconf 89' lang='lat' dir='ltr'><strong>illud</strong></span> <span class='ocrx_word' id='word_1_179' title='bbox 1105 2219 1190 2266; x_wconf 88' lang='lat' dir='ltr'><strong>est</strong></span> <span class='ocrx_word' id='word_1_180' title='bbox 1215 2211 1363 2281; x_wconf 89' lang='lat' dir='ltr'><strong>quod</strong></span> <span class='ocrx_word' id='word_1_181' title='bbox 1418 2225 1696 2280; x_wconf 86' lang='lat' dir='ltr'><strong>nunquam</strong></span> <span class='ocrx_word' id='word_1_182' title='bbox 1755 2211 1869 2266; x_wconf 84' lang='lat' dir='ltr'><strong>fieri</strong></span> <span class='ocrx_word' id='word_1_183' title='bbox 1901 2219 2102 2280; x_wconf 84' lang='lat' dir='ltr'><strong>potest.</strong></span> 
     </span>
    </p>
   </div>
   <div class='ocr_carea' id='block_1_25' title="bbox 527 2297 2105 2374">
    <p class='ocr_par' dir='ltr' id='par_1_25' title="bbox 527 2297 2105 2374">
     <span class='ocr_line' id='line_1_25' title="bbox 527 2297 2105 2374; baseline 0.004 -22"><span class='ocrx_word' id='word_1_184' title='bbox 527 2297 725 2355; x_wconf 87' lang='lat' dir='ltr'><strong>\lerum</strong></span> <span class='ocrx_word' id='word_1_185' title='bbox 758 2315 924 2372; x_wconf 81' lang='lat' dir='ltr'><strong>surge</strong></span> <span class='ocrx_word' id='word_1_186' title='bbox 960 2311 1022 2358; x_wconf 90' lang='lat' dir='ltr'><strong>ut</strong></span> <span class='ocrx_word' id='word_1_187' title='bbox 1049 2318 1156 2357; x_wconf 88' lang='lat' dir='ltr'><strong>una</strong></span> <span class='ocrx_word' id='word_1_188' title='bbox 1195 2302 1263 2359; x_wconf 91' lang='lat' dir='ltr'><strong>ad</strong></span> <span class='ocrx_word' id='word_1_189' title='bbox 1292 2317 1433 2373; x_wconf 92' lang='lat' dir='ltr'><strong>opus</strong></span> <span class='ocrx_word' id='word_1_190' title='bbox 1466 2313 1719 2358; x_wconf 89' lang='lat' dir='ltr'><strong>nostrum</strong></span> <span class='ocrx_word' id='word_1_191' title='bbox 1784 2303 2105 2374; x_wconf 81' lang='lat' dir='ltr'><strong>proficisca-</strong></span> 
     </span>
    </p>
   </div>
   <div class='ocr_carea' id='block_1_26' title="bbox 522 2392 2100 2462">
    <p class='ocr_par' dir='ltr' id='par_1_26' title="bbox 522 2392 2100 2462">
     <span class='ocr_line' id='line_1_26' title="bbox 522 2392 2100 2462; baseline 0.001 -15"><span class='ocrx_word' id='word_1_192' title='bbox 522 2408 669 2448; x_wconf 92' lang='lat' dir='ltr'><strong>mur.</strong></span> <span class='ocrx_word' id='word_1_193' title='bbox 705 2392 988 2462; x_wconf 78' lang='lat' dir='ltr'><strong>Progressi</strong></span> <span class='ocrx_word' id='word_1_194' title='bbox 1016 2401 1197 2450; x_wconf 88' lang='lat' dir='ltr'><strong>autem</strong></span> <span class='ocrx_word' id='word_1_195' title='bbox 1235 2409 1360 2449; x_wconf 84' lang='lat' dir='ltr'><strong>eum</strong></span> <span class='ocrx_word' id='word_1_196' title='bbox 1399 2394 1652 2450; x_wconf 92' lang='lat' dir='ltr'><strong>homines</strong></span> <span class='ocrx_word' id='word_1_197' title='bbox 1698 2394 1765 2450; x_wconf 92' lang='lat' dir='ltr'><strong>ad</strong></span> <span class='ocrx_word' id='word_1_198' title='bbox 1808 2395 2100 2451; x_wconf 87' lang='lat' dir='ltr'><strong>ecclesiam</strong></span> 
     </span>
    </p>
   </div>
   <div class='ocr_carea' id='block_1_27' title="bbox 519 2486 2105 2557">
    <p class='ocr_par' dir='ltr' id='par_1_27' title="bbox 519 2486 2105 2557">
     <span class='ocr_line' id='line_1_27' title="bbox 519 2486 2105 2557; baseline 0.003 -19"><span class='ocrx_word' id='word_1_199' title='bbox 519 2486 728 2542; x_wconf 87' lang='lat' dir='ltr'><strong>itantes</strong></span> <span class='ocrx_word' id='word_1_200' title='bbox 776 2494 1070 2541; x_wconf 86' lang='lat' dir='ltr'><strong>cernerent</strong></span> <span class='ocrx_word' id='word_1_201' title='bbox 1132 2495 1444 2557; x_wconf 79' lang='lat' dir='ltr'><strong>rogarunt:</strong></span> <span class='ocrx_word' id='word_1_202' title='bbox 1486 2486 1745 2554; x_wconf 77' lang='lat' dir='ltr'><strong>Quaenam</strong></span> <span class='ocrx_word' id='word_1_203' title='bbox 1797 2498 1940 2544; x_wconf 88' lang='lat' dir='ltr'><strong>esset</strong></span> <span class='ocrx_word' id='word_1_204' title='bbox 1999 2489 2105 2544; x_wconf 89' lang='lat' dir='ltr'><strong>iste</strong></span> 
     </span>
    </p>
   </div>
   <div class='ocr_carea' id='block_1_28' title="bbox 521 2577 2106 2653">
    <p class='ocr_par' dir='ltr' id='par_1_28' title="bbox 521 2577 2106 2653">
     <span class='ocr_line' id='line_1_28' title="bbox 521 2577 2106 2653; baseline 0.004 -22"><span class='ocrx_word' id='word_1_205' title='bbox 521 2577 681 2634; x_wconf 87' lang='lat' dir='ltr'><strong>dies?</strong></span> <span class='ocrx_word' id='word_1_206' title='bbox 711 2592 742 2632; x_wconf 92' lang='lat' dir='ltr'><strong>a</strong></span> <span class='ocrx_word' id='word_1_207' title='bbox 777 2577 976 2648; x_wconf 87' lang='lat' dir='ltr'><strong>quibus</strong></span> <span class='ocrx_word' id='word_1_208' title='bbox 1006 2595 1331 2650; x_wconf 88' lang='lat' dir='ltr'><strong>responsum</strong></span> <span class='ocrx_word' id='word_1_209' title='bbox 1365 2581 1636 2647; x_wconf 89' lang='lat' dir='ltr'><strong>tulerunt,</strong></span> <span class='ocrx_word' id='word_1_210' title='bbox 1675 2580 1980 2638; x_wconf 85' lang='lat' dir='ltr'><strong>Ecclesiam</strong></span> <span class='ocrx_word' id='word_1_211' title='bbox 2011 2598 2106 2653; x_wconf 82' lang='lat' dir='ltr'><strong>pe-</strong></span> 
     </span>
    </p>
   </div>
   <div class='ocr_carea' id='block_1_29' title="bbox 523 2670 2105 2745">
    <p class='ocr_par' dir='ltr' id='par_1_29' title="bbox 523 2670 2105 2745">
     <span class='ocr_line' id='line_1_29' title="bbox 523 2670 2105 2745; baseline 0.007 -24"><span class='ocrx_word' id='word_1_212' title='bbox 523 2670 690 2726; x_wconf 85' lang='lat' dir='ltr'><strong>timus</strong></span> <span class='ocrx_word' id='word_1_213' title='bbox 726 2677 787 2724; x_wconf 88' lang='lat' dir='ltr'><strong>ut</strong></span> <span class='ocrx_word' id='word_1_214' title='bbox 830 2671 1113 2727; x_wconf 80' lang='lat' dir='ltr'><strong>videamus</strong></span> <span class='ocrx_word' id='word_1_215' title='bbox 1138 2688 1300 2742; x_wconf 90' lang='lat' dir='ltr'><strong>quem</strong></span> <span class='ocrx_word' id='word_1_216' title='bbox 1339 2674 1502 2745; x_wconf 82' lang='lat' dir='ltr'><strong>nobis</strong></span> <span class='ocrx_word' id='word_1_217' title='bbox 1528 2689 1709 2744; x_wconf 73' lang='lat' dir='ltr'><strong>regem</strong></span> <span class='ocrx_word' id='word_1_218' title='bbox 1735 2675 2006 2731; x_wconf 86' lang='lat' dir='ltr'><strong>electurus</strong></span> <span class='ocrx_word' id='word_1_219' title='bbox 2031 2677 2105 2732; x_wconf 92' lang='lat' dir='ltr'><strong>sit</strong></span> 
     </span>
    </p>
   </div>
   <div class='ocr_carea' id='block_1_30' title="bbox 526 2762 2103 2836">
    <p class='ocr_par' dir='ltr' id='par_1_30' title="bbox 526 2762 2103 2836">
     <span class='ocr_line' id='line_1_30' title="bbox 526 2762 2103 2836; baseline 0.005 -21"><span class='ocrx_word' id='word_1_220' title='bbox 526 2764 690 2819; x_wconf 87' lang='lat' dir='ltr'><strong>Deus.</strong></span> <span class='ocrx_word' id='word_1_221' title='bbox 738 2762 885 2818; x_wconf 91' lang='lat' dir='ltr'><strong>Dixit</strong></span> <span class='ocrx_word' id='word_1_222' title='bbox 909 2780 1039 2834; x_wconf 85' lang='lat' dir='ltr'><strong>ergo</strong></span> <span class='ocrx_word' id='word_1_223' title='bbox 1075 2765 1413 2836; x_wconf 85' lang='lat' dir='ltr'><strong>Theophilus</strong></span> <span class='ocrx_word' id='word_1_224' title='bbox 1440 2767 1779 2831; x_wconf 91' lang='lat' dir='ltr'><strong>Theodosio,</strong></span> <span class='ocrx_word' id='word_1_225' title='bbox 1816 2769 2022 2826; x_wconf 88' lang='lat' dir='ltr'><strong>Eamus</strong></span> <span class='ocrx_word' id='word_1_226' title='bbox 2048 2779 2103 2825; x_wconf 90' lang='lat' dir='ltr'><strong>et</strong></span> 
     </span>
    </p>
   </div>
   <div class='ocr_carea' id='block_1_31' title="bbox 521 2856 2102 2927">
    <p class='ocr_par' dir='ltr' id='par_1_31' title="bbox 521 2856 2102 2927">
     <span class='ocr_line' id='line_1_31' title="bbox 521 2856 2102 2927; baseline 0.003 -17"><span class='ocrx_word' id='word_1_227' title='bbox 521 2871 625 2911; x_wconf 88' lang='lat' dir='ltr'><strong>nos</strong></span> <span class='ocrx_word' id='word_1_228' title='bbox 657 2870 763 2910; x_wconf 91' lang='lat' dir='ltr'><strong>una</strong></span> <span class='ocrx_word' id='word_1_229' title='bbox 795 2871 920 2911; x_wconf 90' lang='lat' dir='ltr'><strong>cum</strong></span> <span class='ocrx_word' id='word_1_230' title='bbox 949 2856 1176 2927; x_wconf 86' lang='lat' dir='ltr'><strong>reliquis</strong></span> <span class='ocrx_word' id='word_1_231' title='bbox 1206 2857 1274 2913; x_wconf 92' lang='lat' dir='ltr'><strong>ad</strong></span> <span class='ocrx_word' id='word_1_232' title='bbox 1305 2858 1594 2914; x_wconf 86' lang='lat' dir='ltr'><strong>ecclesiam</strong></span> <span class='ocrx_word' id='word_1_233' title='bbox 1621 2873 1637 2912; x_wconf 85' lang='lat'><strong>:</strong></span> <span class='ocrx_word' id='word_1_234' title='bbox 1685 2858 1875 2914; x_wconf 81' lang='lat' dir='ltr'><strong>forsan</strong></span> <span class='ocrx_word' id='word_1_235' title='bbox 1914 2876 2102 2916; x_wconf 86' lang='lat' dir='ltr'><strong>verum</strong></span> 
     </span>
    </p>
   </div>
   <div class='ocr_carea' id='block_1_32' title="bbox 524 2948 2108 3008">
    <p class='ocr_par' dir='ltr' id='par_1_32' title="bbox 524 2948 2108 3008">
     <span class='ocr_line' id='line_1_32' title="bbox 524 2948 2108 3008; baseline 0.005 -8"><span class='ocrx_word' id='word_1_236' title='bbox 524 2948 769 3002; x_wconf 85' lang='lat' dir='ltr'><strong>futurum</strong></span> <span class='ocrx_word' id='word_1_237' title='bbox 825 2959 906 3003; x_wconf 91' lang='lat' dir='ltr'><strong>est</strong></span> <span class='ocrx_word' id='word_1_238' title='bbox 943 2949 1281 3005; x_wconf 90' lang='lat' dir='ltr'><strong>insomnium</strong></span> <span class='ocrx_word' id='word_1_239' title='bbox 1329 2961 1504 3005; x_wconf 91' lang='lat' dir='ltr'><strong>tuum.</strong></span> <span class='ocrx_word' id='word_1_240' title='bbox 1538 2951 1674 3006; x_wconf 91' lang='lat' dir='ltr'><strong>Cum</strong></span> <span class='ocrx_word' id='word_1_241' title='bbox 1719 2961 1899 3007; x_wconf 90' lang='lat' dir='ltr'><strong>autem</strong></span> <span class='ocrx_word' id='word_1_242' title='bbox 1932 2953 2108 3008; x_wconf 87' lang='lat' dir='ltr'><strong>cccle—</strong></span> 
     </span>
    </p>
   </div>
   <div class='ocr_carea' id='block_1_33' title="bbox 521 3039 2174 3135">
    <p class='ocr_par' dir='ltr' id='par_1_33' title="bbox 521 3039 2174 3135">
     <span class='ocr_line' id='line_1_33' title="bbox 521 3039 2174 3135; baseline 0.005 -40"><span class='ocrx_word' id='word_1_243' title='bbox 521 3041 658 3095; x_wconf 84' lang='lat' dir='ltr'><strong>siam</strong></span> <span class='ocrx_word' id='word_1_244' title='bbox 685 3039 914 3110; x_wconf 82' lang='lat' dir='ltr'><strong>ingressi</strong></span> <span class='ocrx_word' id='word_1_245' title='bbox 941 3050 1212 3105; x_wconf 87' lang='lat' dir='ltr'><strong>orassent,</strong></span> <span class='ocrx_word' id='word_1_246' title='bbox 1241 3043 1380 3098; x_wconf 86' lang='lat' dir='ltr'><strong>dixit</strong></span> <span class='ocrx_word' id='word_1_247' title='bbox 1407 3043 1711 3111; x_wconf 87' lang='lat' dir='ltr'><strong>Theophilo</strong></span> <span class='ocrx_word' id='word_1_248' title='bbox 1734 3045 2104 3113; x_wconf 87' lang='lat' dir='ltr'><strong>Theodosius,</strong></span> <span class='ocrx_word' id='word_1_249' title='bbox 2133 3078 2174 3135; x_wconf 64' lang='grc' dir='ltr'>Ο</span> 
     </span>
    </p>
   </div>
   <div class='ocr_carea' id='block_1_34' title="bbox 525 3130 2104 3210">
    <p class='ocr_par' dir='ltr' id='par_1_34' title="bbox 525 3130 2104 3210">
     <span class='ocr_line' id='line_1_34' title="bbox 525 3130 2104 3210; baseline 0.004 -24"><span class='ocrx_word' id='word_1_250' title='bbox 525 3130 714 3188; x_wconf 86' lang='lat' dir='ltr'><strong>Vestes</strong></span> <span class='ocrx_word' id='word_1_251' title='bbox 752 3145 884 3189; x_wconf 90' lang='lat' dir='ltr'><strong>sunt</strong></span> <span class='ocrx_word' id='word_1_252' title='bbox 910 3137 1068 3190; x_wconf 87' lang='lat' dir='ltr'><strong>nobis</strong></span> <span class='ocrx_word' id='word_1_253' title='bbox 1100 3136 1361 3206; x_wconf 74' lang='lat' dir='ltr'><strong>squalida:</strong></span> <span class='ocrx_word' id='word_1_254' title='bbox 1390 3145 1444 3192; x_wconf 90' lang='lat' dir='ltr'><strong>et</strong></span> <span class='ocrx_word' id='word_1_255' title='bbox 1469 3138 1632 3204; x_wconf 56' lang='lat' dir='ltr'><strong>trita»,</strong></span> <span class='ocrx_word' id='word_1_256' title='bbox 1671 3155 1812 3208; x_wconf 90' lang='lat' dir='ltr'><strong>pone</strong></span> <span class='ocrx_word' id='word_1_257' title='bbox 1843 3155 1975 3210; x_wconf 81' lang='lat' dir='ltr'><strong>ergo</strong></span> <span class='ocrx_word' id='word_1_258' title='bbox 2010 3141 2104 3194; x_wconf 84' lang='lat' dir='ltr'><strong>bo-</strong></span> 
     </span>
    </p>
   </div>
   <div class='ocr_carea' id='block_1_35' title="bbox 522 3227 2100 3298">
    <p class='ocr_par' dir='ltr' id='par_1_35' title="bbox 522 3227 2100 3298">
     <span class='ocr_line' id='line_1_35' title="bbox 522 3227 2100 3298; baseline 0.004 -18"><span class='ocrx_word' id='word_1_259' title='bbox 522 3227 701 3284; x_wconf 81' lang='lat' dir='ltr'><strong>mines</strong></span> <span class='ocrx_word' id='word_1_260' title='bbox 733 3229 1123 3293; x_wconf 89' lang='lat' dir='ltr'><strong>consistamus,</strong></span> <span class='ocrx_word' id='word_1_261' title='bbox 1159 3237 1216 3283; x_wconf 91' lang='lat' dir='ltr'><strong>ut</strong></span> <span class='ocrx_word' id='word_1_262' title='bbox 1249 3231 1378 3298; x_wconf 91' lang='lat' dir='ltr'><strong>quid</strong></span> <span class='ocrx_word' id='word_1_263' title='bbox 1419 3230 1663 3285; x_wconf 83' lang='lat' dir='ltr'><strong>futurum</strong></span> <span class='ocrx_word' id='word_1_264' title='bbox 1699 3231 1772 3287; x_wconf 88' lang='lat' dir='ltr'><strong>sit</strong></span> <span class='ocrx_word' id='word_1_265' title='bbox 1798 3233 2100 3288; x_wconf 88' lang='lat' dir='ltr'><strong>videamus.</strong></span> 
     </span>
    </p>
   </div>
   <div class='ocr_carea' id='block_1_36' title="bbox 519 3315 2104 3388">
    <p class='ocr_par' dir='ltr' id='par_1_36' title="bbox 519 3315 2104 3388">
     <span class='ocr_line' id='line_1_36' title="bbox 519 3315 2104 3388; baseline 0.003 -14"><span class='ocrx_word' id='word_1_266' title='bbox 519 3315 658 3374; x_wconf 87' lang='lat' dir='ltr'><strong>Cum</strong></span> <span class='ocrx_word' id='word_1_267' title='bbox 686 3333 818 3388; x_wconf 78' lang='lat' dir='ltr'><strong>ergo</strong></span> <span class='ocrx_word' id='word_1_268' title='bbox 839 3317 1008 3374; x_wconf 87' lang='lat' dir='ltr'><strong>ﬁnitis</strong></span> <span class='ocrx_word' id='word_1_269' title='bbox 1046 3321 1241 3382; x_wconf 91' lang='lat' dir='ltr'><strong>sacris,</strong></span> <span class='ocrx_word' id='word_1_270' title='bbox 1272 3329 1581 3376; x_wconf 85' lang='lat' dir='ltr'><strong>cessassent</strong></span> <span class='ocrx_word' id='word_1_271' title='bbox 1647 3322 1918 3388; x_wconf 89' lang='lat' dir='ltr'><strong>homines,</strong></span> <span class='ocrx_word' id='word_1_272' title='bbox 1975 3340 2104 3378; x_wconf 83' lang='lat' dir='ltr'><strong>ecce</strong></span> 
     </span>
    </p>
   </div>
   <div class='ocr_carea' id='block_1_37' title="bbox 521 3411 2100 3480">
    <p class='ocr_par' dir='ltr' id='par_1_37' title="bbox 521 3411 2100 3480">
     <span class='ocr_line' id='line_1_37' title="bbox 521 3411 2100 3480; baseline 0.005 -17"><span class='ocrx_word' id='word_1_273' title='bbox 521 3411 640 3464; x_wconf 86' lang='lat' dir='ltr'><strong>avis</strong></span> <span class='ocrx_word' id='word_1_274' title='bbox 698 3426 893 3480; x_wconf 79' lang='lat' dir='ltr'><strong>magna</strong></span> <span class='ocrx_word' id='word_1_275' title='bbox 949 3426 1044 3464; x_wconf 92' lang='lat' dir='ltr'><strong>ore</strong></span> <span class='ocrx_word' id='word_1_276' title='bbox 1094 3429 1196 3467; x_wconf 89' lang='lat' dir='ltr'><strong>suo</strong></span> <span class='ocrx_word' id='word_1_277' title='bbox 1235 3427 1494 3468; x_wconf 85' lang='lat' dir='ltr'><strong>coronam</strong></span> <span class='ocrx_word' id='word_1_278' title='bbox 1529 3430 1596 3468; x_wconf 86' lang='lat' dir='ltr'><strong>ex</strong></span> <span class='ocrx_word' id='word_1_279' title='bbox 1651 3414 1770 3469; x_wconf 90' lang='lat' dir='ltr'><strong>luce</strong></span> <span class='ocrx_word' id='word_1_280' title='bbox 1803 3425 2020 3479; x_wconf 90' lang='lat' dir='ltr'><strong>tenens,</strong></span> <span class='ocrx_word' id='word_1_281' title='bbox 2049 3419 2100 3471; x_wconf 89' lang='lat' dir='ltr'><strong>in</strong></span> 
     </span>
    </p>
   </div>
   <div class='ocr_carea' id='block_1_38' title="bbox 520 3503 2106 3573">
    <p class='ocr_par' dir='ltr' id='par_1_38' title="bbox 520 3503 2106 3573">
     <span class='ocr_line' id='line_1_38' title="bbox 520 3503 2106 3573; baseline 0.006 -18"><span class='ocrx_word' id='word_1_282' title='bbox 520 3517 684 3573; x_wconf 89' lang='lat' dir='ltr'><strong>quam</strong></span> <span class='ocrx_word' id='word_1_283' title='bbox 722 3519 846 3557; x_wconf 89' lang='lat' dir='ltr'><strong>eum</strong></span> <span class='ocrx_word' id='word_1_284' title='bbox 883 3503 1020 3558; x_wconf 88' lang='lat' dir='ltr'><strong>duas</strong></span> <span class='ocrx_word' id='word_1_285' title='bbox 1060 3503 1222 3560; x_wconf 88' lang='lat' dir='ltr'><strong>horas</strong></span> <span class='ocrx_word' id='word_1_286' title='bbox 1257 3506 1448 3561; x_wconf 91' lang='lat' dir='ltr'><strong>oculos</strong></span> <span class='ocrx_word' id='word_1_287' title='bbox 1508 3507 1875 3563; x_wconf 89' lang='lat' dir='ltr'><strong>intendissent</strong></span> <span class='ocrx_word' id='word_1_288' title='bbox 1928 3509 2106 3564; x_wconf 89' lang='lat' dir='ltr'><strong>homi-</strong></span> 
     </span>
    </p>
   </div>
   <div class='ocr_carea' id='block_1_39' title="bbox 520 3595 2106 3670">
    <p class='ocr_par' dir='ltr' id='par_1_39' title="bbox 520 3595 2106 3670">
     <span class='ocr_line' id='line_1_39' title="bbox 520 3595 2106 3670; baseline 0.005 -20"><span class='ocrx_word' id='word_1_289' title='bbox 520 3612 619 3652; x_wconf 88' lang='lat' dir='ltr'><strong>nes</strong></span> <span class='ocrx_word' id='word_1_290' title='bbox 651 3609 670 3650; x_wconf 87' lang='lat'><strong>:</strong></span> <span class='ocrx_word' id='word_1_291' title='bbox 700 3595 982 3662; x_wconf 76' lang='lat' dir='ltr'><strong>Miserere,</strong></span> <span class='ocrx_word' id='word_1_292' title='bbox 1011 3614 1044 3649; x_wconf 93' lang='lat' dir='ltr'><strong>o</strong></span> <span class='ocrx_word' id='word_1_293' title='bbox 1077 3598 1321 3664; x_wconf 55' lang='lat' dir='ltr'><strong>Domine,</strong></span> <span class='ocrx_word' id='word_1_294' title='bbox 1377 3601 1805 3670; x_wconf 85' lang='lat' dir='ltr'><strong>ingeminantes.</strong></span> <span class='ocrx_word' id='word_1_295' title='bbox 1845 3603 2106 3658; x_wconf 88' lang='lat' dir='ltr'><strong>advolans</strong></span> 
     </span>
    </p>
   </div>
   <div class='ocr_carea' id='block_1_40' title="bbox 519 3689 2108 3764">
    <p class='ocr_par' dir='ltr' id='par_1_40' title="bbox 519 3689 2108 3764">
     <span class='ocr_line' id='line_1_40' title="bbox 519 3689 2108 3764; baseline 0.003 -20"><span class='ocrx_word' id='word_1_296' title='bbox 519 3689 612 3744; x_wconf 88' lang='lat' dir='ltr'><strong>illa</strong></span> <span class='ocrx_word' id='word_1_297' title='bbox 647 3704 905 3744; x_wconf 88' lang='lat' dir='ltr'><strong>coronam</strong></span> <span class='ocrx_word' id='word_1_298' title='bbox 941 3690 1100 3743; x_wconf 90' lang='lat' dir='ltr'><strong>istam</strong></span> <span class='ocrx_word' id='word_1_299' title='bbox 1127 3691 1361 3745; x_wconf 89' lang='lat' dir='ltr'><strong>lucidam</strong></span> <span class='ocrx_word' id='word_1_300' title='bbox 1398 3692 1698 3747; x_wconf 83' lang='lat' dir='ltr'><strong>Theodosii</strong></span> <span class='ocrx_word' id='word_1_301' title='bbox 1733 3695 1899 3764; x_wconf 88' lang='lat' dir='ltr'><strong>capiti</strong></span> <span class='ocrx_word' id='word_1_302' title='bbox 1934 3695 2108 3764; x_wconf 88' lang='lat' dir='ltr'><strong>impo-</strong></span> 
     </span>
    </p>
   </div>
   <div class='ocr_carea' id='block_1_41' title="bbox 520 3781 2102 3855">
    <p class='ocr_par' dir='ltr' id='par_1_41' title="bbox 520 3781 2102 3855">
     <span class='ocr_line' id='line_1_41' title="bbox 520 3781 2102 3855; baseline 0.004 -20"><span class='ocrx_word' id='word_1_303' title='bbox 520 3781 654 3846; x_wconf 90' lang='lat' dir='ltr'><strong>suit,</strong></span> <span class='ocrx_word' id='word_1_304' title='bbox 688 3782 848 3849; x_wconf 87' lang='lat' dir='ltr'><strong>cttjns</strong></span> <span class='ocrx_word' id='word_1_305' title='bbox 886 3798 1018 3851; x_wconf 79' lang='lat' dir='ltr'><strong>ergo</strong></span> <span class='ocrx_word' id='word_1_306' title='bbox 1052 3785 1233 3836; x_wconf 85' lang='lat' dir='ltr'><strong>statim</strong></span> <span class='ocrx_word' id='word_1_307' title='bbox 1269 3785 1335 3838; x_wconf 90' lang='lat' dir='ltr'><strong>ad</strong></span> <span class='ocrx_word' id='word_1_308' title='bbox 1366 3787 1538 3839; x_wconf 89' lang='lat' dir='ltr'><strong>altare</strong></span> <span class='ocrx_word' id='word_1_309' title='bbox 1569 3787 1791 3855; x_wconf 73' lang='lat' dir='ltr'><strong>gestati,</strong></span> <span class='ocrx_word' id='word_1_310' title='bbox 1826 3787 2102 3842; x_wconf 85' lang='lat' dir='ltr'><strong>vestibus-</strong></span> 
     </span>
    </p>
   </div>
   <div class='ocr_carea' id='block_1_42' title="bbox 519 3873 2104 3950">
    <p class='ocr_par' dir='ltr' id='par_1_42' title="bbox 519 3873 2104 3950">
     <span class='ocr_line' id='line_1_42' title="bbox 519 3873 2104 3950; baseline 0.006 -27"><span class='ocrx_word' id='word_1_311' title='bbox 519 3890 628 3945; x_wconf 83' lang='lat' dir='ltr'><strong>que</strong></span> <span class='ocrx_word' id='word_1_312' title='bbox 667 3873 812 3932; x_wconf 91' lang='lat' dir='ltr'><strong>tritis</strong></span> <span class='ocrx_word' id='word_1_313' title='bbox 838 3875 1102 3944; x_wconf 82' lang='lat' dir='ltr'><strong>squalidis</strong></span> <span class='ocrx_word' id='word_1_314' title='bbox 1131 3878 1302 3941; x_wconf 87' lang='lat' dir='ltr'><strong>exuti,</strong></span> <span class='ocrx_word' id='word_1_315' title='bbox 1354 3885 1522 3947; x_wconf 88' lang='lat' dir='ltr'><strong>atque</strong></span> <span class='ocrx_word' id='word_1_316' title='bbox 1574 3878 1900 3933; x_wconf 90' lang='lat' dir='ltr'><strong>indumento</strong></span> <span class='ocrx_word' id='word_1_317' title='bbox 1953 3880 2104 3950; x_wconf 83' lang='lat' dir='ltr'><strong>regio</strong></span> 
     </span>
    </p>
   </div>
   <div class='ocr_carea' id='block_1_43' title="bbox 519 3965 2102 4042">
    <p class='ocr_par' dir='ltr' id='par_1_43' title="bbox 519 3965 2102 4042">
     <span class='ocr_line' id='line_1_43' title="bbox 519 3965 2102 4042; baseline 0.006 -24"><span class='ocrx_word' id='word_1_318' title='bbox 519 3965 729 4032; x_wconf 89' lang='lat' dir='ltr'><strong>amicti,</strong></span> <span class='ocrx_word' id='word_1_319' title='bbox 753 3967 915 4037; x_wconf 91' lang='lat' dir='ltr'><strong>capiti</strong></span> <span class='ocrx_word' id='word_1_320' title='bbox 949 3967 1202 4022; x_wconf 88' lang='lat' dir='ltr'><strong>diadema</strong></span> <span class='ocrx_word' id='word_1_321' title='bbox 1236 3969 1448 4037; x_wconf 81' lang='lat' dir='ltr'><strong>regium</strong></span> <span class='ocrx_word' id='word_1_322' title='bbox 1509 3969 1677 4041; x_wconf 78' lang='lat'><strong>508</strong></span> <span class='ocrx_word' id='word_1_323' title='bbox 1734 3986 1859 4026; x_wconf 86' lang='lat' dir='ltr'><strong>cum</strong></span> <span class='ocrx_word' id='word_1_324' title='bbox 1924 3972 2102 4042; x_wconf 87' lang='lat' dir='ltr'><strong>impo-</strong></span> 
     </span>
    </p>
   </div>
   <div class='ocr_carea' id='block_1_44' title="bbox 518 4058 2101 4134">
    <p class='ocr_par' dir='ltr' id='par_1_44' title="bbox 518 4058 2101 4134">
     <span class='ocr_line' id='line_1_44' title="bbox 518 4058 2101 4134; baseline 0.004 -22"><span class='ocrx_word' id='word_1_325' title='bbox 518 4058 742 4122; x_wconf 83' lang='lat' dir='ltr'><strong>suisset,</strong></span> <span class='ocrx_word' id='word_1_326' title='bbox 800 4058 1014 4129; x_wconf 79' lang='lat' dir='ltr'><strong>ipsique</strong></span> <span class='ocrx_word' id='word_1_327' title='bbox 1076 4061 1451 4116; x_wconf 83' lang='lat' dir='ltr'><strong>henedixisset</strong></span> <span class='ocrx_word' id='word_1_328' title='bbox 1503 4065 1814 4133; x_wconf 86' lang='lat' dir='ltr'><strong>episcopus,</strong></span> <span class='ocrx_word' id='word_1_329' title='bbox 1884 4079 2030 4134; x_wconf 84' lang='lat' dir='ltr'><strong>equo</strong></span> <span class='ocrx_word' id='word_1_330' title='bbox 2071 4081 2101 4119; x_wconf 89' lang='lat' dir='ltr'><strong>e</strong></span> 
     </span>
    </p>
   </div>
   <div class='ocr_carea' id='block_1_45' title="bbox 520 4150 2102 4224">
    <p class='ocr_par' dir='ltr' id='par_1_45' title="bbox 520 4150 2102 4224">
     <span class='ocr_line' id='line_1_45' title="bbox 520 4150 2102 4224; baseline 0.004 -20"><span class='ocrx_word' id='word_1_331' title='bbox 520 4150 687 4220; x_wconf 77' lang='lat' dir='ltr'><strong>regiis</strong></span> <span class='ocrx_word' id='word_1_332' title='bbox 725 4151 965 4219; x_wconf 88' lang='lat' dir='ltr'><strong>quodam</strong></span> <span class='ocrx_word' id='word_1_333' title='bbox 1004 4163 1196 4207; x_wconf 84' lang='lat' dir='ltr'><strong>vectus</strong></span> <span class='ocrx_word' id='word_1_334' title='bbox 1245 4161 1352 4216; x_wconf 88' lang='lat' dir='ltr'><strong>est,</strong></span> <span class='ocrx_word' id='word_1_335' title='bbox 1398 4154 1638 4207; x_wconf 89' lang='lat' dir='ltr'><strong>nondum</strong></span> <span class='ocrx_word' id='word_1_336' title='bbox 1683 4153 1795 4208; x_wconf 61' lang='lat' dir='ltr'><strong>haec</strong></span> <span class='ocrx_word' id='word_1_337' title='bbox 1827 4172 1948 4224; x_wconf 73' lang='lat' dir='ltr'><strong>qua:</strong></span> <span class='ocrx_word' id='word_1_338' title='bbox 1998 4157 2102 4212; x_wconf 88' lang='lat' dir='ltr'><strong>sibi</strong></span> 
     </span>
    </p>
   </div>
   <div class='ocr_carea' id='block_1_46' title="bbox 518 4242 2107 4316">
    <p class='ocr_par' dir='ltr' id='par_1_46' title="bbox 518 4242 2107 4316">
     <span class='ocr_line' id='line_1_46' title="bbox 518 4242 2107 4316; baseline 0.005 -20"><span class='ocrx_word' id='word_1_339' title='bbox 518 4242 834 4297; x_wconf 87' lang='lat' dir='ltr'><strong>evenissent</strong></span> <span class='ocrx_word' id='word_1_340' title='bbox 870 4246 1124 4310; x_wconf 89' lang='lat' dir='ltr'><strong>credens,</strong></span> <span class='ocrx_word' id='word_1_341' title='bbox 1159 4244 1507 4306; x_wconf 69' lang='lat' dir='ltr'><strong>cingentibus</strong></span> <span class='ocrx_word' id='word_1_342' title='bbox 1549 4246 1727 4316; x_wconf 90' lang='lat' dir='ltr'><strong>ipsum</strong></span> <span class='ocrx_word' id='word_1_343' title='bbox 1775 4248 2107 4305; x_wconf 87' lang='lat' dir='ltr'><strong>consiliariis</strong></span> 
     </span>
    </p>
   </div>
   <div class='ocr_carea' id='block_1_47' title="bbox 516 4334 2102 4408">
    <p class='ocr_par' dir='ltr' id='par_1_47' title="bbox 516 4334 2102 4408">
     <span class='ocr_line' id='line_1_47' title="bbox 516 4334 2102 4408; baseline 0.004 -18"><span class='ocrx_word' id='word_1_344' title='bbox 516 4343 573 4390; x_wconf 89' lang='lat' dir='ltr'><strong>et</strong></span> <span class='ocrx_word' id='word_1_345' title='bbox 629 4334 864 4392; x_wconf 85' lang='lat' dir='ltr'><strong>ducibus</strong></span> <span class='ocrx_word' id='word_1_346' title='bbox 914 4336 1090 4392; x_wconf 90' lang='lat' dir='ltr'><strong>donec</strong></span> <span class='ocrx_word' id='word_1_347' title='bbox 1129 4337 1192 4392; x_wconf 86' lang='lat' dir='ltr'><strong>ad</strong></span> <span class='ocrx_word' id='word_1_348' title='bbox 1227 4337 1397 4392; x_wconf 61' lang='lat' dir='ltr'><strong>Dar.il</strong></span> <span class='ocrx_word' id='word_1_349' title='bbox 1428 4338 1578 4392; x_wconf 84' lang='lat' dir='ltr'><strong>Balat</strong></span> <span class='ocrx_word' id='word_1_350' title='bbox 1603 4381 1616 4404; x_wconf 97' lang='lat'><strong>,</strong></span> <span class='ocrx_word' id='word_1_351' title='bbox 1642 4340 1694 4392; x_wconf 93' lang='lat' dir='ltr'><strong>id</strong></span> <span class='ocrx_word' id='word_1_352' title='bbox 1725 4351 1802 4394; x_wconf 91' lang='lat' dir='ltr'><strong>est</strong></span> <span class='ocrx_word' id='word_1_353' title='bbox 1845 4343 2102 4408; x_wconf 87' lang='lat' dir='ltr'><strong>palatium</strong></span> 
     </span>
    </p>
   </div>
   <div class='ocr_carea' id='block_1_48' title="bbox 2213 461 3803 533">
    <p class='ocr_par' dir='ltr' id='par_1_48' title="bbox 2213 461 3803 533">
     <span class='ocr_line' id='line_1_48' title="bbox 2213 461 3803 533; baseline -0.003 -17"><span class='ocrx_word' id='word_1_354' title='bbox 2213 476 2340 516; x_wconf 89' lang='lat' dir='ltr'><strong>cum</strong></span> <span class='ocrx_word' id='word_1_355' title='bbox 2378 462 2662 532; x_wconf 82' lang='lat' dir='ltr'><strong>episcopis</strong></span> <span class='ocrx_word' id='word_1_356' title='bbox 2701 462 2816 516; x_wconf 84' lang='lat' dir='ltr'><strong>suis</strong></span> <span class='ocrx_word' id='word_1_357' title='bbox 2851 461 3330 533; x_wconf 81' lang='lat' dir='ltr'><strong>ConstantinOpoli</strong></span> <span class='ocrx_word' id='word_1_358' title='bbox 3372 461 3566 517; x_wconf 88' lang='lat' dir='ltr'><strong>adesse</strong></span> <span class='ocrx_word' id='word_1_359' title='bbox 3612 461 3803 529; x_wconf 82' lang='lat' dir='ltr'><strong>jussi&#39;,</strong></span> 
     </span>
    </p>
   </div>
   <div class='ocr_carea' id='block_1_49' title="bbox 2219 551 3803 623">
    <p class='ocr_par' dir='ltr' id='par_1_49' title="bbox 2219 551 3803 623">
     <span class='ocr_line' id='line_1_49' title="bbox 2219 551 3803 623; baseline 0 -19"><span class='ocrx_word' id='word_1_360' title='bbox 2219 560 2277 604; x_wconf 92' lang='lat' dir='ltr'><strong>ut</strong></span> <span class='ocrx_word' id='word_1_361' title='bbox 2305 551 2374 606; x_wconf 91' lang='lat' dir='ltr'><strong>de</strong></span> <span class='ocrx_word' id='word_1_362' title='bbox 2421 551 2527 606; x_wconf 82' lang='lat' dir='ltr'><strong>fide</strong></span> <span class='ocrx_word' id='word_1_363' title='bbox 2561 553 2865 607; x_wconf 89' lang='lat' dir='ltr'><strong>christiana</strong></span> <span class='ocrx_word' id='word_1_364' title='bbox 2897 552 3290 623; x_wconf 90' lang='lat' dir='ltr'><strong>disquirerent,</strong></span> <span class='ocrx_word' id='word_1_365' title='bbox 3342 569 3575 623; x_wconf 90' lang='lat' dir='ltr'><strong>eamque</strong></span> <span class='ocrx_word' id='word_1_366' title='bbox 3630 554 3803 622; x_wconf 86' lang='lat' dir='ltr'><strong>expli-</strong></span> 
     </span>
    </p>
   </div>
   <div class='ocr_carea' id='block_1_50' title="bbox 2213 648 3800 722">
    <p class='ocr_par' dir='ltr' id='par_1_50' title="bbox 2213 648 3800 722">
     <span class='ocr_line' id='line_1_50' title="bbox 2213 648 3800 722; baseline -0.001 -19"><span class='ocrx_word' id='word_1_367' title='bbox 2213 657 2392 703; x_wconf 86' lang='lat' dir='ltr'><strong>catam</strong></span> <span class='ocrx_word' id='word_1_368' title='bbox 2446 648 2762 719; x_wconf 87' lang='lat' dir='ltr'><strong>hominibus</strong></span> <span class='ocrx_word' id='word_1_369' title='bbox 2809 649 3021 705; x_wconf 86' lang='lat' dir='ltr'><strong>darent.</strong></span> <span class='ocrx_word' id='word_1_370' title='bbox 3070 649 3457 706; x_wconf 87' lang='lat' dir='ltr'><strong>Convenerunt</strong></span> <span class='ocrx_word' id='word_1_371' title='bbox 3518 667 3652 722; x_wconf 83' lang='lat' dir='ltr'><strong>ergo</strong></span> <span class='ocrx_word' id='word_1_372' title='bbox 3703 667 3800 721; x_wconf 84' lang='lat' dir='ltr'><strong>pa-</strong></span> 
     </span>
    </p>
   </div>
   <div class='ocr_carea' id='block_1_51' title="bbox 2209 739 3800 814">
    <p class='ocr_par' dir='ltr' id='par_1_51' title="bbox 2209 739 3800 814">
     <span class='ocr_line' id='line_1_51' title="bbox 2209 739 3800 814; baseline 0.004 -23"><span class='ocrx_word' id='word_1_373' title='bbox 2209 739 2460 794; x_wconf 72' lang='lat' dir='ltr'><strong>triarcha:</strong></span> <span class='ocrx_word' id='word_1_374' title='bbox 2488 756 2610 795; x_wconf 90' lang='lat' dir='ltr'><strong>cum</strong></span> <span class='ocrx_word' id='word_1_375' title='bbox 2635 742 2906 810; x_wconf 88' lang='lat' dir='ltr'><strong>episcopis</strong></span> <span class='ocrx_word' id='word_1_376' title='bbox 2942 743 3063 797; x_wconf 87' lang='lat' dir='ltr'><strong>suis</strong></span> <span class='ocrx_word' id='word_1_377' title='bbox 3093 743 3658 814; x_wconf 85' lang='lat' dir='ltr'><strong>Constantinopolim,</strong></span> <span class='ocrx_word' id='word_1_378' title='bbox 3691 761 3800 798; x_wconf 89' lang='lat' dir='ltr'><strong>uno</strong></span> 
     </span>
    </p>
   </div>
   <div class='ocr_carea' id='block_1_52' title="bbox 2207 827 3801 903">
    <p class='ocr_par' dir='ltr' id='par_1_52' title="bbox 2207 827 3801 903">
     <span class='ocr_line' id='line_1_52' title="bbox 2207 827 3801 903; baseline 0.005 -25"><span class='ocrx_word' id='word_1_379' title='bbox 2207 833 2436 896; x_wconf 83' lang='lat' dir='ltr'><strong>excepto</strong></span> <span class='ocrx_word' id='word_1_380' title='bbox 2468 827 2703 882; x_wconf 88' lang='lat' dir='ltr'><strong>Damaso</strong></span> <span class='ocrx_word' id='word_1_381' title='bbox 2737 830 3049 898; x_wconf 89' lang='lat' dir='ltr'><strong>patriarcha</strong></span> <span class='ocrx_word' id='word_1_382' title='bbox 3102 829 3372 898; x_wconf 79' lang='lat' dir='ltr'><strong>Romano,</strong></span> <span class='ocrx_word' id='word_1_383' title='bbox 3407 835 3501 903; x_wconf 87' lang='lat' dir='ltr'><strong>qui</strong></span> <span class='ocrx_word' id='word_1_384' title='bbox 3543 833 3660 903; x_wconf 91' lang='lat' dir='ltr'><strong>ipse</strong></span> <span class='ocrx_word' id='word_1_385' title='bbox 3692 851 3801 887; x_wconf 91' lang='lat' dir='ltr'><strong>non</strong></span> 
     </span>
    </p>
   </div>
   <div class='ocr_carea' id='block_1_53' title="bbox 2207 915 3804 992">
    <p class='ocr_par' dir='ltr' id='par_1_53' title="bbox 2207 915 3804 992">
     <span class='ocr_line' id='line_1_53' title="bbox 2207 915 3804 992; baseline 0.004 -22"><span class='ocrx_word' id='word_1_386' title='bbox 2207 917 2376 979; x_wconf 88' lang='lat' dir='ltr'><strong>venit,</strong></span> <span class='ocrx_word' id='word_1_387' title='bbox 2401 925 2454 970; x_wconf 91' lang='lat' dir='ltr'><strong>at</strong></span> <span class='ocrx_word' id='word_1_388' title='bbox 2475 918 2540 970; x_wconf 92' lang='lat' dir='ltr'><strong>ad</strong></span> <span class='ocrx_word' id='word_1_389' title='bbox 2567 915 2937 973; x_wconf 88' lang='lat' dir='ltr'><strong>Theodosium</strong></span> <span class='ocrx_word' id='word_1_390' title='bbox 2961 936 3143 975; x_wconf 91' lang='lat' dir='ltr'><strong>veram</strong></span> <span class='ocrx_word' id='word_1_391' title='bbox 3169 920 3348 986; x_wconf 80' lang='lat' dir='ltr'><strong>(idem,</strong></span> <span class='ocrx_word' id='word_1_392' title='bbox 3379 937 3611 992; x_wconf 88' lang='lat' dir='ltr'><strong>eamque</strong></span> <span class='ocrx_word' id='word_1_393' title='bbox 3633 925 3804 991; x_wconf 83' lang='lat' dir='ltr'><strong>expli-</strong></span> 
     </span>
    </p>
   </div>
   <div class='ocr_carea' id='block_1_54' title="bbox 2209 1003 3802 1082">
    <p class='ocr_par' dir='ltr' id='par_1_54' title="bbox 2209 1003 3802 1082">
     <span class='ocr_line' id='line_1_54' title="bbox 2209 1003 3802 1082; baseline 0.008 -27"><span class='ocrx_word' id='word_1_394' title='bbox 2209 1009 2385 1056; x_wconf 91' lang='lat' dir='ltr'><strong>catam</strong></span> <span class='ocrx_word' id='word_1_395' title='bbox 2421 1003 2772 1076; x_wconf 80' lang='lat'><strong>509-511</strong></span> <span class='ocrx_word' id='word_1_396' title='bbox 2811 1016 2862 1062; x_wconf 90' lang='lat' dir='ltr'><strong>et</strong></span> <span class='ocrx_word' id='word_1_397' title='bbox 2896 1008 3230 1079; x_wconf 81' lang='lat' dir='ltr'><strong>expositam,</strong></span> <span class='ocrx_word' id='word_1_398' title='bbox 3264 1011 3510 1081; x_wconf 91' lang='lat' dir='ltr'><strong>scripsit.</strong></span> <span class='ocrx_word' id='word_1_399' title='bbox 3560 1013 3802 1082; x_wconf 79' lang='lat' dir='ltr'><strong>Congre-</strong></span> 
     </span>
    </p>
   </div>
   <div class='ocr_carea' id='block_1_55' title="bbox 2209 1093 3798 1173">
    <p class='ocr_par' dir='ltr' id='par_1_55' title="bbox 2209 1093 3798 1173">
     <span class='ocr_line' id='line_1_55' title="bbox 2209 1093 3798 1173; baseline 0.007 -27"><span class='ocrx_word' id='word_1_400' title='bbox 2209 1093 2318 1162; x_wconf 66' lang='grc' dir='ltr'><strong>κειῑὶ</strong></span> <span class='ocrx_word' id='word_1_401' title='bbox 2351 1105 2480 1150; x_wconf 87' lang='lat' dir='ltr'><strong>sunt</strong></span> <span class='ocrx_word' id='word_1_402' title='bbox 2535 1113 2665 1168; x_wconf 81' lang='lat' dir='ltr'><strong>ergo</strong></span> <span class='ocrx_word' id='word_1_403' title='bbox 2726 1098 3214 1170; x_wconf 88' lang='lat' dir='ltr'><strong>Constantinopoli</strong></span> <span class='ocrx_word' id='word_1_404' title='bbox 3276 1104 3525 1173; x_wconf 82' lang='lat' dir='ltr'><strong>episcOpi</strong></span> <span class='ocrx_word' id='word_1_405' title='bbox 3576 1094 3798 1159; x_wconf 72' lang='lat' dir='ltr'><strong>centum</strong></span> 
     </span>
    </p>
   </div>
   <div class='ocr_carea' id='block_1_56' title="bbox 2210 1187 3797 1264">
    <p class='ocr_par' dir='ltr' id='par_1_56' title="bbox 2210 1187 3797 1264">
     <span class='ocr_line' id='line_1_56' title="bbox 2210 1187 3797 1264; baseline 0.006 -25"><span class='ocrx_word' id='word_1_406' title='bbox 2210 1187 2628 1257; x_wconf 80' lang='lat' dir='ltr'><strong>quinquaginta.</strong></span> <span class='ocrx_word' id='word_1_407' title='bbox 2665 1189 2895 1246; x_wconf 91' lang='lat' dir='ltr'><strong>Concilii</strong></span> <span class='ocrx_word' id='word_1_408' title='bbox 2941 1193 3197 1262; x_wconf 80' lang='lat' dir='ltr'><strong>praesides</strong></span> <span class='ocrx_word' id='word_1_409' title='bbox 3244 1204 3402 1250; x_wconf 89' lang='lat' dir='ltr'><strong>erant</strong></span> <span class='ocrx_word' id='word_1_410' title='bbox 3452 1195 3797 1264; x_wconf 77' lang='lat' dir='ltr'><strong>Timotheus,</strong></span> 
     </span>
    </p>
   </div>
   <div class='ocr_carea' id='block_1_57' title="bbox 2210 1281 3798 1353">
    <p class='ocr_par' dir='ltr' id='par_1_57' title="bbox 2210 1281 3798 1353">
     <span class='ocr_line' id='line_1_57' title="bbox 2210 1281 3798 1353; baseline 0.007 -21"><span class='ocrx_word' id='word_1_411' title='bbox 2210 1281 2519 1349; x_wconf 88' lang='lat' dir='ltr'><strong>patriarcha</strong></span> <span class='ocrx_word' id='word_1_412' title='bbox 2553 1282 2980 1347; x_wconf 87' lang='lat' dir='ltr'><strong>Alexandrinus,</strong></span> <span class='ocrx_word' id='word_1_413' title='bbox 3015 1286 3265 1342; x_wconf 76' lang='lat' dir='ltr'><strong>Mcletius</strong></span> <span class='ocrx_word' id='word_1_414' title='bbox 3299 1288 3696 1353; x_wconf 85' lang='lat' dir='ltr'><strong>Antiochenns,</strong></span> <span class='ocrx_word' id='word_1_415' title='bbox 3748 1300 3798 1343; x_wconf 81' lang='lat' dir='ltr'><strong>ct</strong></span> 
     </span>
    </p>
   </div>
   <div class='ocr_carea' id='block_1_58' title="bbox 2209 1371 3802 1451">
    <p class='ocr_par' dir='ltr' id='par_1_58' title="bbox 2209 1371 3802 1451">
     <span class='ocr_line' id='line_1_58' title="bbox 2209 1371 3802 1451; baseline 0.006 -24"><span class='ocrx_word' id='word_1_416' title='bbox 2209 1371 2450 1442; x_wconf 83' lang='lat' dir='ltr'><strong>Cyrillus</strong></span> <span class='ocrx_word' id='word_1_417' title='bbox 2493 1373 3001 1447; x_wconf 80' lang='lat' dir='ltr'><strong>Hierosolymorum</strong></span> <span class='ocrx_word' id='word_1_418' title='bbox 3057 1380 3388 1448; x_wconf 85' lang='lat' dir='ltr'><strong>episcopus;</strong></span> <span class='ocrx_word' id='word_1_419' title='bbox 3442 1384 3646 1451; x_wconf 83' lang='lat' dir='ltr'><strong>quibus</strong></span> <span class='ocrx_word' id='word_1_420' title='bbox 3692 1395 3802 1437; x_wconf 87' lang='lat' dir='ltr'><strong>tra-</strong></span> 
     </span>
    </p>
   </div>
   <div class='ocr_carea' id='block_1_59' title="bbox 2209 1464 3799 1544">
    <p class='ocr_par' dir='ltr' id='par_1_59' title="bbox 2209 1464 3799 1544">
     <span class='ocr_line' id='line_1_59' title="bbox 2209 1464 3799 1544; baseline 0.006 -26"><span class='ocrx_word' id='word_1_421' title='bbox 2209 1464 2347 1519; x_wconf 91' lang='lat' dir='ltr'><strong>didit</strong></span> <span class='ocrx_word' id='word_1_422' title='bbox 2375 1464 2719 1522; x_wconf 86' lang='lat' dir='ltr'><strong>Theodosius</strong></span> <span class='ocrx_word' id='word_1_423' title='bbox 2754 1469 3054 1538; x_wconf 87' lang='lat' dir='ltr'><strong>imperator</strong></span> <span class='ocrx_word' id='word_1_424' title='bbox 3077 1470 3288 1528; x_wconf 86' lang='lat' dir='ltr'><strong>litteras</strong></span> <span class='ocrx_word' id='word_1_425' title='bbox 3320 1472 3539 1530; x_wconf 89' lang='lat' dir='ltr'><strong>Damasi</strong></span> <span class='ocrx_word' id='word_1_426' title='bbox 3567 1478 3799 1544; x_wconf 74' lang='lat' dir='ltr'><strong>patriar-</strong></span> 
     </span>
    </p>
   </div>
   <div class='ocr_carea' id='block_1_60' title="bbox 2211 1556 3802 1636">
    <p class='ocr_par' dir='ltr' id='par_1_60' title="bbox 2211 1556 3802 1636">
     <span class='ocr_line' id='line_1_60' title="bbox 2211 1556 3802 1636; baseline 0.007 -26"><span class='ocrx_word' id='word_1_427' title='bbox 2211 1556 2328 1611; x_wconf 74' lang='lat' dir='ltr'><strong>chze</strong></span> <span class='ocrx_word' id='word_1_428' title='bbox 2358 1558 2614 1622; x_wconf 79' lang='lat' dir='ltr'><strong>Romani,</strong></span> <span class='ocrx_word' id='word_1_429' title='bbox 2651 1558 2703 1612; x_wconf 91' lang='lat' dir='ltr'><strong>in</strong></span> <span class='ocrx_word' id='word_1_430' title='bbox 2765 1559 2970 1630; x_wconf 88' lang='lat' dir='ltr'><strong>quibus</strong></span> <span class='ocrx_word' id='word_1_431' title='bbox 3008 1559 3170 1616; x_wconf 86' lang='lat' dir='ltr'><strong>ﬁdem</strong></span> <span class='ocrx_word' id='word_1_432' title='bbox 3209 1579 3392 1618; x_wconf 88' lang='lat' dir='ltr'><strong>veram</strong></span> <span class='ocrx_word' id='word_1_433' title='bbox 3429 1565 3802 1636; x_wconf 83' lang='lat' dir='ltr'><strong>descripserat</strong></span> 
     </span>
    </p>
   </div>
   <div class='ocr_carea' id='block_1_61' title="bbox 2211 1651 3794 1726">
    <p class='ocr_par' dir='ltr' id='par_1_61' title="bbox 2211 1651 3794 1726">
     <span class='ocr_line' id='line_1_61' title="bbox 2211 1651 3794 1726; baseline 0.006 -24"><span class='ocrx_word' id='word_1_434' title='bbox 2211 1657 2374 1717; x_wconf 85' lang='lat' dir='ltr'><strong>atque</strong></span> <span class='ocrx_word' id='word_1_435' title='bbox 2404 1651 2776 1720; x_wconf 85' lang='lat' dir='ltr'><strong>explieaverat</strong></span> <span class='ocrx_word' id='word_1_436' title='bbox 2812 1671 2826 1707; x_wconf 90' lang='lat'><strong>:</strong></span> <span class='ocrx_word' id='word_1_437' title='bbox 2860 1652 3062 1722; x_wconf 88' lang='lat' dir='ltr'><strong>quibus</strong></span> <span class='ocrx_word' id='word_1_438' title='bbox 3111 1655 3265 1710; x_wconf 81' lang='lat' dir='ltr'><strong>lectis</strong></span> <span class='ocrx_word' id='word_1_439' title='bbox 3308 1666 3364 1712; x_wconf 90' lang='lat' dir='ltr'><strong>et</strong></span> <span class='ocrx_word' id='word_1_440' title='bbox 3411 1659 3700 1726; x_wconf 85' lang='lat' dir='ltr'><strong>expositis,</strong></span> <span class='ocrx_word' id='word_1_441' title='bbox 3739 1659 3794 1712; x_wconf 91' lang='lat' dir='ltr'><strong>in</strong></span> 
     </span>
    </p>
   </div>
   <div class='ocr_carea' id='block_1_62' title="bbox 2209 1742 3791 1815">
    <p class='ocr_par' dir='ltr' id='par_1_62' title="bbox 2209 1742 3791 1815">
     <span class='ocr_line' id='line_1_62' title="bbox 2209 1742 3791 1815; baseline 0.006 -19"><span class='ocrx_word' id='word_1_442' title='bbox 2209 1742 2481 1806; x_wconf 82' lang='lat' dir='ltr'><strong>eamdem,</strong></span> <span class='ocrx_word' id='word_1_443' title='bbox 2510 1758 2674 1812; x_wconf 91' lang='lat' dir='ltr'><strong>quam</strong></span> <span class='ocrx_word' id='word_1_444' title='bbox 2710 1743 2827 1814; x_wconf 90' lang='lat' dir='ltr'><strong>ipse</strong></span> <span class='ocrx_word' id='word_1_445' title='bbox 2863 1748 3184 1815; x_wconf 88' lang='lat' dir='ltr'><strong>scripserat,</strong></span> <span class='ocrx_word' id='word_1_446' title='bbox 3231 1749 3355 1804; x_wconf 81' lang='lat' dir='ltr'><strong>fidei</strong></span> <span class='ocrx_word' id='word_1_447' title='bbox 3382 1750 3791 1805; x_wconf 78' lang='lat' dir='ltr'><strong>confessionem</strong></span> 
     </span>
    </p>
   </div>
   <div class='ocr_carea' id='block_1_63' title="bbox 2212 1841 3798 1913">
    <p class='ocr_par' dir='ltr' id='par_1_63' title="bbox 2212 1841 3798 1913">
     <span class='ocr_line' id='line_1_63' title="bbox 2212 1841 3798 1913; baseline 0.004 -20"><span class='ocrx_word' id='word_1_448' title='bbox 2212 1850 2629 1895; x_wconf 88' lang='lat' dir='ltr'><strong>consenserunt.</strong></span> <span class='ocrx_word' id='word_1_449' title='bbox 2651 1841 2856 1897; x_wconf 88' lang='lat' dir='ltr'><strong>Deinde</strong></span> <span class='ocrx_word' id='word_1_450' title='bbox 2883 1841 3513 1913; x_wconf 78' lang='lat' dir='ltr'><strong>Macedoniiopinionem</strong></span> <span class='ocrx_word' id='word_1_451' title='bbox 3566 1847 3631 1900; x_wconf 88' lang='lat' dir='ltr'><strong>ad</strong></span> <span class='ocrx_word' id='word_1_452' title='bbox 3664 1863 3798 1901; x_wconf 85' lang='lat' dir='ltr'><strong>exa-</strong></span> 
     </span>
    </p>
   </div>
   <div class='ocr_carea' id='block_1_64' title="bbox 2212 1932 3799 2004">
    <p class='ocr_par' dir='ltr' id='par_1_64' title="bbox 2212 1932 3799 2004">
     <span class='ocr_line' id='line_1_64' title="bbox 2212 1932 3799 2004; baseline 0.006 -23"><span class='ocrx_word' id='word_1_453' title='bbox 2212 1944 2332 1983; x_wconf 90' lang='lat' dir='ltr'><strong>men</strong></span> <span class='ocrx_word' id='word_1_454' title='bbox 2370 1937 2718 1994; x_wconf 81' lang='lat' dir='ltr'><strong>revocarunt,</strong></span> <span class='ocrx_word' id='word_1_455' title='bbox 2749 1932 2908 2000; x_wconf 89' lang='lat' dir='ltr'><strong>cujns</strong></span> <span class='ocrx_word' id='word_1_456' title='bbox 2936 1934 3186 1988; x_wconf 88' lang='lat' dir='ltr'><strong>doctrina</strong></span> <span class='ocrx_word' id='word_1_457' title='bbox 3223 1935 3344 1998; x_wconf 86' lang='lat' dir='ltr'><strong>fuit,</strong></span> <span class='ocrx_word' id='word_1_458' title='bbox 3383 1936 3644 2004; x_wconf 85' lang='lat' dir='ltr'><strong>Spiritum</strong></span> <span class='ocrx_word' id='word_1_459' title='bbox 3671 1952 3799 1990; x_wconf 84' lang='lat' dir='ltr'><strong>san-</strong></span> 
     </span>
    </p>
   </div>
   <div class='ocr_carea' id='block_1_65' title="bbox 2211 2020 3797 2088">
    <p class='ocr_par' dir='ltr' id='par_1_65' title="bbox 2211 2020 3797 2088">
     <span class='ocr_line' id='line_1_65' title="bbox 2211 2020 3797 2088; baseline 0.006 -16"><span class='ocrx_word' id='word_1_460' title='bbox 2211 2026 2359 2072; x_wconf 90' lang='lat' dir='ltr'><strong>ctum</strong></span> <span class='ocrx_word' id='word_1_461' title='bbox 2404 2035 2513 2074; x_wconf 91' lang='lat' dir='ltr'><strong>non</strong></span> <span class='ocrx_word' id='word_1_462' title='bbox 2565 2035 2691 2075; x_wconf 85' lang='lat' dir='ltr'><strong>esse</strong></span> <span class='ocrx_word' id='word_1_463' title='bbox 2746 2020 2939 2086; x_wconf 87' lang='lat' dir='ltr'><strong>Deum,</strong></span> <span class='ocrx_word' id='word_1_464' title='bbox 2995 2039 3182 2077; x_wconf 83' lang='lat' dir='ltr'><strong>verum</strong></span> <span class='ocrx_word' id='word_1_465' title='bbox 3249 2034 3514 2088; x_wconf 87' lang='lat' dir='ltr'><strong>creatum,</strong></span> <span class='ocrx_word' id='word_1_466' title='bbox 3568 2024 3797 2081; x_wconf 75' lang='lat' dir='ltr'><strong>factum.</strong></span> 
     </span>
    </p>
   </div>
   <div class='ocr_carea' id='block_1_66' title="bbox 2214 2107 3796 2181">
    <p class='ocr_par' dir='ltr' id='par_1_66' title="bbox 2214 2107 3796 2181">
     <span class='ocr_line' id='line_1_66' title="bbox 2214 2107 3796 2181; baseline 0.005 -21"><span class='ocrx_word' id='word_1_467' title='bbox 2214 2107 2356 2162; x_wconf 85' lang='lat' dir='ltr'><strong>Dixit</strong></span> <span class='ocrx_word' id='word_1_468' title='bbox 2405 2125 2536 2178; x_wconf 81' lang='lat' dir='ltr'><strong>ergo</strong></span> <span class='ocrx_word' id='word_1_469' title='bbox 2579 2109 2927 2177; x_wconf 88' lang='lat' dir='ltr'><strong>Timotheus,</strong></span> <span class='ocrx_word' id='word_1_470' title='bbox 2968 2113 3278 2181; x_wconf 86' lang='lat' dir='ltr'><strong>patriarcha</strong></span> <span class='ocrx_word' id='word_1_471' title='bbox 3329 2114 3733 2168; x_wconf 86' lang='lat' dir='ltr'><strong>Alexandrinus</strong></span> <span class='ocrx_word' id='word_1_472' title='bbox 3782 2131 3796 2168; x_wconf 89' lang='lat'><strong>:</strong></span> 
     </span>
    </p>
   </div>
   <div class='ocr_carea' id='block_1_67' title="bbox 2210 2199 3802 2274">
    <p class='ocr_par' dir='ltr' id='par_1_67' title="bbox 2210 2199 3802 2274">
     <span class='ocr_line' id='line_1_67' title="bbox 2210 2199 3802 2274; baseline 0.004 -19"><span class='ocrx_word' id='word_1_473' title='bbox 2210 2199 2330 2256; x_wconf 88' lang='lat' dir='ltr'><strong>Non</strong></span> <span class='ocrx_word' id='word_1_474' title='bbox 2385 2201 2533 2256; x_wconf 88' lang='lat' dir='ltr'><strong>aliud</strong></span> <span class='ocrx_word' id='word_1_475' title='bbox 2577 2203 2718 2272; x_wconf 90' lang='lat' dir='ltr'><strong>apud</strong></span> <span class='ocrx_word' id='word_1_476' title='bbox 2785 2219 2886 2259; x_wconf 87' lang='lat' dir='ltr'><strong>nos</strong></span> <span class='ocrx_word' id='word_1_477' title='bbox 2945 2205 3218 2273; x_wconf 51' lang='lat' dir='ltr'><strong>signiﬁca</strong></span> <span class='ocrx_word' id='word_1_478' title='bbox 3281 2205 3522 2274; x_wconf 89' lang='lat' dir='ltr'><strong>Spiritus</strong></span> <span class='ocrx_word' id='word_1_479' title='bbox 3577 2217 3802 2261; x_wconf 90' lang='lat' dir='ltr'><strong>sanctus</strong></span> 
     </span>
    </p>
   </div>
   <div class='ocr_carea' id='block_1_68' title="bbox 2211 2293 3801 2368">
    <p class='ocr_par' dir='ltr' id='par_1_68' title="bbox 2211 2293 3801 2368">
     <span class='ocr_line' id='line_1_68' title="bbox 2211 2293 3801 2368; baseline 0.003 -22"><span class='ocrx_word' id='word_1_480' title='bbox 2211 2309 2372 2363; x_wconf 88' lang='lat' dir='ltr'><strong>quam</strong></span> <span class='ocrx_word' id='word_1_481' title='bbox 2399 2293 2664 2364; x_wconf 84' lang='lat' dir='ltr'><strong>Spiritum</strong></span> <span class='ocrx_word' id='word_1_482' title='bbox 2717 2295 2812 2352; x_wconf 88' lang='lat' dir='ltr'><strong>Dei</strong></span> <span class='ocrx_word' id='word_1_483' title='bbox 2843 2313 2859 2363; x_wconf 91' lang='lat'><strong>;</strong></span> <span class='ocrx_word' id='word_1_484' title='bbox 2898 2311 3007 2352; x_wconf 91' lang='lat' dir='ltr'><strong>non</strong></span> <span class='ocrx_word' id='word_1_485' title='bbox 3034 2306 3112 2354; x_wconf 88' lang='lat' dir='ltr'><strong>est</strong></span> <span class='ocrx_word' id='word_1_486' title='bbox 3147 2307 3328 2352; x_wconf 90' lang='lat' dir='ltr'><strong>autem</strong></span> <span class='ocrx_word' id='word_1_487' title='bbox 3385 2297 3624 2368; x_wconf 85' lang='lat' dir='ltr'><strong>Spiritus</strong></span> <span class='ocrx_word' id='word_1_488' title='bbox 3683 2298 3801 2364; x_wconf 91' lang='lat' dir='ltr'><strong>Dei,</strong></span> 
     </span>
    </p>
   </div>
   <div class='ocr_carea' id='block_1_69' title="bbox 2212 2387 3802 2461">
    <p class='ocr_par' dir='ltr' id='par_1_69' title="bbox 2212 2387 3802 2461">
     <span class='ocr_line' id='line_1_69' title="bbox 2212 2387 3802 2461; baseline 0.001 -19"><span class='ocrx_word' id='word_1_489' title='bbox 2212 2387 2361 2442; x_wconf 89' lang='lat' dir='ltr'><strong>aliud</strong></span> <span class='ocrx_word' id='word_1_490' title='bbox 2395 2404 2560 2459; x_wconf 87' lang='lat' dir='ltr'><strong>quam</strong></span> <span class='ocrx_word' id='word_1_491' title='bbox 2599 2389 2710 2444; x_wconf 89' lang='lat' dir='ltr'><strong>vita</strong></span> <span class='ocrx_word' id='word_1_492' title='bbox 2755 2388 2972 2460; x_wconf 87' lang='lat' dir='ltr'><strong>ipsius;</strong></span> <span class='ocrx_word' id='word_1_493' title='bbox 3023 2391 3068 2444; x_wconf 92' lang='lat' dir='ltr'><strong>si</strong></span> <span class='ocrx_word' id='word_1_494' title='bbox 3108 2405 3238 2460; x_wconf 82' lang='lat' dir='ltr'><strong>ergo</strong></span> <span class='ocrx_word' id='word_1_495' title='bbox 3271 2390 3578 2446; x_wconf 82' lang='lat' dir='ltr'><strong>dixerimus</strong></span> <span class='ocrx_word' id='word_1_496' title='bbox 3626 2391 3802 2461; x_wconf 87' lang='lat' dir='ltr'><strong>Spiri-</strong></span> 
     </span>
    </p>
   </div>
   <div class='ocr_carea' id='block_1_70' title="bbox 2211 2484 3799 2554">
    <p class='ocr_par' dir='ltr' id='par_1_70' title="bbox 2211 2484 3799 2554">
     <span class='ocr_line' id='line_1_70' title="bbox 2211 2484 3799 2554; baseline 0.001 -18"><span class='ocrx_word' id='word_1_497' title='bbox 2211 2489 2327 2536; x_wconf 92' lang='lat' dir='ltr'><strong>tum</strong></span> <span class='ocrx_word' id='word_1_498' title='bbox 2365 2490 2618 2536; x_wconf 90' lang='lat' dir='ltr'><strong>sanctum</strong></span> <span class='ocrx_word' id='word_1_499' title='bbox 2676 2493 2924 2538; x_wconf 90' lang='lat' dir='ltr'><strong>creatum</strong></span> <span class='ocrx_word' id='word_1_500' title='bbox 2983 2499 3128 2550; x_wconf 89' lang='lat' dir='ltr'><strong>esse,</strong></span> <span class='ocrx_word' id='word_1_501' title='bbox 3187 2484 3485 2539; x_wconf 86' lang='lat' dir='ltr'><strong>asserimus</strong></span> <span class='ocrx_word' id='word_1_502' title='bbox 3533 2484 3799 2554; x_wconf 80' lang='lat' dir='ltr'><strong>Spiritum</strong></span> 
     </span>
    </p>
   </div>
   <div class='ocr_carea' id='block_1_71' title="bbox 2211 2573 3800 2647">
    <p class='ocr_par' dir='ltr' id='par_1_71' title="bbox 2211 2573 3800 2647">
     <span class='ocr_line' id='line_1_71' title="bbox 2211 2573 3800 2647; baseline 0.002 -20"><span class='ocrx_word' id='word_1_503' title='bbox 2211 2573 2306 2628; x_wconf 91' lang='lat' dir='ltr'><strong>Dei</strong></span> <span class='ocrx_word' id='word_1_504' title='bbox 2331 2586 2577 2630; x_wconf 90' lang='lat' dir='ltr'><strong>creatum</strong></span> <span class='ocrx_word' id='word_1_505' title='bbox 2611 2590 2777 2642; x_wconf 89' lang='lat' dir='ltr'><strong>esse;</strong></span> <span class='ocrx_word' id='word_1_506' title='bbox 2827 2575 2913 2630; x_wconf 91' lang='lat' dir='ltr'><strong>sin</strong></span> <span class='ocrx_word' id='word_1_507' title='bbox 2943 2575 3208 2647; x_wconf 88' lang='lat' dir='ltr'><strong>Spiritum</strong></span> <span class='ocrx_word' id='word_1_508' title='bbox 3245 2575 3337 2630; x_wconf 88' lang='lat' dir='ltr'><strong>Dei</strong></span> <span class='ocrx_word' id='word_1_509' title='bbox 3380 2586 3622 2630; x_wconf 84' lang='lat' dir='ltr'><strong>creatum</strong></span> <span class='ocrx_word' id='word_1_510' title='bbox 3656 2591 3800 2639; x_wconf 88' lang='lat' dir='ltr'><strong>esse,</strong></span> 
     </span>
    </p>
   </div>
   <div class='ocr_carea' id='block_1_72' title="bbox 2212 2665 3797 2738">
    <p class='ocr_par' dir='ltr' id='par_1_72' title="bbox 2212 2665 3797 2738">
     <span class='ocr_line' id='line_1_72' title="bbox 2212 2665 3797 2738; baseline 0.002 -20"><span class='ocrx_word' id='word_1_511' title='bbox 2212 2665 2378 2720; x_wconf 83' lang='lat' dir='ltr'><strong>vitam</strong></span> <span class='ocrx_word' id='word_1_512' title='bbox 2408 2667 2572 2721; x_wconf 91' lang='lat' dir='ltr'><strong>etiam</strong></span> <span class='ocrx_word' id='word_1_513' title='bbox 2614 2667 2790 2736; x_wconf 88' lang='lat' dir='ltr'><strong>ipsius</strong></span> <span class='ocrx_word' id='word_1_514' title='bbox 2823 2678 3062 2723; x_wconf 84' lang='lat' dir='ltr'><strong>creatam</strong></span> <span class='ocrx_word' id='word_1_515' title='bbox 3113 2683 3276 2733; x_wconf 89' lang='lat' dir='ltr'><strong>esse;</strong></span> <span class='ocrx_word' id='word_1_516' title='bbox 3332 2669 3480 2738; x_wconf 90' lang='lat' dir='ltr'><strong>quod</strong></span> <span class='ocrx_word' id='word_1_517' title='bbox 3538 2669 3582 2724; x_wconf 92' lang='lat' dir='ltr'><strong>si</strong></span> <span class='ocrx_word' id='word_1_518' title='bbox 3629 2669 3797 2722; x_wconf 88' lang='lat' dir='ltr'><strong>vitam</strong></span> 
     </span>
    </p>
   </div>
   <div class='ocr_carea' id='block_1_73' title="bbox 2212 2755 3796 2828">
    <p class='ocr_par' dir='ltr' id='par_1_73' title="bbox 2212 2755 3796 2828">
     <span class='ocr_line' id='line_1_73' title="bbox 2212 2755 3796 2828; baseline 0.001 -18"><span class='ocrx_word' id='word_1_519' title='bbox 2212 2755 2387 2825; x_wconf 89' lang='lat' dir='ltr'><strong>ipsius</strong></span> <span class='ocrx_word' id='word_1_520' title='bbox 2409 2767 2646 2812; x_wconf 88' lang='lat' dir='ltr'><strong>creatam</strong></span> <span class='ocrx_word' id='word_1_521' title='bbox 2681 2757 3157 2825; x_wconf 86' lang='lat' dir='ltr'><strong>allirmaverimus,</strong></span> <span class='ocrx_word' id='word_1_522' title='bbox 3177 2770 3591 2816; x_wconf 88' lang='lat' dir='ltr'><strong>autumarenms</strong></span> <span class='ocrx_word' id='word_1_523' title='bbox 3615 2760 3796 2828; x_wconf 86' lang='lat' dir='ltr'><strong>ipsum</strong></span> 
     </span>
    </p>
   </div>
   <div class='ocr_carea' id='block_1_74' title="bbox 2211 2849 3798 2922">
    <p class='ocr_par' dir='ltr' id='par_1_74' title="bbox 2211 2849 3798 2922">
     <span class='ocr_line' id='line_1_74' title="bbox 2211 2849 3798 2922; baseline -0.001 -18"><span class='ocrx_word' id='word_1_524' title='bbox 2211 2849 2322 2904; x_wconf 91' lang='lat' dir='ltr'><strong>vita</strong></span> <span class='ocrx_word' id='word_1_525' title='bbox 2359 2864 2580 2916; x_wconf 89' lang='lat' dir='ltr'><strong>carere;</strong></span> <span class='ocrx_word' id='word_1_526' title='bbox 2611 2859 2774 2921; x_wconf 88' lang='lat' dir='ltr'><strong>atque</strong></span> <span class='ocrx_word' id='word_1_527' title='bbox 2820 2851 2928 2906; x_wconf 92' lang='lat' dir='ltr'><strong>hoc</strong></span> <span class='ocrx_word' id='word_1_528' title='bbox 2979 2861 3302 2908; x_wconf 90' lang='lat' dir='ltr'><strong>asserentes</strong></span> <span class='ocrx_word' id='word_1_529' title='bbox 3350 2852 3568 2922; x_wconf 89' lang='lat' dir='ltr'><strong>penitus</strong></span> <span class='ocrx_word' id='word_1_530' title='bbox 3619 2852 3798 2920; x_wconf 90' lang='lat' dir='ltr'><strong>ipsum</strong></span> 
     </span>
    </p>
   </div>
   <div class='ocr_carea' id='block_1_75' title="bbox 2211 2940 3802 3012">
    <p class='ocr_par' dir='ltr' id='par_1_75' title="bbox 2211 2940 3802 3012">
     <span class='ocr_line' id='line_1_75' title="bbox 2211 2940 3802 3012; baseline 0.001 -16"><span class='ocrx_word' id='word_1_531' title='bbox 2211 2941 2636 3012; x_wconf 81' lang='lat' dir='ltr'><strong>ahnegahintns:</strong></span> <span class='ocrx_word' id='word_1_532' title='bbox 2673 2941 2762 3011; x_wconf 91' lang='lat' dir='ltr'><strong>qui</strong></span> <span class='ocrx_word' id='word_1_533' title='bbox 2795 2949 2975 2996; x_wconf 90' lang='lat' dir='ltr'><strong>autem</strong></span> <span class='ocrx_word' id='word_1_534' title='bbox 3012 2940 3182 2996; x_wconf 89' lang='lat' dir='ltr'><strong>Deum</strong></span> <span class='ocrx_word' id='word_1_535' title='bbox 3223 2950 3388 3010; x_wconf 69' lang='lat' dir='ltr'><strong>negat</strong></span> <span class='ocrx_word' id='word_1_536' title='bbox 3418 2943 3802 2997; x_wconf 88' lang='lat' dir='ltr'><strong>maledictione</strong></span> 
     </span>
    </p>
   </div>
   <div class='ocr_carea' id='block_1_76' title="bbox 2214 3030 3802 3104">
    <p class='ocr_par' dir='ltr' id='par_1_76' title="bbox 2214 3030 3802 3104">
     <span class='ocr_line' id='line_1_76' title="bbox 2214 3030 3802 3104; baseline 0.001 -18"><span class='ocrx_word' id='word_1_537' title='bbox 2214 3031 2414 3104; x_wconf 76' lang='lat' dir='ltr'><strong>dignus</strong></span> <span class='ocrx_word' id='word_1_538' title='bbox 2445 3040 2550 3086; x_wconf 79' lang='lat' dir='ltr'><strong>est.</strong></span> <span class='ocrx_word' id='word_1_539' title='bbox 2581 3030 3010 3088; x_wconf 82' lang='lat' dir='ltr'><strong>Consenticntcs</strong></span> <span class='ocrx_word' id='word_1_540' title='bbox 3039 3050 3172 3102; x_wconf 73' lang='lat' dir='ltr'><strong>ergo</strong></span> <span class='ocrx_word' id='word_1_541' title='bbox 3201 3033 3256 3087; x_wconf 93' lang='lat' dir='ltr'><strong>in</strong></span> <span class='ocrx_word' id='word_1_542' title='bbox 3295 3034 3602 3089; x_wconf 83' lang='lat' dir='ltr'><strong>Macedonii</strong></span> <span class='ocrx_word' id='word_1_543' title='bbox 3635 3035 3802 3087; x_wconf 89' lang='lat' dir='ltr'><strong>n-ale-</strong></span> 
     </span>
    </p>
   </div>
   <div class='ocr_carea' id='block_1_77' title="bbox 2207 3123 3797 3192">
    <p class='ocr_par' dir='ltr' id='par_1_77' title="bbox 2207 3123 3797 3192">
     <span class='ocr_line' id='line_1_77' title="bbox 2207 3123 3797 3192; baseline -0.003 -14"><span class='ocrx_word' id='word_1_544' title='bbox 2207 3123 2530 3188; x_wconf 86' lang='lat' dir='ltr'><strong>dictionem,</strong></span> <span class='ocrx_word' id='word_1_545' title='bbox 2565 3125 2742 3192; x_wconf 91' lang='lat' dir='ltr'><strong>ipsum</strong></span> <span class='ocrx_word' id='word_1_546' title='bbox 2798 3138 2923 3177; x_wconf 90' lang='lat' dir='ltr'><strong>cum</strong></span> <span class='ocrx_word' id='word_1_547' title='bbox 2986 3124 3218 3179; x_wconf 81' lang='lat' dir='ltr'><strong>asseclis</strong></span> <span class='ocrx_word' id='word_1_548' title='bbox 3271 3124 3387 3177; x_wconf 86' lang='lat' dir='ltr'><strong>suis</strong></span> <span class='ocrx_word' id='word_1_549' title='bbox 3441 3124 3797 3185; x_wconf 76' lang='lat' dir='ltr'><strong>devoverant,</strong></span> 
     </span>
    </p>
   </div>
   <div class='ocr_carea' id='block_1_78' title="bbox 2207 3214 3798 3284">
    <p class='ocr_par' dir='ltr' id='par_1_78' title="bbox 2207 3214 3798 3284">
     <span class='ocr_line' id='line_1_78' title="bbox 2207 3214 3798 3284; baseline 0 -16"><span class='ocrx_word' id='word_1_550' title='bbox 2207 3231 2310 3270; x_wconf 91' lang='lat' dir='ltr'><strong>nec</strong></span> <span class='ocrx_word' id='word_1_551' title='bbox 2357 3230 2466 3268; x_wconf 90' lang='lat' dir='ltr'><strong>non</strong></span> <span class='ocrx_word' id='word_1_552' title='bbox 2499 3214 2848 3283; x_wconf 87' lang='lat' dir='ltr'><strong>patriarchas</strong></span> <span class='ocrx_word' id='word_1_553' title='bbox 2910 3214 3014 3284; x_wconf 92' lang='lat' dir='ltr'><strong>ipsi</strong></span> <span class='ocrx_word' id='word_1_554' title='bbox 3078 3215 3456 3280; x_wconf 88' lang='lat' dir='ltr'><strong>succedentes,</strong></span> <span class='ocrx_word' id='word_1_555' title='bbox 3509 3216 3601 3284; x_wconf 88' lang='lat' dir='ltr'><strong>qui</strong></span> <span class='ocrx_word' id='word_1_556' title='bbox 3658 3215 3798 3268; x_wconf 80' lang='lat' dir='ltr'><strong>idem</strong></span> 
     </span>
    </p>
   </div>
   <div class='ocr_carea' id='block_1_79' title="bbox 2205 3307 3799 3376">
    <p class='ocr_par' dir='ltr' id='par_1_79' title="bbox 2205 3307 3799 3376">
     <span class='ocr_line' id='line_1_79' title="bbox 2205 3307 3799 3376; baseline -0.001 -14"><span class='ocrx_word' id='word_1_557' title='bbox 2205 3323 2329 3362; x_wconf 90' lang='lat' dir='ltr'><strong>cum</strong></span> <span class='ocrx_word' id='word_1_558' title='bbox 2379 3309 2495 3376; x_wconf 89' lang='lat' dir='ltr'><strong>ipso</strong></span> <span class='ocrx_word' id='word_1_559' title='bbox 2525 3308 2848 3362; x_wconf 88' lang='lat' dir='ltr'><strong>docuerunt.</strong></span> <span class='ocrx_word' id='word_1_560' title='bbox 2903 3307 3304 3360; x_wconf 82' lang='lat' dir='ltr'><strong>Malcdixernut</strong></span> <span class='ocrx_word' id='word_1_561' title='bbox 3340 3309 3502 3361; x_wconf 86' lang='lat' dir='ltr'><strong>etiam</strong></span> <span class='ocrx_word' id='word_1_562' title='bbox 3557 3307 3799 3361; x_wconf 81' lang='lat' dir='ltr'><strong>Sabcllio</strong></span> 
     </span>
    </p>
   </div>
   <div class='ocr_carea' id='block_1_80' title="bbox 2208 3400 3795 3472">
    <p class='ocr_par' dir='ltr' id='par_1_80' title="bbox 2208 3400 3795 3472">
     <span class='ocr_line' id='line_1_80' title="bbox 2208 3400 3795 3472; baseline -0.003 -16"><span class='ocrx_word' id='word_1_563' title='bbox 2208 3401 2392 3472; x_wconf 62' lang='lat' dir='ltr'><strong>Libya!</strong></span> <span class='ocrx_word' id='word_1_564' title='bbox 2427 3400 2591 3471; x_wconf 75' lang='lat'><strong>512</strong></span> <span class='ocrx_word' id='word_1_565' title='bbox 2627 3401 2893 3472; x_wconf 90' lang='lat' dir='ltr'><strong>episcopo</strong></span> <span class='ocrx_word' id='word_1_566' title='bbox 2923 3401 3156 3470; x_wconf 81' lang='lat' dir='ltr'><strong>ejusque</strong></span> <span class='ocrx_word' id='word_1_567' title='bbox 3187 3402 3436 3466; x_wconf 88' lang='lat' dir='ltr'><strong>asseclis,</strong></span> <span class='ocrx_word' id='word_1_568' title='bbox 3467 3403 3610 3467; x_wconf 86' lang='lat' dir='ltr'><strong>quod</strong></span> <span class='ocrx_word' id='word_1_569' title='bbox 3643 3416 3795 3456; x_wconf 81' lang='lat' dir='ltr'><strong>assc-</strong></span> 
     </span>
    </p>
   </div>
   <div class='ocr_carea' id='block_1_81' title="bbox 2208 3493 3798 3562">
    <p class='ocr_par' dir='ltr' id='par_1_81' title="bbox 2208 3493 3798 3562">
     <span class='ocr_line' id='line_1_81' title="bbox 2208 3493 3798 3562; baseline -0.003 -12"><span class='ocrx_word' id='word_1_570' title='bbox 2208 3505 2353 3550; x_wconf 88' lang='lat' dir='ltr'><strong>reret</strong></span> <span class='ocrx_word' id='word_1_571' title='bbox 2385 3493 2628 3558; x_wconf 82' lang='lat' dir='ltr'><strong>Patrem,</strong></span> <span class='ocrx_word' id='word_1_572' title='bbox 2676 3494 2896 3560; x_wconf 86' lang='lat' dir='ltr'><strong>Filium,</strong></span> <span class='ocrx_word' id='word_1_573' title='bbox 2930 3503 2984 3548; x_wconf 86' lang='lat' dir='ltr'><strong>ct</strong></span> <span class='ocrx_word' id='word_1_574' title='bbox 3018 3493 3283 3562; x_wconf 83' lang='lat' dir='ltr'><strong>Spiritum</strong></span> <span class='ocrx_word' id='word_1_575' title='bbox 3337 3504 3585 3550; x_wconf 88' lang='lat' dir='ltr'><strong>sanctum</strong></span> <span class='ocrx_word' id='word_1_576' title='bbox 3633 3511 3798 3548; x_wconf 80' lang='lat' dir='ltr'><strong>titiam</strong></span> 
     </span>
    </p>
   </div>
   <div class='ocr_carea' id='block_1_82' title="bbox 2205 3590 3802 3658">
    <p class='ocr_par' dir='ltr' id='par_1_82' title="bbox 2205 3590 3802 3658">
     <span class='ocr_line' id='line_1_82' title="bbox 2205 3590 3802 3658; baseline -0.003 -14"><span class='ocrx_word' id='word_1_577' title='bbox 2205 3605 2330 3644; x_wconf 87' lang='lat' dir='ltr'><strong>esse</strong></span> <span class='ocrx_word' id='word_1_578' title='bbox 2363 3605 2692 3658; x_wconf 86' lang='lat' dir='ltr'><strong>personam;</strong></span> <span class='ocrx_word' id='word_1_579' title='bbox 2734 3605 2946 3643; x_wconf 80' lang='lat' dir='ltr'><strong>necnon</strong></span> <span class='ocrx_word' id='word_1_580' title='bbox 2979 3590 3320 3657; x_wconf 84' lang='lat' dir='ltr'><strong>Apollinario</strong></span> <span class='ocrx_word' id='word_1_581' title='bbox 3353 3591 3585 3658; x_wconf 88' lang='lat' dir='ltr'><strong>ejusque</strong></span> <span class='ocrx_word' id='word_1_582' title='bbox 3607 3598 3802 3656; x_wconf 83' lang='lat' dir='ltr'><strong>sequa-</strong></span> 
     </span>
    </p>
   </div>
   <div class='ocr_carea' id='block_1_83' title="bbox 2207 3681 3796 3752">
    <p class='ocr_par' dir='ltr' id='par_1_83' title="bbox 2207 3681 3796 3752">
     <span class='ocr_line' id='line_1_83' title="bbox 2207 3681 3796 3752; baseline -0.001 -14"><span class='ocrx_word' id='word_1_583' title='bbox 2207 3683 2384 3746; x_wconf 87' lang='lat' dir='ltr'><strong>cibus,</strong></span> <span class='ocrx_word' id='word_1_584' title='bbox 2429 3682 2576 3752; x_wconf 88' lang='lat' dir='ltr'><strong>quod</strong></span> <span class='ocrx_word' id='word_1_585' title='bbox 2631 3682 2927 3736; x_wconf 85' lang='lat' dir='ltr'><strong>allirmaret</strong></span> <span class='ocrx_word' id='word_1_586' title='bbox 2974 3697 3177 3749; x_wconf 88' lang='lat' dir='ltr'><strong>corpus</strong></span> <span class='ocrx_word' id='word_1_587' title='bbox 3226 3681 3432 3735; x_wconf 89' lang='lat' dir='ltr'><strong>Christi</strong></span> <span class='ocrx_word' id='word_1_588' title='bbox 3489 3681 3796 3736; x_wconf 68' lang='lat' dir='ltr'><strong>intellectus</strong></span> 
     </span>
    </p>
   </div>
   <div class='ocr_carea' id='block_1_84' title="bbox 2205 3773 3793 3843">
    <p class='ocr_par' dir='ltr' id='par_1_84' title="bbox 2205 3773 3793 3843">
     <span class='ocr_line' id='line_1_84' title="bbox 2205 3773 3793 3843; baseline -0.003 -12"><span class='ocrx_word' id='word_1_589' title='bbox 2205 3790 2404 3843; x_wconf 84' lang='lat' dir='ltr'><strong>expers</strong></span> <span class='ocrx_word' id='word_1_590' title='bbox 2443 3790 2588 3830; x_wconf 87' lang='lat' dir='ltr'><strong>esse.</strong></span> <span class='ocrx_word' id='word_1_591' title='bbox 2632 3773 2804 3828; x_wconf 87' lang='lat' dir='ltr'><strong>Porro</strong></span> <span class='ocrx_word' id='word_1_592' title='bbox 2837 3773 3163 3827; x_wconf 77' lang='lat' dir='ltr'><strong>definierunt</strong></span> <span class='ocrx_word' id='word_1_593' title='bbox 3221 3773 3488 3843; x_wconf 85' lang='lat' dir='ltr'><strong>Spiritum</strong></span> <span class='ocrx_word' id='word_1_594' title='bbox 3542 3786 3793 3830; x_wconf 83' lang='lat' dir='ltr'><strong>sanctum</strong></span> 
     </span>
    </p>
   </div>
   <div class='ocr_carea' id='block_1_85' title="bbox 2205 3866 3800 3938">
    <p class='ocr_par' dir='ltr' id='par_1_85' title="bbox 2205 3866 3800 3938">
     <span class='ocr_line' id='line_1_85' title="bbox 2205 3866 3800 3938; baseline 0 -16"><span class='ocrx_word' id='word_1_595' title='bbox 2205 3876 2508 3923; x_wconf 86' lang='lat' dir='ltr'><strong>creatorem</strong></span> <span class='ocrx_word' id='word_1_596' title='bbox 2541 3883 2664 3922; x_wconf 86' lang='lat' dir='ltr'><strong>esse</strong></span> <span class='ocrx_word' id='word_1_597' title='bbox 2695 3875 2750 3922; x_wconf 87' lang='lat' dir='ltr'><strong>ct</strong></span> <span class='ocrx_word' id='word_1_598' title='bbox 2798 3867 3126 3926; x_wconf 87' lang='lat' dir='ltr'><strong>increatnm,</strong></span> <span class='ocrx_word' id='word_1_599' title='bbox 3167 3866 3334 3920; x_wconf 90' lang='lat' dir='ltr'><strong>Deum</strong></span> <span class='ocrx_word' id='word_1_600' title='bbox 3388 3884 3594 3934; x_wconf 88' lang='lat' dir='ltr'><strong>verum,</strong></span> <span class='ocrx_word' id='word_1_601' title='bbox 3651 3870 3800 3938; x_wconf 82' lang='lat' dir='ltr'><strong>ejus-</strong></span> 
     </span>
    </p>
   </div>
   <div class='ocr_carea' id='block_1_86' title="bbox 2205 3958 3793 4027">
    <p class='ocr_par' dir='ltr' id='par_1_86' title="bbox 2205 3958 3793 4027">
     <span class='ocr_line' id='line_1_86' title="bbox 2205 3958 3793 4027; baseline -0.001 -11"><span class='ocrx_word' id='word_1_602' title='bbox 2205 3963 2328 4016; x_wconf 89' lang='lat' dir='ltr'><strong>dem</strong></span> <span class='ocrx_word' id='word_1_603' title='bbox 2362 3976 2484 4015; x_wconf 89' lang='lat' dir='ltr'><strong>cum</strong></span> <span class='ocrx_word' id='word_1_604' title='bbox 2507 3959 2666 4014; x_wconf 89' lang='lat' dir='ltr'><strong>Patre</strong></span> <span class='ocrx_word' id='word_1_605' title='bbox 2687 3971 2741 4014; x_wconf 91' lang='lat' dir='ltr'><strong>et</strong></span> <span class='ocrx_word' id='word_1_606' title='bbox 2773 3958 2910 4013; x_wconf 84' lang='lat' dir='ltr'><strong>Filio</strong></span> <span class='ocrx_word' id='word_1_607' title='bbox 2935 3969 3161 4023; x_wconf 80' lang='lat' dir='ltr'><strong>natnrze,</strong></span> <span class='ocrx_word' id='word_1_608' title='bbox 3188 3960 3556 4016; x_wconf 50' lang='lat' dir='ltr'><strong>substantiam</strong></span> <span class='ocrx_word' id='word_1_609' title='bbox 3597 3979 3758 4016; x_wconf 88' lang='lat' dir='ltr'><strong>ttuam</strong></span> <span class='ocrx_word' id='word_1_610' title='bbox 3779 4005 3793 4027; x_wconf 92' lang='lat'><strong>,</strong></span> 
     </span>
    </p>
   </div>
   <div class='ocr_carea' id='block_1_87' title="bbox 2205 4049 3796 4122">
    <p class='ocr_par' dir='ltr' id='par_1_87' title="bbox 2205 4049 3796 4122">
     <span class='ocr_line' id='line_1_87' title="bbox 2205 4049 3796 4122; baseline 0 -16"><span class='ocrx_word' id='word_1_611' title='bbox 2205 4064 2454 4107; x_wconf 84' lang='lat' dir='ltr'><strong>naturam</strong></span> <span class='ocrx_word' id='word_1_612' title='bbox 2494 4068 2653 4106; x_wconf 88' lang='lat' dir='ltr'><strong>unam</strong></span> <span class='ocrx_word' id='word_1_613' title='bbox 2681 4071 2696 4118; x_wconf 87' lang='lat'><strong>;</strong></span> <span class='ocrx_word' id='word_1_614' title='bbox 2725 4052 2988 4106; x_wconf 84' lang='lat' dir='ltr'><strong>addentes</strong></span> <span class='ocrx_word' id='word_1_615' title='bbox 3023 4049 3143 4104; x_wconf 83' lang='lat' dir='ltr'><strong>lidei</strong></span> <span class='ocrx_word' id='word_1_616' title='bbox 3178 4052 3437 4122; x_wconf 82' lang='lat' dir='ltr'><strong>Symbolo</strong></span> <span class='ocrx_word' id='word_1_617' title='bbox 3468 4057 3610 4122; x_wconf 89' lang='lat' dir='ltr'><strong>qttod</strong></span> <span class='ocrx_word' id='word_1_618' title='bbox 3643 4069 3796 4106; x_wconf 83' lang='lat' dir='ltr'><strong>corn-</strong></span> 
     </span>
    </p>
   </div>
   <div class='ocr_carea' id='block_1_88' title="bbox 2208 4143 3796 4214">
    <p class='ocr_par' dir='ltr' id='par_1_88' title="bbox 2208 4143 3796 4214">
     <span class='ocr_line' id='line_1_88' title="bbox 2208 4143 3796 4214; baseline 0.001 -17"><span class='ocrx_word' id='word_1_619' title='bbox 2208 4152 2508 4213; x_wconf 81' lang='lat' dir='ltr'><strong>posuerunt</strong></span> <span class='ocrx_word' id='word_1_620' title='bbox 2535 4144 2761 4200; x_wconf 89' lang='lat' dir='ltr'><strong>trecenti</strong></span> <span class='ocrx_word' id='word_1_621' title='bbox 2794 4143 3094 4198; x_wconf 80' lang='lat' dir='ltr'><strong>octodecim</strong></span> <span class='ocrx_word' id='word_1_622' title='bbox 3142 4147 3410 4214; x_wconf 71' lang='lat' dir='ltr'><strong>episcopi,</strong></span> <span class='ocrx_word' id='word_1_623' title='bbox 3447 4145 3540 4213; x_wconf 87' lang='lat' dir='ltr'><strong>qui</strong></span> <span class='ocrx_word' id='word_1_624' title='bbox 3596 4143 3796 4198; x_wconf 76' lang='lat' dir='ltr'><strong>Nicate</strong></span> 
     </span>
    </p>
   </div>
   <div class='ocr_carea' id='block_1_89' title="bbox 2208 4236 3796 4302">
    <p class='ocr_par' dir='ltr' id='par_1_89' title="bbox 2208 4236 3796 4302">
     <span class='ocr_line' id='line_1_89' title="bbox 2208 4236 3796 4302; baseline -0.001 -12"><span class='ocrx_word' id='word_1_625' title='bbox 2208 4248 2578 4291; x_wconf 77' lang='lat' dir='ltr'><strong>convenerant</strong></span> <span class='ocrx_word' id='word_1_626' title='bbox 2617 4256 2629 4292; x_wconf 91' lang='lat'>:</span> <span class='ocrx_word' id='word_1_627' title='bbox 2669 4236 2736 4290; x_wconf 85' lang='lat' dir='ltr'><strong>Et</strong></span> <span class='ocrx_word' id='word_1_628' title='bbox 2772 4239 2824 4292; x_wconf 86' lang='lat' dir='ltr'><strong>in</strong></span> <span class='ocrx_word' id='word_1_629' title='bbox 2883 4237 3148 4302; x_wconf 81' lang='lat' dir='ltr'><strong>Spiritum</strong></span> <span class='ocrx_word' id='word_1_630' title='bbox 3201 4250 3446 4294; x_wconf 84' lang='lat' dir='ltr'><strong>sanctum</strong></span> <span class='ocrx_word' id='word_1_631' title='bbox 3509 4237 3796 4291; x_wconf 85' lang='lat' dir='ltr'><strong>Dominum</strong></span> 
     </span>
    </p>
   </div>
   <div class='ocr_carea' id='block_1_90' title="bbox 2209 4329 3798 4404">
    <p class='ocr_par' dir='ltr' id='par_1_90' title="bbox 2209 4329 3798 4404">
     <span class='ocr_line' id='line_1_90' title="bbox 2209 4329 3798 4404; baseline -0.001 -21"><span class='ocrx_word' id='word_1_632' title='bbox 2209 4330 2580 4398; x_wconf 78' lang='lat' dir='ltr'><strong>viviﬁcantem,</strong></span> <span class='ocrx_word' id='word_1_633' title='bbox 2613 4331 2704 4400; x_wconf 86' lang='lat' dir='ltr'><strong>qui</strong></span> <span class='ocrx_word' id='word_1_634' title='bbox 2731 4346 2796 4385; x_wconf 75' lang='lat' dir='ltr'><strong>ea:</strong></span> <span class='ocrx_word' id='word_1_635' title='bbox 2848 4329 3010 4386; x_wconf 79' lang='lat' dir='ltr'><strong>I‘atre</strong></span> <span class='ocrx_word' id='word_1_636' title='bbox 3037 4333 3296 4404; x_wconf 77' lang='lat' dir='ltr'><strong>procedit,</strong></span> <span class='ocrx_word' id='word_1_637' title='bbox 3348 4334 3436 4403; x_wconf 84' lang='lat' dir='ltr'><strong>qui</strong></span> <span class='ocrx_word' id='word_1_638' title='bbox 3480 4349 3594 4384; x_wconf 79' lang='lat' dir='ltr'><strong>cum</strong></span> <span class='ocrx_word' id='word_1_639' title='bbox 3636 4329 3798 4384; x_wconf 80' lang='lat' dir='ltr'><strong>Patre</strong></span> 
     </span>
    </p>
   </div>
   <div class='ocr_carea' id='block_1_91' title="bbox 517 4415 3798 4499">
    <p class='ocr_par' dir='ltr' id='par_1_91' title="bbox 517 4415 3798 4499">
     <span class='ocr_line' id='line_1_91' title="bbox 517 4415 3798 4499; baseline 0.003 -19"><span class='ocrx_word' id='word_1_640' title='bbox 517 4427 753 4499; x_wconf 79' lang='lat' dir='ltr'><strong>regium,</strong></span> <span class='ocrx_word' id='word_1_641' title='bbox 799 4428 980 4497; x_wconf 89' lang='lat' dir='ltr'><strong>ipsum</strong></span> <span class='ocrx_word' id='word_1_642' title='bbox 1018 4428 1398 4497; x_wconf 85' lang='lat' dir='ltr'><strong>deduxissent,</strong></span> <span class='ocrx_word' id='word_1_643' title='bbox 1457 4431 1653 4486; x_wconf 90' lang='lat' dir='ltr'><strong>deinde</strong></span> <span class='ocrx_word' id='word_1_644' title='bbox 1717 4435 2096 4490; x_wconf 82' lang='lat' dir='ltr'><strong>redeuntibus.</strong></span> <span class='ocrx_word' id='word_1_645' title='bbox 2131 4415 2256 4476; x_wconf 57' lang='lat' dir='ltr'><strong>Dei</strong></span> <span class='ocrx_word' id='word_1_646' title='bbox 2300 4420 2445 4476; x_wconf 58' lang='lat' dir='ltr'><strong>Filio</strong></span> <span class='ocrx_word' id='word_1_647' title='bbox 2471 4424 2633 4477; x_wconf 70' lang='grc' dir='ltr'>δίηιιιί</span> <span class='ocrx_word' id='word_1_648' title='bbox 2691 4427 2954 4479; x_wconf 60' lang='lat' dir='ltr'><strong>“domm”</strong></span> <span class='ocrx_word' id='word_1_649' title='bbox 3005 4438 3051 4480; x_wconf 74' lang='grc' dir='ltr'>ει</span> <span class='ocrx_word' id='word_1_650' title='bbox 3115 4427 3568 4498; x_wconf 49' lang='lat' dir='ltr'><strong>conﬂari/leam&quot;-</strong></span> <span class='ocrx_word' id='word_1_651' title='bbox 3632 4423 3798 4489; x_wconf 64' lang='lat' dir='ltr'><strong>Id‘l&#39;le</strong></span> 
     </span>
    </p>
   </div>
   <div class='ocr_carea' id='block_1_92' title="bbox 591 4519 2101 4595">
    <p class='ocr_par' dir='ltr' id='par_1_92' title="bbox 591 4519 2101 4595">
     <span class='ocr_line' id='line_1_92' title="bbox 591 4519 2101 4595; baseline 0.005 -21"><span class='ocrx_word' id='word_1_652' title='bbox 591 4519 885 4590; x_wconf 87' lang='lat' dir='ltr'><strong>Imperavit</strong></span> <span class='ocrx_word' id='word_1_653' title='bbox 945 4537 1076 4590; x_wconf 82' lang='lat' dir='ltr'><strong>ergo</strong></span> <span class='ocrx_word' id='word_1_654' title='bbox 1133 4521 1478 4578; x_wconf 85' lang='lat' dir='ltr'><strong>Theodosius</strong></span> <span class='ocrx_word' id='word_1_655' title='bbox 1536 4523 1818 4587; x_wconf 83' lang='lat' dir='ltr'><strong>Romanis,</strong></span> <span class='ocrx_word' id='word_1_656' title='bbox 1886 4529 1978 4595; x_wconf 91' lang='lat' dir='ltr'><strong>qni</strong></span> <span class='ocrx_word' id='word_1_657' title='bbox 2047 4543 2101 4582; x_wconf 91' lang='lat' dir='ltr'><strong>et</strong></span> 
     </span>
    </p>
   </div>
   <div class='ocr_carea' id='block_1_93' title="bbox 457 4602 2098 4685">
    <p class='ocr_par' dir='ltr' id='par_1_93' title="bbox 457 4602 2098 4685">
     <span class='ocr_line' id='line_1_93' title="bbox 457 4602 2098 4685; baseline 0.003 -19"><span class='ocrx_word' id='word_1_658' title='bbox 457 4602 464 4607; x_wconf 61' lang='grc'>’</span> <span class='ocrx_word' id='word_1_659' title='bbox 517 4610 864 4668; x_wconf 88' lang='lat' dir='ltr'><strong>Theodosius</strong></span> <span class='ocrx_word' id='word_1_660' title='bbox 897 4611 1128 4679; x_wconf 74' lang='lat' dir='ltr'><strong>Magnus</strong></span> <span class='ocrx_word' id='word_1_661' title='bbox 1161 4616 1464 4684; x_wconf 90' lang='lat' dir='ltr'><strong>appellatus</strong></span> <span class='ocrx_word' id='word_1_662' title='bbox 1501 4627 1603 4676; x_wconf 89' lang='lat' dir='ltr'><strong>est,</strong></span> <span class='ocrx_word' id='word_1_663' title='bbox 1638 4632 1812 4670; x_wconf 88' lang='lat' dir='ltr'><strong>annos</strong></span> <span class='ocrx_word' id='word_1_664' title='bbox 1849 4629 2098 4685; x_wconf 85' lang='lat' dir='ltr'><strong>septem-</strong></span> 
     </span>
    </p>
   </div>
   <div class='ocr_carea' id='block_1_94' title="bbox 463 4703 2150 4780">
    <p class='ocr_par' dir='ltr' id='par_1_94' title="bbox 463 4703 2150 4780">
     <span class='ocr_line' id='line_1_94' title="bbox 463 4703 2150 4780; baseline 0.003 -23"><span class='ocrx_word' id='word_1_665' title='bbox 463 4777 467 4780; x_wconf 19' lang='lat'><strong><em>.</em></strong></span> <span class='ocrx_word' id='word_1_666' title='bbox 519 4703 720 4769; x_wconf 82' lang='lat' dir='ltr'><strong>decim,</strong></span> <span class='ocrx_word' id='word_1_667' title='bbox 753 4705 916 4774; x_wconf 88' lang='lat' dir='ltr'><strong>idque</strong></span> <span class='ocrx_word' id='word_1_668' title='bbox 946 4721 1094 4760; x_wconf 92' lang='lat' dir='ltr'><strong>anno</strong></span> <span class='ocrx_word' id='word_1_669' title='bbox 1119 4708 1269 4776; x_wconf 81' lang='lat' dir='ltr'><strong>regni</strong></span> <span class='ocrx_word' id='word_1_670' title='bbox 1299 4707 1545 4776; x_wconf 82' lang='lat' dir='ltr'><strong>Saporis,</strong></span> <span class='ocrx_word' id='word_1_671' title='bbox 1586 4708 1679 4761; x_wconf 88' lang='lat' dir='ltr'><strong>lilii</strong></span> <span class='ocrx_word' id='word_1_672' title='bbox 1714 4708 1943 4779; x_wconf 84' lang='lat' dir='ltr'><strong>Saporis</strong></span> <span class='ocrx_word' id='word_1_673' title='bbox 1971 4709 2104 4762; x_wconf 62' lang='lat' dir='ltr'><strong>Pu-r-</strong></span> <span class='ocrx_word' id='word_1_674' title='bbox 2147 4735 2150 4739; x_wconf 90' lang='lat'><strong><em>-</em></strong></span> 
     </span>
    </p>
   </div>
   <div class='ocr_carea' id='block_1_95' title="bbox 519 4798 2107 4869">
    <p class='ocr_par' dir='ltr' id='par_1_95' title="bbox 519 4798 2107 4869">
     <span class='ocr_line' id='line_1_95' title="bbox 519 4798 2107 4869; baseline 0.004 -19"><span class='ocrx_word' id='word_1_675' title='bbox 519 4809 705 4850; x_wconf 76' lang='lat' dir='ltr'><strong>sarum</strong></span> <span class='ocrx_word' id='word_1_676' title='bbox 742 4798 910 4866; x_wconf 84' lang='lat' dir='ltr'><strong>regis,</strong></span> <span class='ocrx_word' id='word_1_677' title='bbox 937 4798 1358 4869; x_wconf 86' lang='lat' dir='ltr'><strong>quadragesimo</strong></span> <span class='ocrx_word' id='word_1_678' title='bbox 1383 4801 1654 4856; x_wconf 90' lang='lat' dir='ltr'><strong>secundo.</strong></span> <span class='ocrx_word' id='word_1_679' title='bbox 1682 4800 1818 4855; x_wconf 91' lang='lat' dir='ltr'><strong>Tum</strong></span> <span class='ocrx_word' id='word_1_680' title='bbox 1854 4801 2107 4857; x_wconf 88' lang='lat' dir='ltr'><strong>Theodo-</strong></span> 
     </span>
    </p>
   </div>
   <div class='ocr_carea' id='block_1_96' title="bbox 517 4886 2102 4963">
    <p class='ocr_par' dir='ltr' id='par_1_96' title="bbox 517 4886 2102 4963">
     <span class='ocr_line' id='line_1_96' title="bbox 517 4886 2102 4963; baseline 0.004 -22"><span class='ocrx_word' id='word_1_681' title='bbox 517 4886 659 4942; x_wconf 87' lang='lat' dir='ltr'><strong>sium</strong></span> <span class='ocrx_word' id='word_1_682' title='bbox 718 4903 900 4954; x_wconf 82' lang='lat' dir='ltr'><strong>regem</strong></span> <span class='ocrx_word' id='word_1_683' title='bbox 958 4893 1356 4946; x_wconf 87' lang='lat' dir='ltr'><strong>convenientes</strong></span> <span class='ocrx_word' id='word_1_684' title='bbox 1422 4892 1720 4947; x_wconf 85' lang='lat' dir='ltr'><strong>consiliarii</strong></span> <span class='ocrx_word' id='word_1_685' title='bbox 1765 4901 1821 4946; x_wconf 92' lang='lat' dir='ltr'><strong>et</strong></span> <span class='ocrx_word' id='word_1_686' title='bbox 1859 4894 2102 4963; x_wconf 58' lang='lat' dir='ltr'><strong>praefecti</strong></span> 
     </span>
    </p>
   </div>
   <div class='ocr_carea' id='block_1_97' title="bbox 517 4980 2101 5054">
    <p class='ocr_par' dir='ltr' id='par_1_97' title="bbox 517 4980 2101 5054">
     <span class='ocr_line' id='line_1_97' title="bbox 517 4980 2101 5054; baseline 0.006 -21"><span class='ocrx_word' id='word_1_687' title='bbox 517 4980 772 5035; x_wconf 86' lang='lat' dir='ltr'><strong>dixerunt</strong></span> <span class='ocrx_word' id='word_1_688' title='bbox 811 4982 912 5050; x_wconf 85' lang='lat' dir='ltr'><strong>ipsi</strong></span> <span class='ocrx_word' id='word_1_689' title='bbox 951 4999 966 5037; x_wconf 91' lang='lat'>:</span> <span class='ocrx_word' id='word_1_690' title='bbox 1001 4981 1290 5054; x_wconf 62' lang='lat' dir='ltr'><strong>Corruptae</strong></span> <span class='ocrx_word' id='word_1_691' title='bbox 1318 4993 1446 5039; x_wconf 92' lang='lat' dir='ltr'><strong>sunt</strong></span> <span class='ocrx_word' id='word_1_692' title='bbox 1479 4985 1762 5040; x_wconf 89' lang='lat' dir='ltr'><strong>hominum</strong></span> <span class='ocrx_word' id='word_1_693' title='bbox 1791 4989 2101 5050; x_wconf 76' lang='lat' dir='ltr'><strong>sententiae,</strong></span> 
     </span>
    </p>
   </div>
   <div class='ocr_carea' id='block_1_98' title="bbox 517 5071 2090 5143">
    <p class='ocr_par' dir='ltr' id='par_1_98' title="bbox 517 5071 2090 5143">
     <span class='ocr_line' id='line_1_98' title="bbox 517 5071 2090 5143; baseline 0.003 -21"><span class='ocrx_word' id='word_1_694' title='bbox 517 5071 846 5135; x_wconf 69' lang='lat' dir='ltr'><strong>prmalente</strong></span> <span class='ocrx_word' id='word_1_695' title='bbox 875 5074 1018 5141; x_wconf 89' lang='lat' dir='ltr'><strong>apud</strong></span> <span class='ocrx_word' id='word_1_696' title='bbox 1053 5073 1202 5141; x_wconf 90' lang='lat' dir='ltr'><strong>ipsos</strong></span> <span class='ocrx_word' id='word_1_697' title='bbox 1232 5073 1343 5128; x_wconf 85' lang='lat' dir='ltr'><strong>Arii</strong></span> <span class='ocrx_word' id='word_1_698' title='bbox 1368 5083 1422 5129; x_wconf 92' lang='lat' dir='ltr'><strong>et</strong></span> <span class='ocrx_word' id='word_1_699' title='bbox 1465 5073 1762 5130; x_wconf 80' lang='lat' dir='ltr'><strong>Macedonii</strong></span> <span class='ocrx_word' id='word_1_700' title='bbox 1799 5076 2090 5143; x_wconf 80' lang='lat' dir='ltr'><strong>doctrina;</strong></span> 
     </span>
    </p>
   </div>
   <div class='ocr_carea' id='block_1_99' title="bbox 518 5162 2103 5236">
    <p class='ocr_par' dir='ltr' id='par_1_99' title="bbox 518 5162 2103 5236">
     <span class='ocr_line' id='line_1_99' title="bbox 518 5162 2103 5236; baseline 0.004 -20"><span class='ocrx_word' id='word_1_701' title='bbox 518 5162 620 5216; x_wconf 93' lang='lat' dir='ltr'><strong>hoc</strong></span> <span class='ocrx_word' id='word_1_702' title='bbox 649 5179 780 5232; x_wconf 84' lang='lat' dir='ltr'><strong>ergo</strong></span> <span class='ocrx_word' id='word_1_703' title='bbox 803 5171 861 5218; x_wconf 93' lang='lat' dir='ltr'><strong>ut</strong></span> <span class='ocrx_word' id='word_1_704' title='bbox 883 5179 1066 5228; x_wconf 91' lang='lat' dir='ltr'><strong>cures,</strong></span> <span class='ocrx_word' id='word_1_705' title='bbox 1099 5167 1366 5236; x_wconf 83' lang='lat' dir='ltr'><strong>fidemque</strong></span> <span class='ocrx_word' id='word_1_706' title='bbox 1394 5166 1763 5222; x_wconf 90' lang='lat' dir='ltr'><strong>Christianam</strong></span> <span class='ocrx_word' id='word_1_707' title='bbox 1825 5169 2103 5224; x_wconf 77' lang='lat' dir='ltr'><strong>defensam</strong></span> 
     </span>
    </p>
   </div>
   <div class='ocr_carea' id='block_1_100' title="bbox 519 5254 2104 5330">
    <p class='ocr_par' dir='ltr' id='par_1_100' title="bbox 519 5254 2104 5330">
     <span class='ocr_line' id='line_1_100' title="bbox 519 5254 2104 5330; baseline 0.007 -26"><span class='ocrx_word' id='word_1_708' title='bbox 519 5254 776 5319; x_wconf 72' lang='lat' dir='ltr'><strong>explices,</strong></span> <span class='ocrx_word' id='word_1_709' title='bbox 809 5254 1002 5311; x_wconf 90' lang='lat' dir='ltr'><strong>litteris</strong></span> <span class='ocrx_word' id='word_1_710' title='bbox 1025 5257 1091 5310; x_wconf 89' lang='lat' dir='ltr'><strong>ad</strong></span> <span class='ocrx_word' id='word_1_711' title='bbox 1123 5273 1314 5311; x_wconf 88' lang='lat' dir='ltr'><strong>omnes</strong></span> <span class='ocrx_word' id='word_1_712' title='bbox 1349 5259 1692 5325; x_wconf 62' lang='lat' dir='ltr'><strong>patriarchas</strong></span> <span class='ocrx_word' id='word_1_713' title='bbox 1727 5265 1781 5313; x_wconf 90' lang='lat' dir='ltr'><strong>ct</strong></span> <span class='ocrx_word' id='word_1_714' title='bbox 1815 5261 2104 5330; x_wconf 88' lang='lat' dir='ltr'><strong>episcopos</strong></span> 
     </span>
    </p>
   </div>
   <div class='ocr_carea' id='block_1_101' title="bbox 519 5345 2101 5420">
    <p class='ocr_par' dir='ltr' id='par_1_101' title="bbox 519 5345 2101 5420">
     <span class='ocr_line' id='line_1_101' title="bbox 519 5345 2101 5420; baseline 0.006 -24"><span class='ocrx_word' id='word_1_715' title='bbox 519 5345 683 5409; x_wconf 85' lang='lat' dir='ltr'><strong>datis,</strong></span> <span class='ocrx_word' id='word_1_716' title='bbox 710 5348 1008 5401; x_wconf 89' lang='lat' dir='ltr'><strong>convenire</strong></span> <span class='ocrx_word' id='word_1_717' title='bbox 1029 5365 1126 5402; x_wconf 91' lang='lat' dir='ltr'><strong>eos</strong></span> <span class='ocrx_word' id='word_1_718' title='bbox 1149 5348 1362 5419; x_wconf 89' lang='lat' dir='ltr'><strong>jubeas,</strong></span> <span class='ocrx_word' id='word_1_719' title='bbox 1388 5357 1445 5403; x_wconf 91' lang='lat' dir='ltr'><strong>nt</strong></span> <span class='ocrx_word' id='word_1_720' title='bbox 1466 5350 1532 5403; x_wconf 86' lang='lat' dir='ltr'><strong>de</strong></span> <span class='ocrx_word' id='word_1_721' title='bbox 1563 5350 1664 5404; x_wconf 91' lang='lat' dir='ltr'><strong>hac</strong></span> <span class='ocrx_word' id='word_1_722' title='bbox 1699 5366 1757 5405; x_wconf 89' lang='lat' dir='ltr'><strong>re</strong></span> <span class='ocrx_word' id='word_1_723' title='bbox 1787 5350 2101 5420; x_wconf 87' lang='lat' dir='ltr'><strong>dispiciant,</strong></span> 
     </span>
    </p>
   </div>
   <div class='ocr_carea' id='block_1_102' title="bbox 534 5433 2106 5509">
    <p class='ocr_par' dir='ltr' id='par_1_102' title="bbox 534 5433 2106 5509">
     <span class='ocr_line' id='line_1_102' title="bbox 534 5433 2106 5509; baseline 0.007 -23"><span class='ocrx_word' id='word_1_724' title='bbox 534 5436 808 5507; x_wconf 84' lang='lat' dir='ltr'><strong>litletnquc</strong></span> <span class='ocrx_word' id='word_1_725' title='bbox 843 5433 1198 5494; x_wconf 75' lang='lat' dir='ltr'><strong>Christianam</strong></span> <span class='ocrx_word' id='word_1_726' title='bbox 1222 5441 1547 5509; x_wconf 89' lang='lat' dir='ltr'><strong>explicatam</strong></span> <span class='ocrx_word' id='word_1_727' title='bbox 1574 5441 1724 5498; x_wconf 89' lang='lat' dir='ltr'><strong>dent.</strong></span> <span class='ocrx_word' id='word_1_728' title='bbox 1759 5441 2106 5497; x_wconf 90' lang='lat' dir='ltr'><strong>Theodosius</strong></span> 
     </span>
    </p>
   </div>
   <div class='ocr_carea' id='block_1_103' title="bbox 519 5531 2104 5603">
    <p class='ocr_par' dir='ltr' id='par_1_103' title="bbox 519 5531 2104 5603">
     <span class='ocr_line' id='line_1_103' title="bbox 519 5531 2104 5603; baseline 0.006 -23"><span class='ocrx_word' id='word_1_729' title='bbox 519 5542 648 5596; x_wconf 78' lang='lat' dir='ltr'><strong>ergo</strong></span> <span class='ocrx_word' id='word_1_730' title='bbox 690 5547 780 5584; x_wconf 89' lang='lat' dir='ltr'><strong>rex</strong></span> <span class='ocrx_word' id='word_1_731' title='bbox 823 5531 1043 5601; x_wconf 89' lang='lat' dir='ltr'><strong>scriptis</strong></span> <span class='ocrx_word' id='word_1_732' title='bbox 1082 5532 1146 5587; x_wconf 91' lang='lat' dir='ltr'><strong>ad</strong></span> <span class='ocrx_word' id='word_1_733' title='bbox 1176 5531 1523 5587; x_wconf 87' lang='lat' dir='ltr'><strong>Timotheum</strong></span> <span class='ocrx_word' id='word_1_734' title='bbox 1562 5533 1930 5603; x_wconf 87' lang='lat' dir='ltr'><strong>patriarcham</strong></span> <span class='ocrx_word' id='word_1_735' title='bbox 1975 5534 2104 5590; x_wconf 85' lang='lat' dir='ltr'><strong>Alc-</strong></span> 
     </span>
    </p>
   </div>
   <div class='ocr_carea' id='block_1_104' title="bbox 521 5619 2101 5694">
    <p class='ocr_par' dir='ltr' id='par_1_104' title="bbox 521 5619 2101 5694">
     <span class='ocr_line' id='line_1_104' title="bbox 521 5619 2101 5694; baseline 0.003 -21"><span class='ocrx_word' id='word_1_736' title='bbox 521 5619 877 5688; x_wconf 72' lang='lat' dir='ltr'><strong>xandrinum,</strong></span> <span class='ocrx_word' id='word_1_737' title='bbox 936 5623 1212 5680; x_wconf 82' lang='lat' dir='ltr'><strong>Meletinm</strong></span> <span class='ocrx_word' id='word_1_738' title='bbox 1261 5626 1629 5694; x_wconf 73' lang='lat' dir='ltr'><strong>patriarcham</strong></span> <span class='ocrx_word' id='word_1_739' title='bbox 1673 5626 2101 5694; x_wconf 79' lang='lat' dir='ltr'><strong>Antiochenum,</strong></span> 
     </span>
    </p>
   </div>
   <div class='ocr_carea' id='block_1_105' title="bbox 525 5707 2100 5785">
    <p class='ocr_par' dir='ltr' id='par_1_105' title="bbox 525 5707 2100 5785">
     <span class='ocr_line' id='line_1_105' title="bbox 525 5707 2100 5785; baseline 0.006 -22"><span class='ocrx_word' id='word_1_740' title='bbox 525 5707 815 5769; x_wconf 82' lang='lat' dir='ltr'><strong>Damasum</strong></span> <span class='ocrx_word' id='word_1_741' title='bbox 886 5717 1252 5778; x_wconf 73' lang='lat' dir='ltr'><strong>patriarcham</strong></span> <span class='ocrx_word' id='word_1_742' title='bbox 1324 5716 1671 5780; x_wconf 78' lang='lat' dir='ltr'><strong>Romanum,</strong></span> <span class='ocrx_word' id='word_1_743' title='bbox 1725 5727 1777 5772; x_wconf 82' lang='lat' dir='ltr'><strong>ct</strong></span> <span class='ocrx_word' id='word_1_744' title='bbox 1840 5719 2100 5785; x_wconf 71' lang='lat' dir='ltr'><strong>Cyrillum</strong></span> 
     </span>
    </p>
   </div>
   <div class='ocr_carea' id='block_1_106' title="bbox 2211 4515 3798 4587">
    <p class='ocr_par' dir='ltr' id='par_1_106' title="bbox 2211 4515 3798 4587">
     <span class='ocr_line' id='line_1_106' title="bbox 2211 4515 3798 4587; baseline 0.001 -20"><span class='ocrx_word' id='word_1_745' title='bbox 2211 4515 2354 4582; x_wconf 90' lang='lat' dir='ltr'><strong>quod</strong></span> <span class='ocrx_word' id='word_1_746' title='bbox 2395 4515 2622 4571; x_wconf 89' lang='lat' dir='ltr'><strong>trecenti</strong></span> <span class='ocrx_word' id='word_1_747' title='bbox 2662 4516 2969 4572; x_wconf 90' lang='lat' dir='ltr'><strong>octodecim</strong></span> <span class='ocrx_word' id='word_1_748' title='bbox 3006 4519 3097 4573; x_wconf 93' lang='lat' dir='ltr'><strong>isti</strong></span> <span class='ocrx_word' id='word_1_749' title='bbox 3127 4520 3180 4572; x_wconf 92' lang='lat' dir='ltr'><strong>in</strong></span> <span class='ocrx_word' id='word_1_750' title='bbox 3229 4517 3550 4587; x_wconf 81' lang='lat' dir='ltr'><strong>fideiquam</strong></span> <span class='ocrx_word' id='word_1_751' title='bbox 3611 4515 3798 4569; x_wconf 52' lang='lat' dir='ltr'><strong>edide.</strong></span> 
     </span>
    </p>
   </div>
   <div class='ocr_carea' id='block_1_107' title="bbox 2209 4608 3794 4676">
    <p class='ocr_par' dir='ltr' id='par_1_107' title="bbox 2209 4608 3794 4676">
     <span class='ocr_line' id='line_1_107' title="bbox 2209 4608 3794 4676; baseline 0 -16"><span class='ocrx_word' id='word_1_752' title='bbox 2209 4615 2337 4660; x_wconf 93' lang='lat' dir='ltr'><strong>runt</strong></span> <span class='ocrx_word' id='word_1_753' title='bbox 2365 4608 2714 4664; x_wconf 84' lang='lat' dir='ltr'><strong>confessione</strong></span> <span class='ocrx_word' id='word_1_754' title='bbox 2749 4609 3020 4664; x_wconf 77' lang='lat' dir='ltr'><strong>dixissent</strong></span> <span class='ocrx_word' id='word_1_755' title='bbox 3049 4617 3300 4666; x_wconf 87' lang='lat' dir='ltr'><strong>tantum:</strong></span> <span class='ocrx_word' id='word_1_756' title='bbox 3344 4609 3410 4663; x_wconf 85' lang='lat' dir='ltr'><strong>Et</strong></span> <span class='ocrx_word' id='word_1_757' title='bbox 3452 4613 3504 4664; x_wconf 83' lang='lat' dir='ltr'><strong>in</strong></span> <span class='ocrx_word' id='word_1_758' title='bbox 3534 4609 3794 4676; x_wconf 82' lang='lat' dir='ltr'><strong>Spiritum</strong></span> 
     </span>
    </p>
   </div>
   <div class='ocr_carea' id='block_1_108' title="bbox 2208 4699 3798 4768">
    <p class='ocr_par' dir='ltr' id='par_1_108' title="bbox 2208 4699 3798 4768">
     <span class='ocr_line' id='line_1_108' title="bbox 2208 4699 3798 4768; baseline 0.004 -19"><span class='ocrx_word' id='word_1_759' title='bbox 2208 4707 2470 4750; x_wconf 74' lang='lat' dir='ltr'><strong>sanctum.</strong></span> <span class='ocrx_word' id='word_1_760' title='bbox 2531 4699 2856 4755; x_wconf 89' lang='lat' dir='ltr'><strong>Statuerunt</strong></span> <span class='ocrx_word' id='word_1_761' title='bbox 2880 4704 3047 4756; x_wconf 89' lang='lat' dir='ltr'><strong>etiam</strong></span> <span class='ocrx_word' id='word_1_762' title='bbox 3089 4701 3332 4768; x_wconf 88' lang='lat' dir='ltr'><strong>Patrem,</strong></span> <span class='ocrx_word' id='word_1_763' title='bbox 3368 4701 3564 4756; x_wconf 80' lang='lat' dir='ltr'><strong>Filium</strong></span> <span class='ocrx_word' id='word_1_764' title='bbox 3599 4710 3651 4755; x_wconf 90' lang='lat' dir='ltr'><strong>et</strong></span> <span class='ocrx_word' id='word_1_765' title='bbox 3677 4701 3798 4768; x_wconf 85' lang='lat' dir='ltr'><strong>Spi-</strong></span> 
     </span>
    </p>
   </div>
   <div class='ocr_carea' id='block_1_109' title="bbox 2211 4791 3795 4863">
    <p class='ocr_par' dir='ltr' id='par_1_109' title="bbox 2211 4791 3795 4863">
     <span class='ocr_line' id='line_1_109' title="bbox 2211 4791 3795 4863; baseline 0.002 -21"><span class='ocrx_word' id='word_1_766' title='bbox 2211 4791 2376 4842; x_wconf 91' lang='lat' dir='ltr'><strong>ritum</strong></span> <span class='ocrx_word' id='word_1_767' title='bbox 2410 4800 2686 4858; x_wconf 89' lang='lat' dir='ltr'><strong>sanctum,</strong></span> <span class='ocrx_word' id='word_1_768' title='bbox 2742 4801 2854 4848; x_wconf 89' lang='lat' dir='ltr'><strong>tres</strong></span> <span class='ocrx_word' id='word_1_769' title='bbox 2890 4809 3012 4849; x_wconf 89' lang='lat' dir='ltr'><strong>esse</strong></span> <span class='ocrx_word' id='word_1_770' title='bbox 3066 4809 3355 4863; x_wconf 89' lang='lat' dir='ltr'><strong>personas,</strong></span> <span class='ocrx_word' id='word_1_771' title='bbox 3396 4802 3505 4847; x_wconf 78' lang='lat' dir='ltr'><strong>tres</strong></span> <span class='ocrx_word' id='word_1_772' title='bbox 3541 4796 3795 4862; x_wconf 81' lang='lat' dir='ltr'><strong>hyposta—</strong></span> 
     </span>
    </p>
   </div>
   <div class='ocr_carea' id='block_1_110' title="bbox 2207 4885 3796 4953">
    <p class='ocr_par' dir='ltr' id='par_1_110' title="bbox 2207 4885 3796 4953">
     <span class='ocr_line' id='line_1_110' title="bbox 2207 4885 3796 4953; baseline 0.003 -18"><span class='ocrx_word' id='word_1_773' title='bbox 2207 4897 2316 4945; x_wconf 87' lang='lat' dir='ltr'><strong>ses,</strong></span> <span class='ocrx_word' id='word_1_774' title='bbox 2348 4891 2402 4934; x_wconf 90' lang='lat' dir='ltr'><strong>et</strong></span> <span class='ocrx_word' id='word_1_775' title='bbox 2434 4889 2546 4937; x_wconf 91' lang='lat' dir='ltr'><strong>tres</strong></span> <span class='ocrx_word' id='word_1_776' title='bbox 2577 4885 2964 4953; x_wconf 87' lang='lat' dir='ltr'><strong>proprietates,</strong></span> <span class='ocrx_word' id='word_1_777' title='bbox 3020 4885 3287 4939; x_wconf 90' lang='lat' dir='ltr'><strong>unitatem</strong></span> <span class='ocrx_word' id='word_1_778' title='bbox 3325 4887 3378 4940; x_wconf 91' lang='lat' dir='ltr'><strong>in</strong></span> <span class='ocrx_word' id='word_1_779' title='bbox 3423 4887 3714 4947; x_wconf 85' lang='lat' dir='ltr'><strong>Trinitate,</strong></span> <span class='ocrx_word' id='word_1_780' title='bbox 3743 4895 3796 4939; x_wconf 86' lang='lat' dir='ltr'><strong>et</strong></span> 
     </span>
    </p>
   </div>
   <div class='ocr_carea' id='block_1_111' title="bbox 2209 4973 3794 5046">
    <p class='ocr_par' dir='ltr' id='par_1_111' title="bbox 2209 4973 3794 5046">
     <span class='ocr_line' id='line_1_111' title="bbox 2209 4973 3794 5046; baseline 0.004 -20"><span class='ocrx_word' id='word_1_781' title='bbox 2209 4973 2534 5027; x_wconf 89' lang='lat' dir='ltr'><strong>Trinitatem</strong></span> <span class='ocrx_word' id='word_1_782' title='bbox 2585 4977 2638 5028; x_wconf 92' lang='lat' dir='ltr'><strong>in</strong></span> <span class='ocrx_word' id='word_1_783' title='bbox 2668 4978 2897 5040; x_wconf 89' lang='lat' dir='ltr'><strong>unitate,</strong></span> <span class='ocrx_word' id='word_1_784' title='bbox 2927 4977 3223 5032; x_wconf 81' lang='lat' dir='ltr'><strong>essentiam</strong></span> <span class='ocrx_word' id='word_1_785' title='bbox 3263 4993 3425 5032; x_wconf 89' lang='lat' dir='ltr'><strong>unam</strong></span> <span class='ocrx_word' id='word_1_786' title='bbox 3459 4977 3510 5030; x_wconf 91' lang='lat' dir='ltr'><strong>in</strong></span> <span class='ocrx_word' id='word_1_787' title='bbox 3543 4980 3794 5046; x_wconf 87' lang='lat' dir='ltr'><strong>personis</strong></span> 
     </span>
    </p>
   </div>
   <div class='ocr_carea' id='block_1_112' title="bbox 2209 5065 3788 5133">
    <p class='ocr_par' dir='ltr' id='par_1_112' title="bbox 2209 5065 3788 5133">
     <span class='ocr_line' id='line_1_112' title="bbox 2209 5065 3788 5133; baseline 0.003 -14"><span class='ocrx_word' id='word_1_788' title='bbox 2209 5065 2408 5130; x_wconf 86' lang='lat' dir='ltr'><strong>tribus,</strong></span> <span class='ocrx_word' id='word_1_789' title='bbox 2438 5065 2605 5122; x_wconf 87' lang='lat' dir='ltr'><strong>Deum</strong></span> <span class='ocrx_word' id='word_1_790' title='bbox 2647 5085 2839 5130; x_wconf 89' lang='lat' dir='ltr'><strong>unum,</strong></span> <span class='ocrx_word' id='word_1_791' title='bbox 2875 5069 3240 5124; x_wconf 89' lang='lat' dir='ltr'><strong>substantiam</strong></span> <span class='ocrx_word' id='word_1_792' title='bbox 3298 5087 3482 5133; x_wconf 88' lang='lat' dir='ltr'><strong>unam,</strong></span> <span class='ocrx_word' id='word_1_793' title='bbox 3539 5081 3788 5124; x_wconf 83' lang='lat' dir='ltr'><strong>naturam</strong></span> 
     </span>
    </p>
   </div>
   <div class='ocr_carea' id='block_1_113' title="bbox 2209 5161 3793 5230">
    <p class='ocr_par' dir='ltr' id='par_1_113' title="bbox 2209 5161 3793 5230">
     <span class='ocr_line' id='line_1_113' title="bbox 2209 5161 3793 5230; baseline 0.003 -18"><span class='ocrx_word' id='word_1_794' title='bbox 2209 5175 2370 5212; x_wconf 87' lang='lat' dir='ltr'><strong>unam</strong></span> <span class='ocrx_word' id='word_1_795' title='bbox 2399 5174 2413 5225; x_wconf 91' lang='lat'><strong>;</strong></span> <span class='ocrx_word' id='word_1_796' title='bbox 2453 5174 2665 5214; x_wconf 90' lang='lat' dir='ltr'><strong>necnon</strong></span> <span class='ocrx_word' id='word_1_797' title='bbox 2705 5176 2907 5230; x_wconf 88' lang='lat' dir='ltr'><strong>corpus</strong></span> <span class='ocrx_word' id='word_1_798' title='bbox 2942 5161 3158 5218; x_wconf 88' lang='lat' dir='ltr'><strong>Domini</strong></span> <span class='ocrx_word' id='word_1_799' title='bbox 3186 5164 3391 5221; x_wconf 89' lang='lat' dir='ltr'><strong>Christi</strong></span> <span class='ocrx_word' id='word_1_800' title='bbox 3420 5164 3599 5218; x_wconf 88' lang='lat' dir='ltr'><strong>anima</strong></span> <span class='ocrx_word' id='word_1_801' title='bbox 3631 5166 3793 5219; x_wconf 83' lang='lat' dir='ltr'><strong>intel-</strong></span> 
     </span>
    </p>
   </div>
   <div class='ocr_carea' id='block_1_114' title="bbox 2209 5251 3792 5328">
    <p class='ocr_par' dir='ltr' id='par_1_114' title="bbox 2209 5251 3792 5328">
     <span class='ocr_line' id='line_1_114' title="bbox 2209 5251 3792 5328; baseline 0.004 -24"><span class='ocrx_word' id='word_1_802' title='bbox 2209 5251 2393 5320; x_wconf 83' lang='lat' dir='ltr'><strong>ligenti</strong></span> <span class='ocrx_word' id='word_1_803' title='bbox 2432 5253 2691 5307; x_wconf 88' lang='lat' dir='ltr'><strong>rationali</strong></span> <span class='ocrx_word' id='word_1_804' title='bbox 2724 5255 3035 5323; x_wconf 66' lang='lat' dir='ltr'><strong>praeditum.</strong></span> <span class='ocrx_word' id='word_1_805' title='bbox 3068 5256 3239 5312; x_wconf 85' lang='lat' dir='ltr'><strong>Porro</strong></span> <span class='ocrx_word' id='word_1_806' title='bbox 3277 5259 3570 5328; x_wconf 85' lang='lat' dir='ltr'><strong>quemdam</strong></span> <span class='ocrx_word' id='word_1_807' title='bbox 3595 5273 3656 5312; x_wconf 89' lang='lat' dir='ltr'><strong>ex</strong></span> <span class='ocrx_word' id='word_1_808' title='bbox 3701 5274 3792 5311; x_wconf 76' lang='lat' dir='ltr'><strong>sa-</strong></span> 
     </span>
    </p>
   </div>
   <div class='ocr_carea' id='block_1_115' title="bbox 2209 5345 3787 5421">
    <p class='ocr_par' dir='ltr' id='par_1_115' title="bbox 2209 5345 3787 5421">
     <span class='ocr_line' id='line_1_115' title="bbox 2209 5345 3787 5421; baseline 0.001 -21"><span class='ocrx_word' id='word_1_809' title='bbox 2209 5345 2474 5402; x_wconf 89' lang='lat' dir='ltr'><strong>tellitibus</strong></span> <span class='ocrx_word' id='word_1_810' title='bbox 2525 5347 2688 5416; x_wconf 74' lang='lat' dir='ltr'><strong>regiis</strong></span> <span class='ocrx_word' id='word_1_811' title='bbox 2747 5349 2967 5402; x_wconf 91' lang='lat' dir='ltr'><strong>nomine</strong></span> <span class='ocrx_word' id='word_1_812' title='bbox 3018 5347 3349 5413; x_wconf 76' lang='lat' dir='ltr'><strong>Victorium,</strong></span> <span class='ocrx_word' id='word_1_813' title='bbox 3420 5351 3787 5421; x_wconf 87' lang='lat' dir='ltr'><strong>patriarcham</strong></span> 
     </span>
    </p>
   </div>
   <div class='ocr_carea' id='block_1_116' title="bbox 2207 5438 3794 5508">
    <p class='ocr_par' dir='ltr' id='par_1_116' title="bbox 2207 5438 3794 5508">
     <span class='ocr_line' id='line_1_116' title="bbox 2207 5438 3794 5508; baseline 0.001 -15"><span class='ocrx_word' id='word_1_814' title='bbox 2207 5438 2879 5508; x_wconf 84' lang='lat' dir='ltr'><strong>ConstantinOpolitannm</strong></span> <span class='ocrx_word' id='word_1_815' title='bbox 2949 5441 3412 5507; x_wconf 90' lang='lat' dir='ltr'><strong>constituerunt;</strong></span> <span class='ocrx_word' id='word_1_816' title='bbox 3483 5452 3794 5495; x_wconf 85' lang='lat' dir='ltr'><strong>statuerunt</strong></span> 
     </span>
    </p>
   </div>
   <div class='ocr_carea' id='block_1_117' title="bbox 2207 5531 3789 5601">
    <p class='ocr_par' dir='ltr' id='par_1_117' title="bbox 2207 5531 3789 5601">
     <span class='ocr_line' id='line_1_117' title="bbox 2207 5531 3789 5601; baseline -0.001 -14"><span class='ocrx_word' id='word_1_817' title='bbox 2207 5533 2370 5587; x_wconf 89' lang='lat' dir='ltr'><strong>etiam</strong></span> <span class='ocrx_word' id='word_1_818' title='bbox 2407 5531 2774 5600; x_wconf 90' lang='lat' dir='ltr'><strong>patriarcham</strong></span> <span class='ocrx_word' id='word_1_819' title='bbox 2817 5533 3122 5586; x_wconf 66' lang='lat' dir='ltr'><strong>Nonianum</strong></span> <span class='ocrx_word' id='word_1_820' title='bbox 3149 5533 3344 5587; x_wconf 88' lang='lat' dir='ltr'><strong>ordine</strong></span> <span class='ocrx_word' id='word_1_821' title='bbox 3370 5533 3604 5601; x_wconf 87' lang='lat' dir='ltr'><strong>primum</strong></span> <span class='ocrx_word' id='word_1_822' title='bbox 3631 5533 3747 5586; x_wconf 85' lang='lat' dir='ltr'><strong>fore</strong></span> <span class='ocrx_word' id='word_1_823' title='bbox 3776 5549 3789 5594; x_wconf 89' lang='lat'>;</span> 
     </span>
    </p>
   </div>
   <div class='ocr_carea' id='block_1_118' title="bbox 2208 5625 3792 5694">
    <p class='ocr_par' dir='ltr' id='par_1_118' title="bbox 2208 5625 3792 5694">
     <span class='ocr_line' id='line_1_118' title="bbox 2208 5625 3792 5694; baseline -0.003 -15"><span class='ocrx_word' id='word_1_824' title='bbox 2208 5625 2902 5694; x_wconf 85' lang='lat' dir='ltr'><strong>Constantinopolitanum,</strong></span> <span class='ocrx_word' id='word_1_825' title='bbox 2946 5627 3249 5682; x_wconf 90' lang='lat' dir='ltr'><strong>secundum</strong></span> <span class='ocrx_word' id='word_1_826' title='bbox 3281 5645 3296 5692; x_wconf 92' lang='lat'><strong>;</strong></span> <span class='ocrx_word' id='word_1_827' title='bbox 3332 5626 3792 5688; x_wconf 81' lang='lat' dir='ltr'><strong>Alexandrinum,</strong></span> 
     </span>
    </p>
   </div>
   <div class='ocr_carea' id='block_1_119' title="bbox 2209 5719 3760 5790">
    <p class='ocr_par' dir='ltr' id='par_1_119' title="bbox 2209 5719 3760 5790">
     <span class='ocr_line' id='line_1_119' title="bbox 2209 5719 3760 5790; baseline 0 -17"><span class='ocrx_word' id='word_1_828' title='bbox 2209 5721 2472 5787; x_wconf 85' lang='lat' dir='ltr'><strong>tertium;</strong></span> <span class='ocrx_word' id='word_1_829' title='bbox 2539 5719 2943 5776; x_wconf 85' lang='lat' dir='ltr'><strong>Antiochenum</strong></span> <span class='ocrx_word' id='word_1_830' title='bbox 3024 5737 3150 5774; x_wconf 83' lang='lat' dir='ltr'><strong>vero</strong></span> <span class='ocrx_word' id='word_1_831' title='bbox 3215 5730 3495 5786; x_wconf 85' lang='lat' dir='ltr'><strong>quartum.</strong></span> <span class='ocrx_word' id='word_1_832' title='bbox 3564 5721 3760 5790; x_wconf 74' lang='lat' dir='ltr'><strong>Episco</strong></span> 
     </span>
    </p>
   </div>
  </div>
