4076 6446
220 267 355 334 102?

1230 277 1590 337 IUTYCHH
1624 277 2153 338 ALEXANDRINI
2188 276 2404 337 PATR-

3333 272 3472 337 102i

221 399 352 449 pum
422 367 589 437 etiam
635 366 1202 456 ﬁlemolymitanum
1267 389 1425 442 titulo
1477 389 1798 457 patriarcha:
1825 391 1875 448 A
1899 400 1946 444 et
1978 405 2200 444 vescere.
2239 390 2456 443 Dicente
2493 387 2623 443 illo:
2667 386 3040 458 Nequaquam,
3066 387 3312 451 Domine,
3347 388 3483 441 nihil

219 476 576 549 513-515
599 489 894 548 ornarunt,
946 495 1069 537 cum
1104 482 1257 553 prius
1289 484 1579 553 episcopus
1624 491 1793 546 esset,

221 578 323 619 nec
356 567 480 633 quis
514 579 638 622 ante
666 567 799 623 illud
829 579 1046 641 tempus
1070 573 1377 641 patriarcha
1414 572 1799 644 Hierosolymis

227 659 544 730 praefuisset
575 676 590 722 ;
627 660 786 728 eique
813 660 993 715 locum
1031 664 1279 730 quintum
1311 663 1682 733 assignarunt,
1720 676 1801 718 ai-

223 767 331 822 que
356 750 467 823 [his
501 750 767 823 peractis]
799 751 1196 808 discesserunt.

295 842 421 896 Jam
462 857 492 897 a
527 842 762 898 concilio
792 843 967 912 primo
1019 845 1402 913 episcoporum
1435 854 1799 900 trecentorum

222 935 554 998 octodecim,
591 934 684 1005 qui
734 935 787 989 in
853 936 984 991 urbe
1011 934 1223 990 Nicaena
1279 948 1677 1005 convenerunt,
1736 941 1802 994 ad

228 1027 536 1083 secundum
579 1026 684 1082 hoc
721 1027 774 1079 in
828 1042 937 1096 quo
985 1027 1455 1098 Conatanliuupoli
1490 1032 1805 1100 congregati

227 1126 359 1171 sunt
391 1116 630 1187 episcopi
666 1126 882 1171 centum
917 1116 1332 1187 quinquaginta,
1363 1119 1454 1188 qui
1488 1118 1808 1175 Macedonio

229 1205 458 1272 ejusque
485 1205 813 1273 sequacibus
850 1205 1274 1270 maledixcrunt,
1313 1208 1447 1262 anni
1480 1216 1610 1263 sunt
1646 1211 1812 1279 quin-

230 1297 495 1366 quaginta
548 1305 693 1351 octo.
734 1294 907 1351 Porro
959 1296 1281 1354 TitnOtheus
1335 1300 1645 1369 patriarcha
1681 1301 1806 1356 Ale~

231 1388 527 1443 xandrinus
550 1390 898 1457 patriarchis,
927 1392 1198 1457 episcOpis
1221 1404 1275 1447 et
1302 1393 1585 1448 monachis
1610 1392 1802 1459 carne,

230 1479 386 1534 festis
425 1479 744 1546 Dominicis,
780 1481 924 1535 vesci
965 1481 1227 1551 permisit,
1262 1482 1685 1538 Manichazorum
1718 1483 1812 1554 qui

229 1570 484 1627 Sadikeui
521 1571 773 1641 appellati
800 1581 927 1627 sunt
946 1588 1137 1640 causa,
1161 1583 1221 1629 ut
1253 1575 1324 1629 ita
1358 1575 1601 1646 dignosci
1635 1585 1814 1644 posset

230 1681 261 1717 e
292 1664 616 1735 patriarchis
631 1672 686 1718 et
705 1664 979 1735 episeopis
1010 1666 1259 1735 quisnam
1286 1666 1614 1722 Manichmus
1636 1668 1811 1733 esset‘;

1899 485 2038 536 enim
2069 498 2298 553 unquam
2343 483 2673 535 immundum
2728 493 2822 535 aut
2861 483 3124 548 impurum
3183 481 3384 535 comedi
3418 483 3483 537 ιδ.

1902 574 2102 629 Vocem
2135 573 2376 629 secundo
2412 577 2477 628 ad
2515 574 2691 643 ipsum
2737 575 2953 628 venisse
2984 589 2998 627 :
3035 573 3308 644 Quidquid
3353 590 3483 637 pur-

1902 668 2103 737 gaverit
2153 666 2312 733 Deus,
2365 677 2422 719 tu
2471 683 2533 720 ne
2569 665 2793 736 polluite
2819 680 2838 718 :
2871 681 2934 720 ac
2987 681 3110 720 cum
3151 666 3254 721 hoc
3288 666 3365 719 illi
3404 674 3488 718 ter

1905 778 1932 814 a
1969 777 2101 816 voce
2135 761 2425 829 repetitum
2475 760 2689 826 fuisset,
2746 777 2979 816 rursum
3041 763 3097 816 in
3155 761 3356 817 coelum
3389 778 3487 816 su-

1906 853 2112 906 blatum
2175 852 2348 908 fuisse
2397 853 2650 908 linteum.
2703 853 3013 909 Confirmat
3070 862 3252 909 autem
3319 852 3423 907 hoc
3459 870 3486 906 a

1909 944 2072 1000 Petro
2104 945 2333 1010 dictum,
2382 961 2506 1001 cum
2550 961 2693 1002 unus
2726 960 2758 1001 e
2795 947 3072 1016 primariis
3129 947 3403 1016 apostolis
3430 958 3487 1001 et

1911 1038 2029 1093 fidei
2066 1039 2341 1093 columnis
2389 1037 2573 1104 fuerit,
2635 1038 2794 1107 cujus
2853 1037 3082 1111 [dicta]
3137 1038 3380 1108 recipere
3433 1048 3481 1088 ct

1912 1127 2163 1197 amplecti
2199 1128 2373 1189 decet,
2410 1128 2545 1182 illud
2577 1127 2789 1182 Domini
2824 1129 3032 1184 Christi
3071 1128 3306 1194 factum,
3332 1128 3477 1198 quod

1915 1228 2151 1272 mactato
2183 1228 2503 1278 vesceretur
2530 1227 2584 1273 et
2622 1220 2836 1288 qumvis
2890 1221 3151 1274 animalia
3199 1235 3296 1275 esu
3333 1220 3482 1275 licita

1913 1325 2057 1365 esse.
2121 1311 2301 1377 Quare
2363 1312 2666 1381 snSpicioni
2722 1312 2997 1368 obnoxius
3050 1312 3109 1367 lit
3176 1312 3489 1382 quicunque

1915 1404 2099 1458 carnis
2129 1419 2280 1458 esum
2334 1414 2621 1457 aversatus
2661 1403 2825 1460 fuerit
2856 1413 2909 1460 et
2942 1405 3183 1460 alienmn
3235 1420 3296 1460 se
3325 1419 3355 1458 a
3392 1404 3493 1458 Do-

1921 1496 2050 1550 mini
2086 1497 2260 1550 nostri
2294 1496 2499 1552 Christi
2555 1498 2812 1553 instituto
2866 1498 3109 1553 ostendit
3160 1507 3216 1552 et
3250 1515 3277 1551 a
3334 1497 3497 1552 Petro

1919 1586 2291 1652 apostolorum
2321 1570 2650 1658 curyphaeo;
2699 1588 2838 1642 adeo
2873 1597 2932 1642 ut
2968 1588 3250 1643 sententia
3282 1598 3494 1652 nostra,

1923 1677 2172 1746 quisquis
2204 1687 2441 1732 mactato
2479 1694 2586 1733 non
2657 1687 2928 1744 vescatur,
2961 1679 3210 1748 religioni
3244 1680 3499 1734 christia-

236 1761 300 1806 ιιι
344 1753 449 1807 hoc
485 1762 644 1822 pacto
672 1753 921 1808 carnium
954 1771 1050 1808 esu
1103 1758 1258 1810 irrita
1308 1755 1633 1811 redderetur
1663 1756 1811 1826 ipso-

1928 1786 1998 1825 ιω
2024 1771 2365 1825 contradicat
2401 1782 2455 1827 et
2509 1772 2930 1828 Manichzeorum
2989 1782 3197 1828 sectam
3260 1781 3497 1835 astruat,

233 1862 353 1898 rum
407 1846 600 1916 religio
634 1853 687 1898 et
727 1846 1076 1900 solverentur
1126 1848 1295 1917 leges.
1352 1846 1634 1903 Manichasi
1669 1849 1816 1903 enim

234 1952 335 1991 nec
368 1946 608 1992 mactare
644 1937 849 1992 animal
907 1938 1120 1992 licitum
1184 1942 1413 2006 ducunt,
1468 1955 1572 1995 nec
1630 1954 1819 2005 carne,

232 2029 320 2082 vel
357 2029 467 2082 alio
500 2030 757 2100 quapiam
794 2028 940 2099 quod
979 2031 1048 2086 ab
1081 2031 1361 2086 animante
1419 2034 1694 2103 provenit,
1734 2033 1818 2087 ul-

237 2124 457 2177 latenus
484 2131 806 2176 vescuntur.
841 2121 1205 2191 Metropolitae
1259 2134 1438 2178 autem
1479 2137 1534 2180 et
1562 2128 1814 2197 epiSCOpi

233 2216 475 2289 Egyptii
522 2202 770 2287 plerique
798 2218 1080 2275 Manicbasi
1113 2227 1294 2275 erant.
1328 2219 1663 2276 l’atriarcha:
1688 2238 1820 2293 ergo

235 2311 547 2378 orthodoxi,
588 2326 711 2365 eum
745 2312 1021 2382 episcopis
1043 2321 1096 2367 et
1133 2313 1439 2376 monachis,
1470 2330 1637 2370 carne
1671 2317 1809 2382 suis,

247 2399 403 2456 festis
436 2390 756 2466 Dominicis,
793 2403 1203 2472 vescebantur;
1265 2403 1690 2462 Manichaeorum
1722 2423 1819 2462 au-

237 2504 347 2547 tem
382 2497 768 2565 metropolitae.
806 2512 928 2549 cum
965 2497 1240 2567 episcopis
1273 2507 1327 2553 et
1364 2499 1651 2555 monachis
1675 2498 1818 2567 suis,

238 2585 309 2640 iis
344 2586 717 2652 abstinebant,
753 2596 915 2658 atque
952 2603 1141 2642 earum
1193 2591 1311 2644 vice
1361 2591 1602 2660 piscibus
1631 2608 1821 2648 vesce-

242 2678 468 2742 bantur,
501 2694 596 2734 eos
627 2679 812 2735 carnis
850 2681 969 2733 loco
1014 2690 1311 2751 ponentes,
1368 2698 1492 2737 cum
1548 2685 1725 2753 pisces
1761 2686 1816 2740 in

241 2770 601 2827 as-imantium
638 2787 867 2827 numero
899 2775 1030 2828 sint.
1093 2772 1207 2828 Hoc
1243 2777 1643 2831 observabatur
1679 2786 1821 2831 tem-

240 2880 372 2933 pore
402 2863 576 2920 Manis
610 2864 775 2937 516
835 2865 1073 2922 lueretlci
1138 2868 1390 2924 infidelis.
1422 2868 1540 2938 lpSu
1590 2887 1717 2924 vero
1770 2880 1822 2924 et

239 2959 358 3025 ejus
425 2958 652 3012 asseclis
695 2976 724 3011 e
789 2960 965 3013 medio
1005 2960 1256 3025 sublatis,
1304 2963 1509 3017 reversi
1551 2971 1679 3017 sunt
1723 2979 1821 3032 pa-

241 3050 497 3104 triarchae
549 3051 865 3119 orthodoxi,
917 3069 1041 3106 cttut
1099 3054 1372 3123 episcopis
1429 3063 1481 3109 et
1540 3055 1823 3110 monathis

242 3142 383 3209 suis,
416 3144 483 3197 ad
519 3145 837 3198 institutum
879 3160 1040 3199 suum
1097 3145 1383 3216 antiquum
1413 3156 1470 3206 et
1502 3162 1532 3200 a
1573 3148 1823 3203 carnium

242 3250 340 3288 esu
383 3234 539 3292 festis
577 3236 875 3292 Dominicis
908 3236 1281 3292 abstinebant.
1318 3238 1501 3308 lnquit
1539 3237 1669 3293 Said
1702 3239 1820 3292 Ebn

244 3327 431 3381 Batrik
489 3328 776 3383 medicinae
814 3330 1122 3395 studiosus,
1184 3346 1292 3384 non
1335 3331 1601 3400 permisit.
1641 3331 1826 3386 Timo-

244 3420 408 3475 theus
441 3422 752 3490 patriarcha
786 3421 1194 3481 Alexandrinus
1223 3421 1347 3475 ideo
1379 3423 1642 3480 carnibus
1675 3424 1823 3478 vesci

245 3512 403 3569 festis
456 3512 781 3575 Dominicis,
837 3513 982 3582 quod
1042 3512 1325 3568 Manichaei
1366 3516 1627 3584 appellati
1671 3514 1827 3570 Sadi-

244 3604 345 3658 krei
383 3619 570 3660 earum
603 3605 719 3658 vice
750 3603 992 3673 piscibus
1023 3614 1269 3668 utantur,
1298 3620 1489 3660 vermu
1525 3607 1673 3678 quod
1707 3624 1828 3663 car—

246 3699 397 3768 nium
431 3712 528 3751 esu
562 3696 904 3751 immolatum
962 3696 1262 3763 innuebat;
1294 3698 1475 3767 pisces
1509 3708 1692 3755 autem
1732 3717 1829 3770 pro

247 3790 527 3844 immolato
559 3805 665 3845 non
697 3790 988 3845 habentur.
1042 3789 1162 3844 Alia
1222 3805 1353 3845 vero
1402 3790 1825 3847 Manichreorum

248 3891 396 3937 secta
429 3897 551 3951 qua:
583 3881 935 3946 Sammacun,
977 3880 1030 3935 id
1061 3889 1146 3937 est
1204 3882 1426 3951 piscarii
1461 3883 1826 3952 appellantur,

249 3977 434 4042 pisces
490 3970 875 4036 comedebant,
928 3972 1076 4041 quod
1140 3972 1176 4026 ii
1230 3989 1329 4042 pro
1374 3973 1659 4028 immolato
1718 3992 1825 4029 non

252 4066 588 4128 habeantur;
624 4076 678 4120 at
710 4065 779 4118 ab
808 4080 903 4118 esu
936 4066 1140 4127 carnis,
1180 4066 1325 4134 quod
1388 4067 1670 4121 immolata
1708 4068 1830 4121 lite-

251 4158 324 4211 rit
360 4154 876 4211 abstinent.Verunt
939 4168 1127 4212 errant
1179 4159 1342 4213 etiam
1393 4158 1683 4214 Manichaai
1731 4176 1830 4229 apo

252 4250 437 4319 pullati
458 4247 714 4312 Sadiluei,
746 4248 837 4317 qui
872 4248 1049 4318 pisces
1083 4250 1201 4304 loco
1223 4251 1413 4305 carnis
1441 4250 1668 4313 habent,
1702 4267 1827 4305 cum

256 4341 522 4395 Dominus
554 4339 806 4394 Christus
843 4354 1036 4395 carnes
1065 4340 1404 4406 comederit;
1461 4343 1605 4399 unde
1638 4359 1831 4399 neces-

253 4432 401 4486 sario
441 4432 696 4487 omnibus
744 4432 836 4501 qui
874 4432 1030 4485 fidem
1079 4431 1439 4486 christianam
1503 4434 1833 4502 proﬁtentur
1868 4440 1911 4495 D
1940 4436 2287 4490 abstinebant
2340 4448 2504 4503 quam
2565 4448 2631 4487 ne
2687 4433 3164 4501 dignoscereutur.

256 4523 544 4589 incumbit,
580 4532 638 4577 ut
669 4539 835 4578 carne
868 4532 1191 4590 vescantur,
1221 4524 1432 4577 Domini
1468 4526 1643 4579 nostri
1674 4526 1834 4580 Citri-

257 4619 329 4670 sti
384 4617 656 4687 exemplo,
709 4634 818 4672 uno
867 4618 1061 4672 saltem
1119 4617 1419 4688 quotannis
1483 4620 1592 4678 die.
1629 4636 1737 4688 quo
1771 4620 1837 4673 ab

259 4709 459 4764 animis
491 4709 608 4766 suis
656 4710 975 4779 scrupulum
1032 4719 1344 4773 amoveant,
1377 4717 1544 4780 atque
1577 4711 1835 4765 omnibus

260 4812 451 4856 uotum
490 4801 697 4857 faciant
724 4803 1036 4858 contrarios
1099 4804 1196 4857 ire-
1238 4818 1298 4857 se
1352 4803 1616 4872 improbae
1665 4802 1839 4857 Mani-

261 4894 533 4947 chaeorum
552 4902 733 4948 sectze.
761 4894 815 4948 lu
842 4894 993 4949 Actis
1011 4908 1142 4947 vero
1171 4892 1838 4962 scriptumest",Petrum,

262 5003 388 5040 cum
424 4987 476 5040 i-n
534 4988 669 5040 urbe
694 4985 863 5055 Joppe
890 4996 1037 5042 esset
1081 4987 1229 5040 domi
1263 4985 1486 5041 coriarii
1524 4985 1840 5053 cujusdam.

265 5080 355 5133 cui
386 5093 586 5133 nomen
626 5079 846 5143 Simon,
881 5092 1045 5148 atque
1081 5080 1279 5133 aedium
1318 5089 1518 5133 tectum
1563 5079 1696 5132 hora
1734 5077 1841 5130 diei

265 5179 418 5226 sexta
451 5179 669 5225 oratum
704 5171 1139 5235 conscendisset,
1178 5185 1382 5226 somno
1423 5170 1573 5239 gravi
1626 5184 1847 5236 correp-

268 5272 380 5313 tum
412 5258 759 5323 dormivisse,
792 5270 953 5329 atque
988 5258 1354 5331 517-519
1383 5260 1586 5313 interea
1644 5260 1843 5312 nmium

267 5362 516 5420 apertum
556 5350 786 5417 vidisse,
840 5353 985 5408 unde
1017 5345 1307 5408 descendit
1337 5352 1567 5406 linteum
1602 5350 1744 5418 quod
1777 5349 1843 5403 ad

268 5454 473 5499 terram
512 5460 691 5514 usque
721 5443 1073 5517 pertingeret,
1102 5445 1156 5499 in
1194 5459 1302 5514 quo
1327 5443 1577 5515 cujusvis
1602 5443 1847 5512 quadru-

273 5535 494 5603 pedium
531 5538 752 5607 generis
787 5552 909 5607 quze
964 5536 1201 5592 interra
1254 5545 1381 5589 sunt
1435 5535 1616 5603 aliqua
1669 5544 1847 5593 erant,

275 5625 629 5697 ferarumque
688 5636 744 5683 et
800 5629 1084 5700 reptiliunt
1144 5635 1201 5682 et
1254 5627 1579 5689 volucrium,
1637 5639 1851 5693 unaque

274 5731 460 5771 vocem
479 5718 1025 5785 audiilsedicentcm,
1067 5723 1228 5781 Heus,
1260 5717 1411 5771 Pctre
1465 5734 1634 5785 surge,
1676 5726 1849 5769 macta

390 5830 433 5863 ιι
460 5829 584 5882 Act.
613 5846 670 5893 ι,
706 5833 771 5885 l3
804 5848 868 5901 sl;

1919 1866 2168 1932 exceptis
2202 1867 2530 1932 patriarchis
2567 1876 2621 1920 et
2659 1866 2936 1935 episcopis
2965 1874 3019 1920 et
3058 1866 3148 1933 qni
3176 1865 3343 1919 vitam
3379 1881 3500 1919 mo-

1924 1955 2190 2010 nasticam
2233 1957 2467 2025 professi
2524 1956 2767 2022 fuerint;
2815 1956 3053 2019 cum_hi
3114 1956 3296 2010 carnis
3345 1971 3501 2010 esum

1924 2062 2030 2100 non
2060 2057 2324 2116 respuant
2357 2047 2500 2116 quod
2539 2064 2667 2101 eum
2719 2046 2970 2100 illicitum
3010 2053 3217 2113 putent,
3248 2044 3342 2098 sed
3375 2044 3502 2097 abs-

1924 2140 2165 2195 tinentiae
2189 2148 2243 2194 et
2267 2140 2580 2195 rever-entire
2601 2140 2795 2201 gratia.
2820 2138 2961 2203 Quin
2986 2149 3039 2192 et
3056 2135 3229 2191 Graeci
3261 2151 3348 2191 res
3370 2151 3501 2191 suas

1921 2248 2060 2301 aqua
2094 2232 2257 2302 520
2308 2232 2531 2288 abluere
2562 2233 2880 2294 noluerunt,
2915 2245 3035 2286 eum
3072 2230 3316 2299 plerique
3345 2229 3499 2297 ipso-

1921 2340 2041 2379 rum
2099 2324 2378 2378 Manicltmi
2431 2332 2654 2379 essent:
2690 2322 2964 2377 Manichtei
3008 2330 3189 2376 autem
3241 2321 3499 2375 lotionem

1919 2431 2056 2484 aqua
2085 2414 2441 2485 peragendam
2464 2429 2570 2469 non
2593 2414 2845 2483 probant.
2866 2413 3043 2483 Atque
3068 2411 3155 2467 his
3174 2411 3333 2483 longo
3362 2418 3506 2465 tem—

1929 2507 2078 2575 poris
2113 2506 2349 2561 decursu
2374 2505 2731 2571 confirmatis,
2765 2506 2942 2559 adhuc
2968 2504 3201 2559 instituti
3234 2502 3318 2557 sui
3352 2510 3506 2556 tem-

1923 2612 2014 2651 ces
2078 2604 2315 2659 manent,
2373 2610 2439 2649 ne
2487 2610 2683 2663 aquam
2737 2594 2802 2647 ad
2844 2593 3133 2648 lavandum
3194 2590 3502 2646 adhibeant.

1922 2689 2005 2742 Ab
2024 2703 2163 2758 aqua
2185 2680 2362 2740 autem
2381 2686 2444 2741 ad
2475 2686 2762 2741 lavandum
2787 2683 3090 2739 adhibenda
3116 2698 3209 2737 eos
3236 2681 3508 2737 abstinere

1923 2778 2113 2833 dicunt
2151 2778 2419 2841 nonnulli,
2453 2779 2521 2832 ob
2556 2779 2829 2832 intensum
2871 2776 3109 2845 regionis
3134 2791 3269 2843 suae,
3295 2789 3509 2839 unaque

1920 2887 2075 2940 ειίυίρ
2108 2872 2163 2927 in
2210 2887 2270 2926 ea
2308 2870 2502 2939 frigus,
2533 2872 2665 2924 adeo
2690 2878 2747 2923 ut
2778 2870 2910 2938 ipsis
2941 2869 3136 2939 frigida
3170 2883 3228 2923 se
3257 2868 3507 2929 abluere,

1923 2972 2115 3036 hyeme
2175 2965 2501 3035 prasertim,
2541 2964 2965 3034 haudquaquam
3033 2961 3306 3031 expediat,
3356 2959 3510 3013 ideo-

1926 3072 2032 3123 que
2055 3071 2154 3111 nec
2183 3058 2352 3125 ipsam
2384 3058 2454 3110 ob
2478 3055 2693 3125 frigoris
2724 3054 3119 3110 vehementiam
3143 3060 3507 3109 contrectant.

1995 3147 2415 3202 Manichaeorum
2448 3163 2577 3202 vero
2604 3147 2713 3203 dno
2741 3147 2975 3210 sunt,uti
3009 3146 3122 3215 jam
3155 3145 3361 3200 dictum
3398 3153 3505 3209 est,

1924 3255 2146 3309 genera.
2199 3239 2292 3293 alii
2328 3238 2605 3292 Sarnaltiui
2642 3239 2727 3307 (id
2759 3240 2873 3309 est)
2905 3238 3123 3308 pisearii
3161 3253 3177 3301 ;
3210 3236 3300 3290 alii
3351 3235 3512 3289 Satli-

1929 3331 2066 3385 ltini.
2147 3330 2427 3385 Samakiui
2507 3331 2830 3396 praestitutis
2891 3331 3100 3398 aliquot
3164 3327 3509 3398 singulorum

1930 3424 2198 3478 mensium
2275 3423 2470 3479 diebus
2523 3423 2813 3492 jejunant;
2875 3422 3124 3477 Sadikini
3182 3428 3363 3476 autem
3417 3435 3510 3488 per

1929 3524 2096 3569 totam
2151 3514 2314 3569 vitam
2371 3515 2647 3585 jejunant,
2704 3498 2844 3567 nihil
2888 3528 3114 3583 prorsus
3166 3511 3310 3565 aliud
3346 3525 3510 3579 quam

1929 3607 2075 3677 quod
2109 3607 2430 3677 produxerit
2468 3616 2610 3661 terra
2641 3605 3014 3661 comedentcs.
3055 3603 3191 3657 Cum
3229 3617 3359 3671 ergo
3389 3600 3511 3654 ﬁdei

1930 3699 2247 3754 christiana:
2281 3697 2683 3769 professionem
2744 3698 2799 3751 in
2830 3711 2889 3751 se
2955 3698 3299 3764 susciperent
3353 3693 3510 3748 Sadi-s

1932 3792 2065 3854 kini,
2099 3798 2398 3847 metuentes
2451 3805 2520 3845 ne
2549 3790 2593 3843 si
2650 3806 2680 3844 a
2737 3788 2985 3843 carnium
3024 3804 3122 3843 esu
3154 3787 3515 3847 abstinerent,

1932 3886 2154 3955 quinam
2190 3893 2378 3939 essent
2416 3892 2731 3953 perspecto,
2791 3890 2967 3937 morte
3000 3880 3366 3944 adicerentur,
3410 3879 3514 3934 sibi

1932 3978 2068 4047 ipsis
2102 3976 2311 4045 jejunia
2346 3975 2773 4041 constituentes,
2827 3975 2899 4028 ob
2935 3973 3075 4028 festa
3105 3972 3428 4027 Nativitatis
3464 3980 3517 4026 et

1934 4070 1993 4124 Β.
2026 4069 2268 4141 Virginis
2321 4077 2376 4123 et
2412 4069 2785 4139 apostolorum
2842 4066 3185 4136 jejunarnnt,
3223 4081 3252 4118 a
3286 4065 3515 4133 piscium

1932 4178 2028 4217 esu
2066 4162 2190 4216 istis
2242 4158 2469 4228 jejuniis
2509 4174 2569 4214 se
2603 4161 2974 4222 continentes,
3030 4157 3176 4227 quod
3218 4157 3340 4212 ideo
3381 4156 3518 4211 fece-

1936 4264 2064 4308 runt
2104 4262 2163 4307 ut
2210 4253 2328 4307 dies
2357 4251 2487 4306 anni
2533 4251 2846 4320 jejunantes
2910 4250 3281 4313 absolverent,
3343 4261 3519 4317 neque

1935 4346 2097 4399 aliam
2154 4345 2224 4398 ob
2257 4359 2483 4397 causam
2526 4342 2759 4412 piscium
2817 4356 2911 4395 esu
2966 4340 3111 4393 inter
3158 4339 3517 4409 jejunandutn

3245 4428 3517 4483 Successu

1942 4528 2137 4581 deinde
2189 4529 2449 4596 temporis
2505 4526 2768 4579 diuturno
2810 4520 3167 4594 521-523
3228 4521 3407 4576 evenit
3462 4528 3521 4572 ιιι

1943 4620 2184 4687 ipsorum
2222 4618 2424 4671 factum
2482 4617 2586 4671 hoc
2629 4616 2985 4670 imitarentur
3028 4612 3372 4671 Nestoriani,
3413 4610 3521 4664 Ja—

1942 4708 2137 4761 cobila-
2154 4717 2206 4761 et
2233 4707 2531 4768 Maronitze,
2574 4708 2714 4775 apud
2749 4721 2887 4776 quos
2912 4706 3013 4759 hoc
3040 4706 3089 4758 in
3124 4708 3330 4758 morem
3366 4704 3517 4756 abiit.

1944 4799 2080 4853 Tum
2112 4809 2166 4855 et
2199 4799 2513 4854 Graecorum
2549 4797 2928 4852 Melchitarum
2963 4796 3215 4851 nonnulli
3265 4798 3367 4850 hoc
3398 4811 3522 4866 pro-

1944 4892 2158 4956 bantes,
2198 4890 2339 4943 idem
2371 4889 2533 4943 etiam
2586 4890 2687 4957 ipsi
2733 4904 2925 4945 eorum
2961 4888 3211 4957 exemplo
3251 4887 3522 4950 fecerunt,

1946 4983 2172 5052 piscium
2209 4996 2363 5035 esum
2397 4980 2739 5051 jejuniorum
2787 4979 3019 5035 istorum
3076 4996 3198 5050 qua:
3235 4980 3523 5034 recensui-

1948 5088 2068 5126 tnus
2100 5080 2341 5140 tempore
2369 5072 2720 5138 omittentes;
2771 5069 2844 5123 illi
2882 5069 3155 5139 praecipue
3191 5084 3384 5123 eorum
3428 5068 3519 5136 qui

1948 5168 2001 5219 in
2044 5165 2357 5230 regionibus
2413 5165 2615 5235 degunt
2652 5166 2703 5217 in
2738 5164 2941 5233 quibus
3000 5162 3400 5217 Multantmedis
3442 5178 3526 5213 re—

1948 5259 2073 5328 ligio
2133 5256 2327 5312 ﬂorct:
2387 5256 2533 5327 quod
2594 5267 2773 5311 tamen
2838 5253 3527 5310 ueceemisuetudinibus

1950 5343 2243 5398 traditione
2297 5344 2561 5409 acceptis,
2621 5358 2722 5398 nec
2757 5359 2788 5398 θ
2826 5343 2988 5398 rebus
3045 5342 3301 5396 mandato
3343 5342 3528 5410 aliquo

1951 5437 2207 5492 Stabilitis
2241 5438 2382 5503 apud
2417 5438 2565 5505 ipsos
2601 5442 2707 5491 est.
2742 5435 2918 5491 Graeci
2955 5437 3101 5491 enim
3152 5434 3418 5490 Melchitaa
3451 5432 3529 5502 pi-

1951 5529 2126 5583 scium
2185 5544 2282 5583 esu
2341 5529 2556 5584 duobus
2612 5528 2808 5582 diebus
2891 5527 3220 5598 insignibus,
3278 5525 3529 5581 videlicet

1954 5621 2208 5676 Mercurii
2246 5629 2301 5676 et
2357 5619 2612 5684 Veneris,
2671 5634 2768 5688 per
2824 5630 2993 5674 totum
3057 5619 3185 5672 anni
3237 5618 3527 5671 decursum

1955 5714 2255 5777 absiincut,
2294 5722 2351 5766 ιιι
2392 5722 2445 5767 ct
2480 5712 2567 5767 die
2602 5710 2928 5780 παραμονῆς
2980 5708 3220 5781 [vigilite]
3257 5724 3363 5778 quo
3405 5718 3528 5760 ante
