4076 6388
547 394 687 456 1025

1926 388 2321 449 'ANNALES.

3676 382 3814 447 1026

543 504 787 559 Natalem
838 504 1111 574 jejuuant,
1174 518 1274 559 nec
1332 518 1441 559 non
1499 503 1589 559 die
1646 504 1975 576 παραμονῆς
2023 504 2114 573 qui
2150 510 2190 566 Α
2224 502 2356 571 piat.
2388 499 2534 554 Dixit
2566 514 2695 571 ergo
2720 497 3098 569 Theophilus:
3136 496 3245 568 Ego
3267 497 3356 552 illa
3389 496 3817 567 interpretabor.

543 597 900 667 Epiphaniam
930 597 1225 667 prtecedit;
1259 596 1458 666 quibus
1487 596 1678 651 diebus
1704 597 1847 651 inter
1870 595 2122 667 jejunan-

544 693 674 743 (lum
705 689 950 758 piscibus
979 688 1122 742 haud
1179 699 1499 751 vescuntur,
1534 688 1661 759 quia
1696 687 1785 742 die
1809 703 1835 743 s
1870 688 2006 743 istos
2034 702 2100 742 eo

542 781 663 834 dem
699 783 819 836 loco
859 782 1060 836 habent
1111 796 1221 850 quo
1251 779 1517 850 jejunium
1572 796 1856 848 magnum.
1912 780 2125 847 Quibus

540 891 671 946 ergo
698 890 726 930 e
754 866 963 930 Graecis
995 877 1173 929 visum
1208 887 1291 928 est
1324 874 1532 928 Natalis
1579 874 1640 928 Β.
1669 873 1930 945 Virginis,
1962 883 2126 945 atque

545 969 920 1040 apostolorum
954 968 1130 1037 gratia
1183 967 1456 1037 jejunare,
1489 967 1590 1021 tria
1626 967 1730 1022 ista
1760 968 1968 1038 jejunia
2022 970 2120 1024 ob—

544 1072 787 1127 servant,
823 1061 1004 1132 pisces
1039 1062 1259 1115 interim
1294 1052 1673 1125 comedentes,
1732 1074 1966 1129 quorum
2021 1075 2121 1115 esu

545 1153 799 1208 Mercurii
831 1152 920 1207 cui
978 1160 1191 1207 tantum
1223 1160 1277 1208 et
1304 1150 1557 1221 ,Veneris
1590 1151 1786 1207 diebus
1820 1154 2119 1206 abstinent.

548 1244 750 1299 Eodem
784 1242 1018 1305 modo,si
1046 1242 1132 1298 cui
1156 1244 1330 1297 visum
1353 1248 1440 1298 est
1470 1240 1664 1297 diebus
1680 1241 1928 1297 Mercurii
1960 1240 2125 1296 etVe-

547 1334 696 1388 neris
736 1349 834 1404 per
866 1342 1037 1387 totum
1091 1348 1296 1387 annum
1352 1332 1627 1403 jejunarc,
1670 1333 1748 1388 illi
1787 1334 2121 1402 permissum

543 1435 627 1480 est
654 1427 819 1480 etiam
858 1424 924 1478 ad
954 1440 1155 1479 nonam
1177 1424 1429 1494 jejunare
1454 1432 1509 1479 et
1538 1424 1787 1494 piscibus
1819 1425 2119 1480 abstinere.

546 1514 735 1584 Neque
762 1515 908 1569 enim
941 1513 1046 1568 hoc
1076 1528 1305 1568 necesse
1341 1523 1447 1571 est.
1478 1530 1579 1568 nec
1614 1515 1851 1584 cuipiam
1891 1515 2123 1584 permis-

545 1622 667 1661 sum
715 1603 880 1677 524
912 1614 973 1659 ut
1002 1604 1211 1675 jejunia
1247 1608 1551 1661 observans
1583 1607 1816 1676 piscium
1848 1622 2003 1663 esum
2039 1608 2123 1661 iii-

548 1709 628 1751 ter
662 1695 1029 1766 jejunandum
1066 1696 1294 1761 abnuat,
1354 1693 1456 1747 nisi
1511 1695 1706 1751 diebus
1762 1694 2020 1751 Mercurii
2069 1707 2123 1751 et

549 1788 773 1843 Veneris
812 1787 918 1860 {uti
944 1787 1056 1857 jam
1086 1785 1297 1840 dictum
1333 1786 1440 1859 est]
1496 1796 1549 1843 et
1580 1787 1634 1840 in
1661 1787 1872 1856 jejunio
1906 1776 2123 1860 magno,

550 1894 647 1934 nec
679 1895 788 1933 non
825 1879 969 1933 binis
1004 1878 1212 1947 vigiliis
1249 1893 1370 1948 qua:
1432 1879 1569 1934 festa
1621 1878 1832 1935 Natalis
1886 1889 1941 1934 et
1992 1880 2125 1950 Epi-

552 1972 767 2043 phaniae
808 1970 1146 2039 praecedunt.
1183 1972 1252 2023 At
1309 1971 1557 2025 nonnulli
1619 1968 1935 2026 Graecorum
1994 1973 2122 2027 Mcl-

551 2065 827 2119 cbitarum
860 2063 915 2143 in
942 2061 1191 2133 jejuniis,
1236 2062 1397 2115 etiam
1454 2063 1515 2115 B.
1553 2060 1796 2132 Virginis
1826 2064 1999 2134 gratia
2029 2070 2124 2121 ob-

549 2157 855 2224 servandis,
893 2172 922 2212 a
958 2159 1191 2229 piscium
1226 2173 1323 2214 esu
1357 2172 1416 2213 se
1451 2159 1758 2214 continent.
1794 2159 1963 2226 Quem
1996 2175 2119 2215 mo-

550 2268 662 2307 rem
693 2251 1000 2307 hauserunt
1035 2267 1065 2305 e
1106 2251 1286 2321 typico
1318 2250 1494 2305 sancti
1527 2249 1643 2304 Mar
1671 2249 1863 2313 Sabm:
1903 2266 2003 2306 nec
2037 2261 2122 2307 cst

549 2346 601 2398 in
658 2358 850 2399 eorum
908 2342 1240 2398 abstinentia
1297 2343 1401 2397 ista
1455 2351 1763 2413 peccatum.
1828 2344 1932 2409 Qui
1984 2344 2123 2398 alias

548 2436 743 2491 statuit
779 2436 897 2504 ipse
936 2445 1144 2505 peccat,
1197 2434 1413 2503 legique
1445 2436 1781 2491 contradicit
1804 2444 1859 2491 et
1891 2436 2117 2491 manda-

548 2540 661 2581 tum
697 2529 882 2582 solvit.
918 2527 991 2583 Ut
1038 2536 1218 2582 autem
1258 2528 1324 2580 ad
1378 2528 1662 2581 historiam
1706 2527 1775 2583 de
1810 2529 2122 2582 Theodosio

545 2631 601 2675 i-t
628 2620 954 2690 Thcophilo,
1007 2620 1063 2673 in
1112 2635 1219 2690 qua
1281 2622 1589 2674 enarranda
1624 2619 1851 2686 fuimus,
1883 2635 2124 2677 reierta-

549 2729 692 2768 mur.
726 2711 1069 2783 Theophilus
1103 2710 1401 2766 Theodosii
1456 2713 1601 2783 regis
1633 2714 1844 2769 amicus
1883 2713 1951 2768 ad
2002 2729 2128 2784 por-

549 2817 657 2861 tam
687 2807 860 2877 ipsius
896 2806 1165 2877 integrum
1209 2822 1411 2860 annum
1450 2815 1696 2861 moratus
1742 2807 1922 2877 ipsum
1977 2808 2122 2863 haud

547 2907 922 2954 convenerat:
978 2897 1228 2967 quamvis
1285 2897 1431 2951 enim
1483 2897 1729 2964 quotidie
1791 2899 1857 2952 ad
1907 2909 2119 2968 portam

550 2990 697 3061 regis
726 2990 996 3045 accedens
1022 2990 1298 3059 janitores
1349 3003 1567 3058 rogaret
1599 2997 1766 3058 atque
1803 3003 2123 3060 precaretur

552 3089 610 3131 ut
644 3082 715 3133 ab
753 3081 874 3150 ipso
914 3078 980 3133 ad
1031 3094 1211 3149 regem
1247 3079 1495 3133 chartam
1552 3079 1851 3147 deferrent,
1903 3082 1973 3136 ab
2020 3070 2127 3137 illis

550 3173 799 3242 repulsus
835 3186 899 3226 ac
930 3172 1244 3270 prohibitus
1292 3170 1495 3270 fuerat.
1527 3173 1687 3227 Anno
1720 3183 1899 3270 autem
1932 3175 2123 3245 elapso
2154 3212 2199 3270 α

549 3278 683 3318 ecce
714 3262 1013 3332 imperator
1049 3261 1396 3316 Theodosius
1451 3262 1594 3317 inter
1630 3262 1900 3318 orandum
1939 3280 2127 3321 vocem

550 3354 898 3425 audivitqua:
930 3353 1031 3422 ipsi
1063 3354 1266 3409 diceret
1296 3370 1311 3408 :
1336 3352 1380 3408 Ο
1406 3353 1703 3420 Theodosi,
1730 3357 1890 3411 amici
1914 3370 1965 3413 et
1992 3360 2129 3413 socii

550 3449 630 3503 tui
668 3447 959 3517 Theophili
1012 3448 1215 3503 oblitus
1263 3461 1344 3502 es.
1396 3446 1734 3518 Dicenteque
1763 3447 2119 3505 Theodosio:

550 3539 779 3594 Domine
808 3539 904 3605 mi,
946 3546 1001 3593 tu
1034 3541 1159 3609 quis
1206 3539 1311 3595 es?
1367 3540 1469 3609 ipsi
1537 3542 1891 3612 responderet
1948 3558 1961 3594 :
2014 3543 2129 3614 Ego

553 3635 636 3685 vir
666 3646 786 3685 sum
822 3630 915 3700 qui
951 3641 1129 3685 tccmn
1164 3632 1219 3685 in
1248 3632 1467 3686 deserto
1498 3630 1579 3686 fui
1610 3651 1625 3688 :
1684 3642 1738 3687 et
1771 3620 2125 3703 quemadmo-

549 3726 678 3778 dum
710 3734 762 3779 te
795 3738 976 3793 regem
1005 3723 1288 3790 constitui,
1342 3724 1415 3777 ita
1449 3732 1505 3776 et
1556 3723 1916 3793 Theophilum
1949 3727 2121 3794 patri-

509 3797 515 3803 ’
552 3818 776 3871 arcbam
806 3820 1107 3871 constituo.
1160 3814 1358 3869 Statim
1397 3830 1532 3886 ergo
1587 3815 1736 3869 misit
1785 3814 2128 3872 Theodosius

552 3906 877 3961 accersitum
901 3903 1288 3976 Theophilum,
1317 3920 1478 3975 quem
1508 3906 1561 3957 in
1591 3906 1939 3972 praesentiam
1969 3922 2124 3961 suam

554 3999 856 4053 admissum
892 4006 1183 4069 postquam
1216 3994 1571 4068 525-527
1595 4000 1771 4066 ipsum
1801 3997 2127 4063 salutasset,

554 4093 627 4145 ita
653 4090 848 4146 allatus
885 4097 969 4146 est
1002 4106 1093 4145 rex
1127 4109 1141 4145 :
1180 4088 1355 4144 Crede
1411 4090 1569 4153 mihi,
1602 4089 1674 4143 ini
1708 4087 1897 4155 frater,
1933 4104 2021 4144 me
2050 4089 2127 4143 tui

552 4185 782 4239 oblitum
821 4183 1013 4251 fuisse,
1047 4192 1209 4252 teque
1243 4183 1374 4235 mihi
1408 4197 1438 4236 e
1474 4183 1735 4235 memoria
1776 4181 1992 4251 penitus
2024 4199 2123 4236 ex-

552 4276 775 4336 cidisse,
802 4273 975 4328 donec
1010 4273 1126 4326 heri
1154 4274 1298 4325 inter
1338 4271 1632 4334 orandum,
1685 4285 1834 4335 ecce,
1900 4286 1987 4325 me
2039 4275 2128 4324 in-

553 4369 822 4432 clamans,
854 4365 937 4421 vir
962 4365 1051 4419 ille
1086 4380 1248 4434 quem
1311 4364 1364 4416 in
1409 4377 1604 4417 somno
1659 4361 1766 4414 vidi
1830 4372 1880 4415 te
1912 4362 2044 4416 mihi
2072 4363 2127 4416 in

554 4460 875 4516 memoriam
911 4460 1207 4513 revocavit.
1258 4453 1560 4523 Respondit
1592 4452 1972 4523 Theophilus:
2013 4456 2128 4525 Ego

2233 592 2405 645 Theta
2429 590 2664 660 primum
2694 598 2778 645 est
2808 588 2942 653 Θεὸς
2967 576 3115 659 quod
3146 597 3234 643 est
3266 589 3449 654 Deus;
3479 588 3817 655 secundum,

2235 679 2583 736 Theodosius
2639 695 2772 745 rex;
2800 679 3049 743 tertium,
3092 677 3429 749 Theophilus
3478 679 3817 747 patriarcha.

2235 777 2375 829 Tum
2409 774 2629 830 sublato
2672 772 2995 844 pavimento
3035 787 3292 843 magnam
3333 772 3437 828 sub
3468 786 3534 827 eo
3571 775 3821 843 pecunia:

2236 868 2343 921 vim
2376 868 2596 936 reperit,
2633 867 2793 937 cujus
2850 883 2972 920 cum
3030 881 3127 935 per
3178 867 3392 922 litteras
3450 865 3819 921 Theodosium

2232 974 2412 1027 regem
2445 959 2735 1014 certiorem
2792 958 3039 1021 fecisset,
3075 958 3358 1029 rescripsit
3394 959 3487 1014 ille
3523 975 3539 1013 :
3580 957 3820 1014 Pecunia

2232 1051 2337 1103 ista
2372 1051 2636 1106 ecclesias
2663 1059 2911 1105 exstrue.
2954 1049 3123 1122 528
3157 1051 3445 1107 Exstruxit
3475 1066 3608 1122 ergo
3640 1050 3823 1107 Theo-

2236 1143 2428 1214 philus
2496 1144 2815 1214 patriarcha
2892 1146 3183 1198 ecclesiam
3266 1158 3519 1216 magnam
3596 1143 3823 1199 nomine

2232 1234 2527 1293 Theodosii
2584 1238 2751 1305 regis,
2793 1252 2957 1307 Quam
2997 1245 3166 1290 totam
3218 1251 3357 1292 auro
3389 1237 3630 1291 obducto
3660 1250 3823 1291 orna-

2231 1328 2311 1382 vit
2348 1368 2361 1393 ,
2417 1328 2545 1397 quin
2600 1338 2655 1382 et
2715 1328 2854 1383 alias
2905 1328 3108 1383 multas
3159 1325 3509 1382 Alexandria:
3556 1327 3821 1383 ecclesias

2233 1419 2456 1483 struxit,
2503 1435 2532 1474 e
2589 1435 2822 1489 quarum
2875 1434 3105 1473 numero
3138 1426 3270 1473 sunt
3319 1419 3550 1475 ecclesia
3603 1419 3822 1475 Sancta:

2230 1509 2414 1566 Maria:
2448 1520 2502 1566 ct
2532 1512 2762 1568 ecclesia
2791 1510 2978 1566 Sancti
3006 1509 3260 1566 Joannis.

2330 1606 2501 1660 Porro
2530 1606 2643 1660 nati
2675 1616 2802 1661 sunt
2835 1604 3146 1659 Theodosio
3192 1605 3508 1676 imperatori
3547 1606 3656 1661 duo
3695 1605 3816 1669 lilii,

2234 1712 2467 1765 quorum
2521 1706 2652 1751 natu
2713 1697 2908 1767 majori
2968 1712 3169 1752 nomen
3230 1698 3427 1752 indidit
3486 1697 3815 1763 Arcadium;

2231 1790 2452 1855 tninori,
2522 1788 2824 1845 Honorium
2894 1807 2909 1845 :
2962 1789 3186 1861 quibus,
3238 1804 3360 1843 cum
3417 1791 3816 1856 adolevissent,

2241 1880 2491 1951 qumsivit
2520 1881 2612 1949 qui
2661 1881 2815 1951 ipsos
2842 1880 3052 1935 litteras
3088 1881 3333 1937 doceret.
3359 1882 3495 1936 Cum
3534 1896 3666 1951 ergo
3703 1880 3817 1936 Ro-

2249 1989 2394 2027 mam
2425 1972 2665 2030 misisset
2696 1974 2987 2044 quaesitura
3020 1974 3196 2028 virum
3219 1975 3522 2044 sapientem
3554 1975 3644 2044 qui
3680 1974 3818 2029 libe-

2241 2078 2328 2118 ros
2362 2079 2493 2119 suos
2552 2064 2892 2132 institueret,
2951 2064 3024 2119 ibi
3080 2065 3470 2136 philosophum
3524 2066 3814 2137 quemdam

2237 2157 2462 2210 nomine
2486 2157 2752 2211 Arsancm
2790 2164 3145 2226 repererunt,
3186 2172 3349 2227 quem
3384 2156 3455 2213 ad
3492 2158 3674 2229 ipsum
3711 2158 3819 2212 mi-

2236 2259 2449 2311 serunt,
2502 2250 2591 2317 qui
2628 2263 2760 2318 ergo
2817 2249 2943 2302 filiis
2976 2249 3125 2319 regis
3160 2247 3484 2305 erudiendis
3536 2249 3815 2305 incubuit.

2239 2338 2353 2393 itex
2379 2349 2559 2395 autem
2589 2341 2679 2394 die
2710 2339 2974 2410 quodam,
3030 2355 3158 2395 cum
3210 2342 3479 2397 Arsanem
3523 2341 3668 2396 inter
3711 2341 3818 2396 do-

2236 2434 2469 2487 ccndum
2500 2442 2671 2499 stare,
2708 2435 2835 2491 filiis
2898 2434 3070 2504 ipsius
3111 2433 3452 2501 sedentibus,
3490 2434 3821 2505 conspexis-

2238 2533 2340 2588 set,
2376 2525 2508 2578 illud
2554 2525 2911 2593 improbans:
2943 2524 3023 2579 Ne
3064 2526 3289 2598 (inquit)
3321 2525 3425 2579 hoc
3471 2526 3643 2580 facias
3679 2541 3696 2579 :
3733 2540 3823 2578 re-

2237 2616 2544 2682 spondente
2583 2616 2828 2672 Arsane:
2861 2616 2940 2671 Ita
2966 2618 3123 2673 decet
3155 2619 3212 2687 (ο
3258 2618 3378 2685 rex)
3415 2631 3500 2671 me
3528 2616 3668 2672 lilios
3693 2625 3818 2671 tuos

2238 2710 2471 2775 docere;
2499 2708 2666 2779 jussit
2695 2725 2793 2765 rex
2846 2710 3024 2780 ipsum
3076 2711 3286 2775 sedere,
3319 2710 3508 2781 illique
3535 2718 3595 2764 ut
3626 2726 3819 2766 coram

2238 2803 2356 2872 ipso
2399 2809 2611 2857 starent
2633 2801 2832 2859 facere.
2865 2802 3002 2858 Cum
3035 2812 3218 2859 autem
3246 2802 3358 2873 jam
3383 2812 3651 2874 quantum
3681 2818 3819 2872 opus

2246 2891 2526 2946 videretur
2557 2893 2973 2949 litterisimbuti
3008 2902 3213 2961 essent,
3246 2894 3488 2950 Arsanes
3519 2893 3818 2949 Arcadium

2240 2984 2564 3041 verberibus
2596 2984 2789 3041 durius
2828 2986 3065 3057 excepit,
3095 2986 3235 3041 adeo
3279 2995 3340 3040 ut
3369 2986 3617 3056 ipsorum
3651 2985 3821 3040 vesti-

2240 3077 2386 3146 gium
2429 3077 2544 3131 cuti
2594 3077 2769 3145 ipsius
2812 3077 3192 3147 imprimeret;
3248 3078 3319 3133 ob
3358 3078 3505 3148 quod
3552 3079 3820 3135 Arcadius

2240 3185 2367 3240 erga
2401 3169 2578 3239 ipsum
2620 3171 2757 3224 iram
2797 3170 2986 3224 animo
3016 3171 3291 3242 concepit.
3343 3171 3470 3226 Ideo
3492 3183 3669 3225 autem
3700 3173 3815 3242 pla-

2235 3264 2319 3333 gis
2380 3264 2553 3332 ipsum
2591 3262 2810 3318 adicere
2856 3262 3029 3317 voluit
3086 3263 3352 3329 Arsanes,
3383 3273 3465 3328 ut,
3523 3278 3648 3318 cum
3692 3271 3819 3330 post

2233 3364 2445 3426 patrem
2484 3371 2645 3411 suum
2698 3359 2928 3428 imperio
2965 3356 3257 3428 potiretur,
3292 3358 3340 3413 si
3376 3357 3540 3411 alicui
3587 3358 3817 3413 verbera

2233 3447 2402 3519 inﬂigi
2435 3450 2618 3514 vellet,
2672 3450 2961 3506 verberum
3009 3449 3166 3503 dolor
3204 3450 3306 3521 ipsi
3366 3449 3655 3505 monitoris
3698 3450 3822 3503 vice

2238 3547 2404 3595 esset.
2458 3541 2634 3597 Porro
2683 3555 2830 3595 anno
2880 3540 3093 3609 imperii
3133 3539 3427 3595 Theodosii
3462 3538 3815 3611 529.53],

2232 3629 2408 3701 Magni
2438 3638 2650 3697 octavo,
2676 3639 3045 3701 apparuerunt
3088 3632 3240 3701 pueri
3304 3631 3381 3685 illi
3413 3631 3534 3703 qui,
3566 3647 3598 3687 a
3646 3630 3820 3687 Dacio

2232 3736 2361 3791 rege
2417 3721 2546 3791 fuga
2605 3737 2665 3778 se
2721 3721 3114 3792 proripientes,
3167 3722 3220 3775 in
3268 3723 3528 3791 spelunca
3566 3723 3622 3776 in
3677 3723 3815 3778 urbe

2233 3814 2450 3885 Epheso
2507 3814 2886 3871 delituerant:
2930 3815 3097 3885 idque
3150 3814 3299 3885 quod
3343 3814 3511 3884 longo
3549 3817 3817 3886 temporis

2233 3907 2525 3962 intervallo
2580 3922 2707 3961 cum
2742 3917 2990 3978 pastores
3043 3907 3183 3961 inter
3245 3906 3642 3961 transeundum
3676 3907 3816 3964 late-

2234 4016 2345 4067 res,
2386 4001 2590 4071 quibus
2648 3999 2921 4070 speluncte
2980 3999 3162 4054 aditus
3219 3998 3542 4055 obstructus
3607 3990 3823 4064 fuerat,

2232 4092 2350 4149 loco
2397 4106 2616 4147 movere
2650 4090 2799 4146 soliti
2839 4098 3046 4159 essent,
3088 4091 3228 4147 facta
3277 4098 3423 4147 esset
3460 4091 3639 4148 instar
3686 4095 3819 4149 ostii

2231 4195 2472 4255 apertus.
2527 4183 2844 4255 Experrecti
2895 4198 3026 4255 ergo
3055 4184 3233 4254 pueri,
3284 4199 3346 4239 se
3381 4199 3544 4239 unam
3599 4195 3813 4240 tantum

2235 4287 2449 4331 noctem
2476 4276 2806 4331 dormivisse
2838 4283 3116 4346 putantes,
3150 4274 3301 4330 socio
3326 4289 3449 4339 suo,
3492 4274 3588 4343 qui
3625 4276 3811 4328 cibum

2233 4365 2368 4435 ipsis
2422 4379 2603 4419 emere
2650 4363 2907 4419 solebat:
2948 4363 3269 4430 Profectus,
3329 4363 3602 4433 inquiunt,
3632 4364 3816 4417 cibum

2233 4456 2395 4510 nobis
2418 4468 2696 4525 compara,
2743 4465 2796 4508 et
2831 4451 2963 4522 quid
3003 4461 3128 4523 agat
3156 4455 3453 4523 imperator
3496 4452 3692 4508 Dacius
3728 4455 3819 4506 iu-

554 4556 718 4608 etiam
752 4552 872 4607 heri
923 4552 979 4605 in
1009 4551 1225 4605 somnio
1261 4549 1370 4602 vidi
1405 4549 1694 4617 quemdam
1744 4550 1839 4617 qui
1880 4548 2010 4601 mihi
2042 4550 2125 4603 di-
2167 4560 2207 4613 ο
2239 4546 2414 4613 quire.
2455 4544 2548 4599 Ille
2592 4543 2659 4598 ad
2695 4552 2904 4614 portam
2937 4544 3216 4613 spelunca:
3255 4558 3513 4612 egressus
3547 4545 3639 4599 ubi
3677 4547 3814 4599 a-df-

558 4654 708 4702 ccrct
744 4661 758 4698 :
798 4643 953 4698 Sicut
984 4641 1356 4697 Theodosium
1395 4654 1577 4710 regem
1616 4641 1902 4705 constitui,
1960 4641 2035 4694 ita
2071 4653 2127 4696 et

558 4748 609 4793 te
640 4736 1014 4807 patriarcham
1044 4735 1346 4787 constituo.
1397 4730 1534 4785 Ecce
1574 4740 1753 4784 autem
1811 4731 2132 4799 colloquen-

558 4833 708 4885 tibus
738 4830 897 4900 ipsis,
936 4828 1223 4898 ingressus
1261 4824 1470 4894 janitor
1525 4824 1638 4892 regi
1689 4824 1983 4887 nuntiavit,
2033 4826 2128 4876 ad—

557 4919 777 4973 venisse
837 4915 1182 4971 Alexandriae
1235 4913 1470 4978 incolas,
1520 4914 1615 4980 qui
1688 4914 1936 4970 dicereut
1987 4929 2134 4968 mor-

560 5022 713 5066 tuum
743 5026 869 5065 esse
922 5000 1276 5062 Timotheum
1309 5006 1698 5072 patriarcham,
1732 5020 1796 5059 ac
1830 5008 2005 5060 virum
2040 5022 2136 5077 pe-

560 5110 739 5157 terent
772 5115 935 5169 quem
970 5098 1340 5169 patriarcbam
1391 5096 1831 5151 constituerent:
1869 5113 1963 5150 rex
2004 5111 2134 5168 ergo

560 5192 747 5246 statim
774 5187 1143 5257 Theophilum
1185 5185 1557 5255 patriarcham
1581 5187 1923 5240 constituens
1952 5186 2131 5256 ipsum

558 5281 945 5337 Alexandriam
988 5278 1152 5342 misit,
1181 5276 1273 5343 qui
1309 5273 1381 5329 ibi
1409 5288 1582 5329 annos
1602 5275 1792 5344 viginti
1819 5286 1940 5329 octo
1970 5276 2132 5341 sedit,

559 5374 683 5427 dein
720 5380 974 5437 mortuus
1010 5376 1114 5422 est.
1152 5364 1493 5432 Theophilus
1546 5376 1726 5418 autem
1766 5364 1860 5419 ubi
1894 5367 2136 5418 Alexan-

562 5469 735 5521 driam
772 5464 1140 5535 pervenisset,
1179 5461 1324 5513 idola
1360 5466 1631 5528 quotquot
1671 5458 1727 5510 in
1782 5472 1845 5510 ea
1885 5461 2133 5523 luerunt,

561 5558 849 5627 confregit.
893 5553 1127 5621 Fuitque
1186 5549 1532 5605 Alexandriae
1589 5548 1959 5618 pavimentum
2017 5565 2135 5603 ma-

563 5666 727 5720 gnum
764 5643 1129 5702 marmoreum
1162 5642 1252 5697 cui
1304 5642 1569 5710 inscripta
1600 5651 1759 5693 erant
1812 5641 1916 5691 tria
1960 5637 2134 5693 Theta

566 5744 608 5793 Θ
642 5742 683 5794 θ
719 5741 761 5792 Θ
809 5748 865 5794 et
916 5739 970 5791 in
1020 5736 1255 5791 circuitu
1307 5734 1657 5803 ascriptum:
1705 5730 1808 5797 Qui
1867 5733 1967 5786 tria
2018 5733 2132 5787 haec

566 5833 735 5887 Theta
779 5831 1167 5900 interpretatus
1197 5825 1379 5894 fuerit,
1431 5823 1578 5897 quod
1635 5822 1740 5880 sub
1769 5823 1837 5879 iis
1868 5833 1950 5879 cst
1986 5825 2133 5880 acci-

2240 4637 2346 4690 licii
2376 4637 2449 4691 ibi
2489 4639 2792 4692 constructi
2828 4637 3013 4690 ruinas
3048 4644 3323 4698 cerneret,
3367 4635 3499 4705 quid
3532 4636 3635 4691 hoc
3666 4645 3818 4691 esset

2235 4728 2543 4800 ignoravit;
2576 4742 2807 4797 surgens
2848 4737 3025 4781 tamen
3059 4726 3335 4797 profectus
3360 4734 3446 4782 est
3477 4743 3646 4798 usque
3682 4729 3815 4782 dum

2238 4824 2304 4877 ad
2339 4822 2490 4876 urbis
2533 4820 2729 4890 Ephesi
2767 4835 2836 4890 po
2872 4828 2978 4872 tam
3010 4820 3372 4888 pervenisset,
3436 4836 3603 4890 supra
3651 4838 3814 4890 quant

2236 4927 2451 4966 crucem
2486 4925 2733 4981 magnam
2767 4909 3087 4964 collocatam
3121 4913 3492 4978 conspicatus,
3520 4912 3620 4967 hoc
3647 4916 3815 4967 etiam

2236 5005 2381 5074 apud
2436 5020 2496 5059 se
2557 5006 2922 5073 improbans:
2968 5002 3072 5066 Me,
3118 5004 3318 5073 inquit,
3363 5006 3603 5060 dot-mire
3644 5016 3816 5075 puto;

2236 5100 2423 5155 oculos
2463 5112 2593 5168 ergo
2647 5106 2859 5165 tergere
2899 5097 3066 5166 coepit
3108 5112 3172 5151 ac
3214 5098 3561 5154 dextrorsum
3596 5108 3651 5153 ct
3681 5101 3819 5154 sini-

2237 5196 2508 5243 strorsum
2545 5186 2999 5254 circumspicere,
3044 5200 3173 5238 num
3228 5187 3433 5257 aliquid
3478 5189 3587 5242 sibi
3624 5199 3811 5241 notum

2237 5279 2419 5332 videre
2449 5287 2653 5347 posset,
2683 5277 2843 5345 quale
2879 5290 3003 5329 cum
3042 5276 3181 5330 nihil
3228 5288 3499 5339 cerneret,
3551 5277 3816 5333 confusus

2237 5369 2508 5435 substitit,
2545 5369 2657 5422 hanc.
2690 5368 2831 5437 apud
2869 5384 2928 5422 sc
2977 5376 3160 5423 animo
3194 5379 3450 5440 reputans
3474 5368 3753 5424 :Forsitan
3785 5388 3815 5425 ιι

2239 5461 2325 5513 via
2357 5463 2627 5524 aherravi,
2670 5462 2750 5514 vel
2786 5462 3010 5515 forsitan
3052 5476 3159 5515 non
3193 5471 3275 5515 est
3312 5463 3442 5517 urbs
3491 5461 3593 5515 ista
3637 5462 3818 5531 Ephc;

2238 5569 2349 5607 sus.
2389 5550 2587 5606 Urbem
2624 5567 2756 5606 veto
2788 5554 3069 5621 ingressus
3105 5568 3388 5607 nummum
3417 5567 3577 5624 quem
3618 5554 3811 5608 habuit

2240 5645 2430 5711 pistori
2476 5645 2701 5697 tradidit
2753 5661 2862 5714 quo
2898 5659 3093 5714 panem
3151 5654 3380 5708 emeret,
3420 5647 3592 5715 pistor
3637 5647 3812 5701 virum

2241 5735 2429 5789 habitu
2488 5737 2774 5805 peregiino
2829 5739 3185 5806 cot.Spicatus
3236 5737 3497 5805 pavidum
3555 5744 3814 5806 metuque

2238 5834 2681 5895 consternatum,
2713 5843 2966 5885 nummos
3000 5827 3287 5885 habentem
3313 5827 3513 5900 quibus
3538 5825 3687 5884 Dacii
3712 5827 3814 5885 im-
