4076 6452
265 454 401 517 1027
671 411 677 418 ’
1286 449 1655 509 EUTYCllll
1686 446 2219 508 mensuum:
2269 448 2489 507 PATlt.
3378 442 3515 507 1028

259 565 532 635 peratoris
576 563 782 633 eﬂigies
841 562 1113 632 insculpta
1164 571 1330 623 esset,
1361 560 1490 628 quid
1543 558 1645 612 hoc
1695 565 1842 611 esset
1870 569 1914 621 Α
1950 573 2054 610 nus
2087 558 2399 627 patriarcha
2433 556 2832 620 Antioche-nus,
2866 538 2963 625 qui
2997 555 3186 608 decem
3214 568 3388 607 annos
3433 568 3519 607 sc-

261 656 505 717 ueseius,
553 656 869 723 suspicatus
923 653 1076 706 illum
1130 651 1291 721 532
1325 651 1645 703 thesaurum
1690 649 1842 699 inre-
1943 649 2045 708 dit.
2082 649 2207 704 deiu
2237 658 2488 703 mortuus
2516 658 2618 702 est.
2645 648 2802 700 Anno
2834 644 3311 715 imperiicjusdem
3328 654 3521 697 octavo

262 751 437 813 uisse,
492 745 652 801 Unde
684 744 926 814 ,inquit,
960 744 1054 798 tibi
1107 753 1191 797 est
1247 757 1500 796 nummus
1527 739 1666 794 iste?
1725 741 1843 806 Quo
1944 740 2284 795 constitutus
2319 751 2405 795 est
2453 734 3523 807 Joannespatriarchallierosolymita-

262 838 400 892 nihil
448 835 840 906 respondente,
898 836 1149 888 homines
1206 833 1562 900 inclamavit,
1606 846 1840 901 quorum
1946 848 2074 892 nus.
2108 833 2200 888 ubi
2235 848 2410 887 annos
2447 832 2727 888 sexdecim
2757 830 2919 895 sedit,
2944 830 3091 884 -dein
3125 838 3381 883 mortuus
3411 836 3517 883 est.

262 943 463 998 magno
496 927 637 998 apud
667 928 844 997 ipsum
877 937 1023 982 εωιιι
1058 933 1420 996 congregato,
1449 926 1742 997 ipsumque
1766 926 1846 979 al-
1948 924 2222 993 Tempore
2258 926 2386 979 item
2420 923 2716 979 Theodosii
2769 923 2918 992 regis
2962 920 3151 978 floruit
3185 919 3526 991 Epiphanius

264 1022 546 1090 loquente,
581 1033 706 1073 cum
747 1017 839 1071 ille
885 1017 1093 1071 nullum
1125 1018 1262 1086 ipsis
1301 1032 1623 1085 responsum
1660 1017 1846 1072 rcdde—
1947 1019 2111 1091 Cypri
2163 1020 2484 1089 episcopus.
2541 1016 2757 1071 Struxit
2813 1016 2980 1072 etiam
3037 1013 3391 1071 Theodosius
3428 1028 3526 1068 rex

266 1111 468 1172 ret,i|li
496 1126 619 1164 eum
658 1111 720 1163 ad
757 1109 1046 1179 patricium
1096 1109 1218 1163 urbi
1255 1108 1572 1178 przefeetum
1625 1110 1847 1164 nomine
1950 1109 2348 1182 Hierosolymis
2384 1109 2673 1165 ecclesiam
2726 1107 3046 1165 Jesmaniah
3090 1107 3145 1161 in
3201 1121 3309 1177 qua
3344 1107 3529 1176 sepul-
3566 1162 3575 1167 _

265 1204 614 1273 Antipatrum
647 1200 1136 1271 abduxerunt,qui
1168 1217 1293 1255 eum
1334 1203 1499 1255 etiam
1547 1202 1843 1267 allocutus,
1948 1218 2103 1257 crum
2138 1213 2257 1257 erat
2312 1213 2519 1257 sancta:
2563 1200 2766 1267 Maria),
2809 1214 2975 1270 quam
3012 1198 3299 1253 diruerunt
3345 1198 3529 1253 Persa:

267 1297 484 1365 ipsique
512 1296 751 1348 minatus
776 1301 884 1348 est.
934 1294 1026 1349 Ille
1053 1304 1233 1348 tamen
1257 1294 1392 1349 nihil
1419 1294 1724 1364 respondit.
1750 1296 1847 1349 Ac-
1949 1305 2059 1362 quo
2096 1301 2339 1360 tempore
2373 1289 2752 1361 Hierosolyma
2781 1304 2955 1359 usque
2998 1286 3226 1356 profecti
3268 1287 3529 1342 ecclesias

264 1389 428 1442 cessit
481 1387 642 1441 etiam
700 1386 767 1439 ad
812 1385 991 1455 ipsum
1045 1384 1267 1441 Marcus
1320 1387 1476 1441 urbis
1527 1386 1844 1457 episcopus,
1950 1383 2483 1453 Hierosolymitanas
2542 1382 2971 1444 destruxerunt,
3017 1381 3154 1435 adeo
3189 1386 3247 1434 ut
3296 1381 3350 1433 in
3381 1379 3529 1434 hune

264 1475 357 1544 qui
389 1474 569 1545 ipsum
598 1474 825 1538 allatus,
867 1488 968 1529 nec
997 1474 1165 1528 ullum
1205 1475 1331 1528 tulit
1370 1490 1719 1546 responsum.
1756 1476 1847 1529 Ille
1952 1490 2126 1544 usque
2154 1476 2297 1529 diem
2324 1485 2546 1530 vastatze
2579 1481 2855 1529 maneant.

262 1581 416 1636 ergo,
450 1581 561 1636 quo
604 1567 781 1635 ipsum
834 1573 1086 1630 terreret,
1125 1564 1262 1632 Nisi,
1308 1567 1507 1636 inquit,
1559 1582 1660 1622 nos
1709 1568 1847 1620 allo-
2023 1565 2194 1621 Porro
2220 1582 2364 1621 anno
2392 1566 2606 1637 imperii
2644 1564 2934 1620 Theodosii
2971 1566 3117 1629 regis
3138 1563 3350 1620 decimo
3382 1577 3529 1617 mor-

264 1658 475 1730 quaris,
527 1673 593 1711 ac
651 1657 796 1712 unde
830 1657 928 1712 tibi
965 1657 1132 1713 fuerit
1178 1674 1437 1714 nummus
1487 1660 1591 1714 iste
1638 1660 1846 1726 edicas,
1952 1669 2078 1715 tuus
2102 1666 2186 1714 est
2227 1657 2405 1713 Sabur
2445 1657 2646 1715 Saburi
2686 1658 2832 1713 filius
2864 1673 2954 1712 rex
3004 1657 3344 1723 Persarum;
3400 1666 3528 1727 post

267 1762 446 1805 morte
477 1759 531 1804 te
579 1750 962 1805 multabimus.
1024 1749 1269 1806 Necdum
1301 1759 1487 1807 tamen
1543 1753 1846 1823 respondit,
1949 1764 2110 1818 quem
2143 1749 2390 1819 regnavit
2417 1747 2651 1804 Babram
2691 1748 2892 1805 Saburi
2926 1749 3070 1805 lilius
3099 1765 3195 1806 rex
3234 1749 3528 1805 Persarum

264 1844 415 1915 loqui
444 1844 660 1899 scilicet
725 1843 980 1898 abnuens
1042 1853 1192 1898 metu
1252 1842 1409 1898 Dacii
1474 1844 1846 1915 imperatoris,
1886 1909 1920 1915 __
1952 1852 2127 1895 annos
2162 1841 2441 1905 undecim,
2486 1854 2517 1895 a
2544 1855 2654 1911 quo
2685 1849 2929 1911 tempore
2961 1841 3247 1897 fruebatur
3278 1841 3531 1899 Theodo-

265 1936 427 2006 quasi
455 1936 575 2005 ipse
607 1936 787 1989 adhuc
817 1936 1025 1989 viveret
1060 1935 1262 2005 (adhuc
1293 1937 1438 1990 enim
1476 1937 1650 2006 ipsum
1683 1938 1737 1991 in
1772 1917 1853 1990 vi-
1886 1909 1927 1963 Β
1954 1932 2019 1986 sii
2047 1947 2273 2002 regnum
2330 1935 2732 2005 tranquillitate
2776 1946 2832 1991 et
2872 1950 3008 2005 pace
3037 1976 3053 2003 ,
3100 1935 3229 1992 dein
3281 1945 3530 1989 mortuus

269 2028 352 2082 vis
402 2040 694 2095 superesse
748 2025 1023 2095 putabat).
1069 2022 1249 2095 Plagis
1281 2040 1411 2095 ergo
1443 2028 1619 2096 ipsum
1650 2025 1850 2080 alIeee-
1953 2033 2056 2077 est.
2085 2021 2332 2077 Mortuus
2355 2030 2440 2078 est
2468 2024 2635 2079 etiam
2675 2022 3024 2082 Theodosius
3058 2042 3151 2082 rex
3189 2025 3532 2083 succedenti-

267 2127 417 2183 runt,
454 2134 689 2188 quarum
747 2116 990 2172 dolorem
1026 2118 1116 2172 ubi
1148 2118 1343 2187 sensit,
1377 2116 1502 2185 Ubi,
1531 2121 1730 2188 inquit,
1767 2126 1852 2173 est
1955 2113 2056 2167 bus
2089 2113 2191 2182 ipsi
2222 2113 2452 2185 imperio
2482 2113 2612 2170 ﬁliis
2654 2116 2829 2187 ipsius
2878 2118 3112 2173 Arcadio
3163 2128 3217 2173 et
3264 2115 3529 2174 Honorio.

272 2211 469 2265 llacius
503 2210 641 2264 rex?
676 2209 1152 2280 Respondentibus
1198 2210 1308 2265 illis
1359 2208 1584 2267 Dacium
1614 2211 1853 2281 impera-
1953 2204 2245 2277 Imperavit
2271 2216 2453 2262 autem
2470 2208 2739 2265 Arcadius
2763 2209 3028 2267 Romanis
3052 2211 3531 2282 Constantinopoli

270 2312 442 2358 torem
483 2312 759 2357 mortuum
813 2317 957 2369 esse,
993 2304 1306 2373 multosque
1344 2311 1469 2374 post
1514 2303 1692 2373 ipsum
1749 2304 1852 2357 im-
1956 2310 2132 2352 annos
2160 2297 2428 2353 tredecim
2463 2316 2478 2365 ;
2519 2297 2691 2354 frater
2717 2316 2846 2355 vero
2892 2301 3066 2370 ipsius
3104 2301 3381 2356 Honorius
3411 2303 3533 2356 urbi

270 2399 421 2466 perio
452 2398 656 2467 potitos
684 2411 865 2465 reges,
894 2396 1208 2467 Christique
1239 2397 1399 2453 ﬁdem
1431 2397 1765 2462 obtinuisse,
1797 2407 1852 2453 et
1959 2390 2142 2443 liouize
2176 2406 2353 2445 annos
2377 2392 2632 2445 undecim
2665 2409 2680 2457 ;
2726 2393 2886 2463 idque
2915 2409 3057 2450 anno
3092 2395 3243 2466 regni
3274 2394 3531 2450 Bahrami

269 2490 496 2561 quijam
531 2491 829 2561 imperaret
861 2487 1233 2545 Theodosium
1284 2488 1535 2558 Magnum
1562 2506 1701 2553 esse,
1735 2498 1848 2545 tum
1956 2484 2054 2538 lilii
2123 2484 2351 2555 Saporis
2397 2485 2691 2541 Persarum
2749 2489 2894 2558 regis
2943 2491 3200 2560 septimo.
3259 2493 3533 2547 Arcadius

271 2584 490 2636 sublato
520 2591 668 2636 metu
704 2581 889 2636 omnia
921 2597 1044 2651 qua:
1078 2582 1181 2636 sibi
1214 2582 1555 2637 accidissent
1582 2583 1847 2636 narravit.
1954 2587 2133 2632 autem
2170 2593 2260 2631 rex
2287 2589 2680 2649 praeceptorem
2705 2579 3062 2653 537-539
3082 2599 3241 2639 suum
3268 2586 3532 2640 Arsauem
3598 2564 3603 2567 Δ

272 2676 427 2730 ΙΙΙιιιη
460 2690 591 2743 ergo
618 2674 687 2728 ad
717 2675 1036 2745 speluncam
1070 2676 1320 2731 comitati
1357 2675 1430 2730 ibi
1464 2677 1645 2732 socios
1677 2673 1872 2747 ipsius'
1954 2670 2022 2725 ad
2050 2686 2239 2727 necem
2278 2672 2531 2741 quazsivit
2557 2687 2670 2742 prae
2696 2688 2761 2728 eo
2788 2672 2934 2743 quod
2965 2690 3095 2746 erga
3134 2677 3309 2746 ipsum
3339 2678 3394 2732 in
3418 2679 3538 2731 ani-

271 2774 700 2835 conspexerunt,
754 2780 855 2819 nec
906 2780 1011 2819 non
1054 2780 1238 2820 arcam
1277 2780 1485 2821 amcam
1525 2777 1853 2836 repererunt
1956 2778 2046 2817 tuo
2082 2764 2308 2833 gerebat
2343 2766 2491 2819 odio.
2522 2764 2701 2835 Cujus
2732 2766 2808 2819 rei
2844 2767 3045 2822 certior
3080 2767 3258 2823 factus
3291 2769 3533 2825 Arsanes

270 2860 432 2927 eique
498 2859 765 2911 inclusam
829 2858 1086 2910 laminam
1144 2857 1453 2926 plumbeam
1510 2857 1561 2910 in
1596 2873 1703 2927 qua
1751 2860 1851 2913 de-
1954 2852 2347 2909 Alexandriam
2378 2854 2593 2926 fugiens
2620 2857 3014 2913 monachatum
3050 2860 3336 2930 professus
3368 2871 3454 2918 est
3482 2864 3534 2916 in

272 2957 472 3018 Srt‘tplu
508 2957 628 3003 erat
687 2949 931 3018 ipsorum
980 2948 1234 3013 historia,
1270 2961 1323 3003 et
1379 2950 1513 3019 quid
1556 2949 1689 3019 ipsis
1727 2966 1849 3005 cuin
1957 2946 2294 3000 monasmrio
2328 2946 2573 3015 quodam
2639 2949 2779 3017 quod
2826 2948 2880 3002 in
2933 2949 3071 3004 valle
3119 2948 3354 3015 llobaib.
3383 2951 3539 3021 iuxta

274 3041 606 3113 imperatore
652 3040 1006 3112 533-535
1062 3040 1226 3096 Dacio
1259 3041 1610 3112 contigisset,
1657 3042 1854 3098 litteris
1957 3033 2194 3099 Tarnut,
2228 3038 2393 3092 situm
2425 3048 2530 3101 est,
2565 3047 2620 3093 et
2670 3039 2827 3094 Askit
2869 3027 3225 3116 appellatum.
3268 3044 3539 3098 Arcadius

279 3132 573 3188 mandante
605 3130 866 3187 Tadduso
899 3131 1048 3185 Daeii
1086 3133 1438 3202 imperatoris
1475 3133 1731 3201 patricio.
1760 3130 1853 3187 llis
1960 3126 2161 3184 deinde
2200 3139 2329 3185 nato
2375 3131 2480 3186 sibi
2526 3132 2660 3200 filio,
2719 3134 2804 3188 cui
2834 3132 3128 3190 Theodosii
3164 3150 3363 3190 nomen
3396 3136 3542 3190 imii-

276 3223 330 3279 in
375 3240 646 3280 summam
687 3224 1109 3279 admirationem
1179 3226 1318 3292 rapti
1378 3224 1443 3278 ad
1477 3222 1849 3279 Theodosium
1881 3259 1924 3317 Ο
1958 3221 2059 3287 dit,
2126 3225 2390 3278 Arsanem
2453 3236 2847 3296 praeceptorem
2885 3243 3046 3282 suum
3113 3233 3326 3298 rogavit
3386 3237 3444 3284 ut
3484 3241 3539 3285 et

274 3332 457 3386 regem
513 3317 726 3370 litteras
759 3318 1095 3385 scripserunt
1127 3317 1329 3385 quibus
1379 3332 1503 3371 eum
1542 3320 1735 3369 harum
1768 3331 1854 3368 re-
1893 3313 1923 3317 '
1962 3313 2130 3366 filium
2159 3328 2319 3368 suum
2354 3315 2613 3381 doceret;
2645 3331 2879 3388 cumque
2912 3317 3016 3389 ipsi
3042 3320 3355 3375 nuntiatum
3394 3334 3541 3377 esset

277 3423 398 3461 rum
425 3407 718 3461 certiorem
743 3407 1122 3461 reddiderunt.
1151 3406 1255 3472 Qui
1278 3423 1409 3479 ergo
1433 3422 1744 3463 conscenso
1768 3422 1858 3461 ve—
1959 3404 2135 3474 ipsum
2161 3406 2215 3459 in
2241 3404 2536 3477 Egyptum
2565 3407 2691 3478 fuga
2713 3410 2955 3480 elapsum
2980 3412 3147 3465 vitam
3178 3417 3536 3470 monasticam

278 3499 411 3553 redo
456 3500 645 3553 urbem
686 3497 958 3568 Ephesum
1015 3506 1203 3568 petens
1242 3498 1316 3553 ibi
1367 3499 1490 3554 illos
1524 3507 1579 3555 et
1620 3500 1755 3555 vidit
1805 3511 1859 3555 et
1959 3497 2029 3552 ibi
2066 3497 2123 3552 in
2171 3501 2519 3553 ttionasterio
2547 3498 2705 3555 Askit
2732 3502 3001 3571 profiteri,
3027 3504 3177 3558 misit
3208 3517 3327 3574 post
3359 3507 3539 3577 ipsum

276 3591 591 3646 collocutus
635 3603 742 3647 est.
808 3593 880 3644 At
912 3592 1089 3648 tribus
1125 3600 1247 3662 post
1276 3592 1490 3658 diebus,
1522 3609 1645 3649 cum
1673 3594 1740 3648 ad
1775 3593 1859 3664 ip.
1961 3589 2056 3660 qui
2085 3598 2142 3645 et
2179 3591 2300 3645 vitat
2349 3601 2606 3646 securum
2633 3607 2757 3648 esse
2784 3593 3028 3662 juberet.
3056 3595 3320 3652 Renuens
3356 3607 3536 3653 autem

279 3697 374 3738 sos
404 3683 461 3737 in
492 3684 810 3753 speluncam
858 3685 1138 3749 introiret,
1173 3684 1325 3756 ipsos
1355 3685 1468 3753 jam
1502 3695 1749 3741 mortuos
1776 3687 1861 3740 iu-
1964 3682 2207 3736 Arsanes
2250 3678 2488 3754 [venire]
2535 3685 2733 3738 nuntio
2778 3686 3064 3743 blanditus
3090 3697 3172 3742 est
3207 3694 3343 3743 adeo
3376 3699 3433 3743 ut
3467 3690 3539 3743 ab

278 3775 451 3831 venit.
486 3773 658 3832 Jussit
688 3791 820 3848 ergo
868 3792 939 3831 ne
1004 3776 1130 3832 inde
1186 3780 1582 3844 educerentur,
1647 3779 1742 3834 sed
1803 3780 1856 3835 in
1958 3773 2081 3843 ipso
2112 3772 2436 3829 discederet.
2470 3775 2678 3833 Deinde
2728 3789 2978 3833 metuens
3019 3795 3087 3835 ne
3116 3783 3359 3836 mitteret
3389 3779 3535 3853 [rex]

282 3868 402 3937 ipsa
455 3869 718 3938 spelunca
774 3869 1015 3939 sepeliri,
1050 3880 1105 3924 et
1142 3884 1309 3941 super
1361 3871 1514 3940 ipsos
1564 3872 1855 3927 ecclesiam
1961 3867 2138 3934 quivi
2175 3864 2354 3935 ipsum
2389 3865 2755 3934 abducerent,
2809 3866 3038 3925 Saidum
3090 3869 3307 3943 Aigypti
3356 3872 3542 3941 profe-

279 3958 480 4013 struxit
507 3974 629 4028 quae
665 3962 910 4030 ipsorum
958 3960 1181 4016 nomine
1220 3961 1479 4032 insignita
1505 3971 1611 4026 est,
1667 3977 1732 4017 ac
1779 3960 1856 4016 fe.
1961 3966 2082 4010 ctus
2133 3956 2203 4010 ibi
2276 3959 2328 4010 in
2367 3967 2552 4012 monte
2607 3956 2902 4015 Mokattam
2937 3974 2969 4016 e
3000 3962 3220 4037 regione
3271 3963 3377 4017 vici
3406 3964 3543 4018 dicti

282 4061 427 4105 stum
465 4051 518 4105 in
565 4052 806 4121 ipsorum
833 4051 1067 4122 gratiam
1086 4053 1398 4109 institutum
1423 4068 1487 4108 eo
1512 4054 1596 4109 die
1625 4062 1860 4123 quotan-
1963 4047 2103 4102 'l‘ura
2140 4048 2420 4113 habitavit,
2448 4049 2535 4104 ubi
2561 4058 2849 4121 postquam
2878 4062 2990 4107 tres
3009 4067 3181 4111 annos
3205 4054 3544 4110 substitisset

278 4143 368 4195 nis
418 4142 775 4196 celebratur:
810 4144 935 4198 dein
996 4143 1540 4214 Constantinopolim
1604 4159 1861 4217 reversus
1963 4150 2214 4193 tuortttus
2251 4147 2362 4194 est.
2397 4138 2535 4194 Tum
2573 4157 2703 4197 vero
2728 4145 2900 4198 alium
2952 4147 3207 4201 nuntium
3248 4147 3397 4202 misit
3442 4151 3546 4201 Ar-

278 4243 362 4286 cti,
389 4230 731 4288 Theodosius
754 4249 871 4288 rex,
1963 4231 2155 4285 eadius
2190 4247 2279 4287 rex
2312 4232 2404 4302 qui
2443 4249 2568 4288 eum
2599 4234 2648 4289 vi
2681 4236 2999 4303 adduceret,
3028 4238 3117 4292 cui
3149 4253 3275 4293 cum
3316 4242 3384 4295 ad
3419 4256 3541 4295 mo~

348 4322 468 4378 Jam
501 4338 531 4376 a
568 4332 836 4392 tempore,
882 4341 992 4395 quo
1027 4340 1055 4379 a
1092 4325 1258 4381 Dacio
1313 4328 1645 4398 imperatore
1708 4328 1864 4399 fuge-
1966 4323 2273 4378 uasterium
2324 4307 2482 4380 Askit
2514 4332 2855 4397 pervenisset
2886 4332 3197 4386 nuntiatum
3224 4342 3329 4398 est,
3361 4336 3535 4387 Arsa-

279 4426 409 4469 runt
443 4417 594 4486 pueri
630 4416 720 4471 isti
752 4416 806 4470 in
840 4420 1157 4485 speluncam
1203 4425 1368 4488 atque
1416 4418 1471 4473 in
1504 4435 1568 4474 ea
1610 4419 1862 4475 dormie-
1967 4432 2089 4470 nem
2144 4415 2259 4486 jam
2298 4420 2352 4471 in
2389 4428 2574 4475 monte
2628 4418 2922 4475 Mokattam
2954 4438 2984 4477 e
3012 4423 3151 4478 vivis
3213 4425 3540 4481 excessissm

281 4516 432 4574 runt,
465 4508 530 4560 ad
558 4518 773 4577 tempus
796 4525 903 4577 quo
935 4524 1152 4564 rursum
1171 4519 1546 4580 apparuerunt
1571 4508 1635 4563 ac
1660 4512 1864 4564 mortui
1969 4507 2254 4565 Reversus
2283 4526 2412 4581 ergo
2442 4515 2669 4568 nuntius
2700 4514 2832 4569 illud
2871 4516 2981 4586 regi
3013 4518 3273 4572 narravit.
3308 4518 3420 4573 Rex
3448 4519 3549 4588 igi-

280 4608 436 4663 sunt,
460 4597 618 4666 juxta
660 4597 794 4652 illud
823 4599 971 4668 quod
999 4601 1051 4653 in
1091 4601 1315 4655 historia
1348 4601 1591 4683 martyrii
1619 4601 1865 4668 ipsorum
1900 4604 1944 4663 υ
1974 4611 2063 4654 tur
2102 4604 2275 4658 misso
2305 4605 2574 4658 monacho
2608 4606 2694 4660 cui
2727 4621 2924 4661 nomen
2954 4605 3202 4674 Trasius,
3230 4624 3403 4679 eoque
3427 4611 3549 4677 opi-

281 4690 540 4760 legimus,
594 4691 722 4743 anni
778 4699 906 4745 sunt
953 4698 1258 4745 tercentum
1325 4693 1670 4763 septuaginta
1725 4694 1855 4747 duo.
1968 4696 2415 4763 bus-instructo,
2450 4694 2597 4752 Vade
2627 4698 2852 4769 (inquit)
2886 4711 2942 4755 et
2992 4717 3158 4773 super
3200 4705 3430 4760 Arsanis
3459 4714 3541 4758 tu-

281 4779 454 4835 Porro
485 4793 629 4835 anno
658 4781 870 4849 imperii
914 4780 1205 4836 Theodosii
1240 4780 1424 4864 Magni
1455 4782 1671 4838 decimo
1698 4783 1859 4837 tertio
1964 4787 2114 4840 mulo
2175 4788 2574 4842 monasterium
2625 4800 2848 4846 exstrue
2892 4793 3036 4862 quod
3094 4793 3269 4863 ipsius
3325 4796 3548 4851 nomine

284 4872 625 4928 constitutus
675 4873 764 4928 eSt
799 4872 1030 4927 Siricius
1078 4874 1390 4943 patriarcha
1425 4872 1730 4939 Romanus,
1766 4875 1861 4944 qui
1966 4878 2290 4948 appelletur.
2327 4878 2608 4935 Profectus
2643 4898 2774 4951 ergo
2797 4883 3023 4941 Trasius
3052 4885 3349 4958 AZgyptum
3379 4904 3547 4956 super

283 4964 574 5020 duodecim
610 4979 788 5020 annos
822 4965 984 5031 sedit,
1018 4966 1146 5020 dein
1174 4976 1426 5023 mortuus
1461 4976 1566 5021 est.
1601 4967 1858 5038 Ejusdem
1975 4968 2205 5022 Arsanis
2259 4965 2424 5040 540
2473 4971 2727 5041 sepulcro
2788 4977 3181 5031 monasterium
3234 4978 3545 5039 exstruxit.

285 5056 498 5126 imperii
530 5070 675 5109 anno
703 5057 921 5110 decimo
954 5061 1189 5125 septimo
1236 5069 1488 5114 mortuus
1537 5070 1620 5113 est
1654 5058 1861 5112 Nekta-
1967 5061 2114 5128 quod
2148 5059 2201 5112 in
2244 5069 2427 5116 monte
2455 5061 2748 5117 Mokattam
2782 5068 2951 5121 situm
2982 5075 3069 5124 est
3104 5077 3157 5122 et
3195 5068 3291 5124 Dic
3323 5069 3546 5126 Alkasir

285 5151 405 5201 rius
448 5147 759 5216 patriarcha
802 5148 1474 5218 Coostantinopolitanus,
1508 5151 1600 5220 qui
1660 5151 1858 5205 ibidem
1960 5164 2145 5231 ~usque
2171 5151 2407 5206 adhunc
2444 5153 2587 5207 diem
2618 5158 2941 5225 appellatur.

288 5253 510 5291 tuunere
527 5239 879 5306 patriarebali
905 5239 1128 5294 functus
1158 5246 1335 5294 luerat
1360 5256 1531 5296 annos
1555 5243 1859 5296 sexdecim.
2043 5239 2214 5297 Porro
2243 5245 2294 5296 in
2327 5242 2566 5314 Aigypto
2598 5249 2890 5317 episcopus
2919 5250 3141 5319 quidam
3169 5253 3409 5309 moriens
3439 5262 3550 5309 tres

290 5331 417 5383 l‘ost
452 5346 610 5400 quem
648 5333 957 5400 patriarcha
982 5330 1621 5401 Constantinopolitanus
1658 5332 1866 5388 consti-
1978 5332 2117 5388 filios
2151 5337 2372 5406 reliquit
2401 5338 2493 5407 qui
2532 5339 2697 5393 vitam
2726 5345 3080 5397 monasticam
3113 5343 3347 5414 professi
3370 5345 3547 5401 Λειιὶιί

289 5431 441 5476 tutus
464 5431 549 5474 est
574 5420 816 5476 Joannes
847 5424 1295 5492 Chrysostomus,
1328 5426 1422 5491 qui
1452 5439 1578 5478 cum
1605 5425 1678 5479 ibi
1700 5427 1867 5495 quin-
1974 5425 2258 5491 sederunt,
2291 5444 2523 5496 quarunt
2558 5446 2726 5483 unum
2762 5433 3030 5486 adscitum
3074 5431 3415 5503 Theophilus
3450 5454 3551 5508 pa-

292 5528 399 5579 que
432 5525 606 5566 annos
635 5520 688 5567 et
716 5510 905 5567 decem
955 5529 1178 5569 menses
1202 5512 1367 5584 536
1418 5516 1760 5572 substitisset
1808 5517 1866 5572 in
1976 5518 2215 5571 triareia
2233 5520 2642 5575 Alexandrinus
2667 5522 2984 5592 cpiscOpum
3018 5526 3072 5579 in
3099 5526 3307 5595 aliquot
3325 5527 3550 5600 Egypti

290 5599 538 5653 exsilium
562 5603 754 5669 pulsus
785 5604 836 5655 in
864 5603 1056 5657 eodem
1104 5612 1354 5659 mortuus
1381 5614 1487 5659 est.
1521 5608 1873 5677 Annoimpe.
1978 5610 2143 5666 urbes
2178 5611 2485 5676 constituit,
2545 5612 2785 5681 reliquos
2831 5616 2969 5669 duos
3014 5614 3280 5672 diaconos
3330 5621 3550 5689 sibique

295 5691 359 5740 rti
389 5690 627 5753 ejusdem
659 5703 814 5746 sexto
847 5705 1068 5747 creatus
1092 5704 1178 5748 est
1208 5693 1506 5750 Flavianus
1555 5699 1865 5766 patriarcha
1980 5701 2311 5771 discipulos;
2346 5705 2439 5774 qui
2472 5720 2602 5774 ergo
2625 5704 2932 5774 Theophila
2957 5708 3281 5775 patriarchae
3314 5710 3550 5764 Alexan-

280 5777 692 5867 -Antiochenus,
722 5783 819 5850 qui
853 5799 979 5839 cum
1015 5800 1107 5839 sex
1138 5799 1316 5843 annos
1354 5788 1584 5846 sedisset
1620 5804 1870 5849 mortuus
1981 5794 2144 5849 drino
2176 5794 2549 5851 inservierunt
2591 5814 2608 5855 ;
2641 5806 2696 5851 at
2720 5798 2907 5867 elapso
2938 5800 3175 5856 triennio
3207 5802 3405 5856 iterum
3439 5802 3547 5857 As-

303 5873 409 5916 εδί·
445 5864 603 5918 Amm
659 5871 908 5934 el'usdem
943 5875 1276 5931 duodecimo
1321 5876 1500 5932 factus
1547 5892 1629 5937 est
1663 5884 1870 5946 Barku-
1981 5892 2157 5947 idtum
2193 5890 2397 5948 reverti
2425 5889 2728 5959 cupientes,
2761 5864 2887 5945 cum
2920 5891 3070 5962 ipsos
3095 5893 3149 5949 id
3187 5893 3370 5951 facere
3401 5906 3547 5951 veta-
