4076 6394
428 372 566 439 11129
604 410 614 419 -

1836 376 2219 439 ANNALES.

3566 393 3708 459 1030
3759 406 3764 411 ’

423 502 507 546 ret
559 489 932 562 Theophilus,
989 490 1109 546 sine
1140 489 1318 562 ipsius
1369 492 1646 563 permissu
1705 491 2083 557 abierunt;A
2117 499 2227 546 tem
2260 491 2684 565 Chrysostomus
2732 495 2805 549 ad
2850 496 3220 568 Epiphanium
3270 499 3436 572 Cypri
3486 506 3707 575 episco.

423 595 588 652 qnam
616 581 686 637 ob
719 596 943 638 causam
976 581 1111 652 ipsis
1171 581 1517 637 Eucharistia
1561 586 1627 637 ad
1676 591 1791 637 tres
1834 597 2011 637 annos

426 669 732 727 interdixit.
825 672 907 727 llli
986 687 1117 745 ergo
1193 673 1464 730 Joannem
1550 672 2009 746 Chrysostomum

426 763 689 819 adeuntes
742 765 923 835 ipsum
981 773 1243 835 rogarunt
1275 775 1335 820 ut
1390 755 1459 821 ad
1492 763 1859 836 Theophilum
1915 779 2012 835 pa—

423 859 727 915 triarcham
761 858 1198 912 Alexandrinum
1248 858 1461 915 litteras
1507 859 1777 913 scriberet
1808 857 2010 928 quibus

427 952 498 1006 ab
529 950 623 1005 illo
648 959 859 1022 peteret
892 959 951 1005 ut
979 950 1112 1022 ipsis
1141 934 1500 1006 Eucharistizc
1532 951 1746 1022 copiam
1784 951 2009 1007 faceret.

424 1046 667 1102 Joannes
692 1061 821 1115 ergo
857 1045 1290 1119 Chrysostomus
1327 1046 1513 1103 missis
1548 1060 1646 1117 per
1678 1048 1830 1118 ipsos
1863 1047 2011 1103 litte-

429 1143 507 1197 ris
542 1122 611 1196 ad
646 1139 1011 1211 Theophilum
1048 1138 1416 1209 patriarcham
1447 1138 1888 1195 Alexandrinum
1916 1154 2008 1196 ro-

424 1232 570 1305 gavit
643 1233 796 1288 illum
868 1241 928 1288 ut
989 1247 1113 1286 cum
1174 1231 1310 1302 ipsis
1362 1231 1413 1285 in
1472 1232 1703 1303 gratiam
1774 1230 2006 1288 rediret.

422 1321 576 1389 Quod
629 1339 754 1378 cum
802 1323 894 1377 ille
925 1322 1104 1378 lacere
1150 1324 1344 1390 nollet,
1384 1322 1591 1380 reversi
1636 1323 1834 1378 iterum
1880 1331 2009 1378 sunt

422 1419 489 1470 ad
545 1415 813 1471 Joannem
872 1414 1358 1487 Chrysostomum,
1411 1416 1504 1486 qui
1557 1416 1710 1486 ipsos
1759 1414 1827 1470 ad
1899 1414 2008 1470 Eu-

421 1510 746 1564 charistiam
801 1509 1067 1565 accedere
1111 1509 1303 1580 jussit.
1360 1507 1493 1565 Orta
1542 1516 1627 1564 est
1678 1523 1811 1578 ergo
1862 1507 2009 1563 inter

422 1603 787 1675 Theophilum
815 1604 1180 1675 patriarcham
1208 1601 1639 1657 Alexandrinum
1662 1611 1715 1657 et
1737 1599 2005 1656 Joannem

420 1697 883 1768 Chrysostomum
919 1694 1196 1750 simultas.
1243 1695 1420 1749 Porro
1461 1693 1566 1748 fuit
1608 1702 1854 1763 tempore
1901 1691 2006 1745 Ar-

421 1790 563 1843 cadii
602 1786 977 1843 Romanorum
1009 1789 1380 1859 imperatoris,
1406 1787 1488 1842 vir
1513 1786 1736 1857 quidam
1780 1784 2006 1841 nomine

354 1910 369 1923 -
423 1881 842 1951 Theognostes,
906 1881 1106 1952 Opibus
1168 1881 1497 1946 abundans,
1548 1879 1639 1934 cui
1696 1879 2007 1937 invidentes

422 1971 778 2045 551-553
811 1973 1058 2028 nonnulli
1083 1983 1270 2027 contra
1302 1974 1477 2041 ipsum
1515 1972 1657 2043 apud
1704 1986 1884 2042 regem
1923 1981 2005 2026 te-

421 2065 742 2120 stimonium
774 2064 949 2127 tulere
991 2064 1170 2136 ipsum
1212 2064 1371 2119 (idem
1402 2065 1729 2135 abnegasse,
1781 2066 2008 2137 regique

422 2159 791 2213 conviciatum
861 2159 1083 2215 fuisse:
1140 2173 1306 2229 quam
1369 2158 1441 2215 ob
1480 2172 1704 2213 causam
1757 2174 1853 2213 rex
1887 2159 2007 2231 ipso

423 2250 477 2306 in
532 2252 789 2306 exsilium
840 2253 1001 2322 pulso
1055 2252 1197 2307 bona
1257 2253 1382 2324 ejus
1440 2252 1688 2322 diripuit.
1745 2251 2005 2323 Ejusdem

425 2344 579 2397 uxori
612 2344 768 2399 vinea
822 2343 925 2398 l'uit
956 2359 1053 2415 per
1086 2359 1250 2416 quam
1302 2345 1576 2401 transiens
1616 2344 1858 2402 Eudoxia
1916 2362 2005 2402 re-

422 2431 571 2500 gina,
608 2430 680 2485 ob
727 2431 900 2502 ipsius
950 2433 1421 2502 pulchritudinem
1460 2436 1804 2506 concupivit.
1836 2435 2007 2508 Cujus

420 2529 568 2577 esset
620 2536 753 2592 ergo
803 2536 928 2577 cum
979 2532 1249 2595 rogasset,
1281 2524 1491 2579 dictum
1540 2535 1625 2580 est
1672 2526 1774 2596 ipsi
1817 2529 2008 2581 uxoris

420 2629 545 2668 esse
574 2613 858 2682 cujusdam
911 2631 940 2670 a
976 2630 1101 2687 rege
1130 2617 1185 2671 in
1214 2616 1469 2673 exsilium
1499 2617 1665 2687 pulsi.
1686 2616 1824 2674 Tum
1867 2622 1959 2675 illa
1990 2637 2005 2675 :

420 2708 594 2773 Quam
627 2709 817 2763 vellem
858 2707 1081 2780 (inquit)
1115 2717 1176 2763 ut
1204 2708 1340 2763 mihi
1373 2719 1540 2776 esset,
1572 2726 1682 2780 quo
1724 2711 1780 2766 in
1829 2713 2005 2783 ipsam

426 2815 512 2852 me
554 2800 939 2857 oblectationis
974 2815 1141 2856 causa
1173 2801 1477 2871 reciperem
1511 2802 1526 2857 l
1577 2803 2003 2874 Responderunt

420 2909 452 2947 e
478 2892 753 2963 praefectis
786 2893 1059 2949 nonnulli:
1096 2894 1245 2961 Regii
1274 2895 1414 2965 juris
1442 2904 1526 2951 est
1554 2907 1610 2950 ut
1638 2898 2009 2969 quodcunque

420 2986 722 3041 calcaverit
768 3002 862 3057 pes
907 2990 1114 3059 regius,
1155 2988 1295 3042 illud
1330 2990 1435 3057 ipsi
1462 2993 1550 3046 sit.
1591 2990 1806 3057 Quibus
1837 2993 2001 3046 audi-

419 3079 492 3134 tis
543 3080 760 3134 vineam
822 3081 928 3136 sibi
975 3081 1271 3151 occupavit
1319 3084 1533 3152 regina.
1589 3083 1787 3140 Mulier
1817 3095 2001 3141 autem

422 3173 525 3227 ista
589 3188 619 3226 a
675 3171 889 3229 Joanne
927 3172 1326 3245 Chrysostomo
1379 3191 1535 3246 opem
1588 3177 1765 3247 petiit,
1812 3180 1904 3249 qui
1933 3182 2000 3234 ad
2031 3211 2076 3273 α

420 3264 662 3335 reginam
689 3263 1102 3334 mittensjussit
1131 3273 1187 3320 ut
1209 3267 1424 3321 vineam
1456 3269 1689 3323 dominae
1717 3284 1833 3325 suae
1874 3270 2003 3325 red-

420 3357 593 3422 deret,
629 3358 718 3412 illa
750 3373 882 3413 vero
917 3358 1095 3413 noluit
1122 3375 1138 3425 ;
1172 3374 1412 3430 cumque
1439 3359 1507 3415 de.
1537 3375 1601 3415 ea
1635 3377 1694 3416 re
1714 3363 1891 3434 ipsam
1923 3364 2002 3419 al-

420 3453 739 3519 loqueretur
795 3450 1219 3521 haudquaquam
1267 3453 1573 3523 respondit.
1622 3455 1765 3510 Tum
1809 3455 1904 3513 Dei
1938 3459 2007 3512 ti-

419 3559 627 3599 morem
687 3545 793 3613 ipsi
854 3544 1128 3601 incntiens
1155 3562 1168 3599 :
1195 3546 1339 3602 Cave
1372 3548 1599 3618 (inquit)
1633 3564 1702 3604 ne
1725 3550 1823 3605 tibi
1855 3551 2005 3608 acci-

418 3636 510 3691 dat
536 3637 678 3708 quod
731 3638 931 3694 lzebeli
972 3639 1150 3694 Ahabi
1184 3642 1331 3711 regis
1361 3640 1582 3697 lsraelis
1616 3645 1773 3698 uxori
1826 3646 2004 3700 conti—

418 3730 536 3800 git;
578 3738 634 3783 at
676 3730 770 3784 illa
804 3729 950 3784 nulla
987 3730 1183 3785 horum
1232 3732 1447 3788 ratione
1503 3734 1688 3790 habita
1735 3734 2000 3792 Joannem

420 3822 624 3892 palatio
649 3838 751 3877 suo
783 3823 910 3893 pelli
939 3823 1126 3888 jussit,
1159 3820 1402 3879 Joannes
1430 3840 1561 3895 ergo
1597 3828 1773 3883 tristis
1817 3842 2003 3883 rever-

417 3930 535 3976 sus,
568 3914 836 3969 diaconos
868 3914 1056 3983 jussit,
1099 3929 1224 3969 cum
1262 3910 1553 3971 accederet
1594 3919 1780 3988 regina
1826 3921 2003 3975 eccle-

417 4011 556 4063 siam
593 4010 880 4060 introitma
905 4048 919 4072 ,
956 4016 1143 4076 portas
1188 4009 1289 4077 ipsi
1319 4009 1649 4075 occ-ludere;
1692 4011 1840 4081 quod
1873 4027 1997 4067 cum

421 4101 706 4167 fecissent,
740 4101 903 4155 rediit
928 4102 1115 4169 regina
1143 4102 1222 4155 ira
1265 4113 1558 4155 commota.
1594 4101 1696 4173 [Eo
1729 4104 2000 4178 tempore]

417 4202 535 4249 erat
563 4193 928 4263 Epiphanius,
949 4191 1111 4265 Cypri
1159 4196 1475 4263 episcopus,
1500 4194 1997 4264 Constantinopoli,

418 4286 768 4357 negotiorum
798 4286 1007 4353 aliquot
1040 4288 1182 4355 apud
1218 4300 1400 4356 regem
1434 4282 1599 4359 544
1618 4286 2003 4354 perﬁciendo-

421 4391 539 4430 rum
577 4376 772 4446 gratia.
801 4374 903 4445 Ipsi
934 4391 1063 4448 ergo
1095 4379 1364 4432 accersito
1398 4377 1535 4431 dixit
1569 4379 1754 4449 regina
1785 4394 1798 4432 :
1834 4377 2005 4434 Joan-

416 4482 515 4523 nes
559 4467 988 4539 Chrysostomus
1033 4470 1253 4523 veritati
1300 4471 1680 4538 contradicit,
1726 4473 2004 4540 rebusque

2123 600 2253 655 pum
2305 585 2553 643 scribens
2581 589 2727 649 :Tu.
2758 589 2982 661 (inquit)
3019 592 3314 664 Epi‘phani,
3346 598 3400 650 in
3450 600 3704 655 exsilium

2120 691 2302 733 meum
2330 681 2666 738 consensisti
2702 697 2766 737 ac
2791 685 3128 740 contrariam
3168 688 3299 744 mihi
3326 705 3548 760 operam
3591 709 3696 747 na-

2118 770 2284 833 vasti,
2317 769 2511 826 dicens
2556 772 2625 828 de
2664 790 2749 830 me
2775 775 2924 845 quod
2946 778 3178 835 minime
3218 790 3270 836 te
3302 781 3510 837 decuit.
3548 784 3705 839 Scias

2118 875 2249 935 ergo
2279 871 2334 919 te
2353 879 2703 936 nequaquam
2732 868 2800 922 ad
2836 870 3179 940 provinciam
3227 883 3376 929 tuam
3407 891 3707 947 perventu-

2118 969 2241 1011 rum
2274 967 2568 1029 antequam
2607 976 2639 1015 e
2681 961 2888 1016 mundo
2936 966 3259 1022 excesseris.
3306 968 3406 1023 Cui
3472 970 3577 1025 hoc
3627 987 3714 1025 rc-

2124 1063 2391 1118 sponsum
2430 1050 2669 1107 reddidit
2725 1053 3074 1126 Epiphanius
3119 1059 3210 1113 :0
3258 1057 3526 1127 Joannes,
3569 1062 3715 1116 nihil

2127 1143 2277 1197 aliud
2308 1160 2469 1214 quam
2500 1147 2683 1201 omnia
2712 1147 2854 1204 bona
2894 1150 2961 1206 de
2998 1158 3053 1207 te
3078 1151 3218 1219 dixi,
3258 1169 3324 1210 ac
3357 1163 3527 1210 totam
3570 1172 3708 1226 ope-

2117 1250 2234 1289 ram
2265 1251 2463 1301 meam,
2499 1251 2769 1307 quantum
2818 1241 2972 1312 potui
3020 1243 3319 1299 maximam
3354 1245 3711 1321 555-557

2118 1328 2219 1382 tibi
2271 1329 2513 1399 impendi
2556 1339 2612 1386 et
2656 1332 2724 1386 ad
2772 1334 2975 1389 malum
3020 1350 3053 1391 a
3095 1346 3146 1392 te
3192 1341 3548 1395 avertendum
3587 1342 3714 1396 dili-

2117 1417 2360 1488 gentiam
2389 1421 2642 1486 adhibui,
2681 1439 2805 1493 qme
2838 1434 3024 1481 tamen
3067 1425 3279 1484 frustra
3325 1430 3444 1484 l‘nit.
3469 1430 3573 1498 Qui
3611 1447 3709 1487 au-

2117 1516 2223 1565 tem
2254 1526 2495 1582 praesens
2516 1522 2603 1570 est
2624 1516 2773 1571 videt
2790 1532 2911 1587 quae
2951 1533 3060 1573 non
3082 1519 3230 1575 videt
3259 1520 3481 1578 absens.
3503 1523 3712 1590 Quem-

2115 1603 2411 1658 admodum
2466 1617 2648 1662 autcm
2697 1616 2756 1662 tu
2807 1608 2940 1663 mihi
2999 1611 3258 1683 impingis
3305 1628 3368 1670 ea
3424 1630 3548 1685 qua:
3606 1631 3713 1671 nec

2117 1695 2269 1763 novi,
2329 1712 2431 1753 nec
2479 1697 2617 1765 dixi,
2651 1700 2729 1755 ita
2763 1701 2910 1756 scias
2955 1711 3008 1758 te
3054 1718 3170 1759 non
3215 1714 3609 1772 perventurum
3638 1710 3708 1764 ad

2118 1788 2296 1844 locum
2323 1791 2501 1845 exsilii
2538 1793 2612 1847 ιιιὶ
2641 1807 2749 1862 quo
2769 1793 3045 1864 relegatus
3077 1810 3162 1863 es,
3187 1809 3478 1866 antequam
3505 1813 3537 1852 e
3570 1799 3711 1855 vivis

2036 1864 2082 1921 Β
2115 1880 2456 1939 discesseris.
2480 1881 2600 1938 Jam
2626 1899 2753 1941 vero
2776 1885 3112 1957 Epiphanius
3129 1864 3364 1960 Cyprum
3394 1890 3627 1947 tendens
3651 1892 3710 1947 in

2113 1974 2236 2029 navi
2260 1985 2510 2031 mortuus
2534 1977 2883 2045 esl,dimidio
2900 1978 3035 2046 diei,
3059 1988 3351 2051 antequam
3374 1997 3439 2037 eo
3458 1985 3713 2054 perveni-

2110 2075 2216 2133 ret,
2252 2069 2452 2137 spatio.
2484 2067 2726 2126 Joannes
2750 2077 2931 2126 autem
2964 2071 3394 2144 Chrysostomus
3413 2084 3706 2146 antequam

2110 2173 2178 2215 eo
2211 2159 2304 2215 ubi
2342 2162 2596 2217 exsulare
2612 2163 2804 2233 jussus
2830 2172 2935 2233 est,
2964 2168 3338 2238 pertingeretj,
3366 2168 3531 2223 etiam
3562 2169 3708 2226 diem

2112 2252 2269 2308 obiit.
2312 2256 2486 2309 Porro
2540 2254 2639 2309 fuit
2688 2254 3164 2328 Constantinopoli
3223 2269 3381 2314 terrae
3420 2261 3712 2318 motusin-

2112 2355 2270 2412 gens,
2304 2356 2404 2397 nec
2444 2358 2554 2397 non
2580 2343 2788 2399 tonitru
2821 2360 2987 2416 grave
3018 2361 3144 2401 cum
3182 2346 3426 2417 fulgure,
3460 2347 3703 2404 fulmini-

2110 2434 2238 2498 bus,
2280 2443 2335 2489 ct
2370 2434 2573 2505 pluvia.
2626 2434 2774 2491 Dixit
2817 2452 2948 2508 ergo
2980 2454 3074 2493 rex
3112 2456 3127 2494 :
3177 2439 3306 2495 Ideo
3359 2439 3477 2496 haec
3524 2440 3711 2497 omnia

2110 2526 2371 2581 eveniunt
2401 2528 2547 2597 quod
2577 2527 2844 2586 Joannem
2880 2530 3338 2603 Chrysostomum
3372 2532 3711 2604 in,exsi|ium

2113 2618 2388 2673 misimus.
2437 2615 2729 2691 Jussitque
2760 2636 2966 2692 corpus
3014 2623 3192 2694 ipsius
3241 2623 3712 2692 Constantinopo-

2112 2710 2203 2765 lim
2236 2710 2446 2778 ali‘erri,
2519 2713 2706 2781 ibique
2741 2716 2998 2785 sepeliri;
3040 2714 3205 2786 idque
3234 2731 3381 2772 anno
3420 2722 3589 2772 'sexto
3619 2731 3711 2772 re-

2110 2804 2201 2875 gni
2234 2804 2479 2861 Arcadii.
2528 2806 2661 2862 ldeo
2701 2816 2885 2863 autem
2937 2809 3246 2880 appellatus
3290 2818 3377 2867 est
3418 2808 3710 2877 Joannes,

2109 2894 2561 2968 Chrysostomus,
2604 2900 2753 2971 quod
2803 2900 3005 2957 mulier
3036 2905 3288 2973 quaedam
3346 2903 3528 2975 ipsum
3578 2917 3707 2959 cum

2109 2998 2364 3046 mortuus
2408 2999 2557 3048 esset
2588 2990 2878 3062 plangens,
2909 2993 3114 3049 dixerit
3155 3011 3170 3048 :
3204 2992 3249 3049 0
3277 2992 3543 3061 Joannes,
3575 3007 3609 3048 o
3645 3005 3711 3049 os

2113 3096 2366 3149 aureum,
2392 3083 2522 3139 hinc
2562 3082 2690 3140 Oris
2722 3086 2877 3141 aurei
2919 3099 3226 3157 cognomen
3256 3085 3472 3139 habuit.

2191 3173 2320 3230 Post
2352 3175 2534 3244 ipsum
2566 3179 2902 3232 constitutus
2930 3184 3015 3231 est
3038 3175 3182 3231 alius
3213 3176 3432 3246 quidam
3473 3172 3715 3231 Joannes

2112 3269 2422 3339 patriarcha
2460 3269 2747 3326 Constant.
2770 3272 2863 3340 qui
2912 3284 3038 3325 cum
3087 3284 3294 3323 annum
3342 3268 3416 3324 ibi
3476 3268 3712 3325 sedisset

2108 3369 2361 3417 mortuus
2380 3372 2479 3417 cst.
2505 3363 2611 3433 Ipsi
2642 3363 2806 3418 etiam
2845 3361 3117 3418 successit
3153 3359 3473 3418 Gennadius
3511 3363 3565 3417 in
3609 3378 3709 3432 pa-

2109 3453 2362 3508 triarchae
2402 3451 2690 3509 Constant.
2731 3469 2961 3509 munere
2998 3452 3092 3524 qui
3126 3460 3256 3509 'tres
3293 3468 3469 3509 annos
3528 3454 3700 3521 sedit,

2108 3550 2232 3605 dein
2275 3558 2525 3606 mortuus
2554 3559 2659 3606 est.
2702 3549 2833 3606 Post
2866 3550 3046 3621 ipsmn
3099 3547 3282 3605 factus
3321 3557 3403 3604 est
3458 3547 3716 3603 Atticbus

2107 3642 2415 3710 patriarcha
2436 3641 3077 3711 Constantinopolitanus
3102 3640 3198 3710 qui
3245 3653 3425 3695 annos
3472 3639 3713 3709 quinde-

2107 3733 2213 3788 cim
2240 3733 2403 3799 sedit,
2425 3734 2549 3788 dein
2579 3743 2828 3788 mortuus
2855 3740 2959 3788 est.
3004 3729 3167 3803 5&8
3198 3731 3363 3803 quue
3386 3746 3531 3786 anno
3556 3713 3712 3802 regni

2105 3824 2325 3878 Arcadii
2365 3825 2715 3880 duodecimo.
2759 3824 2920 3879 Anno
2976 3824 3192 3896 imperii
3223 3824 3468 3893 ejusdem
3497 3833 3706 3879 octavo

2105 3900 2441 3971 constitutus
2495 3925 2581 3970 est
2639 3917 2969 3970 Anastasius
3041 3915 3350 3984 patriarcha
3416 3913 3709 3969 Romanus

2107 4011 2196 4078 qui
2227 4008 2401 4064 tribus
2426 4010 2585 4064 annis
2617 4009 2777 4076 sedit,
2813 4009 2936 4064 dein
2963 4018 3209 4062 mortuus
3237 4016 3345 4062 est.
3375 4009 3531 4060 Anno
3551 4006 3696 4076 ejus-

2112 4100 2237 4155 dem
2271 4099 2568 4171 nndecimo
2621 4100 2799 4156 lactus
2846 4111 2930 4156 est
2955 4099 3307 4155 innocentius
3336 4098 3486 4153 Patr.
3508 4096 3710 4153 Roma—

2108 4207 2234 4256 nus,
2276 4192 2530 4260 quicum
2565 4192 2879 4261 quindecim
2926 4205 3100 4246 annos
3145 4190 3408 4255 sedisset,
3456 4198 3710 4271 mortuus

2110 4296 2217 4344 cst.
2243 4288 2403 4340 Anno
2429 4286 2641 4355 imperii
2681 4286 2853 4354 ipsius
2888 4294 3083 4341 octavo
3115 4285 3452 4340 constitutus
3483 4292 3569 4338 cst
3597 4282 3700 4338 Be-

2113 4381 2268 4435 rillus
2311 4380 2619 4449 patriarcba
2672 4375 3225 4449 llierosolyntitanus,
3279 4391 3455 4431 annos
3492 4375 3705 4431 duode-

2110 4471 2215 4525 cim
2251 4472 2414 4537 sedit,
2447 4470 2572 4524 dein
2610 4478 2859 4525 mortuus
2887 4478 2990 4524 est.
3036 4470 3195 4523 Anno
3228 4467 3470 4536 ejusdem
3515 4469 3710 4538 quinto

418 4563 551 4616 nihil
602 4561 668 4614 ad
711 4563 889 4631 ipsum
925 4562 1307 4631 spectantibus
1359 4579 1417 4618 se
1459 4565 1779 4630 immiscuit,
1809 4556 1878 4621 de
1904 4581 2000 4619 ca-
2038 4554 2081 4608 Β
2120 4563 2301 4619 factus
2350 4572 2433 4619 cst
2476 4562 2741 4617 Paulinus
2791 4561 3101 4630 patriarcha
3157 4561 3556 4626 Antiochenus,
3606 4560 3707 4632 qui

415 4656 613 4710 thcdra
656 4670 791 4724 ergo
853 4657 1034 4727 ipsum
1090 4658 1332 4728 dejicitc.
1385 4656 1691 4727 Respondit
1738 4659 1814 4713 illi
1868 4659 1998 4730 Epi-

404 4733 675 4819 phanius,
708 4749 764 4804 Si
793 4749 867 4802 ita
900 4757 957 4802 ut
991 4760 1049 4803 tu
1086 4750 1229 4804 dicis
1262 4765 1321 4805 se
1354 4765 1442 4805 res
1478 4751 1699 4815 habeat,
1726 4751 1794 4805 ad
1829 4752 2003 4820 paeni-

416 4842 645 4896 tentiam
675 4841 856 4910 ipsum
887 4840 1194 4906 hortabor;
1236 4839 1384 4910 quod
1414 4843 1459 4896 si
1492 4841 1736 4907 redierit,
1763 4839 2000 4915 [bene-,1

414 4933 499 4987 sin
531 4933 732 4995 minus,
763 4932 938 4998 ipsum
971 4931 1236 5001 dignitate
1292 4945 1392 4986 sua
1426 4932 1825 4987 amovebiinus.
1856 4931 2002 4986 Dixit

416 5027 642 5096 regina:
674 5024 785 5079 Nisi
827 5010 1000 5093 ipsum
1033 5025 1419 5079 abdicaveritis
1450 5035 1700 5094 apertnra
1732 5041 1853 5080 sum
1883 5027 2001 5081 ido-

417 5118 596 5172 lorum
641 5119 865 5187 templa,
896 5115 1259 5182 hominesque
1292 5116 1356 5168 ad
1395 5131 1457 5170 ea
1484 5115 1715 5169 colenda
1758 5118 1997 5187 adigam.

418 5208 615 5278 Adegit
660 5207 857 5261 deinde
885 5222 946 5261 et
981 5206 1255 5275 episeopis
1298 5215 1352 5257 et
1396 5205 1648 5259 diaconis
1706 5206 2002 5262 nonnullos

418 5312 479 5355 ut
506 5302 572 5355 ad
605 5316 785 5371 regem
820 5299 1168 5364 accedentes,
1219 5313 1403 5352 coram
1432 5297 1551 5368 ipso
1579 5307 1773 5353 contra
1836 5296 2002 5353 Joan-

418 5410 542 5447 nem
586 5394 958 5448 testimonium
1020 5391 1390 5461 perhiberent,
1417 5393 1593 5459 ipsum
1638 5390 1739 5461 legi
1775 5401 2000 5445 contra-

417 5490 620 5552 dicere,
654 5489 941 5556 ipsumque
970 5488 1202 5540 moleste
1232 5484 1375 5537 lerre
1397 5483 1547 5537 urbis
1574 5484 1804 5547 incolas,
1838 5494 2002 5554 atque

416 5581 544 5635 odio
572 5582 853 5651 prosequi.
886 5579 1147 5652 Episcopi
1175 5587 1383 5641 autem,
1407 5576 1607 5631 Joanni
1641 5580 1710 5630 ob
1746 5593 1998 5650 magnam

418 5677 595 5746 ipsius
653 5676 943 5731 scientiam
1006 5673 1374 5735 inviderunt,
1434 5669 1796 5741 feceruntque
1854 5673 2001 5742 quod

420 5745 558 5839 ipsis
585 5745 766 5822 innuit
797 5768 1007 5836 regina.
1041 5764 1156 5820 Rex
1188 5778 1320 5834 ergo
1352 5763 1630 5819 Arcadius
1658 5760 1928 5819 Joannem
1962 5780 1993 5819 a

418 5862 681 5918 cathedra
716 5858 1073 5932 patriarchali
1120 5857 1364 5915 amoveri
1394 5857 1584 5930 jussit.
1627 5855 1869 5916 Joannes
1897 5874 1999 5915 au-

2103 4674 2279 4712 annos
2316 4664 2555 4727 quatuor
2577 4655 2742 4721 sedit,
2778 4654 2900 4709 dein
2942 4662 3193 4709 mortuus
3234 4666 3337 4707 est.
3361 4654 3518 4707 Anno
3552 4652 3707 4722 ejus-

2103 4752 2225 4806 dem
2288 4765 2434 4806 nono
2513 4749 2850 4804 constitutus
2907 4756 2993 4801 est
3050 4744 3315 4814 Evagrius
3390 4746 3702 4813 patriarcha

2106 4844 2506 4907 Antiochenus,
2524 4843 2686 4897 annis
2704 4842 2951 4912 quinque
2972 4838 3137 4906 sedit,
3159 4839 3280 4893 dein
3317 4848 3566 4893 mortuus
3596 4848 3705 4894 est.

2102 4938 2263 4991 Anno
2301 4936 2514 5002 imperii
2554 4932 2799 5003 ejusdem
2843 4931 3060 5003 quarto,
3098 4929 3314 4985 Arcadii
3367 4945 3562 5001 nempe
3598 4928 3705 4984 Ro-

2107 5042 2392 5082 manorum
2418 5023 2792 5094 imperatoris,
2816 5038 2985 5093 regno
3012 5024 3219 5093 potitus
3247 5020 3706 5089 estYazdejerilns

2104 5120 2360 5175 Bahrami
2395 5117 2560 5180 titius,
2583 5116 2646 5170 Al
2676 5116 2895 5170 Aitham
2922 5116 3370 5186 cognominatus,
3401 5116 3454 5169 in
3477 5115 3698 5179 Persas,

2105 5227 2282 5266 annos
2312 5209 2524 5279 viginti.
2552 5207 2725 5262 Porro
2749 5206 3086 5273 Theophilus
3117 5207 3425 5276 patriarcha
3467 5204 3706 5258 Alexan-

2103 5306 2297 5361 drinus
2324 5302 2611 5358 ecclesiam
2659 5315 2912 5372 magnam
2945 5299 3294 5355 Alexandria:
3338 5301 3563 5365 struxit,
3599 5299 3702 5352 Ar-

2104 5398 2245 5453 cadii
2308 5396 2679 5449 Romanorum
2746 5392 3098 5461 imperatoris
3158 5390 3367 5445 nomini
3433 5390 3700 5444 dicatam.

2104 5490 2359 5558 Obiitqne
2392 5486 2658 5540 Arcadius
2694 5484 3071 5539 Romanorum
3104 5498 3200 5537 rex
3222 5497 3348 5537 cum
3395 5480 3696 5550 imperium

2106 5598 2281 5637 annos
2312 5581 2573 5637 tredecim
2602 5587 2978 5649 occupasset;
3031 5585 3295 5637 regnante
3351 5584 3476 5646 post
3520 5574 3701 5644 ipsum

2107 5676 2219 5729 lilio
2249 5675 2421 5745 ipsius
2451 5671 2786 5737 Theodosio,
2819 5671 2914 5741 qui
2936 5668 3485 5739 Theodosiusjunior
3508 5668 3699 5738 appel-

2108 5769 2253 5823 latus
2283 5774 2389 5831 est,
2438 5766 2491 5820 in
2538 5763 2844 5829 Romanos,
2905 5776 3079 5818 annos
3122 5761 3490 5832 quadraginta
3537 5760 3703 5828 duos,

2108 5860 2276 5930 idque
2310 5874 2454 5916 anno
2480 5856 2811 5927 Yazdejerdi
2854 5855 3237 5916 Bahramililii
3275 5853 3569 5914 Persarum
3612 5868 3701 5911 re-
