4076 6398
414 424 545 488 1031

1445 419 1817 484 EUTYCHII
1863 411 2409 475 ALEXANDRINI
2452 417 2673 478 PATR.

3546 408 3681 472 1032

396 543 481 611 gis
521 539 836 594 undecimo.
878 538 1037 591 Anno
1076 536 1291 607 imperii
1321 537 1495 606 ipsius
1530 548 1676 588 nono
1705 530 1997 585 invaderte
2024 528 2071 586 A
2105 537 2284 593 neret,
2321 539 2485 600 atque
2515 540 2573 583 ιιι
2611 528 2675 581 ad
2712 530 2994 582 veritatem
3025 524 3159 595 5-7
3197 524 3402 579 rediret
3433 524 3684 579 hortare-

396 633 574 702 ipsum
626 628 970 699 Yazdejerdo
1009 628 1266 684 Bahrami
1319 630 1429 683 ﬁlio
1476 627 1673 681 bellum
1724 624 1867 677 inter
1892 634 1987 674 eos

396 738 562 794 grave
605 724 966 777 commissqu
1013 731 1117 787 est,
1165 735 1485 791 magnaeque
1542 727 1760 785 strages
1804 713 1985 782 editse,

396 816 531 871 adeo
574 824 635 869 ut
686 815 903 883 utrique
925 815 1156 884 ,tandem
1214 813 1348 866 alter
1386 811 1456 866 ab
1483 811 1659 879 altero
1699 809 1755 862 in
1802 806 1986 875 fugam

394 916 764 962 verterentur.
800 906 962 961 Anno
1006 904 1221 974 imperii
1272 903 1518 971 ejusdem
1565 901 1784 956 decimo
1823 896 1988 951 tertio

397 996 756 1071 569-551
784 998 1116 1052 constitutus
1152 1005 1237 1051 est
1255 993 1509 1051 Zosimus
1532 988 1848 1064 patriarcha
1875 987 1988 1041 Ro-

399 1107 615 1157 manus,
651 1094 742 1161 qui
774 1104 898 1144 cum
932 1105 1134 1159 annum
1163 1104 1330 1143 unum
1362 1087 1595 1143 sedisset
1618 1094 1860 1138 mortuus
1882 1089 1987 1143 cst,

397 1184 464 1237 ad
517 1198 637 1237 eam
675 1181 995 1249 dignitatem
1054 1188 1176 1251 post
1224 1181 1404 1250 ipsum
1451 1188 1643 1233 evecto
1684 1173 1986 1235 Bonifacio,

397 1276 488 1344 qui
519 1287 634 1329 tres
668 1286 855 1328 annos
897 1272 1061 1339 sedit,
1097 1272 1226 1326 dein
1260 1279 1509 1326 mortuus
1547 1282 1654 1325 est.
1683 1266 1990 1335 Factusque

395 1378 478 1420 est
532 1374 652 1435 post
698 1365 876 1435 ipsum
921 1364 1233 1435 patriarcha
1280 1363 1480 1418 ibidem
1532 1360 1861 1425 CeleStinus,
1893 1357 1988 1428 qui

398 1474 571 1512 annos
597 1457 791 1512 decem
839 1457 1003 1523 sedit,
1034 1457 1159 1510 dein
1197 1463 1450 1509 mortuus
1477 1458 1584 1508 est.
1629 1450 1764 1522 Ejus
1798 1447 1991 1520 pratic-

397 1561 566 1605 cturae
602 1563 748 1604 anno
790 1548 984 1618 quinto
1023 1546 1127 1601 fuit
1179 1547 1475 1601 concilium
1523 1544 1746 1599 tertium
1795 1549 1989 1596 contra

393 1641 725 1705 Nestorium,
760 1639 980 1710 Ephesi.
1003 1639 1162 1693 Anno
1186 1637 1397 1707 imperii
1428 1635 1697 1707 ejusdem,
1737 1633 1991 1688 videlicet

393 1731 692 1787 Theodosii
732 1731 1003 1795 Junioris,
1048 1730 1247 1799 primo,
1278 1728 1612 1782 constitutus
1640 1738 1723 1781 est
1752 1723 1989 1795 Cyrillus

395 1825 702 1895 patriarcha
762 1823 1194 1887 Alexandrinus;
1223 1834 1401 1874 annos
1427 1818 1654 1889 triginta
1684 1826 1797 1871 tres
1822 1817 1986 1882 sedit,

2098 630 2209 677 tur.
2247 620 2479 689 Scripsit
2512 637 2642 690 ergo
2671 619 2910 674 Joannes
2947 616 3257 688 patriarcha
3296 615 3677 670 Antiochenus

2096 713 2163 767 ad
2194 712 2534 781 Nestorium,
2568 729 2649 778 se,
2696 713 2804 767 nisi
2851 712 2919 766 ad
2962 711 3248 765 veritatem
3294 707 3524 765 rediret.
3556 721 3683 761 con-

2096 813 2402 869 venturos,
2473 805 2688 876 ipsique
2754 801 3168 858 maledicturos.
3233 799 3679 856 lntercesserunt

2096 898 2265 954 etiam
2315 899 2461 954 inter
2506 915 2602 955 eos
2648 897 2894 969 epistolae
2947 910 3054 949 non
3109 908 3297 963 paucae
3334 910 3350 959 ;
3390 890 3682 948 Nestorius

2098 1006 2227 1046 vero
2253 1006 2283 1044 a
2316 991 2586 1046 sententia
2610 1007 2713 1047 sua
2744 990 3167 1061 haudquaquam
3213 989 3467 1054 recessit,
3494 988 3588 1043 sed
3627 989 3681 1041 in

2096 1098 2286 1139 errore
2323 1099 2446 1148 suo,
2479 1088 2833 1154 caccitateque
2863 1099 2927 1139 ac
2955 1084 3234 1153 opinionis
3258 1083 3525 1153 pravitate
3556 1096 3684 1151 per-
3717 1120 3729 1128 .

2096 1161 2323 1231 mansit.
2355 1175 2598 1232 Joannes
2622 1193 2752 1247 ergo
2784 1176 3093 1248 patriarcha
3135 1175 3510 1230 Antiochenus
3544 1175 3684 1229 scri-

2097 1272 2205 1338 ptis
2239 1269 2305 1324 ad
2356 1269 2621 1341 Cyrillum
2676 1268 3113 1324 Alexandrinum
3154 1267 3357 1323 litteris
3389 1268 3681 1324 certiorem

2098 1363 2278 1432 ipsum
2312 1361 2444 1417 fecit
2486 1361 2796 1417 Nestorium
2826 1363 2883 1417 in
2927 1364 3217 1418 sententiae
3263 1376 3378 1419 sum
3414 1362 3683 1431 pravitate

2098 1469 2473 1522 perseverare.
2510 1454 2744 1524 Scripsit
2770 1454 2935 1526 igitur
2959 1453 3197 1526 Cyrillus
3232 1454 3297 1507 ad
3323 1452 3681 1509 Caelestinum

2099 1547 2465 1616 patriarcham
2493 1546 2823 1612 Romanum,
2848 1557 2902 1603 et
2937 1547 3007 1602 ad
3040 1544 3406 1601 Bu-F‘Iavium
3437 1546 3678 1615 patriar-

2098 1640 2260 1694 cham
2296 1638 2882 1711 llierosolymitanun‘t,
2927 1653 3028 1695 nec
3060 1654 3169 1693 non
3205 1638 3475 1694 Joannem
3508 1636 3682 1708 patri-

2098 1732 2319 1787 archam
2349 1732 2772 1797 Antiochenum,
2799 1748 3007 1804 rogans
3031 1744 3092 1787 ut
3120 1733 3174 1788 in
3207 1734 3353 1808 urbe
3373 1731 3590 1802 Epheso
3612 1732 3682 1786 ad

2097 1824 2498 1895 dispiciendum
2531 1829 2599 1881 de
2632 1827 2904 1891 sententia
2937 1825 3180 1882 Nestorii
3218 1828 3603 1888 convenirent,
3633 1831 3679 1880 si
3720 1892 3733 1905 _

394 1918 522 1973 dein
582 1927 835 1971 mortuos
863 1923 969 1969 est.
1043 1915 1204 1967 Anno
1244 1910 1580 1983 praefectum
1623 1911 1795 1980 ipsius
1840 1909 1987 1963 νῖερ-
2025 1890 2065 1949 Β
2095 1916 2280 1972 forsan
2332 1918 2513 1974 redire
2541 1918 2736 1983 vellet;
2776 1920 2861 1972 sin
2902 1919 3107 1983 minus,
3154 1933 3213 1973 se
3256 1916 3324 1972 ab
3353 1934 3421 1974 eo
3464 1918 3679 1972 stilidu-

393 2013 535 2065 simo
578 2011 781 2079 primo,
839 2009 1179 2061 celebratum
1238 2013 1322 2060 est
1365 2002 1681 2070 ,conciliutn
1738 2002 1985 2064 tertium,

394 2109 586 2156 contra
658 2098 1003 2155 Nestorium.
1062 2098 1223 2151 Anno
1291 2097 1454 2152 etiam
1522 2096 1701 2166 primo
1776 2092 1987 2162 imperii

395 2194 691 2249 Theodosii
733 2190 979 2247 Junioris
1008 2191 1349 2246 constitutus
1392 2198 1476 2246 est
1528 2187 1837 2242 Alexander
1893 2202 1987 2256 pa-

393 2288 630 2343 triarcha
658 2286 1060 2348 Antiochcntts,
1115 2285 1207 2355 qui
1238 2299 1375 2349 cum
1425 2283 1584 2338 annis
1616 2292 1853 2352 quatuor
1894 2297 1987 2333 se-

392 2381 587 2442 disset,
621 2389 870 2434 mortuus
913 2387 1018 2434 est.
1059 2375 1190 2433 Post
1244 2393 1405 2448 quem
1440 2379 1617 2432 l'actus
1652 2385 1737 2431 est
1784 2375 1983 2429 ibidem

390 2469 702 2539 patriarcha
757 2468 1062 2524 Barodotus
1114 2468 1479 2539 (Theodotus)
1530 2467 1624 2538 qui
1674 2482 1768 2522 sex
1812 2480 1985 2520 annos

393 2566 558 2631 sedit,
593 2565 719 2619 dein
746 2574 995 2618 mortuus
1030 2572 1135 2617 est.
1166 2564 1298 2618 Post
1325 2562 1503 2632 ipsum
1530 2563 1840 2631 patriarcha
1874 2563 1987 2612 An-

391 2660 612 2715 tiochia:
644 2658 936 2730 praefectus
961 2657 1224 2724 Joannes,
1259 2656 1654 2726 septemdecim
1696 2670 1871 2710 annos
1891 2670 1981 2708 se.

389 2754 488 2819 dit,
523 2754 648 2808 dein
684 2761 932 2808 mortuus
961 2760 1067 2807 est.
1100 2755 1259 2806 Anno
1288 2751 1642 2821 episcopatus
1665 2748 1787 2815 ejus
1814 2749 1983 2803 unde-

389 2847 532 2901 cimo
589 2846 693 2901 fuit
762 2845 1057 2901 concilium
1118 2844 1337 2899 tertium
1393 2857 1581 2898 contra
1645 2841 1979 2897 Nestorium.

387 2939 548 2991 Auno
575 2937 804 3007 septimo
831 2937 1043 3006 imperii
1082 2934 1378 2991 Theodosii
1416 2933 1664 2990 Junioris
1694 2936 1971 2989 constitu-

395 3041 481 3084 tus
513 3042 596 3084 est
639 3028 863 3085 Flavius
910 3028 1222 3099 patriarcha
1274 3027 1826 3098 llicrosolymitanus,
1881 3027 1975 3097 qui

391 3138 565 3177 annos
606 3123 837 3192 triginta
869 3130 994 3176 octo
1017 3121 1176 3188 sedit,
1217 3120 1341 3177 dein
1390 3130 1642 3176 mortuus
1679 3130 1785 3176 est.
1823 3121 1982 3175 Anno

2091 2018 2297 2074 centes.
2339 2011 2444 2081 ipsi
2497 2010 2927 2075 tnaledicerent,
2981 2022 3148 2082 atque
3201 2010 3321 2067 loco
3372 2018 3675 2068 moverent.

2088 2099 2477 2156 Convenerunt
2505 2118 2634 2173 ergo
2657 2102 2711 2156 in
2744 2103 2880 2157 urbe
2906 2103 3124 2172 Epheso
3158 2104 3403 2174 episcopi
3428 2103 3679 2160 ducenti.

2088 2191 2317 2248 Concilii
2349 2191 2610 2263 praesides
2630 2202 2791 2248 erant
2816 2192 3059 2264 Cyrillus
3090 2193 3406 2263 patriarcha
3442 2192 3680 2249 Alexan-

2087 2283 2303 2348 drinus,
2352 2283 2680 2340 C(elestinus
2740 2285 3051 2356 patriarcha
3107 2284 3424 2353 Romanus,
3473 2298 3529 2344 et
3581 2286 3685 2343 Btt-

2094 2377 2315 2433 Flavius
2339 2379 2655 2448 patriarcha
2686 2378 3238 2452 ilterosolymitanus.
3263 2379 3522 2436 Promisit
3542 2381 3680 2451 ipsis

2086 2471 2325 2527 Joannes
2363 2487 2422 2527 se
2453 2469 2795 2540 adfuturum,
2831 2482 2887 2527 at
2917 2488 3043 2528 cum
3079 2488 3290 2528 moram
3319 2474 3544 2531 trahens
3569 2490 3677 2529 non

2091 2568 2341 2634 veniret,
2382 2568 2528 2622 haud
2571 2568 2799 2624 ulterius
2848 2571 3028 2638 ipsum
3063 2580 3392 2639 exspectans
3438 2568 3679 2642 Cyrillus

2088 2661 2404 2728 patriarcha
2452 2661 2881 2728 Alexandrinus,
2915 2663 3255 2728 convocatis,
3285 2663 3380 2734 qui
3427 2664 3678 2733 aderant,

2085 2752 2390 2824 episcopis,
2425 2751 2494 2807 ad
2541 2749 2857 2808 Nestorium
2907 2753 3058 2809 misit
3091 2765 3152 2808 ut
3191 2769 3253 2809 se
3286 2770 3392 2809 una
3431 2756 3675 2818 sisteret,

2085 2847 2179 2917 qui
2232 2845 2435 2917 Ephesi
2485 2854 2618 2901 tunc
2668 2853 2805 2898 erat.
2863 2846 3150 2902 Renueute
3198 2855 3382 2903 autem
3416 2844 3679 2902 Nestorio

2083 2941 2515 3006 accedere,cum
2541 2948 2624 2996 ter
2652 2941 2717 2995 ad
2748 2942 2925 3010 ipsum
2956 2940 3015 3011 8
3042 2940 3309 3004 misisset,
3335 2956 3437 2996 nec
3461 2940 3554 2996 ille
3591 2950 3678 2996 ta-

2087 3048 2211 3086 men
2242 3033 2476 3099 veniret,
2512 3032 2847 3088 sententiam
2886 3031 3060 3103 ipsius
3092 3032 3160 3088 ad
3191 3046 3420 3088 examen
3455 3047 3682 3088 revoca-

2088 3136 2239 3190 runt,
2285 3126 2580 3197 ipsumque
2631 3128 3020 3183 maledictione
3075 3128 3304 3199 dignum
3342 3128 3678 3198 judicantes,

389 3215 724 3284 prmieclurtn
751 3215 871 3283 ejus
904 3215 1120 3270 tlecimo
1154 3221 1355 3285 quarto
1399 3211 1501 3267 fuit
1525 3213 1819 3268 concilium
1861 3221 1976 3267 ter-
2009 3250 2054 3310 ο
2091 3220 2439 3275 anathemate
2469 3219 2829 3287 devovet-unt,
2860 3236 2926 3277 ac
2950 3222 3070 3277 loco
3108 3230 3421 3288 moverunt,
3455 3231 3677 3280 statue-

391 3307 526 3361 tium
556 3317 745 3362 contra
791 3303 1140 3365 Nestorium;
1170 3320 1386 3360 necnon
1441 3319 1588 3358 anno
1635 3304 1976 3372 praefecturae

387 3399 636 3469 ejusdem
659 3399 942 3453 tricesimo
964 3399 1196 3467 septimo
1219 3396 1511 3453 concilium
1536 3404 1792 3466 quartum
1815 3394 1979 3449 Chal-

389 3493 601 3548 cedone
630 3504 822 3547 contra
850 3492 1199 3548 Dioscorum.

463 3581 597 3656 ι-ἀ,
631 3583 651 3603 ¹
692 3585 852 3638 Anno
905 3583 1201 3638 Theodosii
1254 3580 1504 3640 Junioris
1533 3584 1756 3640 decimo
1785 3593 1981 3652 quarto

389 3678 731 3732 c0ustitutus
761 3685 848 3733 est
882 3676 1125 3732 Sisinius
1158 3677 1471 3747 patriarcha
1506 3678 1978 3747 Constantinopo-

389 3773 615 3836 litanus,
665 3772 757 3840 qui
804 3781 916 3826 tres
952 3786 1128 3826 annos
1171 3773 1334 3837 sedit,
1379 3772 1505 3827 dein
1547 3780 1798 3828 mortuus
1834 3781 1920 3825 est
1961 3788 1976 3825 :

392 3864 600 3934 fuitque
635 3874 761 3934 post
788 3865 969 3934 ipsum
1008 3864 1322 3932 patriarcha
1351 3863 1829 3932 Constantinopoli
1867 3861 1974 3916 Ne-

390 3960 617 4023 stOrius,
650 3959 745 4029 qui
787 3975 913 4013 cum
957 3969 1194 4028 quatuor
1225 3958 1385 4011 annis
1421 3973 1484 4011 ac
1520 3956 1740 4010 duobus
1775 3955 1977 4010 mensi-

394 4053 495 4106 bus
530 4052 785 4109 sedisset.
819 4051 1168 4105 anathemate
1197 4050 1426 4104 devotus
1458 4064 1522 4102 ac
1554 4050 1673 4102 loco
1696 4049 1978 4103 abdicatus

391 4151 496 4197 est.
525 4143 823 4197 Asserehat
845 4142 1115 4212 siquidem
1142 4140 1427 4196 Nestoritts
1450 4142 1679 4195 Mariam
1706 4142 1975 4212 virginem

392 4251 577 4289 revera
614 4235 898 4305 Deiparam
930 4252 1040 4288 non
1076 4235 1247 4288 fuisse
1276 4251 1291 4299 ;
1317 4250 1441 4289 esse
1471 4235 1611 4290 duos
1642 4235 1804 4297 ﬁlios,
1838 4248 1979 4304 quo-

393 4343 514 4382 rum
546 4328 686 4381 alter
716 4329 788 4380 sit
819 4329 983 4387 Deus,
1014 4342 1248 4394 euntque
1280 4342 1307 4377 a
1342 4326 1507 4381 Patre
1539 4327 1806 4397 genitum,
1840 4326 1977 4379 alter

390 4428 571 4474 autem
603 4421 792 4483 homo,
822 4421 913 4489 qui
948 4435 975 4473 a
1009 4421 1177 4475 Maria
1212 4430 1375 4475 natus
1411 4422 1510 4475 fuit
1549 4438 1562 4475 :
1595 4430 1763 4490 atque
1802 4419 1976 4473 homi-

389 4528 512 4567 nem
541 4513 709 4567 istum
738 4514 831 4582 qui
868 4528 926 4567 se
953 4512 1234 4567 Christum
1269 4514 1491 4577 dixerit,
1524 4528 1711 4567 amore
1756 4515 1971 4567 unitum

387 4617 510 4658 esse
535 4619 678 4658 acum
726 4603 859 4668 tilio,
909 4603 1191 4673 Deumque
1229 4605 1497 4673 appellari
1531 4615 1586 4659 et
1618 4603 1813 4659 Filium
1856 4602 1971 4671 Dei,

2090 3324 2330 3385 runtque
2375 3313 2600 3370 Mariam
2651 3316 2921 3386 virginem
2956 3317 3050 3373 Dei
3086 3316 3314 3372 Matrem
3345 3331 3489 3379 esse.
3519 3314 3681 3372 Chri-

2088 3413 2346 3475 stumque
2375 3405 2546 3460 Deum
2578 3423 2764 3463 verum
2794 3418 2960 3477 atque
2986 3407 3262 3463 hominem
3299 3407 3516 3464 duabus
3545 3421 3679 3463 con~

2085 3505 2323 3553 stantem
2377 3501 2631 3566 naturis,
2693 3511 2750 3555 at
2800 3517 3039 3572 persona
3104 3517 3273 3557 unum
3331 3518 3476 3565 esse,
3528 3501 3677 3572 quod

2084 3588 2362 3644 diversum
2395 3599 2478 3645 est
2509 3590 2577 3645 ab
2623 3607 2831 3648 amore.
2876 3594 3169 3650 Nestorius
3202 3594 3349 3649 enim
3392 3595 3680 3651 asserebat

2086 3681 2349 3736 unitatem
2408 3697 2530 3737 esse
2583 3683 2820 3738 duarum
2872 3700 3241 3756 personarum
3302 3701 3675 3754 consensum;

2081 3789 2206 3828 cum
2256 3773 2440 3831 unitas
2495 3790 2623 3831 vera
2681 3777 2751 3832 sit
2791 3790 2850 3834 ut
2904 3781 2975 3834 sit
3017 3795 3253 3851 persona
3299 3797 3409 3836 una
3460 3781 3677 3838 duabus

2081 3871 2298 3927 naturis
2348 3870 2687 3945 [constans].
2721 3875 2853 3929 Cum
2890 3887 3072 3933 autem
3115 3878 3229 3948 jam
3267 3878 3525 3936 Nestorio
3560 3896 3679 3936 nta-

2081 3962 2426 4028 ledixissent,
2473 3967 2708 4022 accessit
2737 3966 2980 4025 Joannes
3016 3971 3330 4039 patriarcha
3372 3972 3677 4030 Antioche-

2082 4073 2205 4121 nus,
2238 4060 2328 4127 qui
2359 4072 2485 4112 cum
2514 4059 2626 4128 jam
2659 4060 2781 4114 illos
2804 4069 2929 4116 ante
2961 4061 3255 4118 adventum
3291 4080 3450 4120 suum
3481 4064 3675 4121 Nesto-

2080 4150 2163 4202 rio
2231 4147 2580 4204 maledixisse
2651 4152 3049 4220 comperisset,
3119 4153 3201 4209 ira
3271 4167 3585 4213 commotus
3651 4176 3667 4213 :

2078 4238 2310 4310 Injuria,
2379 4241 2588 4310 inquit,
2657 4243 2977 4303 Nestorium
3035 4245 3331 4317 aﬂ'eeistis,
3379 4252 3676 4324 ipsumque

2081 4331 2561 4391 maledictionibus
2601 4336 2881 4394 imnterito
2931 4340 3254 4398 devovistis.
3305 4344 3675 4413 Nestorioque

2079 4434 2140 4475 se
2169 4420 2495 4492 adjungens,
2527 4428 2852 4484 convocatis
2887 4431 2981 4500 qui
3029 4446 3154 4486 cum
3192 4435 3311 4504 ipso
3349 4445 3508 4492 erant
3550 4440 3675 4509 epi-

2080 4511 2285 4580 scopis,
2338 4511 2602 4584 Cyrillum
2659 4519 3032 4587 patriarcham
3080 4523 3534 4594 Alexandrinum,
3570 4544 3672 4585 nec

2082 4616 2189 4657 non
2223 4603 2501 4660 Simonem
2532 4608 2851 4678 episcopum
2890 4612 3248 4683 Ephesinum,
3285 4623 3661 4675 excommuni-

391 4711 498 4750 non
536 4712 748 4761 revera,
793 4695 886 4750 sed
936 4712 1030 4765 per
1081 4703 1520 4763 concessionem,
1575 4706 1628 4750 et
1684 4696 1968 4752 nominum
2007 4708 2048 4762 ι)
2087 4696 2255 4751 cavit.
2284 4696 2422 4753 Cum
2450 4714 2580 4767 ergo
2612 4699 2863 4757 viderent
2892 4706 3026 4760 socii
3056 4706 3245 4778 Cyrilli
3276 4710 3667 4767 absurditatcm

388 4790 853 4854 communionem,
904 4800 959 4843 ct
1007 4790 1233 4845 honoris
1283 4806 1474 4855 causa,
1536 4790 1680 4846 sicut
1729 4805 1872 4844 unus
1903 4804 1967 4844 ex

388 4880 691 4950 prophetis.
720 4879 852 4946 Qua:
880 4880 1115 4937 Nestorii
1147 4885 1418 4938 sententia
1453 4899 1576 4937 cum
1609 4882 1676 4937 ad
1707 4882 1970 4951 Cyrillum

387 4974 752 5039 patriarcham
803 4973 1230 5028 Alexandrinum
1282 4976 1638 5044 pervenisset,
1695 4975 1810 5043 ipse
1848 4989 1968 5028 eam

390 5067 705 5132 improbans
752 5067 819 5120 ad
865 5084 990 5121 eum
1037 5069 1254 5124 litteras
1285 5069 1527 5139 scripsit,
1563 5068 1613 5122 in
1653 5069 1855 5138 quibus
1892 5069 1973 5123 fa-

385 5166 531 5209 ctum
572 5154 689 5226 ejus
719 5166 775 5210 ιιι
824 5164 981 5224 turpe
1017 5159 1313 5224 incusavit,
1351 5174 1414 5213 ac
1447 5160 1774 5214 sententiam
1804 5175 1965 5214 coar-

384 5254 501 5317 guit
553 5249 767 5318 ipsique
805 5236 904 5302 viae
937 5265 1051 5304 suae
1094 5251 1511 5320 perversitatem
1563 5252 1824 5318 ostendit,
1878 5268 1967 5307 ro-

382 5358 515 5410 gans
553 5352 608 5395 ttt
644 5343 710 5397 ad
742 5344 1025 5395 veritatem
1071 5343 1293 5397 rediret.
1325 5344 1574 5411 Cumque
1606 5346 1788 5402 multa:
1822 5347 1966 5401 inter

381 5436 532 5506 ipsos
582 5436 775 5489 litterae
830 5438 1285 5500 intercesserant,
1334 5453 1432 5492 nec
1480 5454 1507 5490 a
1553 5439 1825 5492 sententia
1863 5454 1962 5493 sua

381 5539 749 5583 reverteretur
781 5525 1087 5592 Nestor-ius,
1120 5529 1345 5596 scripsit
1378 5529 1619 5600 Cyrillus
1650 5530 1962 5598 patriarcha

380 5619 724 5673 Alexandria:
757 5619 821 5672 ad
849 5616 1114 5674 Joannem
1147 5620 1512 5687 patriarchatn
1537 5622 1963 5687 Antiochenum,

382 5705 559 5773 ipsum
590 5718 755 5761 etiam
793 5725 993 5779 rogans
1035 5717 1095 5763 ut
1128 5709 1327 5764 litteris
1361 5709 1428 5763 ad
1464 5710 1778 5764 Nestorium
1820 5713 1964 5767 datis

383 5795 537 5851 illum
571 5799 860 5852 sententiae
897 5816 1010 5855 sua“:
1065 5799 1332 5856 feeditatis
1362 5810 1417 5855 et
1465 5802 1825 5859 absurditatis
1853 5820 1967 5860 tuo-

450 5910 522 5978 (α)
555 5908 648 5959 Hic
670 5911 721 5961 in
743 5912 965 5967 editione
990 5915 1266 5969 Oxoniensi
1290 5919 1465 5981 incipit
1487 5926 1649 5972 tomus
1677 5922 1823 5975 alter.

2078 4804 2267 4844 eorum
2287 4806 2409 4861 qua:
2427 4791 2936 4862 patravitiJaannes,
2952 4805 3075 4852 orto
3103 4799 3421 4872 inter-ipsos
3438 4805 3670 4862 rlissitlfo

2080 4879 2295 4951 Epheso
2327 4883 2721 4940 discesserunt.
2756 4886 3019 4958 Factique
3051 4902 3179 4945 sunt
3202 4895 3339 4949 socii
3375 4894 3587 4967 Cyrilli.
3613 4907 3670 4954 et

2076 4974 2385 5031 Orientales
2400 4987 2581 5047 partes
2596 4981 2738 5047 duae,
2762 4981 2905 5036 inter
2918 4998 3055 5052 quas
3074 4984 3500 5044 intercesserunt
3516 4992 3667 5047 rixae.

2152 5070 2218 5122 At
2251 5085 2360 5124 non
2395 5071 2608 5126 destitit
2648 5071 2997 5130 Theodosius
3029 5092 3124 5132 rex
3163 5079 3337 5135 donec
3370 5082 3515 5137 inter
3536 5083 3663 5140 illos

2078 5178 2267 5230 parem
2301 5165 2642 5222 conciliaret.
2680 5166 3194 5240 Scripseruntergo
3225 5173 3538 5230 Orientales
3589 5177 3658 5232 li-

2075 5251 2274 5306 bellum
2302 5252 2355 5306 itt
2393 5268 2502 5323 quo
2524 5254 2842 5310 asserebant
2874 5266 3121 5312 sanctam
3142 5259 3364 5315 Mariam
3385 5261 3663 5334 Virginem

2077 5345 2238 5399 Deum
2264 5355 2320 5400 et
2340 5344 2627 5401 Dominum
2657 5356 2907 5403 nostrum
2930 5349 3116 5406 Jesum
3140 5352 3334 5423 9-11
3374 5356 3659 5412 Christum

2075 5438 2371 5508 peperisse,
2408 5440 2499 5507 qui
2538 5439 2784 5505 ejusdem
2824 5450 2910 5497 est
2942 5455 3066 5497 cunt
3098 5443 3259 5499 Patre
3290 5462 3394 5501 suo
3428 5455 3658 5511 naturae,

2073 5531 2435 5601 ejusdemque
2490 5547 2616 5586 cum
2670 5532 2987 5590 horninibus
3028 5536 3209 5604 quoad
3262 5538 3658 5596 humanitatem

2076 5630 2320 5683 naturae;
2354 5622 2493 5675 duas
2532 5622 2695 5675 etiam
2742 5633 2968 5677 naturas
3001 5624 3243 5679 confessi
3290 5634 3442 5691 sunt,
3476 5636 3529 5680 et
3560 5629 3663 5698 hy-

2076 5713 2319 5783 postasin
2366 5728 2552 5778 unam,
2592 5727 2867 5783 unamque
2913 5729 3230 5784 personam,
3278 5718 3659 5773 et'anatherua

2076 5810 2129 5862 in
2176 5801 2499 5861 Nestorium
2552 5803 2971 5862 denuntiarunt.
3006 5806 3255 5877 Eumque
3284 5806 3526 5864 libellum
3562 5824 3660 5881 per
3742 5840 3753 5849 ο
