  <div class='ocr_page' id='page_1' title='image "/cluster/home/n/w/nwhite01/storage/ocr_20150623/111/coo.31924054870153/524.png"; bbox 0 0 4076 6464; ppageno 0'>
   <div class='ocr_carea' id='block_1_1' title="bbox 368 435 499 491">
    <p class='ocr_par' dir='ltr' id='par_1_1' title="bbox 368 435 499 491">
     <span class='ocr_line' id='line_1_1' title="bbox 368 435 499 491; baseline 0.031 -3"><span class='ocrx_word' id='word_1_1' title='bbox 368 435 499 491; x_wconf 76' lang='grc'><strong>1033</strong></span> 
     </span>
    </p>
   </div>
   <div class='ocr_carea' id='block_1_2' title="bbox 1791 417 2157 482">
    <p class='ocr_par' dir='ltr' id='par_1_2' title="bbox 1791 417 2157 482">
     <span class='ocr_line' id='line_1_2' title="bbox 1791 417 2157 482; baseline -0.005 0"><span class='ocrx_word' id='word_1_2' title='bbox 1791 417 2157 482; x_wconf 75' lang='lat' dir='ltr'><strong>ANNALES.</strong></span> 
     </span>
    </p>
   </div>
   <div class='ocr_carea' id='block_1_3' title="bbox 3470 411 3609 477">
    <p class='ocr_par' dir='ltr' id='par_1_3' title="bbox 3470 411 3609 477">
     <span class='ocr_line' id='line_1_3' title="bbox 3470 411 3609 477; baseline 0.007 -2"><span class='ocrx_word' id='word_1_3' title='bbox 3470 411 3609 477; x_wconf 68' lang='lat'><strong>1034</strong></span> 
     </span>
    </p>
   </div>
   <div class='ocr_carea' id='block_1_4' title="bbox 364 529 3609 610">
    <p class='ocr_par' dir='ltr' id='par_1_4' title="bbox 364 529 3609 610">
     <span class='ocr_line' id='line_1_4' title="bbox 364 529 3609 610; baseline -0.003 -15"><span class='ocrx_word' id='word_1_4' title='bbox 364 541 586 596; x_wconf 81' lang='lat' dir='ltr'><strong>Paulum</strong></span> <span class='ocrx_word' id='word_1_5' title='bbox 617 539 1012 610; x_wconf 78' lang='lat' dir='ltr'><strong>metropolitani</strong></span> <span class='ocrx_word' id='word_1_6' title='bbox 1043 539 1412 595; x_wconf 82' lang='lat' dir='ltr'><strong>liamesanum</strong></span> <span class='ocrx_word' id='word_1_7' title='bbox 1439 537 1506 591; x_wconf 89' lang='lat' dir='ltr'><strong>ad</strong></span> <span class='ocrx_word' id='word_1_8' title='bbox 1539 537 1800 608; x_wconf 87' lang='lat' dir='ltr'><strong>Cyrillum</strong></span> <span class='ocrx_word' id='word_1_9' title='bbox 1831 548 1929 602; x_wconf 86' lang='lat' dir='ltr'><strong>pa-</strong></span> <span class='ocrx_word' id='word_1_10' title='bbox 1962 541 2006 590; x_wconf 79' lang='grc' dir='ltr'>Α</span> <span class='ocrx_word' id='word_1_11' title='bbox 2038 540 2222 600; x_wconf 98' lang='lat' dir='ltr'><strong>utpote</strong></span> <span class='ocrx_word' id='word_1_12' title='bbox 2255 545 2378 584; x_wconf 92' lang='lat' dir='ltr'><strong>cum</strong></span> <span class='ocrx_word' id='word_1_13' title='bbox 2421 529 2604 591; x_wconf 81' lang='lat' dir='ltr'><strong>Pater,</strong></span> <span class='ocrx_word' id='word_1_14' title='bbox 2647 530 2804 600; x_wconf 76' lang='lat' dir='ltr'><strong>juxta</strong></span> <span class='ocrx_word' id='word_1_15' title='bbox 2838 530 3011 598; x_wconf 88' lang='lat' dir='ltr'><strong>ipsos,</strong></span> <span class='ocrx_word' id='word_1_16' title='bbox 3040 529 3286 598; x_wconf 89' lang='lat' dir='ltr'><strong>genuerit</strong></span> <span class='ocrx_word' id='word_1_17' title='bbox 3332 529 3523 594; x_wconf 79' lang='lat' dir='ltr'><strong>Deum,</strong></span> <span class='ocrx_word' id='word_1_18' title='bbox 3555 543 3609 586; x_wconf 77' lang='lat' dir='ltr'><strong>at</strong></span> 
     </span>
    </p>
   </div>
   <div class='ocr_carea' id='block_1_5' title="bbox 367 630 1926 698">
    <p class='ocr_par' dir='ltr' id='par_1_5' title="bbox 367 630 1926 698">
     <span class='ocr_line' id='line_1_5' title="bbox 367 630 1926 698; baseline -0.004 -14"><span class='ocrx_word' id='word_1_19' title='bbox 367 631 657 686; x_wconf 87' lang='lat' dir='ltr'><strong>triarcham</strong></span> <span class='ocrx_word' id='word_1_20' title='bbox 707 630 1137 686; x_wconf 74' lang='lat' dir='ltr'><strong>Alexandrinum</strong></span> <span class='ocrx_word' id='word_1_21' title='bbox 1204 630 1473 686; x_wconf 87' lang='lat' dir='ltr'><strong>miserunt</strong></span> <span class='ocrx_word' id='word_1_22' title='bbox 1526 645 1540 683; x_wconf 90' lang='lat'><strong>:</strong></span> <span class='ocrx_word' id='word_1_23' title='bbox 1587 644 1748 698; x_wconf 94' lang='lat' dir='ltr'><strong>quem</strong></span> <span class='ocrx_word' id='word_1_24' title='bbox 1803 641 1926 680; x_wconf 90' lang='lat' dir='ltr'><strong>cum</strong></span> 
     </span>
    </p>
   </div>
   <div class='ocr_carea' id='block_1_6' title="bbox 367 716 1929 793">
    <p class='ocr_par' dir='ltr' id='par_1_6' title="bbox 367 716 1929 793">
     <span class='ocr_line' id='line_1_6' title="bbox 367 716 1929 793; baseline -0.003 -18"><span class='ocrx_word' id='word_1_25' title='bbox 367 721 666 790; x_wconf 85' lang='lat' dir='ltr'><strong>accepisset</strong></span> <span class='ocrx_word' id='word_1_26' title='bbox 696 731 858 791; x_wconf 88' lang='lat' dir='ltr'><strong>atque</strong></span> <span class='ocrx_word' id='word_1_27' title='bbox 891 721 1210 792; x_wconf 84' lang='lat' dir='ltr'><strong>perlegisset</strong></span> <span class='ocrx_word' id='word_1_28' title='bbox 1241 720 1497 793; x_wconf 79' lang='lat' dir='ltr'><strong>Cyrillus,</strong></span> <span class='ocrx_word' id='word_1_29' title='bbox 1536 735 1659 775; x_wconf 92' lang='lat' dir='ltr'><strong>cum</strong></span> <span class='ocrx_word' id='word_1_30' title='bbox 1694 719 1832 788; x_wconf 83' lang='lat' dir='ltr'><strong>ipsis</strong></span> <span class='ocrx_word' id='word_1_31' title='bbox 1863 716 1929 770; x_wconf 84' lang='lat' dir='ltr'><strong>de</strong></span> 
     </span>
    </p>
   </div>
   <div class='ocr_carea' id='block_1_7' title="bbox 368 807 1933 880">
    <p class='ocr_par' dir='ltr' id='par_1_7' title="bbox 368 807 1933 880">
     <span class='ocr_line' id='line_1_7' title="bbox 368 807 1933 880; baseline -0.003 -14"><span class='ocrx_word' id='word_1_32' title='bbox 368 813 526 868; x_wconf 84' lang='lat' dir='ltr'><strong>rebus</strong></span> <span class='ocrx_word' id='word_1_33' title='bbox 559 812 612 867; x_wconf 92' lang='lat' dir='ltr'><strong>in</strong></span> <span class='ocrx_word' id='word_1_34' title='bbox 636 827 702 869; x_wconf 88' lang='lat' dir='ltr'><strong>eo</strong></span> <span class='ocrx_word' id='word_1_35' title='bbox 734 813 1009 868; x_wconf 72' lang='lat' dir='ltr'><strong>contentis</strong></span> <span class='ocrx_word' id='word_1_36' title='bbox 1036 813 1390 868; x_wconf 72' lang='lat' dir='ltr'><strong>consentiens</strong></span> <span class='ocrx_word' id='word_1_37' title='bbox 1413 812 1516 867; x_wconf 84' lang='lat' dir='ltr'><strong>hoc</strong></span> <span class='ocrx_word' id='word_1_38' title='bbox 1546 810 1652 866; x_wconf 89' lang='lat' dir='ltr'><strong>illis</strong></span> <span class='ocrx_word' id='word_1_39' title='bbox 1683 809 1830 880; x_wconf 85' lang='lat' dir='ltr'><strong>quod</strong></span> <span class='ocrx_word' id='word_1_40' title='bbox 1863 807 1933 862; x_wconf 83' lang='lat' dir='ltr'><strong>ad</strong></span> 
     </span>
    </p>
   </div>
   <div class='ocr_carea' id='block_1_8' title="bbox 364 906 1160 976">
    <p class='ocr_par' dir='ltr' id='par_1_8' title="bbox 364 906 1160 976">
     <span class='ocr_line' id='line_1_8' title="bbox 364 906 1160 976; baseline 0.003 -16"><span class='ocrx_word' id='word_1_41' title='bbox 364 922 486 960; x_wconf 85' lang='lat' dir='ltr'><strong>eum</strong></span> <span class='ocrx_word' id='word_1_42' title='bbox 519 920 847 976; x_wconf 81' lang='lat' dir='ltr'><strong>responsum</strong></span> <span class='ocrx_word' id='word_1_43' title='bbox 876 906 1114 961; x_wconf 83' lang='lat' dir='ltr'><strong>reddidit</strong></span> <span class='ocrx_word' id='word_1_44' title='bbox 1144 924 1160 962; x_wconf 86' lang='lat'><strong>:</strong></span> 
     </span>
    </p>
   </div>
   <div class='ocr_carea' id='block_1_9' title="bbox 432 993 1937 1067">
    <p class='ocr_par' dir='ltr' id='par_1_9' title="bbox 432 993 1937 1067">
     <span class='ocr_line' id='line_1_9' title="bbox 432 993 1937 1067; baseline -0.003 -15"><span class='ocrx_word' id='word_1_45' title='bbox 432 998 695 1052; x_wconf 86' lang='lat' dir='ltr'><strong>Eamdem</strong></span> <span class='ocrx_word' id='word_1_46' title='bbox 725 1011 828 1067; x_wconf 90' lang='lat' dir='ltr'><strong>ego</strong></span> <span class='ocrx_word' id='word_1_47' title='bbox 856 1013 1018 1067; x_wconf 85' lang='lat' dir='ltr'><strong>quam</strong></span> <span class='ocrx_word' id='word_1_48' title='bbox 1052 1012 1151 1054; x_wconf 87' lang='lat' dir='ltr'><strong>vos</strong></span> <span class='ocrx_word' id='word_1_49' title='bbox 1187 998 1242 1052; x_wconf 92' lang='lat' dir='ltr'><strong>in</strong></span> <span class='ocrx_word' id='word_1_50' title='bbox 1289 998 1476 1053; x_wconf 89' lang='lat' dir='ltr'><strong>libello</strong></span> <span class='ocrx_word' id='word_1_51' title='bbox 1517 1005 1698 1051; x_wconf 87' lang='lat' dir='ltr'><strong>vestro</strong></span> <span class='ocrx_word' id='word_1_52' title='bbox 1731 993 1937 1049; x_wconf 89' lang='lat' dir='ltr'><strong>descri-</strong></span> 
     </span>
    </p>
   </div>
   <div class='ocr_carea' id='block_1_10' title="bbox 367 1085 1937 1160">
    <p class='ocr_par' dir='ltr' id='par_1_10' title="bbox 367 1085 1937 1160">
     <span class='ocr_line' id='line_1_10' title="bbox 367 1085 1937 1160; baseline -0.002 -19"><span class='ocrx_word' id='word_1_53' title='bbox 367 1089 550 1157; x_wconf 77' lang='lat' dir='ltr'><strong>psistis</strong></span> <span class='ocrx_word' id='word_1_54' title='bbox 582 1088 744 1145; x_wconf 85' lang='lat' dir='ltr'><strong>tidem</strong></span> <span class='ocrx_word' id='word_1_55' title='bbox 772 1092 1106 1159; x_wconf 89' lang='lat' dir='ltr'><strong>amplector;</strong></span> <span class='ocrx_word' id='word_1_56' title='bbox 1140 1100 1302 1160; x_wconf 90' lang='lat' dir='ltr'><strong>atque</strong></span> <span class='ocrx_word' id='word_1_57' title='bbox 1341 1090 1445 1145; x_wconf 92' lang='lat' dir='ltr'><strong>hoc</strong></span> <span class='ocrx_word' id='word_1_58' title='bbox 1471 1097 1629 1158; x_wconf 88' lang='lat' dir='ltr'><strong>pacto</strong></span> <span class='ocrx_word' id='word_1_59' title='bbox 1657 1086 1763 1141; x_wconf 83' lang='lat' dir='ltr'><strong>fuit</strong></span> <span class='ocrx_word' id='word_1_60' title='bbox 1796 1085 1937 1139; x_wconf 84' lang='lat' dir='ltr'><strong>inter</strong></span> 
     </span>
    </p>
   </div>
   <div class='ocr_carea' id='block_1_11' title="bbox 369 1175 1938 1249">
    <p class='ocr_par' dir='ltr' id='par_1_11' title="bbox 369 1175 1938 1249">
     <span class='ocr_line' id='line_1_11' title="bbox 369 1175 1938 1249; baseline -0.005 -15"><span class='ocrx_word' id='word_1_61' title='bbox 369 1179 627 1249; x_wconf 83' lang='lat' dir='ltr'><strong>Cyrillum</strong></span> <span class='ocrx_word' id='word_1_62' title='bbox 674 1189 730 1234; x_wconf 89' lang='lat' dir='ltr'><strong>et</strong></span> <span class='ocrx_word' id='word_1_63' title='bbox 769 1179 1072 1236; x_wconf 84' lang='lat' dir='ltr'><strong>Orientales</strong></span> <span class='ocrx_word' id='word_1_64' title='bbox 1101 1179 1415 1236; x_wconf 89' lang='lat' dir='ltr'><strong>concordia.</strong></span> <span class='ocrx_word' id='word_1_65' title='bbox 1445 1177 1601 1244; x_wconf 86' lang='lat' dir='ltr'><strong>Quod</strong></span> <span class='ocrx_word' id='word_1_66' title='bbox 1645 1185 1824 1231; x_wconf 86' lang='lat' dir='ltr'><strong>autem</strong></span> <span class='ocrx_word' id='word_1_67' title='bbox 1856 1175 1938 1228; x_wconf 89' lang='lat' dir='ltr'><strong>di-</strong></span> 
     </span>
    </p>
   </div>
   <div class='ocr_carea' id='block_1_12' title="bbox 372 1269 1935 1344">
    <p class='ocr_par' dir='ltr' id='par_1_12' title="bbox 372 1269 1935 1344">
     <span class='ocr_line' id='line_1_12' title="bbox 372 1269 1935 1344; baseline -0.002 -19"><span class='ocrx_word' id='word_1_68' title='bbox 372 1284 502 1326; x_wconf 89' lang='lat' dir='ltr'><strong>cunt</strong></span> <span class='ocrx_word' id='word_1_69' title='bbox 547 1273 796 1328; x_wconf 85' lang='lat' dir='ltr'><strong>nonnulli</strong></span> <span class='ocrx_word' id='word_1_70' title='bbox 826 1273 1089 1344; x_wconf 87' lang='lat' dir='ltr'><strong>Cyrillum</strong></span> <span class='ocrx_word' id='word_1_71' title='bbox 1131 1287 1256 1328; x_wconf 89' lang='lat' dir='ltr'><strong>cum</strong></span> <span class='ocrx_word' id='word_1_72' title='bbox 1289 1271 1531 1327; x_wconf 88' lang='lat' dir='ltr'><strong>libellum</strong></span> <span class='ocrx_word' id='word_1_73' title='bbox 1570 1269 1935 1324; x_wconf 83' lang='lat' dir='ltr'><strong>Orientalium</strong></span> 
     </span>
    </p>
   </div>
   <div class='ocr_carea' id='block_1_13' title="bbox 369 1363 1939 1436">
    <p class='ocr_par' dir='ltr' id='par_1_13' title="bbox 369 1363 1939 1436">
     <span class='ocr_line' id='line_1_13' title="bbox 369 1363 1939 1436; baseline -0.003 -18"><span class='ocrx_word' id='word_1_74' title='bbox 369 1366 674 1434; x_wconf 78' lang='lat' dir='ltr'><strong>accepisset</strong></span> <span class='ocrx_word' id='word_1_75' title='bbox 696 1366 874 1435; x_wconf 86' lang='lat' dir='ltr'><strong>ipsum</strong></span> <span class='ocrx_word' id='word_1_76' title='bbox 901 1365 1261 1436; x_wconf 83' lang='lat' dir='ltr'><strong>improbasse,</strong></span> <span class='ocrx_word' id='word_1_77' title='bbox 1291 1379 1392 1419; x_wconf 92' lang='lat' dir='ltr'><strong>nec</strong></span> <span class='ocrx_word' id='word_1_78' title='bbox 1419 1363 1624 1418; x_wconf 84' lang='lat' dir='ltr'><strong>dixisse</strong></span> <span class='ocrx_word' id='word_1_79' title='bbox 1658 1363 1793 1416; x_wconf 90' lang='lat' dir='ltr'><strong>duas</strong></span> <span class='ocrx_word' id='word_1_80' title='bbox 1836 1376 1939 1415; x_wconf 87' lang='lat' dir='ltr'><strong>na-</strong></span> 
     </span>
    </p>
   </div>
   <div class='ocr_carea' id='block_1_14' title="bbox 374 1449 1942 1526">
    <p class='ocr_par' dir='ltr' id='par_1_14' title="bbox 374 1449 1942 1526">
     <span class='ocr_line' id='line_1_14' title="bbox 374 1449 1942 1526; baseline -0.003 -18"><span class='ocrx_word' id='word_1_81' title='bbox 374 1466 518 1510; x_wconf 88' lang='lat' dir='ltr'><strong>turas</strong></span> <span class='ocrx_word' id='word_1_82' title='bbox 547 1463 600 1510; x_wconf 90' lang='lat' dir='ltr'><strong>et</strong></span> <span class='ocrx_word' id='word_1_83' title='bbox 635 1455 973 1526; x_wconf 86' lang='lat' dir='ltr'><strong>hypostasim</strong></span> <span class='ocrx_word' id='word_1_84' title='bbox 1005 1470 1192 1520; x_wconf 88' lang='lat' dir='ltr'><strong>unam,</strong></span> <span class='ocrx_word' id='word_1_85' title='bbox 1213 1456 1268 1508; x_wconf 91' lang='lat' dir='ltr'><strong>in</strong></span> <span class='ocrx_word' id='word_1_86' title='bbox 1303 1468 1368 1510; x_wconf 88' lang='lat' dir='ltr'><strong>eo</strong></span> <span class='ocrx_word' id='word_1_87' title='bbox 1397 1453 1516 1508; x_wconf 80' lang='lat' dir='ltr'><strong>falsi</strong></span> <span class='ocrx_word' id='word_1_88' title='bbox 1555 1460 1702 1507; x_wconf 88' lang='lat' dir='ltr'><strong>sunt.</strong></span> <span class='ocrx_word' id='word_1_89' title='bbox 1737 1449 1942 1505; x_wconf 83' lang='lat' dir='ltr'><strong>Omnes</strong></span> 
     </span>
    </p>
   </div>
   <div class='ocr_carea' id='block_1_15' title="bbox 370 1543 1944 1617">
    <p class='ocr_par' dir='ltr' id='par_1_15' title="bbox 370 1543 1944 1617">
     <span class='ocr_line' id='line_1_15' title="bbox 370 1543 1944 1617; baseline -0.002 -15"><span class='ocrx_word' id='word_1_90' title='bbox 370 1549 512 1602; x_wconf 85' lang='lat' dir='ltr'><strong>enim</strong></span> <span class='ocrx_word' id='word_1_91' title='bbox 559 1545 748 1617; x_wconf 87' lang='lat' dir='ltr'><strong>Cyrilli</strong></span> <span class='ocrx_word' id='word_1_92' title='bbox 797 1547 923 1602; x_wconf 87' lang='lat' dir='ltr'><strong>libri</strong></span> <span class='ocrx_word' id='word_1_93' title='bbox 993 1547 1126 1603; x_wconf 87' lang='lat' dir='ltr'><strong>illud</strong></span> <span class='ocrx_word' id='word_1_94' title='bbox 1181 1547 1386 1604; x_wconf 86' lang='lat' dir='ltr'><strong>diserte</strong></span> <span class='ocrx_word' id='word_1_95' title='bbox 1442 1553 1715 1600; x_wconf 84' lang='lat' dir='ltr'><strong>asserunt.</strong></span> <span class='ocrx_word' id='word_1_96' title='bbox 1773 1543 1944 1599; x_wconf 89' lang='lat' dir='ltr'><strong>Porro</strong></span> 
     </span>
    </p>
   </div>
   <div class='ocr_carea' id='block_1_16' title="bbox 372 1633 1940 1709">
    <p class='ocr_par' dir='ltr' id='par_1_16' title="bbox 372 1633 1940 1709">
     <span class='ocr_line' id='line_1_16' title="bbox 372 1633 1940 1709; baseline -0.002 -19"><span class='ocrx_word' id='word_1_97' title='bbox 372 1640 676 1694; x_wconf 79' lang='lat' dir='ltr'><strong>transmisit</strong></span> <span class='ocrx_word' id='word_1_98' title='bbox 714 1639 957 1709; x_wconf 84' lang='lat' dir='ltr'><strong>Cyrillus</strong></span> <span class='ocrx_word' id='word_1_99' title='bbox 986 1638 1263 1708; x_wconf 82' lang='lat' dir='ltr'><strong>exemplar</strong></span> <span class='ocrx_word' id='word_1_100' title='bbox 1289 1637 1455 1692; x_wconf 86' lang='lat' dir='ltr'><strong>libelli</strong></span> <span class='ocrx_word' id='word_1_101' title='bbox 1483 1635 1843 1692; x_wconf 82' lang='lat' dir='ltr'><strong>Orientalium</strong></span> <span class='ocrx_word' id='word_1_102' title='bbox 1875 1633 1940 1688; x_wconf 90' lang='lat' dir='ltr'><strong>ad</strong></span> 
     </span>
    </p>
   </div>
   <div class='ocr_carea' id='block_1_17' title="bbox 371 1728 1942 1802">
    <p class='ocr_par' dir='ltr' id='par_1_17' title="bbox 371 1728 1942 1802">
     <span class='ocr_line' id='line_1_17' title="bbox 371 1728 1942 1802; baseline -0.004 -18"><span class='ocrx_word' id='word_1_103' title='bbox 371 1730 654 1797; x_wconf 82' lang='lat' dir='ltr'><strong>Hilarium,</strong></span> <span class='ocrx_word' id='word_1_104' title='bbox 679 1733 998 1802; x_wconf 85' lang='lat' dir='ltr'><strong>episcopum</strong></span> <span class='ocrx_word' id='word_1_105' title='bbox 1019 1731 1171 1786; x_wconf 92' lang='lat' dir='ltr'><strong>urbis</strong></span> <span class='ocrx_word' id='word_1_106' title='bbox 1197 1729 1467 1796; x_wconf 86' lang='lat' dir='ltr'><strong>Corinthi,</strong></span> <span class='ocrx_word' id='word_1_107' title='bbox 1493 1737 1544 1784; x_wconf 90' lang='lat' dir='ltr'><strong>et</strong></span> <span class='ocrx_word' id='word_1_108' title='bbox 1565 1730 1631 1784; x_wconf 89' lang='lat' dir='ltr'><strong>ad</strong></span> <span class='ocrx_word' id='word_1_109' title='bbox 1659 1728 1942 1788; x_wconf 87' lang='lat' dir='ltr'><strong>Acacium,</strong></span> 
     </span>
    </p>
   </div>
   <div class='ocr_carea' id='block_1_18' title="bbox 2037 622 3609 694">
    <p class='ocr_par' dir='ltr' id='par_1_18' title="bbox 2037 622 3609 694">
     <span class='ocr_line' id='line_1_18' title="bbox 2037 622 3609 694; baseline 0.001 -16"><span class='ocrx_word' id='word_1_110' title='bbox 2037 638 2145 678; x_wconf 88' lang='lat' dir='ltr'><strong>non</strong></span> <span class='ocrx_word' id='word_1_111' title='bbox 2180 624 2453 678; x_wconf 88' lang='lat' dir='ltr'><strong>hominem</strong></span> <span class='ocrx_word' id='word_1_112' title='bbox 2485 639 2498 688; x_wconf 91' lang='lat'><strong>;</strong></span> <span class='ocrx_word' id='word_1_113' title='bbox 2527 622 2693 676; x_wconf 86' lang='lat' dir='ltr'><strong>Maria</strong></span> <span class='ocrx_word' id='word_1_114' title='bbox 2715 638 2844 676; x_wconf 85' lang='lat' dir='ltr'><strong>vero</strong></span> <span class='ocrx_word' id='word_1_115' title='bbox 2875 623 3147 678; x_wconf 84' lang='lat' dir='ltr'><strong>hominem</strong></span> <span class='ocrx_word' id='word_1_116' title='bbox 3177 626 3468 694; x_wconf 89' lang='lat' dir='ltr'><strong>pepererit,</strong></span> <span class='ocrx_word' id='word_1_117' title='bbox 3501 643 3609 679; x_wconf 89' lang='lat' dir='ltr'><strong>non</strong></span> 
     </span>
    </p>
   </div>
   <div class='ocr_carea' id='block_1_19' title="bbox 2035 714 2437 770">
    <p class='ocr_par' dir='ltr' id='par_1_19' title="bbox 2035 714 2437 770">
     <span class='ocr_line' id='line_1_19' title="bbox 2035 714 2437 770; baseline -0.005 -4"><span class='ocrx_word' id='word_1_118' title='bbox 2035 725 2215 768; x_wconf 86' lang='lat' dir='ltr'><strong>autem</strong></span> <span class='ocrx_word' id='word_1_119' title='bbox 2251 714 2437 770; x_wconf 85' lang='lat' dir='ltr'><strong>Deum.</strong></span> 
     </span>
    </p>
   </div>
   <div class='ocr_carea' id='block_1_20' title="bbox 2111 806 3618 879">
    <p class='ocr_par' dir='ltr' id='par_1_20' title="bbox 2111 806 3618 879">
     <span class='ocr_line' id='line_1_20' title="bbox 2111 806 3618 879; baseline 0.003 -19"><span class='ocrx_word' id='word_1_120' title='bbox 2111 806 2335 862; x_wconf 89' lang='lat' dir='ltr'><strong>Dicetur</strong></span> <span class='ocrx_word' id='word_1_121' title='bbox 2382 823 2516 879; x_wconf 81' lang='lat' dir='ltr'><strong>ergo</strong></span> <span class='ocrx_word' id='word_1_122' title='bbox 2563 809 2672 862; x_wconf 91' lang='lat' dir='ltr'><strong>illis</strong></span> <span class='ocrx_word' id='word_1_123' title='bbox 2732 827 2744 862; x_wconf 93' lang='lat'><strong>:</strong></span> <span class='ocrx_word' id='word_1_124' title='bbox 2791 809 2846 864; x_wconf 88' lang='lat' dir='ltr'><strong>Si</strong></span> <span class='ocrx_word' id='word_1_125' title='bbox 2879 811 2952 864; x_wconf 84' lang='lat' dir='ltr'><strong>ita</strong></span> <span class='ocrx_word' id='word_1_126' title='bbox 2978 824 3066 865; x_wconf 86' lang='lat' dir='ltr'><strong>res</strong></span> <span class='ocrx_word' id='word_1_127' title='bbox 3092 823 3153 867; x_wconf 88' lang='lat' dir='ltr'><strong>se</strong></span> <span class='ocrx_word' id='word_1_128' title='bbox 3171 810 3374 865; x_wconf 83' lang='lat' dir='ltr'><strong>habeat</strong></span> <span class='ocrx_word' id='word_1_129' title='bbox 3413 811 3490 865; x_wconf 90' lang='lat' dir='ltr'><strong>uti</strong></span> <span class='ocrx_word' id='word_1_130' title='bbox 3521 828 3618 865; x_wconf 76' lang='lat' dir='ltr'><strong>vos</strong></span> 
     </span>
    </p>
   </div>
   <div class='ocr_carea' id='block_1_21' title="bbox 2039 899 3615 972">
    <p class='ocr_par' dir='ltr' id='par_1_21' title="bbox 2039 899 3615 972">
     <span class='ocr_line' id='line_1_21' title="bbox 2039 899 3615 972; baseline 0.001 -18"><span class='ocrx_word' id='word_1_131' title='bbox 2039 899 2242 964; x_wconf 87' lang='lat' dir='ltr'><strong>dicitis,</strong></span> <span class='ocrx_word' id='word_1_132' title='bbox 2286 901 2392 955; x_wconf 91' lang='lat' dir='ltr'><strong>erit</strong></span> <span class='ocrx_word' id='word_1_133' title='bbox 2435 901 2688 957; x_wconf 87' lang='lat' dir='ltr'><strong>Christus</strong></span> <span class='ocrx_word' id='word_1_134' title='bbox 2757 903 2866 956; x_wconf 93' lang='lat' dir='ltr'><strong>duo</strong></span> <span class='ocrx_word' id='word_1_135' title='bbox 2907 902 3147 966; x_wconf 89' lang='lat' dir='ltr'><strong>Christi,</strong></span> <span class='ocrx_word' id='word_1_136' title='bbox 3200 902 3422 972; x_wconf 87' lang='lat' dir='ltr'><strong>duoque</strong></span> <span class='ocrx_word' id='word_1_137' title='bbox 3469 901 3615 957; x_wconf 86' lang='lat' dir='ltr'><strong>Filii.</strong></span> 
     </span>
    </p>
   </div>
   <div class='ocr_carea' id='block_1_22' title="bbox 2041 991 3619 1067">
    <p class='ocr_par' dir='ltr' id='par_1_22' title="bbox 2041 991 3619 1067">
     <span class='ocr_line' id='line_1_22' title="bbox 2041 991 3619 1067; baseline 0.001 -22"><span class='ocrx_word' id='word_1_138' title='bbox 2041 991 2158 1045; x_wconf 84' lang='lat' dir='ltr'><strong>Erit</strong></span> <span class='ocrx_word' id='word_1_139' title='bbox 2203 1007 2333 1060; x_wconf 91' lang='lat' dir='ltr'><strong>ergo</strong></span> <span class='ocrx_word' id='word_1_140' title='bbox 2377 991 2632 1048; x_wconf 89' lang='lat' dir='ltr'><strong>Christus</strong></span> <span class='ocrx_word' id='word_1_141' title='bbox 2684 992 2829 1048; x_wconf 90' lang='lat' dir='ltr'><strong>Deus</strong></span> <span class='ocrx_word' id='word_1_142' title='bbox 2879 1008 3065 1067; x_wconf 84' lang='lat' dir='ltr'><strong>verus,</strong></span> <span class='ocrx_word' id='word_1_143' title='bbox 3128 1001 3182 1047; x_wconf 91' lang='lat' dir='ltr'><strong>et</strong></span> <span class='ocrx_word' id='word_1_144' title='bbox 3233 994 3409 1048; x_wconf 82' lang='lat' dir='ltr'><strong>Filius</strong></span> <span class='ocrx_word' id='word_1_145' title='bbox 3455 1009 3619 1047; x_wconf 81' lang='lat' dir='ltr'><strong>verus</strong></span> 
     </span>
    </p>
   </div>
   <div class='ocr_carea' id='block_1_23' title="bbox 2045 1081 3619 1150">
    <p class='ocr_par' dir='ltr' id='par_1_23' title="bbox 2045 1081 3619 1150">
     <span class='ocr_line' id='line_1_23' title="bbox 2045 1081 3619 1150; baseline 0.003 -16"><span class='ocrx_word' id='word_1_146' title='bbox 2045 1081 2210 1149; x_wconf 90' lang='lat' dir='ltr'><strong>Deus,</strong></span> <span class='ocrx_word' id='word_1_147' title='bbox 2259 1091 2314 1138; x_wconf 91' lang='lat' dir='ltr'><strong>et</strong></span> <span class='ocrx_word' id='word_1_148' title='bbox 2360 1083 2612 1139; x_wconf 89' lang='lat' dir='ltr'><strong>Christus</strong></span> <span class='ocrx_word' id='word_1_149' title='bbox 2670 1099 2831 1139; x_wconf 83' lang='lat' dir='ltr'><strong>verus</strong></span> <span class='ocrx_word' id='word_1_150' title='bbox 2887 1085 3074 1150; x_wconf 91' lang='lat' dir='ltr'><strong>homo,</strong></span> <span class='ocrx_word' id='word_1_151' title='bbox 3127 1094 3182 1140; x_wconf 89' lang='lat' dir='ltr'><strong>et</strong></span> <span class='ocrx_word' id='word_1_152' title='bbox 3233 1085 3407 1140; x_wconf 83' lang='lat' dir='ltr'><strong>Filius</strong></span> <span class='ocrx_word' id='word_1_153' title='bbox 3455 1101 3619 1140; x_wconf 85' lang='lat' dir='ltr'><strong>verus</strong></span> 
     </span>
    </p>
   </div>
   <div class='ocr_carea' id='block_1_24' title="bbox 2043 1174 3616 1239">
    <p class='ocr_par' dir='ltr' id='par_1_24' title="bbox 2043 1174 3616 1239">
     <span class='ocr_line' id='line_1_24' title="bbox 2043 1174 3616 1239; baseline 0.003 -12"><span class='ocrx_word' id='word_1_154' title='bbox 2043 1174 2231 1239; x_wconf 90' lang='lat' dir='ltr'><strong>homo,</strong></span> <span class='ocrx_word' id='word_1_155' title='bbox 2267 1190 2392 1229; x_wconf 91' lang='lat' dir='ltr'><strong>cum</strong></span> <span class='ocrx_word' id='word_1_156' title='bbox 2445 1177 2758 1230; x_wconf 87' lang='lat' dir='ltr'><strong>necessario</strong></span> <span class='ocrx_word' id='word_1_157' title='bbox 2797 1176 3088 1231; x_wconf 89' lang='lat' dir='ltr'><strong>dicendum</strong></span> <span class='ocrx_word' id='word_1_158' title='bbox 3138 1177 3206 1232; x_wconf 90' lang='lat' dir='ltr'><strong>sil</strong></span> <span class='ocrx_word' id='word_1_159' title='bbox 3261 1179 3344 1232; x_wconf 92' lang='lat' dir='ltr'><strong>vel</strong></span> <span class='ocrx_word' id='word_1_160' title='bbox 3391 1176 3616 1232; x_wconf 85' lang='lat' dir='ltr'><strong>Mariam</strong></span> 
     </span>
    </p>
   </div>
   <div class='ocr_carea' id='block_1_25' title="bbox 2046 1268 3620 1340">
    <p class='ocr_par' dir='ltr' id='par_1_25' title="bbox 2046 1268 3620 1340">
     <span class='ocr_line' id='line_1_25' title="bbox 2046 1268 3620 1340; baseline 0 -18"><span class='ocrx_word' id='word_1_161' title='bbox 2046 1269 2324 1338; x_wconf 85' lang='lat' dir='ltr'><strong>peperisse</strong></span> <span class='ocrx_word' id='word_1_162' title='bbox 2355 1268 2652 1335; x_wconf 89' lang='lat' dir='ltr'><strong>Christum,</strong></span> <span class='ocrx_word' id='word_1_163' title='bbox 2681 1271 2764 1325; x_wconf 89' lang='lat' dir='ltr'><strong>vel</strong></span> <span class='ocrx_word' id='word_1_164' title='bbox 2806 1287 2912 1325; x_wconf 89' lang='lat' dir='ltr'><strong>non</strong></span> <span class='ocrx_word' id='word_1_165' title='bbox 2949 1272 3244 1340; x_wconf 86' lang='lat' dir='ltr'><strong>peperisse.</strong></span> <span class='ocrx_word' id='word_1_166' title='bbox 3283 1269 3339 1324; x_wconf 92' lang='lat' dir='ltr'><strong>Si</strong></span> <span class='ocrx_word' id='word_1_167' title='bbox 3387 1271 3620 1340; x_wconf 79' lang='lat' dir='ltr'><strong>peperit,</strong></span> 
     </span>
    </p>
   </div>
   <div class='ocr_carea' id='block_1_26' title="bbox 2047 1363 3618 1434">
    <p class='ocr_par' dir='ltr' id='par_1_26' title="bbox 2047 1363 3618 1434">
     <span class='ocr_line' id='line_1_26' title="bbox 2047 1363 3618 1434; baseline 0.001 -17"><span class='ocrx_word' id='word_1_168' title='bbox 2047 1364 2364 1418; x_wconf 89' lang='lat' dir='ltr'><strong>necessario</strong></span> <span class='ocrx_word' id='word_1_169' title='bbox 2390 1363 2496 1416; x_wconf 91' lang='lat' dir='ltr'><strong>erit</strong></span> <span class='ocrx_word' id='word_1_170' title='bbox 2524 1373 2715 1433; x_wconf 81' lang='lat' dir='ltr'><strong>partus</strong></span> <span class='ocrx_word' id='word_1_171' title='bbox 2737 1366 2823 1418; x_wconf 90' lang='lat' dir='ltr'><strong>vel</strong></span> <span class='ocrx_word' id='word_1_172' title='bbox 2855 1364 3158 1433; x_wconf 88' lang='lat' dir='ltr'><strong>spiritualis</strong></span> <span class='ocrx_word' id='word_1_173' title='bbox 3183 1364 3268 1419; x_wconf 86' lang='lat' dir='ltr'><strong>vel</strong></span> <span class='ocrx_word' id='word_1_174' title='bbox 3293 1367 3618 1434; x_wconf 80' lang='lat' dir='ltr'><strong>corporalis;</strong></span> 
     </span>
    </p>
   </div>
   <div class='ocr_carea' id='block_1_27' title="bbox 2048 1455 3619 1525">
    <p class='ocr_par' dir='ltr' id='par_1_27' title="bbox 2048 1455 3619 1525">
     <span class='ocr_line' id='line_1_27' title="bbox 2048 1455 3619 1525; baseline -0.001 -15"><span class='ocrx_word' id='word_1_175' title='bbox 2048 1455 2094 1510; x_wconf 92' lang='lat' dir='ltr'><strong>si</strong></span> <span class='ocrx_word' id='word_1_176' title='bbox 2127 1455 2458 1524; x_wconf 87' lang='lat' dir='ltr'><strong>corporalis,</strong></span> <span class='ocrx_word' id='word_1_177' title='bbox 2492 1455 2633 1511; x_wconf 85' lang='lat' dir='ltr'><strong>alius</strong></span> <span class='ocrx_word' id='word_1_178' title='bbox 2666 1457 2770 1511; x_wconf 92' lang='lat' dir='ltr'><strong>erit</strong></span> <span class='ocrx_word' id='word_1_179' title='bbox 2802 1456 2872 1509; x_wconf 87' lang='lat' dir='ltr'><strong>ab</strong></span> <span class='ocrx_word' id='word_1_180' title='bbox 2911 1471 2977 1510; x_wconf 92' lang='lat' dir='ltr'><strong>eo</strong></span> <span class='ocrx_word' id='word_1_181' title='bbox 3009 1470 3171 1524; x_wconf 87' lang='lat' dir='ltr'><strong>quem</strong></span> <span class='ocrx_word' id='word_1_182' title='bbox 3211 1456 3402 1525; x_wconf 79' lang='lat' dir='ltr'><strong>genuit</strong></span> <span class='ocrx_word' id='word_1_183' title='bbox 3439 1458 3619 1520; x_wconf 83' lang='lat' dir='ltr'><strong>Pater,</strong></span> 
     </span>
    </p>
   </div>
   <div class='ocr_carea' id='block_1_28' title="bbox 2047 1549 3625 1620">
    <p class='ocr_par' dir='ltr' id='par_1_28' title="bbox 2047 1549 3625 1620">
     <span class='ocr_line' id='line_1_28' title="bbox 2047 1549 3625 1620; baseline -0.001 -16"><span class='ocrx_word' id='word_1_184' title='bbox 2047 1549 2194 1604; x_wconf 89' lang='lat' dir='ltr'><strong>unde</strong></span> <span class='ocrx_word' id='word_1_185' title='bbox 2223 1552 2538 1606; x_wconf 81' lang='lat' dir='ltr'><strong>necessario</strong></span> <span class='ocrx_word' id='word_1_186' title='bbox 2565 1559 2826 1620; x_wconf 87' lang='lat' dir='ltr'><strong>sequetur</strong></span> <span class='ocrx_word' id='word_1_187' title='bbox 2847 1551 2984 1603; x_wconf 86' lang='lat' dir='ltr'><strong>duos</strong></span> <span class='ocrx_word' id='word_1_188' title='bbox 3014 1565 3135 1606; x_wconf 87' lang='lat' dir='ltr'><strong>esse</strong></span> <span class='ocrx_word' id='word_1_189' title='bbox 3161 1549 3409 1604; x_wconf 89' lang='lat' dir='ltr'><strong>Christos</strong></span> <span class='ocrx_word' id='word_1_190' title='bbox 3437 1567 3452 1615; x_wconf 87' lang='lat'><strong>;</strong></span> <span class='ocrx_word' id='word_1_191' title='bbox 3477 1551 3625 1617; x_wconf 88' lang='lat' dir='ltr'><strong>quod</strong></span> 
     </span>
    </p>
   </div>
   <div class='ocr_carea' id='block_1_29' title="bbox 2049 1635 3626 1712">
    <p class='ocr_par' dir='ltr' id='par_1_29' title="bbox 2049 1635 3626 1712">
     <span class='ocr_line' id='line_1_29' title="bbox 2049 1635 3626 1712; baseline 0.001 -17"><span class='ocrx_word' id='word_1_192' title='bbox 2049 1641 2094 1695; x_wconf 89' lang='lat' dir='ltr'><strong>si</strong></span> <span class='ocrx_word' id='word_1_193' title='bbox 2145 1641 2448 1712; x_wconf 79' lang='lat' dir='ltr'><strong>spiritualis</strong></span> <span class='ocrx_word' id='word_1_194' title='bbox 2495 1641 2687 1708; x_wconf 79' lang='lat' dir='ltr'><strong>fuerit,</strong></span> <span class='ocrx_word' id='word_1_195' title='bbox 2739 1644 2842 1698; x_wconf 90' lang='lat' dir='ltr'><strong>erit</strong></span> <span class='ocrx_word' id='word_1_196' title='bbox 2884 1635 3139 1699; x_wconf 85' lang='lat' dir='ltr'><strong>Christus</strong></span> <span class='ocrx_word' id='word_1_197' title='bbox 3185 1644 3358 1697; x_wconf 82' lang='lat' dir='ltr'><strong>Filius</strong></span> <span class='ocrx_word' id='word_1_198' title='bbox 3395 1659 3538 1696; x_wconf 87' lang='lat' dir='ltr'><strong>unus</strong></span> <span class='ocrx_word' id='word_1_199' title='bbox 3571 1655 3626 1698; x_wconf 87' lang='lat' dir='ltr'><strong>et</strong></span> 
     </span>
    </p>
   </div>
   <div class='ocr_carea' id='block_1_30' title="bbox 2046 1732 3628 1800">
    <p class='ocr_par' dir='ltr' id='par_1_30' title="bbox 2046 1732 3628 1800">
     <span class='ocr_line' id='line_1_30' title="bbox 2046 1732 3628 1800; baseline 0.001 -13"><span class='ocrx_word' id='word_1_200' title='bbox 2046 1732 2290 1787; x_wconf 89' lang='lat' dir='ltr'><strong>Persona</strong></span> <span class='ocrx_word' id='word_1_201' title='bbox 2341 1747 2490 1800; x_wconf 90' lang='lat' dir='ltr'><strong>una,</strong></span> <span class='ocrx_word' id='word_1_202' title='bbox 2550 1742 2604 1788; x_wconf 92' lang='lat' dir='ltr'><strong>et</strong></span> <span class='ocrx_word' id='word_1_203' title='bbox 2657 1733 2912 1790; x_wconf 86' lang='lat' dir='ltr'><strong>Christus</strong></span> <span class='ocrx_word' id='word_1_204' title='bbox 2976 1751 3138 1790; x_wconf 89' lang='lat' dir='ltr'><strong>unus.</strong></span> <span class='ocrx_word' id='word_1_205' title='bbox 3204 1736 3474 1792; x_wconf 80' lang='lat' dir='ltr'><strong>Probatur</strong></span> <span class='ocrx_word' id='word_1_206' title='bbox 3525 1739 3628 1792; x_wconf 75' lang='lat' dir='ltr'><strong>hoe</strong></span> 
     </span>
    </p>
   </div>
   <div class='ocr_carea' id='block_1_31' title="bbox 370 1819 3627 1916">
    <p class='ocr_par' dir='ltr' id='par_1_31' title="bbox 370 1819 3627 1916">
     <span class='ocr_line' id='line_1_31' title="bbox 370 1819 3627 1916; baseline 0.002 -38"><span class='ocrx_word' id='word_1_207' title='bbox 370 1825 687 1893; x_wconf 90' lang='lat' dir='ltr'><strong>episcopum</strong></span> <span class='ocrx_word' id='word_1_208' title='bbox 730 1823 1104 1886; x_wconf 80' lang='lat' dir='ltr'><strong>Malatensem,</strong></span> <span class='ocrx_word' id='word_1_209' title='bbox 1139 1830 1196 1878; x_wconf 93' lang='lat' dir='ltr'><strong>et</strong></span> <span class='ocrx_word' id='word_1_210' title='bbox 1229 1823 1298 1876; x_wconf 88' lang='lat' dir='ltr'><strong>ad</strong></span> <span class='ocrx_word' id='word_1_211' title='bbox 1332 1823 1471 1876; x_wconf 86' lang='lat' dir='ltr'><strong>alios</strong></span> <span class='ocrx_word' id='word_1_212' title='bbox 1503 1821 1790 1890; x_wconf 85' lang='lat' dir='ltr'><strong>episcopos</strong></span> <span class='ocrx_word' id='word_1_213' title='bbox 1819 1819 1942 1888; x_wconf 88' lang='lat' dir='ltr'><strong>plu-</strong></span> <span class='ocrx_word' id='word_1_214' title='bbox 1979 1861 2022 1916; x_wconf 66' lang='grc' dir='ltr'><strong>Β</strong></span> <span class='ocrx_word' id='word_1_215' title='bbox 2051 1821 2348 1895; x_wconf 85' lang='lat' dir='ltr'><strong>[exemplo]</strong></span> <span class='ocrx_word' id='word_1_216' title='bbox 2396 1825 2612 1880; x_wconf 68' lang='lat' dir='ltr'><strong>laminae</strong></span> <span class='ocrx_word' id='word_1_217' title='bbox 2645 1825 2835 1880; x_wconf 77' lang='lat' dir='ltr'><strong>ferreae</strong></span> <span class='ocrx_word' id='word_1_218' title='bbox 2885 1827 2973 1880; x_wconf 89' lang='lat' dir='ltr'><strong>cui</strong></span> <span class='ocrx_word' id='word_1_219' title='bbox 3009 1829 3198 1882; x_wconf 83' lang='lat' dir='ltr'><strong>unitur</strong></span> <span class='ocrx_word' id='word_1_220' title='bbox 3241 1829 3403 1898; x_wconf 81' lang='lat' dir='ltr'><strong>ignis,</strong></span> <span class='ocrx_word' id='word_1_221' title='bbox 3440 1839 3627 1898; x_wconf 79' lang='lat' dir='ltr'><strong>utpote</strong></span> 
     </span>
    </p>
   </div>
   <div class='ocr_carea' id='block_1_32' title="bbox 372 1913 1945 1981">
    <p class='ocr_par' dir='ltr' id='par_1_32' title="bbox 372 1913 1945 1981">
     <span class='ocr_line' id='line_1_32' title="bbox 372 1913 1945 1981; baseline -0.004 -11"><span class='ocrx_word' id='word_1_222' title='bbox 372 1932 481 1981; x_wconf 84' lang='lat' dir='ltr'><strong>res,</strong></span> <span class='ocrx_word' id='word_1_223' title='bbox 532 1919 796 1973; x_wconf 87' lang='lat' dir='ltr'><strong>certiores</strong></span> <span class='ocrx_word' id='word_1_224' title='bbox 848 1917 972 1972; x_wconf 88' lang='lat' dir='ltr'><strong>illos</strong></span> <span class='ocrx_word' id='word_1_225' title='bbox 1028 1916 1234 1972; x_wconf 86' lang='lat' dir='ltr'><strong>faciens</strong></span> <span class='ocrx_word' id='word_1_226' title='bbox 1285 1914 1590 1971; x_wconf 87' lang='lat' dir='ltr'><strong>Orientales</strong></span> <span class='ocrx_word' id='word_1_227' title='bbox 1646 1913 1714 1966; x_wconf 90' lang='lat' dir='ltr'><strong>ad</strong></span> <span class='ocrx_word' id='word_1_228' title='bbox 1763 1925 1945 1966; x_wconf 84' lang='lat' dir='ltr'><strong>veram</strong></span> 
     </span>
    </p>
   </div>
   <div class='ocr_carea' id='block_1_33' title="bbox 377 2003 1947 2078">
    <p class='ocr_par' dir='ltr' id='par_1_33' title="bbox 377 2003 1947 2078">
     <span class='ocr_line' id='line_1_33' title="bbox 377 2003 1947 2078; baseline -0.004 -16"><span class='ocrx_word' id='word_1_229' title='bbox 377 2007 531 2063; x_wconf 83' lang='lat' dir='ltr'><strong>fidem</strong></span> <span class='ocrx_word' id='word_1_230' title='bbox 565 2008 818 2072; x_wconf 88' lang='lat' dir='ltr'><strong>rediisse,</strong></span> <span class='ocrx_word' id='word_1_231' title='bbox 851 2023 1028 2078; x_wconf 90' lang='lat' dir='ltr'><strong>neque</strong></span> <span class='ocrx_word' id='word_1_232' title='bbox 1058 2008 1318 2064; x_wconf 90' lang='lat' dir='ltr'><strong>Nestorio</strong></span> <span class='ocrx_word' id='word_1_233' title='bbox 1351 2021 1640 2063; x_wconf 87' lang='lat' dir='ltr'><strong>assensum</strong></span> <span class='ocrx_word' id='word_1_234' title='bbox 1683 2003 1947 2073; x_wconf 79' lang='lat' dir='ltr'><strong>praebere,</strong></span> 
     </span>
    </p>
   </div>
   <div class='ocr_carea' id='block_1_34' title="bbox 378 2092 1952 2168">
    <p class='ocr_par' dir='ltr' id='par_1_34' title="bbox 378 2092 1952 2168">
     <span class='ocr_line' id='line_1_34' title="bbox 378 2092 1952 2168; baseline -0.006 -15"><span class='ocrx_word' id='word_1_235' title='bbox 378 2114 565 2155; x_wconf 82' lang='lat' dir='ltr'><strong>verum</strong></span> <span class='ocrx_word' id='word_1_236' title='bbox 616 2098 948 2154; x_wconf 89' lang='lat' dir='ltr'><strong>sententiam</strong></span> <span class='ocrx_word' id='word_1_237' title='bbox 981 2099 1238 2168; x_wconf 87' lang='lat' dir='ltr'><strong>amplecti</strong></span> <span class='ocrx_word' id='word_1_238' title='bbox 1292 2097 1509 2152; x_wconf 87' lang='lat' dir='ltr'><strong>concilii</strong></span> <span class='ocrx_word' id='word_1_239' title='bbox 1560 2093 1788 2149; x_wconf 87' lang='lat' dir='ltr'><strong>secundi</strong></span> <span class='ocrx_word' id='word_1_240' title='bbox 1833 2092 1952 2162; x_wconf 83' lang='lat' dir='ltr'><strong>epi-</strong></span> 
     </span>
    </p>
   </div>
   <div class='ocr_carea' id='block_1_35' title="bbox 376 2184 1952 2260">
    <p class='ocr_par' dir='ltr' id='par_1_35' title="bbox 376 2184 1952 2260">
     <span class='ocr_line' id='line_1_35' title="bbox 376 2184 1952 2260; baseline -0.006 -13"><span class='ocrx_word' id='word_1_241' title='bbox 376 2206 669 2260; x_wconf 83' lang='lat' dir='ltr'><strong>scoporum</strong></span> <span class='ocrx_word' id='word_1_242' title='bbox 702 2200 920 2246; x_wconf 88' lang='lat' dir='ltr'><strong>centum</strong></span> <span class='ocrx_word' id='word_1_243' title='bbox 956 2190 1376 2259; x_wconf 75' lang='lat' dir='ltr'><strong>quinquaginta,</strong></span> <span class='ocrx_word' id='word_1_244' title='bbox 1421 2188 1515 2259; x_wconf 88' lang='lat' dir='ltr'><strong>qui</strong></span> <span class='ocrx_word' id='word_1_245' title='bbox 1545 2184 1952 2244; x_wconf 78' lang='lat' dir='ltr'><strong>Constantino-</strong></span> 
     </span>
    </p>
   </div>
   <div class='ocr_carea' id='block_1_36' title="bbox 380 2276 1952 2355">
    <p class='ocr_par' dir='ltr' id='par_1_36' title="bbox 380 2276 1952 2355">
     <span class='ocr_line' id='line_1_36' title="bbox 380 2276 1952 2355; baseline -0.004 -19"><span class='ocrx_word' id='word_1_246' title='bbox 380 2284 485 2355; x_wconf 92' lang='lat' dir='ltr'><strong>poli</strong></span> <span class='ocrx_word' id='word_1_247' title='bbox 518 2283 909 2338; x_wconf 87' lang='lat' dir='ltr'><strong>convenientes</strong></span> <span class='ocrx_word' id='word_1_248' title='bbox 945 2281 1268 2338; x_wconf 72' lang='lat' dir='ltr'><strong>Macedonio</strong></span> <span class='ocrx_word' id='word_1_249' title='bbox 1310 2281 1736 2336; x_wconf 86' lang='lat' dir='ltr'><strong>maledixerunt.</strong></span> <span class='ocrx_word' id='word_1_250' title='bbox 1769 2276 1888 2332; x_wconf 83' lang='lat' dir='ltr'><strong>Jam</strong></span> <span class='ocrx_word' id='word_1_251' title='bbox 1922 2291 1952 2330; x_wconf 90' lang='lat' dir='ltr'><strong>a</strong></span> 
     </span>
    </p>
   </div>
   <div class='ocr_carea' id='block_1_37' title="bbox 373 2370 1953 2444">
    <p class='ocr_par' dir='ltr' id='par_1_37' title="bbox 373 2370 1953 2444">
     <span class='ocr_line' id='line_1_37' title="bbox 373 2370 1953 2444; baseline -0.004 -15"><span class='ocrx_word' id='word_1_252' title='bbox 373 2375 612 2430; x_wconf 89' lang='lat' dir='ltr'><strong>concilio</strong></span> <span class='ocrx_word' id='word_1_253' title='bbox 655 2375 920 2437; x_wconf 85' lang='lat' dir='ltr'><strong>secundo,</strong></span> <span class='ocrx_word' id='word_1_254' title='bbox 965 2374 1110 2444; x_wconf 91' lang='lat' dir='ltr'><strong>quod</strong></span> <span class='ocrx_word' id='word_1_255' title='bbox 1163 2373 1425 2437; x_wconf 78' lang='lat' dir='ltr'><strong>diximus,</strong></span> <span class='ocrx_word' id='word_1_256' title='bbox 1472 2372 1541 2426; x_wconf 89' lang='lat' dir='ltr'><strong>ad</strong></span> <span class='ocrx_word' id='word_1_257' title='bbox 1589 2373 1812 2426; x_wconf 91' lang='lat' dir='ltr'><strong>tertium</strong></span> <span class='ocrx_word' id='word_1_258' title='bbox 1851 2370 1953 2424; x_wconf 86' lang='lat' dir='ltr'><strong>hoc</strong></span> 
     </span>
    </p>
   </div>
   <div class='ocr_carea' id='block_1_38' title="bbox 377 2461 1953 2536">
    <p class='ocr_par' dir='ltr' id='par_1_38' title="bbox 377 2461 1953 2536">
     <span class='ocr_line' id='line_1_38' title="bbox 377 2461 1953 2536; baseline -0.003 -17"><span class='ocrx_word' id='word_1_259' title='bbox 377 2467 668 2522; x_wconf 87' lang='lat' dir='ltr'><strong>concilium</strong></span> <span class='ocrx_word' id='word_1_260' title='bbox 733 2467 835 2535; x_wconf 76' lang='lat'><strong>12</strong></span> <span class='ocrx_word' id='word_1_261' title='bbox 889 2466 1273 2536; x_wconf 90' lang='lat' dir='ltr'><strong>episcoporum</strong></span> <span class='ocrx_word' id='word_1_262' title='bbox 1328 2466 1696 2520; x_wconf 86' lang='lat' dir='ltr'><strong>ducentorum</strong></span> <span class='ocrx_word' id='word_1_263' title='bbox 1747 2462 1838 2532; x_wconf 88' lang='lat' dir='ltr'><strong>qui</strong></span> <span class='ocrx_word' id='word_1_264' title='bbox 1899 2461 1953 2514; x_wconf 90' lang='lat' dir='ltr'><strong>in</strong></span> 
     </span>
    </p>
   </div>
   <div class='ocr_carea' id='block_1_39' title="bbox 380 2553 1956 2628">
    <p class='ocr_par' dir='ltr' id='par_1_39' title="bbox 380 2553 1956 2628">
     <span class='ocr_line' id='line_1_39' title="bbox 380 2553 1956 2628; baseline -0.005 -15"><span class='ocrx_word' id='word_1_265' title='bbox 380 2559 516 2614; x_wconf 87' lang='lat' dir='ltr'><strong>urbe</strong></span> <span class='ocrx_word' id='word_1_266' title='bbox 546 2558 749 2627; x_wconf 88' lang='lat' dir='ltr'><strong>Ephesi</strong></span> <span class='ocrx_word' id='word_1_267' title='bbox 783 2559 1094 2628; x_wconf 84' lang='lat' dir='ltr'><strong>congregati</strong></span> <span class='ocrx_word' id='word_1_268' title='bbox 1134 2565 1265 2611; x_wconf 91' lang='lat' dir='ltr'><strong>sunt</strong></span> <span class='ocrx_word' id='word_1_269' title='bbox 1293 2565 1347 2612; x_wconf 90' lang='lat' dir='ltr'><strong>et</strong></span> <span class='ocrx_word' id='word_1_270' title='bbox 1373 2554 1686 2612; x_wconf 82' lang='lat' dir='ltr'><strong>Nesmrium</strong></span> <span class='ocrx_word' id='word_1_271' title='bbox 1729 2553 1956 2608; x_wconf 87' lang='lat' dir='ltr'><strong>anathe-</strong></span> 
     </span>
    </p>
   </div>
   <div class='ocr_carea' id='block_1_40' title="bbox 383 2647 1954 2719">
    <p class='ocr_par' dir='ltr' id='par_1_40' title="bbox 383 2647 1954 2719">
     <span class='ocr_line' id='line_1_40' title="bbox 383 2647 1954 2719; baseline -0.006 -12"><span class='ocrx_word' id='word_1_272' title='bbox 383 2653 514 2707; x_wconf 90' lang='lat' dir='ltr'><strong>mati</strong></span> <span class='ocrx_word' id='word_1_273' title='bbox 574 2653 936 2716; x_wconf 86' lang='lat' dir='ltr'><strong>devoverunt,</strong></span> <span class='ocrx_word' id='word_1_274' title='bbox 988 2650 1118 2704; x_wconf 88' lang='lat' dir='ltr'><strong>anni</strong></span> <span class='ocrx_word' id='word_1_275' title='bbox 1158 2659 1288 2704; x_wconf 91' lang='lat' dir='ltr'><strong>sunt</strong></span> <span class='ocrx_word' id='word_1_276' title='bbox 1335 2647 1732 2719; x_wconf 84' lang='lat' dir='ltr'><strong>quinquaginta</strong></span> <span class='ocrx_word' id='word_1_277' title='bbox 1787 2660 1954 2710; x_wconf 89' lang='lat' dir='ltr'><strong>unus,</strong></span> 
     </span>
    </p>
   </div>
   <div class='ocr_carea' id='block_1_41' title="bbox 384 2738 1956 2813">
    <p class='ocr_par' dir='ltr' id='par_1_41' title="bbox 384 2738 1956 2813">
     <span class='ocr_line' id='line_1_41' title="bbox 384 2738 1956 2813; baseline -0.004 -15"><span class='ocrx_word' id='word_1_278' title='bbox 384 2745 546 2813; x_wconf 87' lang='lat' dir='ltr'><strong>idque</strong></span> <span class='ocrx_word' id='word_1_279' title='bbox 576 2758 722 2798; x_wconf 91' lang='lat' dir='ltr'><strong>anno</strong></span> <span class='ocrx_word' id='word_1_280' title='bbox 761 2741 914 2812; x_wconf 79' lang='lat' dir='ltr'><strong>regni</strong></span> <span class='ocrx_word' id='word_1_281' title='bbox 946 2740 1242 2798; x_wconf 90' lang='lat' dir='ltr'><strong>Theodosii</strong></span> <span class='ocrx_word' id='word_1_282' title='bbox 1282 2738 1555 2804; x_wconf 80' lang='lat' dir='ltr'><strong>Juuioris,</strong></span> <span class='ocrx_word' id='word_1_283' title='bbox 1606 2738 1956 2810; x_wconf 86' lang='lat' dir='ltr'><strong>imperatoris</strong></span> 
     </span>
    </p>
   </div>
   <div class='ocr_carea' id='block_1_42' title="bbox 385 2830 1957 2903">
    <p class='ocr_par' dir='ltr' id='par_1_42' title="bbox 385 2830 1957 2903">
     <span class='ocr_line' id='line_1_42' title="bbox 385 2830 1957 2903; baseline -0.004 -13"><span class='ocrx_word' id='word_1_284' title='bbox 385 2836 756 2890; x_wconf 74' lang='lat' dir='ltr'><strong>Romanorum</strong></span> <span class='ocrx_word' id='word_1_285' title='bbox 790 2837 1054 2890; x_wconf 86' lang='lat' dir='ltr'><strong>vicesimo</strong></span> <span class='ocrx_word' id='word_1_286' title='bbox 1091 2834 1291 2903; x_wconf 89' lang='lat' dir='ltr'><strong>primo.</strong></span> <span class='ocrx_word' id='word_1_287' title='bbox 1327 2833 1617 2888; x_wconf 84' lang='lat' dir='ltr'><strong>Nestorius</strong></span> <span class='ocrx_word' id='word_1_288' title='bbox 1649 2843 1832 2886; x_wconf 89' lang='lat' dir='ltr'><strong>autem</strong></span> <span class='ocrx_word' id='word_1_289' title='bbox 1866 2830 1957 2884; x_wconf 91' lang='lat' dir='ltr'><strong>ubi</strong></span> 
     </span>
    </p>
   </div>
   <div class='ocr_carea' id='block_1_43' title="bbox 380 2926 1959 3000">
    <p class='ocr_par' dir='ltr' id='par_1_43' title="bbox 380 2926 1959 3000">
     <span class='ocr_line' id='line_1_43' title="bbox 380 2926 1959 3000; baseline -0.002 -18"><span class='ocrx_word' id='word_1_290' title='bbox 380 2933 571 3000; x_wconf 84' lang='lat' dir='ltr'><strong>pulsus</strong></span> <span class='ocrx_word' id='word_1_291' title='bbox 604 2929 783 2984; x_wconf 81' lang='lat' dir='ltr'><strong>fuerat</strong></span> <span class='ocrx_word' id='word_1_292' title='bbox 825 2928 1120 2998; x_wconf 60' lang='lat' dir='ltr'><strong>Egyptum</strong></span> <span class='ocrx_word' id='word_1_293' title='bbox 1156 2929 1408 2992; x_wconf 89' lang='lat' dir='ltr'><strong>tendens,</strong></span> <span class='ocrx_word' id='word_1_294' title='bbox 1450 2926 1507 2982; x_wconf 91' lang='lat' dir='ltr'><strong>in</strong></span> <span class='ocrx_word' id='word_1_295' title='bbox 1556 2941 1619 2980; x_wconf 89' lang='lat' dir='ltr'><strong>ea</strong></span> <span class='ocrx_word' id='word_1_296' title='bbox 1649 2926 1769 2996; x_wconf 78' lang='lat' dir='ltr'><strong>eius</strong></span> <span class='ocrx_word' id='word_1_297' title='bbox 1804 2932 1959 2995; x_wconf 88' lang='lat' dir='ltr'><strong>parte</strong></span> 
     </span>
    </p>
   </div>
   <div class='ocr_carea' id='block_1_44' title="bbox 383 3019 1958 3093">
    <p class='ocr_par' dir='ltr' id='par_1_44' title="bbox 383 3019 1958 3093">
     <span class='ocr_line' id='line_1_44' title="bbox 383 3019 1958 3093; baseline -0.004 -16"><span class='ocrx_word' id='word_1_298' title='bbox 383 3039 506 3093; x_wconf 68' lang='lat' dir='ltr'><strong>quite</strong></span> <span class='ocrx_word' id='word_1_299' title='bbox 541 3021 671 3078; x_wconf 87' lang='lat' dir='ltr'><strong>Said</strong></span> <span class='ocrx_word' id='word_1_300' title='bbox 702 3022 932 3085; x_wconf 80' lang='lat' dir='ltr'><strong>dicitur,</strong></span> <span class='ocrx_word' id='word_1_301' title='bbox 973 3021 1096 3076; x_wconf 93' lang='lat' dir='ltr'><strong>loco</strong></span> <span class='ocrx_word' id='word_1_302' title='bbox 1130 3021 1380 3075; x_wconf 84' lang='lat' dir='ltr'><strong>Echutim</strong></span> <span class='ocrx_word' id='word_1_303' title='bbox 1413 3019 1704 3088; x_wconf 84' lang='lat' dir='ltr'><strong>appellato,</strong></span> <span class='ocrx_word' id='word_1_304' title='bbox 1750 3025 1958 3085; x_wconf 86' lang='lat' dir='ltr'><strong>septem</strong></span> 
     </span>
    </p>
   </div>
   <div class='ocr_carea' id='block_1_45' title="bbox 381 3108 1959 3180">
    <p class='ocr_par' dir='ltr' id='par_1_45' title="bbox 381 3108 1959 3180">
     <span class='ocr_line' id='line_1_45' title="bbox 381 3108 1959 3180; baseline -0.006 -10"><span class='ocrx_word' id='word_1_305' title='bbox 381 3131 558 3172; x_wconf 89' lang='lat' dir='ltr'><strong>annos</strong></span> <span class='ocrx_word' id='word_1_306' title='bbox 604 3116 866 3177; x_wconf 83' lang='lat' dir='ltr'><strong>substitit,</strong></span> <span class='ocrx_word' id='word_1_307' title='bbox 909 3115 1035 3169; x_wconf 90' lang='lat' dir='ltr'><strong>dein</strong></span> <span class='ocrx_word' id='word_1_308' title='bbox 1079 3122 1332 3167; x_wconf 89' lang='lat' dir='ltr'><strong>mortuus</strong></span> <span class='ocrx_word' id='word_1_309' title='bbox 1379 3124 1485 3173; x_wconf 90' lang='lat' dir='ltr'><strong>est,</strong></span> <span class='ocrx_word' id='word_1_310' title='bbox 1525 3126 1591 3164; x_wconf 91' lang='lat' dir='ltr'><strong>ac</strong></span> <span class='ocrx_word' id='word_1_311' title='bbox 1624 3109 1872 3180; x_wconf 89' lang='lat' dir='ltr'><strong>sepultus</strong></span> <span class='ocrx_word' id='word_1_312' title='bbox 1901 3108 1959 3162; x_wconf 92' lang='lat' dir='ltr'><strong>in</strong></span> 
     </span>
    </p>
   </div>
   <div class='ocr_carea' id='block_1_46' title="bbox 385 3193 2030 3276">
    <p class='ocr_par' dir='ltr' id='par_1_46' title="bbox 385 3193 2030 3276">
     <span class='ocr_line' id='line_1_46' title="bbox 385 3193 2030 3276; baseline -0.007 -13"><span class='ocrx_word' id='word_1_313' title='bbox 385 3211 504 3264; x_wconf 84' lang='lat' dir='ltr'><strong>vico</strong></span> <span class='ocrx_word' id='word_1_314' title='bbox 551 3207 754 3263; x_wconf 84' lang='lat' dir='ltr'><strong>Saklan</strong></span> <span class='ocrx_word' id='word_1_315' title='bbox 801 3207 974 3271; x_wconf 87' lang='lat' dir='ltr'><strong>dicto,</strong></span> <span class='ocrx_word' id='word_1_316' title='bbox 1007 3208 1062 3260; x_wconf 87' lang='lat' dir='ltr'><strong>in</strong></span> <span class='ocrx_word' id='word_1_317' title='bbox 1105 3220 1215 3276; x_wconf 90' lang='lat' dir='ltr'><strong>quo</strong></span> <span class='ocrx_word' id='word_1_318' title='bbox 1247 3213 1414 3260; x_wconf 72' lang='lat' dir='ltr'><strong>aestus</strong></span> <span class='ocrx_word' id='word_1_319' title='bbox 1465 3204 1658 3274; x_wconf 88' lang='lat' dir='ltr'><strong>ingens</strong></span> <span class='ocrx_word' id='word_1_320' title='bbox 1705 3201 1959 3271; x_wconf 82' lang='lat' dir='ltr'><strong>contigit,</strong></span> <span class='ocrx_word' id='word_1_321' title='bbox 1986 3193 2030 3253; x_wconf 90' lang='lat' dir='ltr'><strong>C</strong></span> 
     </span>
    </p>
   </div>
   <div class='ocr_carea' id='block_1_47' title="bbox 385 3294 1960 3372">
    <p class='ocr_par' dir='ltr' id='par_1_47' title="bbox 385 3294 1960 3372">
     <span class='ocr_line' id='line_1_47' title="bbox 385 3294 1960 3372; baseline -0.005 -16"><span class='ocrx_word' id='word_1_322' title='bbox 385 3318 451 3357; x_wconf 89' lang='lat' dir='ltr'><strong>ac</strong></span> <span class='ocrx_word' id='word_1_323' title='bbox 485 3301 758 3372; x_wconf 64' lang='lat' dir='ltr'><strong>praecipue</strong></span> <span class='ocrx_word' id='word_1_324' title='bbox 791 3302 846 3355; x_wconf 90' lang='lat' dir='ltr'><strong>in</strong></span> <span class='ocrx_word' id='word_1_325' title='bbox 881 3299 1020 3354; x_wconf 81' lang='lat' dir='ltr'><strong>valle</strong></span> <span class='ocrx_word' id='word_1_326' title='bbox 1065 3299 1120 3354; x_wconf 86' lang='lat' dir='ltr'><strong>in</strong></span> <span class='ocrx_word' id='word_1_327' title='bbox 1156 3313 1264 3368; x_wconf 90' lang='lat' dir='ltr'><strong>qua</strong></span> <span class='ocrx_word' id='word_1_328' title='bbox 1308 3298 1424 3368; x_wconf 86' lang='lat' dir='ltr'><strong>ipse</strong></span> <span class='ocrx_word' id='word_1_329' title='bbox 1459 3302 1706 3365; x_wconf 88' lang='lat' dir='ltr'><strong>sepultus</strong></span> <span class='ocrx_word' id='word_1_330' title='bbox 1758 3294 1960 3360; x_wconf 78' lang='lat' dir='ltr'><strong>fuerat,</strong></span> 
     </span>
    </p>
   </div>
   <div class='ocr_carea' id='block_1_48' title="bbox 380 3389 1965 3459">
    <p class='ocr_par' dir='ltr' id='par_1_48' title="bbox 380 3389 1965 3459">
     <span class='ocr_line' id='line_1_48' title="bbox 380 3389 1965 3459; baseline -0.004 -9"><span class='ocrx_word' id='word_1_331' title='bbox 380 3400 524 3450; x_wconf 85' lang='lat' dir='ltr'><strong>adeo</strong></span> <span class='ocrx_word' id='word_1_332' title='bbox 556 3403 616 3448; x_wconf 92' lang='lat' dir='ltr'><strong>ut</strong></span> <span class='ocrx_word' id='word_1_333' title='bbox 648 3409 808 3450; x_wconf 89' lang='lat' dir='ltr'><strong>nemo</strong></span> <span class='ocrx_word' id='word_1_334' title='bbox 855 3393 910 3447; x_wconf 89' lang='lat' dir='ltr'><strong>in</strong></span> <span class='ocrx_word' id='word_1_335' title='bbox 938 3407 1004 3448; x_wconf 83' lang='lat' dir='ltr'><strong>ea</strong></span> <span class='ocrx_word' id='word_1_336' title='bbox 1040 3391 1298 3447; x_wconf 86' lang='lat' dir='ltr'><strong>incedere</strong></span> <span class='ocrx_word' id='word_1_337' title='bbox 1331 3391 1412 3446; x_wconf 87' lang='lat' dir='ltr'><strong>vel</strong></span> <span class='ocrx_word' id='word_1_338' title='bbox 1442 3406 1538 3459; x_wconf 90' lang='lat' dir='ltr'><strong>per</strong></span> <span class='ocrx_word' id='word_1_339' title='bbox 1569 3405 1690 3444; x_wconf 88' lang='lat' dir='ltr'><strong>eam</strong></span> <span class='ocrx_word' id='word_1_340' title='bbox 1727 3389 1965 3443; x_wconf 87' lang='lat' dir='ltr'><strong>transire</strong></span> 
     </span>
    </p>
   </div>
   <div class='ocr_carea' id='block_1_49' title="bbox 390 3482 1966 3558">
    <p class='ocr_par' dir='ltr' id='par_1_49' title="bbox 390 3482 1966 3558">
     <span class='ocr_line' id='line_1_49' title="bbox 390 3482 1966 3558; baseline -0.005 -16"><span class='ocrx_word' id='word_1_341' title='bbox 390 3498 636 3558; x_wconf 88' lang='lat' dir='ltr'><strong>tempore</strong></span> <span class='ocrx_word' id='word_1_342' title='bbox 687 3487 879 3541; x_wconf 62' lang='lat' dir='ltr'><strong>aestivo</strong></span> <span class='ocrx_word' id='word_1_343' title='bbox 923 3494 1130 3556; x_wconf 89' lang='lat' dir='ltr'><strong>posset.</strong></span> <span class='ocrx_word' id='word_1_344' title='bbox 1167 3487 1346 3554; x_wconf 81' lang='lat' dir='ltr'><strong>Atque</strong></span> <span class='ocrx_word' id='word_1_345' title='bbox 1404 3485 1478 3539; x_wconf 89' lang='lat' dir='ltr'><strong>ita</strong></span> <span class='ocrx_word' id='word_1_346' title='bbox 1527 3482 1836 3537; x_wconf 89' lang='lat' dir='ltr'><strong>oblitterata</strong></span> <span class='ocrx_word' id='word_1_347' title='bbox 1883 3491 1966 3536; x_wconf 87' lang='lat' dir='ltr'><strong>est</strong></span> 
     </span>
    </p>
   </div>
   <div class='ocr_carea' id='block_1_50' title="bbox 396 3573 1966 3646">
    <p class='ocr_par' dir='ltr' id='par_1_50' title="bbox 396 3573 1966 3646">
     <span class='ocr_line' id='line_1_50' title="bbox 396 3573 1966 3646; baseline -0.004 -12"><span class='ocrx_word' id='word_1_348' title='bbox 396 3581 667 3634; x_wconf 86' lang='lat' dir='ltr'><strong>sententia</strong></span> <span class='ocrx_word' id='word_1_349' title='bbox 715 3577 953 3633; x_wconf 85' lang='lat' dir='ltr'><strong>Nestorii</strong></span> <span class='ocrx_word' id='word_1_350' title='bbox 1001 3577 1176 3632; x_wconf 90' lang='lat' dir='ltr'><strong>donec</strong></span> <span class='ocrx_word' id='word_1_351' title='bbox 1223 3577 1373 3631; x_wconf 83' lang='lat' dir='ltr'><strong>illaut</strong></span> <span class='ocrx_word' id='word_1_352' title='bbox 1422 3577 1585 3646; x_wconf 84' lang='lat' dir='ltr'><strong>longo</strong></span> <span class='ocrx_word' id='word_1_353' title='bbox 1632 3581 1755 3645; x_wconf 89' lang='lat' dir='ltr'><strong>post</strong></span> <span class='ocrx_word' id='word_1_354' title='bbox 1786 3573 1966 3644; x_wconf 90' lang='lat' dir='ltr'><strong>ipsum</strong></span> 
     </span>
    </p>
   </div>
   <div class='ocr_carea' id='block_1_51' title="bbox 391 3667 1970 3746">
    <p class='ocr_par' dir='ltr' id='par_1_51' title="bbox 391 3667 1970 3746">
     <span class='ocr_line' id='line_1_51' title="bbox 391 3667 1970 3746; baseline -0.008 -14"><span class='ocrx_word' id='word_1_355' title='bbox 391 3673 655 3746; x_wconf 85' lang='lat' dir='ltr'><strong>temporis</strong></span> <span class='ocrx_word' id='word_1_356' title='bbox 687 3673 866 3744; x_wconf 75' lang='lat' dir='ltr'><strong>Spatio</strong></span> <span class='ocrx_word' id='word_1_357' title='bbox 895 3672 1250 3727; x_wconf 86' lang='lat' dir='ltr'><strong>resuscitaret</strong></span> <span class='ocrx_word' id='word_1_358' title='bbox 1303 3667 1566 3724; x_wconf 86' lang='lat' dir='ltr'><strong>Barsuma</strong></span> <span class='ocrx_word' id='word_1_359' title='bbox 1619 3667 1970 3738; x_wconf 89' lang='lat' dir='ltr'><strong>metropolita</strong></span> 
     </span>
    </p>
   </div>
   <div class='ocr_carea' id='block_1_52' title="bbox 390 3760 1972 3835">
    <p class='ocr_par' dir='ltr' id='par_1_52' title="bbox 390 3760 1972 3835">
     <span class='ocr_line' id='line_1_52' title="bbox 390 3760 1972 3835; baseline -0.008 -11"><span class='ocrx_word' id='word_1_360' title='bbox 390 3769 761 3826; x_wconf 88' lang='lat' dir='ltr'><strong>Nisibincnsis</strong></span> <span class='ocrx_word' id='word_1_361' title='bbox 799 3775 1047 3835; x_wconf 87' lang='lat' dir='ltr'><strong>tempore</strong></span> <span class='ocrx_word' id='word_1_362' title='bbox 1078 3762 1280 3818; x_wconf 84' lang='lat' dir='ltr'><strong>Justini</strong></span> <span class='ocrx_word' id='word_1_363' title='bbox 1310 3760 1686 3816; x_wconf 81' lang='lat' dir='ltr'><strong>Romanorum</strong></span> <span class='ocrx_word' id='word_1_364' title='bbox 1729 3761 1972 3830; x_wconf 79' lang='lat' dir='ltr'><strong>impera-</strong></span> 
     </span>
    </p>
   </div>
   <div class='ocr_carea' id='block_1_53' title="bbox 391 3853 1972 3926">
    <p class='ocr_par' dir='ltr' id='par_1_53' title="bbox 391 3853 1972 3926">
     <span class='ocr_line' id='line_1_53' title="bbox 391 3853 1972 3926; baseline -0.009 -8"><span class='ocrx_word' id='word_1_365' title='bbox 391 3863 530 3918; x_wconf 84' lang='lat' dir='ltr'><strong>toris</strong></span> <span class='ocrx_word' id='word_1_366' title='bbox 557 3869 612 3916; x_wconf 90' lang='lat' dir='ltr'><strong>et</strong></span> <span class='ocrx_word' id='word_1_367' title='bbox 642 3859 850 3915; x_wconf 69' lang='grc' dir='ltr'>Καὶ)δαὶ</span> <span class='ocrx_word' id='word_1_368' title='bbox 871 3857 1096 3912; x_wconf 85' lang='lat' dir='ltr'><strong>Phiruzi</strong></span> <span class='ocrx_word' id='word_1_369' title='bbox 1130 3855 1224 3912; x_wconf 80' lang='lat' dir='ltr'><strong>lilii</strong></span> <span class='ocrx_word' id='word_1_370' title='bbox 1259 3855 1406 3926; x_wconf 86' lang='lat' dir='ltr'><strong>regis</strong></span> <span class='ocrx_word' id='word_1_371' title='bbox 1452 3853 1744 3909; x_wconf 86' lang='lat' dir='ltr'><strong>Persarum</strong></span> <span class='ocrx_word' id='word_1_372' title='bbox 1776 3893 1790 3915; x_wconf 91' lang='lat'><strong>,</strong></span> <span class='ocrx_word' id='word_1_373' title='bbox 1819 3865 1972 3906; x_wconf 86' lang='lat' dir='ltr'><strong>eam-</strong></span> 
     </span>
    </p>
   </div>
   <div class='ocr_carea' id='block_1_54' title="bbox 394 3947 1973 4025">
    <p class='ocr_par' dir='ltr' id='par_1_54' title="bbox 394 3947 1973 4025">
     <span class='ocr_line' id='line_1_54' title="bbox 394 3947 1973 4025; baseline -0.006 -15"><span class='ocrx_word' id='word_1_374' title='bbox 394 3971 504 4025; x_wconf 90' lang='lat' dir='ltr'><strong>que</strong></span> <span class='ocrx_word' id='word_1_375' title='bbox 525 3956 580 4009; x_wconf 93' lang='lat' dir='ltr'><strong>in</strong></span> <span class='ocrx_word' id='word_1_376' title='bbox 604 3954 850 4014; x_wconf 87' lang='lat' dir='ltr'><strong>Oriente.</strong></span> <span class='ocrx_word' id='word_1_377' title='bbox 880 3967 943 4007; x_wconf 91' lang='lat' dir='ltr'><strong>ac</strong></span> <span class='ocrx_word' id='word_1_378' title='bbox 970 3951 1244 4021; x_wconf 60' lang='lat' dir='ltr'><strong>pracipue</strong></span> <span class='ocrx_word' id='word_1_379' title='bbox 1269 3950 1410 4017; x_wconf 87' lang='lat' dir='ltr'><strong>apud</strong></span> <span class='ocrx_word' id='word_1_380' title='bbox 1439 3948 1732 4003; x_wconf 87' lang='lat' dir='ltr'><strong>Persarum</strong></span> <span class='ocrx_word' id='word_1_381' title='bbox 1763 3947 1973 4000; x_wconf 86' lang='lat' dir='ltr'><strong>incolas</strong></span> 
     </span>
    </p>
   </div>
   <div class='ocr_carea' id='block_1_55' title="bbox 393 4036 1973 4110">
    <p class='ocr_par' dir='ltr' id='par_1_55' title="bbox 393 4036 1973 4110">
     <span class='ocr_line' id='line_1_55' title="bbox 393 4036 1973 4110; baseline -0.006 -12"><span class='ocrx_word' id='word_1_382' title='bbox 393 4049 669 4098; x_wconf 87' lang='lat' dir='ltr'><strong>astrueret</strong></span> <span class='ocrx_word' id='word_1_383' title='bbox 697 4059 711 4109; x_wconf 89' lang='lat'><strong>;</strong></span> <span class='ocrx_word' id='word_1_384' title='bbox 743 4041 886 4096; x_wconf 91' lang='lat' dir='ltr'><strong>unde</strong></span> <span class='ocrx_word' id='word_1_385' title='bbox 919 4049 1003 4096; x_wconf 64' lang='lat' dir='ltr'><strong>est</strong></span> <span class='ocrx_word' id='word_1_386' title='bbox 1033 4039 1182 4110; x_wconf 87' lang='lat' dir='ltr'><strong>quod</strong></span> <span class='ocrx_word' id='word_1_387' title='bbox 1227 4040 1384 4094; x_wconf 90' lang='lat' dir='ltr'><strong>multi</strong></span> <span class='ocrx_word' id='word_1_388' title='bbox 1419 4040 1531 4094; x_wconf 90' lang='lat' dir='ltr'><strong>sint</strong></span> <span class='ocrx_word' id='word_1_389' title='bbox 1570 4036 1887 4092; x_wconf 85' lang='lat' dir='ltr'><strong>Nestoriani</strong></span> <span class='ocrx_word' id='word_1_390' title='bbox 1921 4036 1973 4088; x_wconf 91' lang='lat' dir='ltr'><strong>in</strong></span> 
     </span>
    </p>
   </div>
   <div class='ocr_carea' id='block_1_56' title="bbox 394 4129 1971 4201">
    <p class='ocr_par' dir='ltr' id='par_1_56' title="bbox 394 4129 1971 4201">
     <span class='ocr_line' id='line_1_56' title="bbox 394 4129 1971 4201; baseline -0.008 -9"><span class='ocrx_word' id='word_1_391' title='bbox 394 4138 644 4201; x_wconf 90' lang='lat' dir='ltr'><strong>Oriente,</strong></span> <span class='ocrx_word' id='word_1_392' title='bbox 671 4133 879 4189; x_wconf 89' lang='lat' dir='ltr'><strong>scilicet</strong></span> <span class='ocrx_word' id='word_1_393' title='bbox 909 4133 1082 4198; x_wconf 86' lang='lat' dir='ltr'><strong>lraco,</strong></span> <span class='ocrx_word' id='word_1_394' title='bbox 1109 4132 1172 4186; x_wconf 81' lang='lat' dir='ltr'><strong>Al</strong></span> <span class='ocrx_word' id='word_1_395' title='bbox 1204 4131 1400 4199; x_wconf 82' lang='lat' dir='ltr'><strong>Musal,</strong></span> <span class='ocrx_word' id='word_1_396' title='bbox 1435 4131 1582 4185; x_wconf 88' lang='lat' dir='ltr'><strong>circa</strong></span> <span class='ocrx_word' id='word_1_397' title='bbox 1617 4129 1971 4199; x_wconf 87' lang='lat' dir='ltr'><strong>Euphratem,</strong></span> 
     </span>
    </p>
   </div>
   <div class='ocr_carea' id='block_1_57' title="bbox 403 4220 1975 4296">
    <p class='ocr_par' dir='ltr' id='par_1_57' title="bbox 403 4220 1975 4296">
     <span class='ocr_line' id='line_1_57' title="bbox 403 4220 1975 4296; baseline -0.007 -13"><span class='ocrx_word' id='word_1_398' title='bbox 403 4240 457 4284; x_wconf 84' lang='lat' dir='ltr'><strong>et</strong></span> <span class='ocrx_word' id='word_1_399' title='bbox 502 4230 557 4282; x_wconf 91' lang='lat' dir='ltr'><strong>in</strong></span> <span class='ocrx_word' id='word_1_400' title='bbox 590 4225 1003 4296; x_wconf 79' lang='lat' dir='ltr'><strong>MeSOpotamia,</strong></span> <span class='ocrx_word' id='word_1_401' title='bbox 1038 4223 1134 4293; x_wconf 88' lang='lat' dir='ltr'><strong>qui</strong></span> <span class='ocrx_word' id='word_1_402' title='bbox 1181 4222 1493 4278; x_wconf 86' lang='lat' dir='ltr'><strong>Nestoriani</strong></span> <span class='ocrx_word' id='word_1_403' title='bbox 1532 4220 1790 4291; x_wconf 89' lang='lat' dir='ltr'><strong>appellati</strong></span> <span class='ocrx_word' id='word_1_404' title='bbox 1823 4228 1975 4284; x_wconf 90' lang='lat' dir='ltr'><strong>sunt,</strong></span> 
     </span>
    </p>
   </div>
   <div class='ocr_carea' id='block_1_58' title="bbox 405 4313 1977 4376">
    <p class='ocr_par' dir='ltr' id='par_1_58' title="bbox 405 4313 1977 4376">
     <span class='ocr_line' id='line_1_58' title="bbox 405 4313 1977 4376; baseline -0.006 0"><span class='ocrx_word' id='word_1_405' title='bbox 405 4321 565 4376; x_wconf 88' lang='lat' dir='ltr'><strong>titulo</strong></span> <span class='ocrx_word' id='word_1_406' title='bbox 596 4335 626 4374; x_wconf 89' lang='lat' dir='ltr'><strong>a</strong></span> <span class='ocrx_word' id='word_1_407' title='bbox 655 4318 894 4374; x_wconf 84' lang='lat' dir='ltr'><strong>Nestorii</strong></span> <span class='ocrx_word' id='word_1_408' title='bbox 938 4315 1160 4372; x_wconf 91' lang='lat' dir='ltr'><strong>nomine</strong></span> <span class='ocrx_word' id='word_1_409' title='bbox 1197 4316 1456 4372; x_wconf 89' lang='lat' dir='ltr'><strong>deducto.</strong></span> <span class='ocrx_word' id='word_1_410' title='bbox 1503 4314 1634 4369; x_wconf 88' lang='lat' dir='ltr'><strong>Post</strong></span> <span class='ocrx_word' id='word_1_411' title='bbox 1663 4313 1977 4370; x_wconf 87' lang='lat' dir='ltr'><strong>Nestorium</strong></span> 
     </span>
    </p>
   </div>
   <div class='ocr_carea' id='block_1_59' title="bbox 407 4405 1982 4478">
    <p class='ocr_par' dir='ltr' id='par_1_59' title="bbox 407 4405 1982 4478">
     <span class='ocr_line' id='line_1_59' title="bbox 407 4405 1982 4478; baseline -0.007 -9"><span class='ocrx_word' id='word_1_412' title='bbox 407 4415 745 4470; x_wconf 85' lang='lat' dir='ltr'><strong>constitutus</strong></span> <span class='ocrx_word' id='word_1_413' title='bbox 793 4418 878 4464; x_wconf 91' lang='lat' dir='ltr'><strong>est</strong></span> <span class='ocrx_word' id='word_1_414' title='bbox 909 4409 1186 4464; x_wconf 78' lang='lat' dir='ltr'><strong>Maximus</strong></span> <span class='ocrx_word' id='word_1_415' title='bbox 1241 4407 1553 4478; x_wconf 89' lang='lat' dir='ltr'><strong>patriarcha</strong></span> <span class='ocrx_word' id='word_1_416' title='bbox 1587 4405 1982 4462; x_wconf 89' lang='lat' dir='ltr'><strong>Constantino-</strong></span> 
     </span>
    </p>
   </div>
   <div class='ocr_carea' id='block_1_60' title="bbox 2051 1913 3629 1987">
    <p class='ocr_par' dir='ltr' id='par_1_60' title="bbox 2051 1913 3629 1987">
     <span class='ocr_line' id='line_1_60' title="bbox 2051 1913 3629 1987; baseline 0.004 -21"><span class='ocrx_word' id='word_1_417' title='bbox 2051 1927 2173 1982; x_wconf 69' lang='lat' dir='ltr'><strong>quze</strong></span> <span class='ocrx_word' id='word_1_418' title='bbox 2219 1913 2290 1967; x_wconf 88' lang='lat' dir='ltr'><strong>sit</strong></span> <span class='ocrx_word' id='word_1_419' title='bbox 2324 1913 2536 1983; x_wconf 75' lang='lat' dir='ltr'><strong>gladius</strong></span> <span class='ocrx_word' id='word_1_420' title='bbox 2587 1931 2732 1971; x_wconf 91' lang='lat' dir='ltr'><strong>unus</strong></span> <span class='ocrx_word' id='word_1_421' title='bbox 2771 1919 2866 1987; x_wconf 91' lang='lat' dir='ltr'><strong>qui</strong></span> <span class='ocrx_word' id='word_1_422' title='bbox 2914 1926 2968 1972; x_wconf 91' lang='lat' dir='ltr'><strong>et</strong></span> <span class='ocrx_word' id='word_1_423' title='bbox 3000 1927 3141 1984; x_wconf 90' lang='lat' dir='ltr'><strong>urat,</strong></span> <span class='ocrx_word' id='word_1_424' title='bbox 3191 1929 3245 1973; x_wconf 92' lang='lat' dir='ltr'><strong>et</strong></span> <span class='ocrx_word' id='word_1_425' title='bbox 3293 1922 3526 1985; x_wconf 89' lang='lat' dir='ltr'><strong>scindat,</strong></span> <span class='ocrx_word' id='word_1_426' title='bbox 3576 1934 3629 1973; x_wconf 75' lang='lat' dir='ltr'><strong>ct.</strong></span> 
     </span>
    </p>
   </div>
   <div class='ocr_carea' id='block_1_61' title="bbox 2052 2005 3627 2082">
    <p class='ocr_par' dir='ltr' id='par_1_61' title="bbox 2052 2005 3627 2082">
     <span class='ocr_line' id='line_1_61' title="bbox 2052 2005 3627 2082; baseline 0.004 -24"><span class='ocrx_word' id='word_1_427' title='bbox 2052 2005 2252 2070; x_wconf 88' lang='lat' dir='ltr'><strong>luceat,</strong></span> <span class='ocrx_word' id='word_1_428' title='bbox 2279 2013 2333 2062; x_wconf 90' lang='lat' dir='ltr'><strong>et</strong></span> <span class='ocrx_word' id='word_1_429' title='bbox 2367 2017 2657 2073; x_wconf 85' lang='lat' dir='ltr'><strong>coruscet;</strong></span> <span class='ocrx_word' id='word_1_430' title='bbox 2695 2025 2792 2064; x_wconf 88' lang='lat' dir='ltr'><strong>nec</strong></span> <span class='ocrx_word' id='word_1_431' title='bbox 2820 2011 3046 2066; x_wconf 90' lang='lat' dir='ltr'><strong>concedi</strong></span> <span class='ocrx_word' id='word_1_432' title='bbox 3082 2013 3187 2082; x_wconf 79' lang='lat'><strong>16</strong></span> <span class='ocrx_word' id='word_1_433' title='bbox 3213 2022 3390 2082; x_wconf 86' lang='lat' dir='ltr'><strong>potest</strong></span> <span class='ocrx_word' id='word_1_434' title='bbox 3418 2023 3627 2082; x_wconf 84' lang='lat' dir='ltr'><strong>partem</strong></span> 
     </span>
    </p>
   </div>
   <div class='ocr_carea' id='block_1_62' title="bbox 2055 2096 3626 2170">
    <p class='ocr_par' dir='ltr' id='par_1_62' title="bbox 2055 2096 3626 2170">
     <span class='ocr_line' id='line_1_62' title="bbox 2055 2096 3626 2170; baseline 0.005 -20"><span class='ocrx_word' id='word_1_435' title='bbox 2055 2096 2290 2152; x_wconf 86' lang='lat' dir='ltr'><strong>ferream</strong></span> <span class='ocrx_word' id='word_1_436' title='bbox 2331 2113 2450 2153; x_wconf 89' lang='lat' dir='ltr'><strong>eam</strong></span> <span class='ocrx_word' id='word_1_437' title='bbox 2480 2115 2604 2154; x_wconf 89' lang='lat' dir='ltr'><strong>esse</strong></span> <span class='ocrx_word' id='word_1_438' title='bbox 2647 2116 2766 2170; x_wconf 81' lang='lat' dir='ltr'><strong>qttae</strong></span> <span class='ocrx_word' id='word_1_439' title='bbox 2804 2103 2932 2166; x_wconf 87' lang='lat' dir='ltr'><strong>urit,</strong></span> <span class='ocrx_word' id='word_1_440' title='bbox 2973 2111 3028 2158; x_wconf 91' lang='lat' dir='ltr'><strong>et</strong></span> <span class='ocrx_word' id='word_1_441' title='bbox 3063 2104 3228 2168; x_wconf 90' lang='lat' dir='ltr'><strong>lucet,</strong></span> <span class='ocrx_word' id='word_1_442' title='bbox 3261 2121 3384 2158; x_wconf 87' lang='lat' dir='ltr'><strong>cum</strong></span> <span class='ocrx_word' id='word_1_443' title='bbox 3420 2106 3626 2160; x_wconf 88' lang='lat' dir='ltr'><strong>ferrum</strong></span> 
     </span>
    </p>
   </div>
   <div class='ocr_carea' id='block_1_63' title="bbox 2055 2190 3629 2264">
    <p class='ocr_par' dir='ltr' id='par_1_63' title="bbox 2055 2190 3629 2264">
     <span class='ocr_line' id='line_1_63' title="bbox 2055 2190 3629 2264; baseline 0.003 -19"><span class='ocrx_word' id='word_1_444' title='bbox 2055 2190 2142 2245; x_wconf 90' lang='lat' dir='ltr'><strong>cui</strong></span> <span class='ocrx_word' id='word_1_445' title='bbox 2176 2205 2283 2245; x_wconf 88' lang='lat' dir='ltr'><strong>non</strong></span> <span class='ocrx_word' id='word_1_446' title='bbox 2323 2190 2467 2247; x_wconf 88' lang='lat' dir='ltr'><strong>inest</strong></span> <span class='ocrx_word' id='word_1_447' title='bbox 2511 2191 2654 2260; x_wconf 79' lang='lat' dir='ltr'><strong>ignis</strong></span> <span class='ocrx_word' id='word_1_448' title='bbox 2699 2207 2811 2264; x_wconf 80' lang='lat' dir='ltr'><strong>non</strong></span> <span class='ocrx_word' id='word_1_449' title='bbox 2857 2203 3018 2261; x_wconf 88' lang='lat' dir='ltr'><strong>urat;</strong></span> <span class='ocrx_word' id='word_1_450' title='bbox 3052 2210 3229 2264; x_wconf 89' lang='lat' dir='ltr'><strong>neque</strong></span> <span class='ocrx_word' id='word_1_451' title='bbox 3261 2205 3470 2264; x_wconf 85' lang='lat' dir='ltr'><strong>partem</strong></span> <span class='ocrx_word' id='word_1_452' title='bbox 3499 2213 3629 2250; x_wconf 83' lang='lat' dir='ltr'><strong>can-</strong></span> 
     </span>
    </p>
   </div>
   <div class='ocr_carea' id='block_1_64' title="bbox 2055 2284 3628 2357">
    <p class='ocr_par' dir='ltr' id='par_1_64' title="bbox 2055 2284 3628 2357">
     <span class='ocr_line' id='line_1_64' title="bbox 2055 2284 3628 2357; baseline 0.004 -22"><span class='ocrx_word' id='word_1_453' title='bbox 2055 2284 2272 2337; x_wconf 90' lang='lat' dir='ltr'><strong>dentem</strong></span> <span class='ocrx_word' id='word_1_454' title='bbox 2302 2298 2426 2352; x_wconf 74' lang='lat' dir='ltr'><strong>qute</strong></span> <span class='ocrx_word' id='word_1_455' title='bbox 2459 2291 2611 2339; x_wconf 85' lang='lat' dir='ltr'><strong>secat</strong></span> <span class='ocrx_word' id='word_1_456' title='bbox 2654 2285 2832 2353; x_wconf 81' lang='lat' dir='ltr'><strong>ignem</strong></span> <span class='ocrx_word' id='word_1_457' title='bbox 2880 2301 3026 2353; x_wconf 64' lang='lat' dir='ltr'><strong>e559,</strong></span> <span class='ocrx_word' id='word_1_458' title='bbox 3077 2303 3203 2341; x_wconf 91' lang='lat' dir='ltr'><strong>cum</strong></span> <span class='ocrx_word' id='word_1_459' title='bbox 3251 2289 3396 2357; x_wconf 81' lang='lat' dir='ltr'><strong>ignis</strong></span> <span class='ocrx_word' id='word_1_460' title='bbox 3433 2299 3628 2343; x_wconf 88' lang='lat' dir='ltr'><strong>natura</strong></span> 
     </span>
    </p>
   </div>
   <div class='ocr_carea' id='block_1_65' title="bbox 2057 2360 3628 2450">
    <p class='ocr_par' dir='ltr' id='par_1_65' title="bbox 2057 2360 3628 2450">
     <span class='ocr_line' id='line_1_65' title="bbox 2057 2360 3628 2450; baseline 0.005 -23"><span class='ocrx_word' id='word_1_461' title='bbox 2057 2360 2157 2428; x_wconf 87' lang='lat' dir='ltr'><strong>sua</strong></span> <span class='ocrx_word' id='word_1_462' title='bbox 2203 2373 2380 2427; x_wconf 90' lang='lat' dir='ltr'><strong>luceat</strong></span> <span class='ocrx_word' id='word_1_463' title='bbox 2426 2383 2480 2428; x_wconf 90' lang='lat' dir='ltr'><strong>et</strong></span> <span class='ocrx_word' id='word_1_464' title='bbox 2518 2383 2663 2429; x_wconf 87' lang='lat' dir='ltr'><strong>urat.</strong></span> <span class='ocrx_word' id='word_1_465' title='bbox 2712 2377 2891 2446; x_wconf 84' lang='lat' dir='ltr'><strong>Atque</strong></span> <span class='ocrx_word' id='word_1_466' title='bbox 2941 2377 3046 2431; x_wconf 89' lang='lat' dir='ltr'><strong>hoc</strong></span> <span class='ocrx_word' id='word_1_467' title='bbox 3097 2377 3396 2450; x_wconf 83' lang='lat' dir='ltr'><strong>[exemplo]</strong></span> <span class='ocrx_word' id='word_1_468' title='bbox 3436 2397 3628 2435; x_wconf 88' lang='lat' dir='ltr'><strong>verum</strong></span> 
     </span>
    </p>
   </div>
   <div class='ocr_carea' id='block_1_66' title="bbox 2057 2468 3632 2540">
    <p class='ocr_par' dir='ltr' id='par_1_66' title="bbox 2057 2468 3632 2540">
     <span class='ocr_line' id='line_1_66' title="bbox 2057 2468 3632 2540; baseline 0.005 -20"><span class='ocrx_word' id='word_1_469' title='bbox 2057 2481 2181 2520; x_wconf 85' lang='lat' dir='ltr'><strong>esse</strong></span> <span class='ocrx_word' id='word_1_470' title='bbox 2231 2476 2450 2522; x_wconf 88' lang='lat' dir='ltr'><strong>constat</strong></span> <span class='ocrx_word' id='word_1_471' title='bbox 2496 2475 2549 2520; x_wconf 89' lang='lat' dir='ltr'><strong>et</strong></span> <span class='ocrx_word' id='word_1_472' title='bbox 2598 2468 2956 2523; x_wconf 87' lang='lat' dir='ltr'><strong>confirmatur</strong></span> <span class='ocrx_word' id='word_1_473' title='bbox 2997 2471 3140 2540; x_wconf 84' lang='lat' dir='ltr'><strong>quod</strong></span> <span class='ocrx_word' id='word_1_474' title='bbox 3181 2475 3500 2540; x_wconf 75' lang='lat' dir='ltr'><strong>profitemur</strong></span> <span class='ocrx_word' id='word_1_475' title='bbox 3530 2489 3632 2528; x_wconf 90' lang='lat' dir='ltr'><strong>nos</strong></span> 
     </span>
    </p>
   </div>
   <div class='ocr_carea' id='block_1_67' title="bbox 2061 2556 3632 2629">
    <p class='ocr_par' dir='ltr' id='par_1_67' title="bbox 2061 2556 3632 2629">
     <span class='ocr_line' id='line_1_67' title="bbox 2061 2556 3632 2629; baseline 0.004 -20"><span class='ocrx_word' id='word_1_476' title='bbox 2061 2556 2351 2621; x_wconf 72' lang='lat' dir='ltr'><strong>Melchitze,</strong></span> <span class='ocrx_word' id='word_1_477' title='bbox 2401 2557 2680 2612; x_wconf 91' lang='lat' dir='ltr'><strong>Christum</strong></span> <span class='ocrx_word' id='word_1_478' title='bbox 2727 2573 2852 2614; x_wconf 88' lang='lat' dir='ltr'><strong>esse</strong></span> <span class='ocrx_word' id='word_1_479' title='bbox 2892 2575 3054 2614; x_wconf 89' lang='lat' dir='ltr'><strong>unam</strong></span> <span class='ocrx_word' id='word_1_480' title='bbox 3106 2576 3421 2629; x_wconf 88' lang='lat' dir='ltr'><strong>personam,</strong></span> <span class='ocrx_word' id='word_1_481' title='bbox 3464 2563 3632 2617; x_wconf 88' lang='lat' dir='ltr'><strong>Deum</strong></span> 
     </span>
    </p>
   </div>
   <div class='ocr_carea' id='block_1_68' title="bbox 2059 2647 3637 2721">
    <p class='ocr_par' dir='ltr' id='par_1_68' title="bbox 2059 2647 3637 2721">
     <span class='ocr_line' id='line_1_68' title="bbox 2059 2647 3637 2721; baseline 0.006 -20"><span class='ocrx_word' id='word_1_482' title='bbox 2059 2647 2381 2719; x_wconf 86' lang='lat' dir='ltr'><strong>perfectum,</strong></span> <span class='ocrx_word' id='word_1_483' title='bbox 2426 2650 2818 2720; x_wconf 88' lang='lat' dir='ltr'><strong>hominemque</strong></span> <span class='ocrx_word' id='word_1_484' title='bbox 2867 2651 3195 2721; x_wconf 65' lang='lat' dir='ltr'><strong>perfectum,</strong></span> <span class='ocrx_word' id='word_1_485' title='bbox 3235 2661 3288 2708; x_wconf 81' lang='lat' dir='ltr'><strong>et</strong></span> <span class='ocrx_word' id='word_1_486' title='bbox 3321 2655 3637 2710; x_wconf 84' lang='lat' dir='ltr'><strong>confutatur</strong></span> 
     </span>
    </p>
   </div>
   <div class='ocr_carea' id='block_1_69' title="bbox 2063 2742 3636 2817">
    <p class='ocr_par' dir='ltr' id='par_1_69' title="bbox 2063 2742 3636 2817">
     <span class='ocr_line' id='line_1_69' title="bbox 2063 2742 3636 2817; baseline 0.006 -24"><span class='ocrx_word' id='word_1_487' title='bbox 2063 2742 2208 2812; x_wconf 87' lang='lat' dir='ltr'><strong>quod</strong></span> <span class='ocrx_word' id='word_1_488' title='bbox 2244 2752 2495 2797; x_wconf 86' lang='lat' dir='ltr'><strong>asserunt</strong></span> <span class='ocrx_word' id='word_1_489' title='bbox 2532 2742 2864 2808; x_wconf 87' lang='lat' dir='ltr'><strong>Nestoriani,</strong></span> <span class='ocrx_word' id='word_1_490' title='bbox 2895 2759 3021 2799; x_wconf 89' lang='lat' dir='ltr'><strong>esse</strong></span> <span class='ocrx_word' id='word_1_491' title='bbox 3063 2746 3342 2801; x_wconf 77' lang='lat' dir='ltr'><strong>Christum</strong></span> <span class='ocrx_word' id='word_1_492' title='bbox 3373 2763 3636 2817; x_wconf 75' lang='lat' dir='ltr'><strong>personas</strong></span> 
     </span>
    </p>
   </div>
   <div class='ocr_carea' id='block_1_70' title="bbox 2061 2835 3636 2907">
    <p class='ocr_par' dir='ltr' id='par_1_70' title="bbox 2061 2835 3636 2907">
     <span class='ocr_line' id='line_1_70' title="bbox 2061 2835 3636 2907; baseline 0.004 -19"><span class='ocrx_word' id='word_1_493' title='bbox 2061 2836 2219 2890; x_wconf 87' lang='lat' dir='ltr'><strong>duas.</strong></span> <span class='ocrx_word' id='word_1_494' title='bbox 2255 2835 2398 2900; x_wconf 85' lang='lat' dir='ltr'><strong>Quin</strong></span> <span class='ocrx_word' id='word_1_495' title='bbox 2436 2836 2603 2890; x_wconf 87' lang='lat' dir='ltr'><strong>etiam</strong></span> <span class='ocrx_word' id='word_1_496' title='bbox 2639 2836 2748 2890; x_wconf 90' lang='lat' dir='ltr'><strong>dici</strong></span> <span class='ocrx_word' id='word_1_497' title='bbox 2783 2837 2888 2891; x_wconf 89' lang='lat' dir='ltr'><strong>illis</strong></span> <span class='ocrx_word' id='word_1_498' title='bbox 2917 2838 3135 2907; x_wconf 90' lang='lat' dir='ltr'><strong>poterit,</strong></span> <span class='ocrx_word' id='word_1_499' title='bbox 3177 2839 3345 2892; x_wconf 87' lang='lat' dir='ltr'><strong>dicite</strong></span> <span class='ocrx_word' id='word_1_500' title='bbox 3379 2841 3536 2894; x_wconf 88' lang='lat' dir='ltr'><strong>nobis</strong></span> <span class='ocrx_word' id='word_1_501' title='bbox 3568 2841 3636 2894; x_wconf 88' lang='lat' dir='ltr'><strong>de</strong></span> 
     </span>
    </p>
   </div>
   <div class='ocr_carea' id='block_1_71' title="bbox 2007 2927 3636 3000">
    <p class='ocr_par' dir='ltr' id='par_1_71' title="bbox 2007 2927 3636 3000">
     <span class='ocr_line' id='line_1_71' title="bbox 2007 2927 3636 3000; baseline 0.003 -19"><span class='ocrx_word' id='word_1_502' title='bbox 2007 2949 2023 2962; x_wconf 75' lang='grc' dir='ltr'><strong><em>ο</em></strong></span> <span class='ocrx_word' id='word_1_503' title='bbox 2064 2927 2402 2982; x_wconf 87' lang='lat' dir='ltr'><strong>humanitate</strong></span> <span class='ocrx_word' id='word_1_504' title='bbox 2425 2929 2512 2981; x_wconf 91' lang='lat' dir='ltr'><strong>cui</strong></span> <span class='ocrx_word' id='word_1_505' title='bbox 2543 2930 2696 2982; x_wconf 89' lang='lat' dir='ltr'><strong>unita</strong></span> <span class='ocrx_word' id='word_1_506' title='bbox 2729 2938 2814 2984; x_wconf 85' lang='lat' dir='ltr'><strong>est</strong></span> <span class='ocrx_word' id='word_1_507' title='bbox 2849 2930 3129 2995; x_wconf 84' lang='lat' dir='ltr'><strong>divinitas,</strong></span> <span class='ocrx_word' id='word_1_508' title='bbox 3163 2939 3326 3000; x_wconf 88' lang='lat' dir='ltr'><strong>atque</strong></span> <span class='ocrx_word' id='word_1_509' title='bbox 3353 2933 3636 2986; x_wconf 86' lang='lat' dir='ltr'><strong>nominata</strong></span> 
     </span>
    </p>
   </div>
   <div class='ocr_carea' id='block_1_72' title="bbox 2061 3021 3640 3094">
    <p class='ocr_par' dir='ltr' id='par_1_72' title="bbox 2061 3021 3640 3094">
     <span class='ocr_line' id='line_1_72' title="bbox 2061 3021 3640 3094; baseline 0.003 -18"><span class='ocrx_word' id='word_1_510' title='bbox 2061 3031 2146 3076; x_wconf 86' lang='lat' dir='ltr'><strong>est</strong></span> <span class='ocrx_word' id='word_1_511' title='bbox 2187 3022 2447 3078; x_wconf 88' lang='lat' dir='ltr'><strong>Christus</strong></span> <span class='ocrx_word' id='word_1_512' title='bbox 2489 3021 2621 3094; x_wconf 87' lang='lat' dir='ltr'><strong>[An]</strong></span> <span class='ocrx_word' id='word_1_513' title='bbox 2673 3039 2780 3079; x_wconf 92' lang='lat' dir='ltr'><strong>non</strong></span> <span class='ocrx_word' id='word_1_514' title='bbox 2829 3024 3058 3079; x_wconf 87' lang='lat' dir='ltr'><strong>desierit</strong></span> <span class='ocrx_word' id='word_1_515' title='bbox 3104 3041 3223 3080; x_wconf 79' lang='lat' dir='ltr'><strong>esse</strong></span> <span class='ocrx_word' id='word_1_516' title='bbox 3265 3027 3540 3080; x_wconf 89' lang='lat' dir='ltr'><strong>Christum</strong></span> <span class='ocrx_word' id='word_1_517' title='bbox 3573 3044 3640 3082; x_wconf 82' lang='lat' dir='ltr'><strong>ex</strong></span> 
     </span>
    </p>
   </div>
   <div class='ocr_carea' id='block_1_73' title="bbox 2062 3115 3640 3188">
    <p class='ocr_par' dir='ltr' id='par_1_73' title="bbox 2062 3115 3640 3188">
     <span class='ocr_line' id='line_1_73' title="bbox 2062 3115 3640 3188; baseline 0.002 -19"><span class='ocrx_word' id='word_1_518' title='bbox 2062 3130 2173 3186; x_wconf 89' lang='lat' dir='ltr'><strong>quo</strong></span> <span class='ocrx_word' id='word_1_519' title='bbox 2215 3115 2380 3172; x_wconf 79' lang='lat' dir='ltr'><strong>fuerit</strong></span> <span class='ocrx_word' id='word_1_520' title='bbox 2408 3117 2462 3170; x_wconf 90' lang='lat' dir='ltr'><strong>in</strong></span> <span class='ocrx_word' id='word_1_521' title='bbox 2505 3125 2660 3172; x_wconf 88' lang='lat' dir='ltr'><strong>utero</strong></span> <span class='ocrx_word' id='word_1_522' title='bbox 2700 3117 2890 3170; x_wconf 85' lang='lat' dir='ltr'><strong>matris</strong></span> <span class='ocrx_word' id='word_1_523' title='bbox 2924 3133 3038 3172; x_wconf 78' lang='lat' dir='ltr'><strong>suae</strong></span> <span class='ocrx_word' id='word_1_524' title='bbox 3080 3118 3261 3172; x_wconf 78' lang='lat' dir='ltr'><strong>Mariae</strong></span> <span class='ocrx_word' id='word_1_525' title='bbox 3296 3134 3468 3188; x_wconf 83' lang='lat' dir='ltr'><strong>usque</strong></span> <span class='ocrx_word' id='word_1_526' title='bbox 3510 3120 3640 3172; x_wconf 88' lang='lat' dir='ltr'><strong>dum</strong></span> 
     </span>
    </p>
   </div>
   <div class='ocr_carea' id='block_1_74' title="bbox 2069 3209 3645 3278">
    <p class='ocr_par' dir='ltr' id='par_1_74' title="bbox 2069 3209 3645 3278">
     <span class='ocr_line' id='line_1_74' title="bbox 2069 3209 3645 3278; baseline 0.002 -16"><span class='ocrx_word' id='word_1_527' title='bbox 2069 3209 2252 3278; x_wconf 89' lang='lat' dir='ltr'><strong>ipsum</strong></span> <span class='ocrx_word' id='word_1_528' title='bbox 2288 3216 2504 3278; x_wconf 88' lang='lat' dir='ltr'><strong>pareret</strong></span> <span class='ocrx_word' id='word_1_529' title='bbox 2547 3216 2600 3263; x_wconf 91' lang='lat' dir='ltr'><strong>et</strong></span> <span class='ocrx_word' id='word_1_530' title='bbox 2639 3209 2890 3274; x_wconf 86' lang='lat' dir='ltr'><strong>lactaret,</strong></span> <span class='ocrx_word' id='word_1_531' title='bbox 2927 3220 2982 3262; x_wconf 86' lang='lat' dir='ltr'><strong>et</strong></span> <span class='ocrx_word' id='word_1_532' title='bbox 3026 3210 3344 3275; x_wconf 84' lang='lat' dir='ltr'><strong>adoleverit,</strong></span> <span class='ocrx_word' id='word_1_533' title='bbox 3383 3220 3435 3264; x_wconf 91' lang='lat' dir='ltr'><strong>et</strong></span> <span class='ocrx_word' id='word_1_534' title='bbox 3466 3214 3645 3265; x_wconf 89' lang='lat' dir='ltr'><strong>cruci-</strong></span> 
     </span>
    </p>
   </div>
   <div class='ocr_carea' id='block_1_75' title="bbox 2070 3301 3644 3371">
    <p class='ocr_par' dir='ltr' id='par_1_75' title="bbox 2070 3301 3644 3371">
     <span class='ocr_line' id='line_1_75' title="bbox 2070 3301 3644 3371; baseline 0.001 -17"><span class='ocrx_word' id='word_1_535' title='bbox 2070 3301 2229 3364; x_wconf 78' lang='lat' dir='ltr'><strong>fixus,</strong></span> <span class='ocrx_word' id='word_1_536' title='bbox 2271 3309 2327 3354; x_wconf 89' lang='lat' dir='ltr'><strong>et</strong></span> <span class='ocrx_word' id='word_1_537' title='bbox 2381 3315 2575 3368; x_wconf 85' lang='lat' dir='ltr'><strong>passus</strong></span> <span class='ocrx_word' id='word_1_538' title='bbox 2615 3301 2822 3354; x_wconf 85' lang='lat' dir='ltr'><strong>fuerit?</strong></span> <span class='ocrx_word' id='word_1_539' title='bbox 2853 3302 2933 3354; x_wconf 83' lang='lat' dir='ltr'><strong>An</strong></span> <span class='ocrx_word' id='word_1_540' title='bbox 2983 3302 3159 3356; x_wconf 86' lang='lat' dir='ltr'><strong>donec</strong></span> <span class='ocrx_word' id='word_1_541' title='bbox 3201 3304 3426 3371; x_wconf 84' lang='lat' dir='ltr'><strong>triginta</strong></span> <span class='ocrx_word' id='word_1_542' title='bbox 3471 3318 3644 3355; x_wconf 86' lang='lat' dir='ltr'><strong>annos</strong></span> 
     </span>
    </p>
   </div>
   <div class='ocr_carea' id='block_1_76' title="bbox 2071 3394 3649 3464">
    <p class='ocr_par' dir='ltr' id='par_1_76' title="bbox 2071 3394 3649 3464">
     <span class='ocr_line' id='line_1_76' title="bbox 2071 3394 3649 3464; baseline 0 -15"><span class='ocrx_word' id='word_1_543' title='bbox 2071 3395 2390 3464; x_wconf 87' lang='lat' dir='ltr'><strong>compleret,</strong></span> <span class='ocrx_word' id='word_1_544' title='bbox 2431 3394 2594 3447; x_wconf 87' lang='lat' dir='ltr'><strong>fuerit</strong></span> <span class='ocrx_word' id='word_1_545' title='bbox 2645 3409 2787 3447; x_wconf 91' lang='lat' dir='ltr'><strong>unus</strong></span> <span class='ocrx_word' id='word_1_546' title='bbox 2838 3409 2902 3447; x_wconf 84' lang='lat' dir='ltr'><strong>ex</strong></span> <span class='ocrx_word' id='word_1_547' title='bbox 2961 3410 3188 3448; x_wconf 85' lang='lat' dir='ltr'><strong>numero</strong></span> <span class='ocrx_word' id='word_1_548' title='bbox 3241 3395 3547 3460; x_wconf 82' lang='lat' dir='ltr'><strong>hominum,</strong></span> <span class='ocrx_word' id='word_1_549' title='bbox 3584 3412 3649 3450; x_wconf 87' lang='lat' dir='ltr'><strong>ac</strong></span> 
     </span>
    </p>
   </div>
   <div class='ocr_carea' id='block_1_77' title="bbox 2071 3485 3650 3552">
    <p class='ocr_par' dir='ltr' id='par_1_77' title="bbox 2071 3485 3650 3552">
     <span class='ocr_line' id='line_1_77' title="bbox 2071 3485 3650 3552; baseline 0.001 -12"><span class='ocrx_word' id='word_1_550' title='bbox 2071 3495 2186 3540; x_wconf 92' lang='lat' dir='ltr'><strong>tum</strong></span> <span class='ocrx_word' id='word_1_551' title='bbox 2221 3487 2439 3540; x_wconf 88' lang='lat' dir='ltr'><strong>demum</strong></span> <span class='ocrx_word' id='word_1_552' title='bbox 2473 3487 2662 3539; x_wconf 77' lang='lat' dir='ltr'><strong>uultus</strong></span> <span class='ocrx_word' id='word_1_553' title='bbox 2695 3485 2860 3540; x_wconf 86' lang='lat' dir='ltr'><strong>fuerit</strong></span> <span class='ocrx_word' id='word_1_554' title='bbox 2890 3486 3241 3552; x_wconf 88' lang='lat' dir='ltr'><strong>humanitati,</strong></span> <span class='ocrx_word' id='word_1_555' title='bbox 3277 3501 3338 3542; x_wconf 85' lang='lat' dir='ltr'><strong>ac</strong></span> <span class='ocrx_word' id='word_1_556' title='bbox 3370 3488 3548 3542; x_wconf 84' lang='lat' dir='ltr'><strong>factus</strong></span> <span class='ocrx_word' id='word_1_557' title='bbox 3576 3490 3650 3544; x_wconf 87' lang='lat' dir='ltr'><strong>sit</strong></span> 
     </span>
    </p>
   </div>
   <div class='ocr_carea' id='block_1_78' title="bbox 2073 3577 3646 3642">
    <p class='ocr_par' dir='ltr' id='par_1_78' title="bbox 2073 3577 3646 3642">
     <span class='ocr_line' id='line_1_78' title="bbox 2073 3577 3646 3642; baseline -0.001 -10"><span class='ocrx_word' id='word_1_558' title='bbox 2073 3577 2346 3633; x_wconf 78' lang='lat' dir='ltr'><strong>Messias?</strong></span> <span class='ocrx_word' id='word_1_559' title='bbox 2399 3577 2556 3642; x_wconf 90' lang='lat' dir='ltr'><strong>Quod</strong></span> <span class='ocrx_word' id='word_1_560' title='bbox 2609 3577 2654 3631; x_wconf 90' lang='lat' dir='ltr'><strong>si</strong></span> <span class='ocrx_word' id='word_1_561' title='bbox 2709 3577 2943 3631; x_wconf 85' lang='lat' dir='ltr'><strong>dixerint</strong></span> <span class='ocrx_word' id='word_1_562' title='bbox 2992 3593 3100 3631; x_wconf 91' lang='lat' dir='ltr'><strong>non</strong></span> <span class='ocrx_word' id='word_1_563' title='bbox 3150 3578 3320 3634; x_wconf 87' lang='lat' dir='ltr'><strong>fuisse</strong></span> <span class='ocrx_word' id='word_1_564' title='bbox 3368 3579 3646 3634; x_wconf 88' lang='lat' dir='ltr'><strong>Christum</strong></span> 
     </span>
    </p>
   </div>
   <div class='ocr_carea' id='block_1_79' title="bbox 2074 3666 3647 3740">
    <p class='ocr_par' dir='ltr' id='par_1_79' title="bbox 2074 3666 3647 3740">
     <span class='ocr_line' id='line_1_79' title="bbox 2074 3666 3647 3740; baseline -0.001 -20"><span class='ocrx_word' id='word_1_565' title='bbox 2074 3668 2318 3740; x_wconf 87' lang='lat' dir='ltr'><strong>quandiu</strong></span> <span class='ocrx_word' id='word_1_566' title='bbox 2356 3666 2457 3720; x_wconf 85' lang='lat' dir='ltr'><strong>fuit</strong></span> <span class='ocrx_word' id='word_1_567' title='bbox 2510 3667 2564 3720; x_wconf 91' lang='lat' dir='ltr'><strong>in</strong></span> <span class='ocrx_word' id='word_1_568' title='bbox 2603 3681 2762 3720; x_wconf 88' lang='lat' dir='ltr'><strong>utero</strong></span> <span class='ocrx_word' id='word_1_569' title='bbox 2811 3666 3005 3720; x_wconf 89' lang='lat' dir='ltr'><strong>matris</strong></span> <span class='ocrx_word' id='word_1_570' title='bbox 3046 3680 3160 3721; x_wconf 84' lang='lat' dir='ltr'><strong>suae</strong></span> <span class='ocrx_word' id='word_1_571' title='bbox 3209 3667 3411 3732; x_wconf 65' lang='lat' dir='ltr'><strong>Marias,</strong></span> <span class='ocrx_word' id='word_1_572' title='bbox 3464 3683 3647 3721; x_wconf 86' lang='lat' dir='ltr'><strong>verum</strong></span> 
     </span>
    </p>
   </div>
   <div class='ocr_carea' id='block_1_80' title="bbox 2073 3750 3652 3827">
    <p class='ocr_par' dir='ltr' id='par_1_80' title="bbox 2073 3750 3652 3827">
     <span class='ocr_line' id='line_1_80' title="bbox 2073 3750 3652 3827; baseline -0.002 -12"><span class='ocrx_word' id='word_1_573' title='bbox 2073 3761 2298 3822; x_wconf 84' lang='lat' dir='ltr'><strong>Mariam</strong></span> <span class='ocrx_word' id='word_1_574' title='bbox 2340 3760 2618 3827; x_wconf 85' lang='lat' dir='ltr'><strong>peperisse</strong></span> <span class='ocrx_word' id='word_1_575' title='bbox 2665 3757 2963 3820; x_wconf 90' lang='lat' dir='ltr'><strong>hominem,</strong></span> <span class='ocrx_word' id='word_1_576' title='bbox 3011 3773 3075 3812; x_wconf 91' lang='lat' dir='ltr'><strong>ac</strong></span> <span class='ocrx_word' id='word_1_577' title='bbox 3117 3759 3297 3827; x_wconf 91' lang='lat' dir='ltr'><strong>ipsum</strong></span> <span class='ocrx_word' id='word_1_578' title='bbox 3345 3750 3652 3812; x_wconf 47' lang='lat' dir='ltr'><strong>donec&#39;tri-</strong></span> 
     </span>
    </p>
   </div>
   <div class='ocr_carea' id='block_1_81' title="bbox 2074 3833 3646 3923">
    <p class='ocr_par' dir='ltr' id='par_1_81' title="bbox 2074 3833 3646 3923">
     <span class='ocr_line' id='line_1_81' title="bbox 2074 3833 3646 3923; baseline -0.002 -16"><span class='ocrx_word' id='word_1_579' title='bbox 2074 3833 2238 3923; x_wconf 67' lang='lat' dir='ltr'><strong>ginta~</strong></span> <span class='ocrx_word' id='word_1_580' title='bbox 2257 3865 2432 3903; x_wconf 88' lang='lat' dir='ltr'><strong>annos</strong></span> <span class='ocrx_word' id='word_1_581' title='bbox 2458 3849 2756 3918; x_wconf 89' lang='lat' dir='ltr'><strong>compleret</strong></span> <span class='ocrx_word' id='word_1_582' title='bbox 2785 3863 2953 3901; x_wconf 90' lang='lat' dir='ltr'><strong>unum</strong></span> <span class='ocrx_word' id='word_1_583' title='bbox 2996 3847 3171 3903; x_wconf 87' lang='lat' dir='ltr'><strong>fuisse</strong></span> <span class='ocrx_word' id='word_1_584' title='bbox 3199 3863 3266 3901; x_wconf 87' lang='lat' dir='ltr'><strong>ex</strong></span> <span class='ocrx_word' id='word_1_585' title='bbox 3306 3849 3646 3910; x_wconf 90' lang='lat' dir='ltr'><strong>hominibus,</strong></span> 
     </span>
    </p>
   </div>
   <div class='ocr_carea' id='block_1_82' title="bbox 2077 3939 3652 4003">
    <p class='ocr_par' dir='ltr' id='par_1_82' title="bbox 2077 3939 3652 4003">
     <span class='ocr_line' id='line_1_82' title="bbox 2077 3939 3652 4003; baseline -0.003 -4"><span class='ocrx_word' id='word_1_586' title='bbox 2077 3944 2276 4000; x_wconf 86' lang='lat' dir='ltr'><strong>deinde</strong></span> <span class='ocrx_word' id='word_1_587' title='bbox 2308 3941 2516 3997; x_wconf 86' lang='lat' dir='ltr'><strong>unitam</strong></span> <span class='ocrx_word' id='word_1_588' title='bbox 2552 3939 2721 3995; x_wconf 86' lang='lat' dir='ltr'><strong>fuisse</strong></span> <span class='ocrx_word' id='word_1_589' title='bbox 2755 3940 3099 3994; x_wconf 88' lang='lat' dir='ltr'><strong>divinitatem</strong></span> <span class='ocrx_word' id='word_1_590' title='bbox 3133 3955 3259 3994; x_wconf 90' lang='lat' dir='ltr'><strong>cum</strong></span> <span class='ocrx_word' id='word_1_591' title='bbox 3291 3941 3652 4003; x_wconf 88' lang='lat' dir='ltr'><strong>humanitate,</strong></span> 
     </span>
    </p>
   </div>
   <div class='ocr_carea' id='block_1_83' title="bbox 2079 4033 3655 4097">
    <p class='ocr_par' dir='ltr' id='par_1_83' title="bbox 2079 4033 3655 4097">
     <span class='ocr_line' id='line_1_83' title="bbox 2079 4033 3655 4097; baseline -0.003 -7"><span class='ocrx_word' id='word_1_592' title='bbox 2079 4052 2142 4090; x_wconf 86' lang='lat' dir='ltr'><strong>ac</strong></span> <span class='ocrx_word' id='word_1_593' title='bbox 2174 4035 2373 4089; x_wconf 87' lang='lat' dir='ltr'><strong>factum</strong></span> <span class='ocrx_word' id='word_1_594' title='bbox 2415 4034 2584 4088; x_wconf 88' lang='lat' dir='ltr'><strong>fuisse</strong></span> <span class='ocrx_word' id='word_1_595' title='bbox 2617 4033 2916 4097; x_wconf 84' lang='lat' dir='ltr'><strong>Christum,</strong></span> <span class='ocrx_word' id='word_1_596' title='bbox 2953 4041 3100 4086; x_wconf 88' lang='lat' dir='ltr'><strong>certe</strong></span> <span class='ocrx_word' id='word_1_597' title='bbox 3140 4034 3466 4086; x_wconf 87' lang='lat' dir='ltr'><strong>sententiam</strong></span> <span class='ocrx_word' id='word_1_598' title='bbox 3497 4048 3655 4088; x_wconf 88' lang='lat' dir='ltr'><strong>suam</strong></span> 
     </span>
    </p>
   </div>
   <div class='ocr_carea' id='block_1_84' title="bbox 2080 4125 3652 4197">
    <p class='ocr_par' dir='ltr' id='par_1_84' title="bbox 2080 4125 3652 4197">
     <span class='ocr_line' id='line_1_84' title="bbox 2080 4125 3652 4197; baseline -0.004 -13"><span class='ocrx_word' id='word_1_599' title='bbox 2080 4135 2457 4190; x_wconf 78' lang='lat' dir='ltr'><strong>astruxerunt,</strong></span> <span class='ocrx_word' id='word_1_600' title='bbox 2493 4134 2547 4179; x_wconf 89' lang='lat' dir='ltr'><strong>at</strong></span> <span class='ocrx_word' id='word_1_601' title='bbox 2577 4125 2872 4195; x_wconf 85' lang='lat' dir='ltr'><strong>Evangelio</strong></span> <span class='ocrx_word' id='word_1_602' title='bbox 2903 4125 3247 4180; x_wconf 89' lang='lat' dir='ltr'><strong>mendacium</strong></span> <span class='ocrx_word' id='word_1_603' title='bbox 3286 4126 3652 4197; x_wconf 81' lang='lat' dir='ltr'><strong>impegerunt,</strong></span> 
     </span>
    </p>
   </div>
   <div class='ocr_carea' id='block_1_85' title="bbox 2081 4218 3653 4290">
    <p class='ocr_par' dir='ltr' id='par_1_85' title="bbox 2081 4218 3653 4290">
     <span class='ocr_line' id='line_1_85' title="bbox 2081 4218 3653 4290; baseline -0.003 -13"><span class='ocrx_word' id='word_1_604' title='bbox 2081 4237 2182 4278; x_wconf 90' lang='lat' dir='ltr'><strong>nec</strong></span> <span class='ocrx_word' id='word_1_605' title='bbox 2227 4235 2334 4276; x_wconf 94' lang='lat' dir='ltr'><strong>non</strong></span> <span class='ocrx_word' id='word_1_606' title='bbox 2379 4218 2579 4284; x_wconf 85' lang='lat' dir='ltr'><strong>Paulo,</strong></span> <span class='ocrx_word' id='word_1_607' title='bbox 2637 4218 3006 4289; x_wconf 88' lang='lat' dir='ltr'><strong>omnibusque</strong></span> <span class='ocrx_word' id='word_1_608' title='bbox 3050 4234 3189 4290; x_wconf 87' lang='lat' dir='ltr'><strong>quos</strong></span> <span class='ocrx_word' id='word_1_609' title='bbox 3233 4219 3478 4275; x_wconf 87' lang='lat' dir='ltr'><strong>Ecclesia</strong></span> <span class='ocrx_word' id='word_1_610' title='bbox 3521 4221 3653 4275; x_wconf 85' lang='lat' dir='ltr'><strong>reci-</strong></span> 
     </span>
    </p>
   </div>
   <div class='ocr_carea' id='block_1_86' title="bbox 2082 4312 3661 4385">
    <p class='ocr_par' dir='ltr' id='par_1_86' title="bbox 2082 4312 3661 4385">
     <span class='ocr_line' id='line_1_86' title="bbox 2082 4312 3661 4385; baseline 0 -19"><span class='ocrx_word' id='word_1_611' title='bbox 2082 4316 2163 4385; x_wconf 87' lang='lat' dir='ltr'><strong>pit</strong></span> <span class='ocrx_word' id='word_1_612' title='bbox 2218 4313 2397 4373; x_wconf 89' lang='lat' dir='ltr'><strong>libris,</strong></span> <span class='ocrx_word' id='word_1_613' title='bbox 2427 4321 2483 4366; x_wconf 89' lang='lat' dir='ltr'><strong>et</strong></span> <span class='ocrx_word' id='word_1_614' title='bbox 2535 4326 2565 4365; x_wconf 92' lang='lat' dir='ltr'><strong>a</strong></span> <span class='ocrx_word' id='word_1_615' title='bbox 2615 4313 2888 4366; x_wconf 90' lang='lat' dir='ltr'><strong>sententia</strong></span> <span class='ocrx_word' id='word_1_616' title='bbox 2937 4312 3247 4367; x_wconf 88' lang='lat' dir='ltr'><strong>Christiana</strong></span> <span class='ocrx_word' id='word_1_617' title='bbox 3292 4321 3661 4368; x_wconf 88' lang='lat' dir='ltr'><strong>recesserunt.</strong></span> 
     </span>
    </p>
   </div>
   <div class='ocr_carea' id='block_1_87' title="bbox 2086 4404 3664 4474">
    <p class='ocr_par' dir='ltr' id='par_1_87' title="bbox 2086 4404 3664 4474">
     <span class='ocr_line' id='line_1_87' title="bbox 2086 4404 3664 4474; baseline -0.003 -13"><span class='ocrx_word' id='word_1_618' title='bbox 2086 4408 2184 4461; x_wconf 87' lang='lat' dir='ltr'><strong>Sin</strong></span> <span class='ocrx_word' id='word_1_619' title='bbox 2233 4406 2475 4460; x_wconf 83' lang='lat' dir='ltr'><strong>dixerint</strong></span> <span class='ocrx_word' id='word_1_620' title='bbox 2520 4404 2863 4458; x_wconf 87' lang='lat' dir='ltr'><strong>divinitatem</strong></span> <span class='ocrx_word' id='word_1_621' title='bbox 2919 4405 3242 4458; x_wconf 90' lang='lat' dir='ltr'><strong>humanitati</strong></span> <span class='ocrx_word' id='word_1_622' title='bbox 3288 4406 3496 4459; x_wconf 87' lang='lat' dir='ltr'><strong>unitam</strong></span> <span class='ocrx_word' id='word_1_623' title='bbox 3532 4405 3664 4474; x_wconf 76' lang='lat'><strong>17-</strong></span> 
     </span>
    </p>
   </div>
   <div class='ocr_carea' id='block_1_88' title="bbox 408 4495 3668 4601">
    <p class='ocr_par' dir='ltr' id='par_1_88' title="bbox 408 4495 3668 4601">
     <span class='ocr_line' id='line_1_88' title="bbox 408 4495 3668 4601; baseline -0.004 -40"><span class='ocrx_word' id='word_1_624' title='bbox 408 4508 707 4578; x_wconf 87' lang='lat' dir='ltr'><strong>politanus,</strong></span> <span class='ocrx_word' id='word_1_625' title='bbox 734 4502 828 4575; x_wconf 87' lang='lat' dir='ltr'><strong>qui</strong></span> <span class='ocrx_word' id='word_1_626' title='bbox 861 4514 972 4558; x_wconf 91' lang='lat' dir='ltr'><strong>tres</strong></span> <span class='ocrx_word' id='word_1_627' title='bbox 1013 4517 1188 4556; x_wconf 89' lang='lat' dir='ltr'><strong>annos</strong></span> <span class='ocrx_word' id='word_1_628' title='bbox 1220 4501 1382 4565; x_wconf 91' lang='lat' dir='ltr'><strong>sedit,</strong></span> <span class='ocrx_word' id='word_1_629' title='bbox 1411 4501 1537 4554; x_wconf 91' lang='lat' dir='ltr'><strong>dein</strong></span> <span class='ocrx_word' id='word_1_630' title='bbox 1581 4506 1831 4552; x_wconf 91' lang='lat' dir='ltr'><strong>mortuus</strong></span> <span class='ocrx_word' id='word_1_631' title='bbox 1862 4506 1980 4564; x_wconf 89' lang='lat' dir='ltr'><strong>est;</strong></span> <span class='ocrx_word' id='word_1_632' title='bbox 2009 4541 2062 4601; x_wconf 71' lang='grc' dir='ltr'><strong>Β</strong></span> <span class='ocrx_word' id='word_1_633' title='bbox 2094 4498 2199 4568; x_wconf 81' lang='lat'><strong>19</strong></span> <span class='ocrx_word' id='word_1_634' title='bbox 2231 4497 2400 4552; x_wconf 88' lang='lat' dir='ltr'><strong>fuisse</strong></span> <span class='ocrx_word' id='word_1_635' title='bbox 2427 4496 2557 4549; x_wconf 90' lang='lat' dir='ltr'><strong>dum</strong></span> <span class='ocrx_word' id='word_1_636' title='bbox 2596 4495 2776 4549; x_wconf 88' lang='lat' dir='ltr'><strong>adhuc</strong></span> <span class='ocrx_word' id='word_1_637' title='bbox 2811 4495 2865 4548; x_wconf 93' lang='lat' dir='ltr'><strong>in</strong></span> <span class='ocrx_word' id='word_1_638' title='bbox 2903 4503 3059 4550; x_wconf 89' lang='lat' dir='ltr'><strong>utero</strong></span> <span class='ocrx_word' id='word_1_639' title='bbox 3092 4503 3425 4565; x_wconf 88' lang='lat' dir='ltr'><strong>gestarctur,</strong></span> <span class='ocrx_word' id='word_1_640' title='bbox 3465 4499 3668 4566; x_wconf 84' lang='lat' dir='ltr'><strong>ipsum-</strong></span> 
     </span>
    </p>
   </div>
   <div class='ocr_carea' id='block_1_89' title="bbox 406 4591 1981 4670">
    <p class='ocr_par' dir='ltr' id='par_1_89' title="bbox 406 4591 1981 4670">
     <span class='ocr_line' id='line_1_89' title="bbox 406 4591 1981 4670; baseline -0.007 -17"><span class='ocrx_word' id='word_1_641' title='bbox 406 4600 638 4670; x_wconf 88' lang='lat' dir='ltr'><strong>ipsoque</strong></span> <span class='ocrx_word' id='word_1_642' title='bbox 665 4595 908 4652; x_wconf 89' lang='lat' dir='ltr'><strong>nondum</strong></span> <span class='ocrx_word' id='word_1_643' title='bbox 941 4594 1156 4664; x_wconf 84' lang='lat' dir='ltr'><strong>sepulto</strong></span> <span class='ocrx_word' id='word_1_644' title='bbox 1193 4593 1370 4646; x_wconf 85' lang='lat' dir='ltr'><strong>factus</strong></span> <span class='ocrx_word' id='word_1_645' title='bbox 1397 4600 1482 4646; x_wconf 90' lang='lat' dir='ltr'><strong>est</strong></span> <span class='ocrx_word' id='word_1_646' title='bbox 1511 4592 1746 4646; x_wconf 88' lang='lat' dir='ltr'><strong>Proclus</strong></span> <span class='ocrx_word' id='word_1_647' title='bbox 1779 4591 1981 4645; x_wconf 91' lang='lat' dir='ltr'><strong>ibidem</strong></span> 
     </span>
    </p>
   </div>
   <div class='ocr_carea' id='block_1_90' title="bbox 411 4684 1986 4762">
    <p class='ocr_par' dir='ltr' id='par_1_90' title="bbox 411 4684 1986 4762">
     <span class='ocr_line' id='line_1_90' title="bbox 411 4684 1986 4762; baseline -0.005 -17"><span class='ocrx_word' id='word_1_648' title='bbox 411 4690 746 4762; x_wconf 82' lang='lat' dir='ltr'><strong>patriarcha,</strong></span> <span class='ocrx_word' id='word_1_649' title='bbox 787 4690 883 4758; x_wconf 92' lang='lat' dir='ltr'><strong>qui</strong></span> <span class='ocrx_word' id='word_1_650' title='bbox 914 4702 1081 4756; x_wconf 91' lang='lat' dir='ltr'><strong>super</strong></span> <span class='ocrx_word' id='word_1_651' title='bbox 1109 4684 1345 4739; x_wconf 75' lang='lat' dir='ltr'><strong>Maximo</strong></span> <span class='ocrx_word' id='word_1_652' title='bbox 1377 4685 1580 4751; x_wconf 87' lang='lat' dir='ltr'><strong>oravit,</strong></span> <span class='ocrx_word' id='word_1_653' title='bbox 1629 4699 1865 4753; x_wconf 89' lang='lat' dir='ltr'><strong>eumque</strong></span> <span class='ocrx_word' id='word_1_654' title='bbox 1901 4700 1986 4738; x_wconf 86' lang='lat' dir='ltr'><strong>se-</strong></span> 
     </span>
    </p>
   </div>
   <div class='ocr_carea' id='block_1_91' title="bbox 411 4777 1989 4854">
    <p class='ocr_par' dir='ltr' id='par_1_91' title="bbox 411 4777 1989 4854">
     <span class='ocr_line' id='line_1_91' title="bbox 411 4777 1989 4854; baseline -0.008 -12"><span class='ocrx_word' id='word_1_655' title='bbox 411 4783 636 4854; x_wconf 76' lang='lat' dir='ltr'><strong>pelivit;</strong></span> <span class='ocrx_word' id='word_1_656' title='bbox 665 4796 904 4852; x_wconf 89' lang='lat' dir='ltr'><strong>cumque</strong></span> <span class='ocrx_word' id='word_1_657' title='bbox 935 4787 1058 4850; x_wconf 88' lang='lat' dir='ltr'><strong>post</strong></span> <span class='ocrx_word' id='word_1_658' title='bbox 1094 4778 1271 4849; x_wconf 89' lang='lat' dir='ltr'><strong>ipsum</strong></span> <span class='ocrx_word' id='word_1_659' title='bbox 1316 4777 1580 4832; x_wconf 89' lang='lat' dir='ltr'><strong>tredecim</strong></span> <span class='ocrx_word' id='word_1_660' title='bbox 1611 4791 1786 4832; x_wconf 89' lang='lat' dir='ltr'><strong>annos</strong></span> <span class='ocrx_word' id='word_1_661' title='bbox 1816 4778 1989 4830; x_wconf 88' lang='lat' dir='ltr'><strong>sedis-</strong></span> 
     </span>
    </p>
   </div>
   <div class='ocr_carea' id='block_1_92' title="bbox 408 4882 934 4941">
    <p class='ocr_par' dir='ltr' id='par_1_92' title="bbox 408 4882 934 4941">
     <span class='ocr_line' id='line_1_92' title="bbox 408 4882 934 4941; baseline -0.002 -13"><span class='ocrx_word' id='word_1_662' title='bbox 408 4887 518 4941; x_wconf 72' lang='lat' dir='ltr'><strong>set,</strong></span> <span class='ocrx_word' id='word_1_663' title='bbox 549 4883 796 4928; x_wconf 84' lang='lat' dir='ltr'><strong>mortuus</strong></span> <span class='ocrx_word' id='word_1_664' title='bbox 829 4882 934 4927; x_wconf 89' lang='lat' dir='ltr'><strong>est.</strong></span> 
     </span>
    </p>
   </div>
   <div class='ocr_carea' id='block_1_93' title="bbox 486 4956 1988 5034">
    <p class='ocr_par' dir='ltr' id='par_1_93' title="bbox 486 4956 1988 5034">
     <span class='ocr_line' id='line_1_93' title="bbox 486 4956 1988 5034; baseline -0.007 -14"><span class='ocrx_word' id='word_1_665' title='bbox 486 4965 668 5034; x_wconf 85' lang='lat' dir='ltr'><strong>inquit</strong></span> <span class='ocrx_word' id='word_1_666' title='bbox 708 4961 862 5028; x_wconf 83' lang='lat' dir='ltr'><strong>Said,</strong></span> <span class='ocrx_word' id='word_1_667' title='bbox 912 4958 1127 5031; x_wconf 89' lang='lat' dir='ltr'><strong>patricii</strong></span> <span class='ocrx_word' id='word_1_668' title='bbox 1181 4956 1426 5027; x_wconf 82' lang='lat'><strong>13-15</strong></span> <span class='ocrx_word' id='word_1_669' title='bbox 1473 4957 1642 5023; x_wconf 82' lang='lat' dir='ltr'><strong>illius,</strong></span> <span class='ocrx_word' id='word_1_670' title='bbox 1681 4957 1925 5012; x_wconf 89' lang='lat' dir='ltr'><strong>medicus</strong></span> <span class='ocrx_word' id='word_1_671' title='bbox 1973 4973 1988 5010; x_wconf 86' lang='lat'><strong>:</strong></span> 
     </span>
    </p>
   </div>
   <div class='ocr_carea' id='block_1_94' title="bbox 415 5047 1996 5114">
    <p class='ocr_par' dir='ltr' id='par_1_94' title="bbox 415 5047 1996 5114">
     <span class='ocr_line' id='line_1_94' title="bbox 415 5047 1996 5114; baseline -0.007 0"><span class='ocrx_word' id='word_1_672' title='bbox 415 5058 611 5114; x_wconf 68' lang='lat' dir='ltr'><strong>Visum</strong></span> <span class='ocrx_word' id='word_1_673' title='bbox 644 5066 726 5111; x_wconf 88' lang='lat' dir='ltr'><strong>est</strong></span> <span class='ocrx_word' id='word_1_674' title='bbox 760 5054 893 5108; x_wconf 90' lang='lat' dir='ltr'><strong>mihi</strong></span> <span class='ocrx_word' id='word_1_675' title='bbox 929 5053 1033 5107; x_wconf 89' lang='lat' dir='ltr'><strong>hoc</strong></span> <span class='ocrx_word' id='word_1_676' title='bbox 1065 5050 1188 5105; x_wconf 86' lang='lat' dir='ltr'><strong>libri</strong></span> <span class='ocrx_word' id='word_1_677' title='bbox 1223 5051 1329 5106; x_wconf 89' lang='lat' dir='ltr'><strong>mei</strong></span> <span class='ocrx_word' id='word_1_678' title='bbox 1361 5050 1522 5104; x_wconf 86' lang='lat' dir='ltr'><strong>istius</strong></span> <span class='ocrx_word' id='word_1_679' title='bbox 1563 5049 1684 5104; x_wconf 92' lang='lat' dir='ltr'><strong>loco</strong></span> <span class='ocrx_word' id='word_1_680' title='bbox 1715 5047 1996 5104; x_wconf 86' lang='lat' dir='ltr'><strong>Nestoria-</strong></span> 
     </span>
    </p>
   </div>
   <div class='ocr_carea' id='block_1_95' title="bbox 415 5142 1995 5219">
    <p class='ocr_par' dir='ltr' id='par_1_95' title="bbox 415 5142 1995 5219">
     <span class='ocr_line' id='line_1_95' title="bbox 415 5142 1995 5219; baseline -0.006 -13"><span class='ocrx_word' id='word_1_681' title='bbox 415 5153 502 5206; x_wconf 92' lang='lat' dir='ltr'><strong>nis</strong></span> <span class='ocrx_word' id='word_1_682' title='bbox 534 5161 862 5219; x_wconf 92' lang='lat' dir='ltr'><strong>responsum</strong></span> <span class='ocrx_word' id='word_1_683' title='bbox 889 5143 1140 5207; x_wconf 86' lang='lat' dir='ltr'><strong>reddere,</strong></span> <span class='ocrx_word' id='word_1_684' title='bbox 1167 5150 1220 5195; x_wconf 91' lang='lat' dir='ltr'><strong>et</strong></span> <span class='ocrx_word' id='word_1_685' title='bbox 1248 5143 1536 5196; x_wconf 68' lang='lat' dir='ltr'><strong>sententiae</strong></span> <span class='ocrx_word' id='word_1_686' title='bbox 1567 5142 1809 5210; x_wconf 90' lang='lat' dir='ltr'><strong>ipsorum</strong></span> <span class='ocrx_word' id='word_1_687' title='bbox 1841 5144 1995 5197; x_wconf 84' lang='lat' dir='ltr'><strong>falsi-</strong></span> 
     </span>
    </p>
   </div>
   <div class='ocr_carea' id='block_1_96' title="bbox 413 5231 1998 5308">
    <p class='ocr_par' dir='ltr' id='par_1_96' title="bbox 413 5231 1998 5308">
     <span class='ocr_line' id='line_1_96' title="bbox 413 5231 1998 5308; baseline -0.007 -11"><span class='ocrx_word' id='word_1_688' title='bbox 413 5251 588 5298; x_wconf 81' lang='lat' dir='ltr'><strong>tatem</strong></span> <span class='ocrx_word' id='word_1_689' title='bbox 623 5249 787 5308; x_wconf 89' lang='lat' dir='ltr'><strong>atque</strong></span> <span class='ocrx_word' id='word_1_690' title='bbox 819 5233 1213 5291; x_wconf 84' lang='lat' dir='ltr'><strong>absurditatem</strong></span> <span class='ocrx_word' id='word_1_691' title='bbox 1253 5231 1654 5294; x_wconf 88' lang='lat' dir='ltr'><strong>demonstrare,</strong></span> <span class='ocrx_word' id='word_1_692' title='bbox 1687 5247 1811 5286; x_wconf 91' lang='lat' dir='ltr'><strong>cum</strong></span> <span class='ocrx_word' id='word_1_693' title='bbox 1841 5249 1998 5287; x_wconf 88' lang='lat' dir='ltr'><strong>error</strong></span> 
     </span>
    </p>
   </div>
   <div class='ocr_carea' id='block_1_97' title="bbox 413 5323 1996 5404">
    <p class='ocr_par' dir='ltr' id='par_1_97' title="bbox 413 5323 1996 5404">
     <span class='ocr_line' id='line_1_97' title="bbox 413 5323 1996 5404; baseline -0.007 -15"><span class='ocrx_word' id='word_1_694' title='bbox 413 5337 510 5399; x_wconf 89' lang='lat' dir='ltr'><strong>sit,</strong></span> <span class='ocrx_word' id='word_1_695' title='bbox 539 5331 756 5404; x_wconf 84' lang='lat' dir='ltr'><strong>ipsique</strong></span> <span class='ocrx_word' id='word_1_696' title='bbox 792 5338 1034 5398; x_wconf 87' lang='lat' dir='ltr'><strong>tempore</strong></span> <span class='ocrx_word' id='word_1_697' title='bbox 1074 5325 1179 5379; x_wconf 89' lang='lat' dir='ltr'><strong>hoc</strong></span> <span class='ocrx_word' id='word_1_698' title='bbox 1226 5332 1419 5378; x_wconf 86' lang='lat' dir='ltr'><strong>nostro</strong></span> <span class='ocrx_word' id='word_1_699' title='bbox 1451 5338 1480 5376; x_wconf 89' lang='lat' dir='ltr'><strong>a</strong></span> <span class='ocrx_word' id='word_1_700' title='bbox 1511 5323 1749 5380; x_wconf 86' lang='lat' dir='ltr'><strong>Nestorii</strong></span> <span class='ocrx_word' id='word_1_701' title='bbox 1782 5325 1996 5393; x_wconf 90' lang='lat' dir='ltr'><strong>antiqui</strong></span> 
     </span>
    </p>
   </div>
   <div class='ocr_carea' id='block_1_98' title="bbox 413 5414 1997 5482">
    <p class='ocr_par' dir='ltr' id='par_1_98' title="bbox 413 5414 1997 5482">
     <span class='ocr_line' id='line_1_98' title="bbox 413 5414 1997 5482; baseline -0.006 -2"><span class='ocrx_word' id='word_1_702' title='bbox 413 5427 582 5482; x_wconf 86' lang='lat' dir='ltr'><strong>dictis</strong></span> <span class='ocrx_word' id='word_1_703' title='bbox 608 5426 662 5480; x_wconf 90' lang='lat' dir='ltr'><strong>in</strong></span> <span class='ocrx_word' id='word_1_704' title='bbox 693 5422 971 5477; x_wconf 89' lang='lat' dir='ltr'><strong>diversum</strong></span> <span class='ocrx_word' id='word_1_705' title='bbox 1002 5418 1278 5480; x_wconf 87' lang='lat' dir='ltr'><strong>abierunt,</strong></span> <span class='ocrx_word' id='word_1_706' title='bbox 1307 5424 1658 5470; x_wconf 87' lang='lat' dir='ltr'><strong>autumantes</strong></span> <span class='ocrx_word' id='word_1_707' title='bbox 1682 5414 1997 5471; x_wconf 85' lang='lat' dir='ltr'><strong>Nestorium</strong></span> 
     </span>
    </p>
   </div>
   <div class='ocr_carea' id='block_1_99' title="bbox 417 5509 2002 5578">
    <p class='ocr_par' dir='ltr' id='par_1_99' title="bbox 417 5509 2002 5578">
     <span class='ocr_line' id='line_1_99' title="bbox 417 5509 2002 5578; baseline -0.007 -5"><span class='ocrx_word' id='word_1_708' title='bbox 417 5517 730 5573; x_wconf 89' lang='lat' dir='ltr'><strong>asseruisse</strong></span> <span class='ocrx_word' id='word_1_709' title='bbox 767 5513 1050 5570; x_wconf 89' lang='lat' dir='ltr'><strong>Christum</strong></span> <span class='ocrx_word' id='word_1_710' title='bbox 1080 5511 1218 5565; x_wconf 90' lang='lat' dir='ltr'><strong>duas</strong></span> <span class='ocrx_word' id='word_1_711' title='bbox 1240 5509 1583 5564; x_wconf 86' lang='lat' dir='ltr'><strong>substantias</strong></span> <span class='ocrx_word' id='word_1_712' title='bbox 1613 5523 1678 5562; x_wconf 87' lang='lat' dir='ltr'><strong>ac</strong></span> <span class='ocrx_word' id='word_1_713' title='bbox 1705 5509 1846 5565; x_wconf 88' lang='lat' dir='ltr'><strong>duas</strong></span> <span class='ocrx_word' id='word_1_714' title='bbox 1878 5527 2002 5578; x_wconf 89' lang='lat' dir='ltr'><strong>per-</strong></span> 
     </span>
    </p>
   </div>
   <div class='ocr_carea' id='block_1_100' title="bbox 418 5603 2003 5677">
    <p class='ocr_par' dir='ltr' id='par_1_100' title="bbox 418 5603 2003 5677">
     <span class='ocr_line' id='line_1_100' title="bbox 418 5603 2003 5677; baseline -0.006 -9"><span class='ocrx_word' id='word_1_715' title='bbox 418 5629 592 5668; x_wconf 88' lang='lat' dir='ltr'><strong>sonas</strong></span> <span class='ocrx_word' id='word_1_716' title='bbox 620 5626 770 5675; x_wconf 88' lang='lat' dir='ltr'><strong>esse,</strong></span> <span class='ocrx_word' id='word_1_717' title='bbox 796 5608 965 5664; x_wconf 86' lang='lat' dir='ltr'><strong>Deum</strong></span> <span class='ocrx_word' id='word_1_718' title='bbox 991 5605 1290 5677; x_wconf 85' lang='lat' dir='ltr'><strong>perfectum</strong></span> <span class='ocrx_word' id='word_1_719' title='bbox 1320 5603 1374 5658; x_wconf 91' lang='lat' dir='ltr'><strong>in</strong></span> <span class='ocrx_word' id='word_1_720' title='bbox 1409 5617 1646 5674; x_wconf 86' lang='lat' dir='ltr'><strong>persona</strong></span> <span class='ocrx_word' id='word_1_721' title='bbox 1669 5615 1720 5658; x_wconf 90' lang='lat' dir='ltr'><strong>et</strong></span> <span class='ocrx_word' id='word_1_722' title='bbox 1745 5606 2003 5660; x_wconf 86' lang='lat' dir='ltr'><strong>substan-</strong></span> 
     </span>
    </p>
   </div>
   <div class='ocr_carea' id='block_1_101' title="bbox 419 5698 2003 5772">
    <p class='ocr_par' dir='ltr' id='par_1_101' title="bbox 419 5698 2003 5772">
     <span class='ocr_line' id='line_1_101' title="bbox 419 5698 2003 5772; baseline -0.004 -12"><span class='ocrx_word' id='word_1_723' title='bbox 419 5708 496 5760; x_wconf 88' lang='lat' dir='ltr'><strong>tia</strong></span> <span class='ocrx_word' id='word_1_724' title='bbox 537 5721 659 5770; x_wconf 80' lang='lat' dir='ltr'><strong>s-ta,</strong></span> <span class='ocrx_word' id='word_1_725' title='bbox 699 5715 864 5772; x_wconf 86' lang='lat' dir='ltr'><strong>atque</strong></span> <span class='ocrx_word' id='word_1_726' title='bbox 909 5700 1186 5756; x_wconf 87' lang='lat' dir='ltr'><strong>hominem</strong></span> <span class='ocrx_word' id='word_1_727' title='bbox 1237 5698 1539 5766; x_wconf 88' lang='lat' dir='ltr'><strong>perfectum</strong></span> <span class='ocrx_word' id='word_1_728' title='bbox 1585 5700 1641 5752; x_wconf 93' lang='lat' dir='ltr'><strong>in</strong></span> <span class='ocrx_word' id='word_1_729' title='bbox 1681 5713 1916 5768; x_wconf 89' lang='lat' dir='ltr'><strong>persona</strong></span> <span class='ocrx_word' id='word_1_730' title='bbox 1949 5709 2003 5754; x_wconf 86' lang='lat' dir='ltr'><strong>et</strong></span> 
     </span>
    </p>
   </div>
   <div class='ocr_carea' id='block_1_102' title="bbox 415 5792 2001 5876">
    <p class='ocr_par' dir='ltr' id='par_1_102' title="bbox 415 5792 2001 5876">
     <span class='ocr_line' id='line_1_102' title="bbox 415 5792 2001 5876; baseline -0.004 -22"><span class='ocrx_word' id='word_1_731' title='bbox 415 5799 734 5876; x_wconf 77' lang='lat' dir='ltr'><strong>substantia</strong></span> <span class='ocrx_word' id='word_1_732' title='bbox 767 5812 890 5858; x_wconf 85' lang='lat' dir='ltr'><strong>sua,</strong></span> <span class='ocrx_word' id='word_1_733' title='bbox 930 5809 995 5848; x_wconf 86' lang='lat' dir='ltr'><strong>ac</strong></span> <span class='ocrx_word' id='word_1_734' title='bbox 1037 5792 1264 5847; x_wconf 72' lang='lat' dir='ltr'><strong>Mariam</strong></span> <span class='ocrx_word' id='word_1_735' title='bbox 1299 5793 1579 5861; x_wconf 90' lang='lat' dir='ltr'><strong>peperisse</strong></span> <span class='ocrx_word' id='word_1_736' title='bbox 1610 5792 1892 5848; x_wconf 87' lang='lat' dir='ltr'><strong>Christum</strong></span> <span class='ocrx_word' id='word_1_737' title='bbox 1936 5810 2001 5848; x_wconf 84' lang='lat' dir='ltr'><strong>ex</strong></span> 
     </span>
    </p>
   </div>
   <div class='ocr_carea' id='block_1_103' title="bbox 424 5887 1998 5965">
    <p class='ocr_par' dir='ltr' id='par_1_103' title="bbox 424 5887 1998 5965">
     <span class='ocr_line' id='line_1_103' title="bbox 424 5887 1998 5965; baseline -0.003 -14"><span class='ocrx_word' id='word_1_738' title='bbox 424 5904 585 5965; x_wconf 84' lang='lat' dir='ltr'><strong>parte</strong></span> <span class='ocrx_word' id='word_1_739' title='bbox 618 5890 1002 5954; x_wconf 85' lang='lat' dir='ltr'><strong>humanitatis,</strong></span> <span class='ocrx_word' id='word_1_740' title='bbox 1055 5902 1160 5943; x_wconf 90' lang='lat' dir='ltr'><strong>non</strong></span> <span class='ocrx_word' id='word_1_741' title='bbox 1205 5903 1272 5943; x_wconf 90' lang='lat' dir='ltr'><strong>ex</strong></span> <span class='ocrx_word' id='word_1_742' title='bbox 1311 5896 1473 5963; x_wconf 73' lang='lat' dir='ltr'><strong>parte</strong></span> <span class='ocrx_word' id='word_1_743' title='bbox 1503 5887 1810 5947; x_wconf 88' lang='lat' dir='ltr'><strong>divinitatis</strong></span> <span class='ocrx_word' id='word_1_744' title='bbox 1854 5905 1998 5963; x_wconf 71' lang='lat' dir='ltr'><strong>suae;</strong></span> 
     </span>
    </p>
   </div>
   <div class='ocr_carea' id='block_1_104' title="bbox 788 5987 1428 6052">
    <p class='ocr_par' dir='ltr' id='par_1_104' title="bbox 788 5987 1428 6052">
     <span class='ocr_line' id='line_1_104' title="bbox 788 5987 1428 6052; baseline -0.006 0"><span class='ocrx_word' id='word_1_745' title='bbox 788 5991 1059 6052; x_wconf 74' lang='grc' dir='ltr'><strong>ΡΑτιιοι.</strong></span> <span class='ocrx_word' id='word_1_746' title='bbox 1110 5988 1225 6050; x_wconf 81' lang='lat' dir='ltr'><strong>Gn.</strong></span> <span class='ocrx_word' id='word_1_747' title='bbox 1274 5987 1428 6048; x_wconf 81' lang='lat' dir='ltr'><strong>CXI.</strong></span> 
     </span>
    </p>
   </div>
   <div class='ocr_carea' id='block_1_105' title="bbox 2089 4585 3664 4661">
    <p class='ocr_par' dir='ltr' id='par_1_105' title="bbox 2089 4585 3664 4661">
     <span class='ocr_line' id='line_1_105' title="bbox 2089 4585 3664 4661; baseline -0.004 -16"><span class='ocrx_word' id='word_1_748' title='bbox 2089 4606 2196 4661; x_wconf 89' lang='lat' dir='ltr'><strong>que</strong></span> <span class='ocrx_word' id='word_1_749' title='bbox 2227 4587 2389 4661; x_wconf 75' lang='lat' dir='ltr'><strong>[tum]</strong></span> <span class='ocrx_word' id='word_1_750' title='bbox 2431 4586 2711 4640; x_wconf 87' lang='lat' dir='ltr'><strong>Christum</strong></span> <span class='ocrx_word' id='word_1_751' title='bbox 2765 4585 2958 4648; x_wconf 89' lang='lat' dir='ltr'><strong>fuisse,</strong></span> <span class='ocrx_word' id='word_1_752' title='bbox 3006 4600 3072 4639; x_wconf 87' lang='lat' dir='ltr'><strong>ac</strong></span> <span class='ocrx_word' id='word_1_753' title='bbox 3107 4586 3161 4640; x_wconf 93' lang='lat' dir='ltr'><strong>in</strong></span> <span class='ocrx_word' id='word_1_754' title='bbox 3192 4594 3351 4640; x_wconf 82' lang='lat' dir='ltr'><strong>utero</strong></span> <span class='ocrx_word' id='word_1_755' title='bbox 3391 4595 3664 4656; x_wconf 83' lang='lat' dir='ltr'><strong>gestatum</strong></span> 
     </span>
    </p>
   </div>
   <div class='ocr_carea' id='block_1_106' title="bbox 2093 4680 3668 4752">
    <p class='ocr_par' dir='ltr' id='par_1_106' title="bbox 2093 4680 3668 4752">
     <span class='ocr_line' id='line_1_106' title="bbox 2093 4680 3668 4752; baseline -0.005 -12"><span class='ocrx_word' id='word_1_756' title='bbox 2093 4685 2283 4752; x_wconf 89' lang='lat' dir='ltr'><strong>fuisse;</strong></span> <span class='ocrx_word' id='word_1_757' title='bbox 2318 4699 2381 4737; x_wconf 91' lang='lat' dir='ltr'><strong>ac</strong></span> <span class='ocrx_word' id='word_1_758' title='bbox 2412 4691 2599 4736; x_wconf 90' lang='lat' dir='ltr'><strong>natum</strong></span> <span class='ocrx_word' id='word_1_759' title='bbox 2635 4689 2690 4735; x_wconf 89' lang='lat' dir='ltr'><strong>et</strong></span> <span class='ocrx_word' id='word_1_760' title='bbox 2723 4682 3012 4735; x_wconf 89' lang='lat' dir='ltr'><strong>educatum</strong></span> <span class='ocrx_word' id='word_1_761' title='bbox 3046 4681 3220 4733; x_wconf 86' lang='lat' dir='ltr'><strong>donec</strong></span> <span class='ocrx_word' id='word_1_762' title='bbox 3254 4680 3668 4750; x_wconf 81' lang='lat' dir='ltr'><strong>cruciﬁgeretur</strong></span> 
     </span>
    </p>
   </div>
   <div class='ocr_carea' id='block_1_107' title="bbox 2091 4770 3666 4842">
    <p class='ocr_par' dir='ltr' id='par_1_107' title="bbox 2091 4770 3666 4842">
     <span class='ocr_line' id='line_1_107' title="bbox 2091 4770 3666 4842; baseline -0.004 -9"><span class='ocrx_word' id='word_1_763' title='bbox 2091 4788 2146 4834; x_wconf 91' lang='lat' dir='ltr'><strong>et</strong></span> <span class='ocrx_word' id='word_1_764' title='bbox 2178 4776 2596 4838; x_wconf 83' lang='lat' dir='ltr'><strong>interficeretur,</strong></span> <span class='ocrx_word' id='word_1_765' title='bbox 2624 4783 2734 4827; x_wconf 92' lang='lat' dir='ltr'><strong>tum</strong></span> <span class='ocrx_word' id='word_1_766' title='bbox 2767 4773 3100 4828; x_wconf 87' lang='lat' dir='ltr'><strong>confitentur</strong></span> <span class='ocrx_word' id='word_1_767' title='bbox 3124 4771 3350 4826; x_wconf 80' lang='lat' dir='ltr'><strong>Mariam</strong></span> <span class='ocrx_word' id='word_1_768' title='bbox 3388 4770 3666 4842; x_wconf 79' lang='lat' dir='ltr'><strong>Virginem</strong></span> 
     </span>
    </p>
   </div>
   <div class='ocr_carea' id='block_1_108' title="bbox 2097 4847 3668 4944">
    <p class='ocr_par' dir='ltr' id='par_1_108' title="bbox 2097 4847 3668 4944">
     <span class='ocr_line' id='line_1_108' title="bbox 2097 4847 3668 4944; baseline -0.007 -15"><span class='ocrx_word' id='word_1_769' title='bbox 2097 4874 2378 4944; x_wconf 85' lang='lat' dir='ltr'><strong>peperisse</strong></span> <span class='ocrx_word' id='word_1_770' title='bbox 2443 4867 2636 4934; x_wconf 91' lang='lat' dir='ltr'><strong>Deum,</strong></span> <span class='ocrx_word' id='word_1_771' title='bbox 2690 4865 2970 4920; x_wconf 88' lang='lat' dir='ltr'><strong>Christum</strong></span> <span class='ocrx_word' id='word_1_772' title='bbox 3020 4877 3211 4929; x_wconf 92' lang='lat' dir='ltr'><strong>unum,</strong></span> <span class='ocrx_word' id='word_1_773' title='bbox 3271 4847 3325 4916; x_wconf 82' lang='lat' dir='ltr'><strong>ct</strong></span> <span class='ocrx_word' id='word_1_774' title='bbox 3377 4878 3668 4933; x_wconf 83' lang='lat' dir='ltr'><strong>personam</strong></span> 
     </span>
    </p>
   </div>
   <div class='ocr_carea' id='block_1_109' title="bbox 2095 4980 2285 5023">
    <p class='ocr_par' dir='ltr' id='par_1_109' title="bbox 2095 4980 2285 5023">
     <span class='ocr_line' id='line_1_109' title="bbox 2095 4980 2285 5023; baseline -0.026 0"><span class='ocrx_word' id='word_1_775' title='bbox 2095 4980 2285 5023; x_wconf 89' lang='lat' dir='ltr'><strong>unam.</strong></span> 
     </span>
    </p>
   </div>
   <div class='ocr_carea' id='block_1_110' title="bbox 2168 5048 3668 5114">
    <p class='ocr_par' dir='ltr' id='par_1_110' title="bbox 2168 5048 3668 5114">
     <span class='ocr_line' id='line_1_110' title="bbox 2168 5048 3668 5114; baseline -0.002 -4"><span class='ocrx_word' id='word_1_776' title='bbox 2168 5057 2388 5110; x_wconf 91' lang='lat' dir='ltr'><strong>Dicetur</strong></span> <span class='ocrx_word' id='word_1_777' title='bbox 2410 5067 2604 5108; x_wconf 86' lang='lat' dir='ltr'><strong>rursus</strong></span> <span class='ocrx_word' id='word_1_778' title='bbox 2636 5050 2744 5104; x_wconf 87' lang='lat' dir='ltr'><strong>illis</strong></span> <span class='ocrx_word' id='word_1_779' title='bbox 2773 5067 2786 5104; x_wconf 91' lang='lat'><strong>:</strong></span> <span class='ocrx_word' id='word_1_780' title='bbox 2819 5048 3052 5114; x_wconf 86' lang='lat' dir='ltr'><strong>Quando</strong></span> <span class='ocrx_word' id='word_1_781' title='bbox 3080 5049 3292 5104; x_wconf 87' lang='lat' dir='ltr'><strong>unitum</strong></span> <span class='ocrx_word' id='word_1_782' title='bbox 3327 5059 3409 5105; x_wconf 84' lang='lat' dir='ltr'><strong>est</strong></span> <span class='ocrx_word' id='word_1_783' title='bbox 3437 5053 3668 5107; x_wconf 87' lang='lat' dir='ltr'><strong>verbum</strong></span> 
     </span>
    </p>
   </div>
   <div class='ocr_carea' id='block_1_111' title="bbox 2099 5145 3670 5215">
    <p class='ocr_par' dir='ltr' id='par_1_111' title="bbox 2099 5145 3670 5215">
     <span class='ocr_line' id='line_1_111' title="bbox 2099 5145 3670 5215; baseline -0.004 -9"><span class='ocrx_word' id='word_1_784' title='bbox 2099 5149 2353 5206; x_wconf 85' lang='lat' dir='ltr'><strong>homini?</strong></span> <span class='ocrx_word' id='word_1_785' title='bbox 2384 5156 2511 5202; x_wconf 90' lang='lat' dir='ltr'><strong>ante</strong></span> <span class='ocrx_word' id='word_1_786' title='bbox 2539 5153 2780 5215; x_wconf 88' lang='lat' dir='ltr'><strong>partum,</strong></span> <span class='ocrx_word' id='word_1_787' title='bbox 2822 5151 2914 5196; x_wconf 90' lang='lat' dir='ltr'><strong>aut</strong></span> <span class='ocrx_word' id='word_1_788' title='bbox 2941 5152 3233 5213; x_wconf 88' lang='lat' dir='ltr'><strong>antequam</strong></span> <span class='ocrx_word' id='word_1_789' title='bbox 3266 5145 3670 5213; x_wconf 88' lang='lat' dir='ltr'><strong>conciperetur,</strong></span> 
     </span>
    </p>
   </div>
   <div class='ocr_carea' id='block_1_112' title="bbox 2103 5233 3676 5308">
    <p class='ocr_par' dir='ltr' id='par_1_112' title="bbox 2103 5233 3676 5308">
     <span class='ocr_line' id='line_1_112' title="bbox 2103 5233 3676 5308; baseline -0.004 -12"><span class='ocrx_word' id='word_1_790' title='bbox 2103 5257 2170 5296; x_wconf 88' lang='lat' dir='ltr'><strong>an</strong></span> <span class='ocrx_word' id='word_1_791' title='bbox 2206 5247 2484 5294; x_wconf 88' lang='lat' dir='ltr'><strong>momento</strong></span> <span class='ocrx_word' id='word_1_792' title='bbox 2533 5235 2767 5306; x_wconf 82' lang='lat' dir='ltr'><strong>partus?</strong></span> <span class='ocrx_word' id='word_1_793' title='bbox 2795 5233 2951 5301; x_wconf 86' lang='lat' dir='ltr'><strong>Quod</strong></span> <span class='ocrx_word' id='word_1_794' title='bbox 2991 5235 3036 5289; x_wconf 84' lang='lat' dir='ltr'><strong>si</strong></span> <span class='ocrx_word' id='word_1_795' title='bbox 3074 5235 3336 5303; x_wconf 83' lang='lat' dir='ltr'><strong>dixerint,</strong></span> <span class='ocrx_word' id='word_1_796' title='bbox 3377 5247 3501 5291; x_wconf 90' lang='lat' dir='ltr'><strong>ante</strong></span> <span class='ocrx_word' id='word_1_797' title='bbox 3547 5253 3676 5308; x_wconf 86' lang='lat' dir='ltr'><strong>par-</strong></span> 
     </span>
    </p>
   </div>
   <div class='ocr_carea' id='block_1_113' title="bbox 2100 5327 3676 5402">
    <p class='ocr_par' dir='ltr' id='par_1_113' title="bbox 2100 5327 3676 5402">
     <span class='ocr_line' id='line_1_113' title="bbox 2100 5327 3676 5402; baseline -0.005 -12"><span class='ocrx_word' id='word_1_798' title='bbox 2100 5343 2219 5390; x_wconf 90' lang='lat' dir='ltr'><strong>tum</strong></span> <span class='ocrx_word' id='word_1_799' title='bbox 2250 5349 2265 5388; x_wconf 87' lang='lat'><strong>:</strong></span> <span class='ocrx_word' id='word_1_800' title='bbox 2300 5344 2631 5402; x_wconf 76' lang='lat' dir='ltr'><strong>reponemus</strong></span> <span class='ocrx_word' id='word_1_801' title='bbox 2665 5328 2774 5382; x_wconf 88' lang='lat' dir='ltr'><strong>illis</strong></span> <span class='ocrx_word' id='word_1_802' title='bbox 2807 5344 2821 5381; x_wconf 87' lang='lat'><strong>;</strong></span> <span class='ocrx_word' id='word_1_803' title='bbox 2851 5327 2990 5381; x_wconf 88' lang='lat' dir='ltr'><strong>Num</strong></span> <span class='ocrx_word' id='word_1_804' title='bbox 3023 5338 3150 5383; x_wconf 88' lang='lat' dir='ltr'><strong>ante</strong></span> <span class='ocrx_word' id='word_1_805' title='bbox 3190 5337 3431 5398; x_wconf 87' lang='lat' dir='ltr'><strong>partum,</strong></span> <span class='ocrx_word' id='word_1_806' title='bbox 3463 5339 3517 5383; x_wconf 91' lang='lat' dir='ltr'><strong>et</strong></span> <span class='ocrx_word' id='word_1_807' title='bbox 3550 5339 3676 5382; x_wconf 68' lang='lat' dir='ltr'><strong>ante</strong></span> 
     </span>
    </p>
   </div>
   <div class='ocr_carea' id='block_1_114' title="bbox 2102 5424 3676 5496">
    <p class='ocr_par' dir='ltr' id='par_1_114' title="bbox 2102 5424 3676 5496">
     <span class='ocr_line' id='line_1_114' title="bbox 2102 5424 3676 5496; baseline -0.006 -13"><span class='ocrx_word' id='word_1_808' title='bbox 2102 5424 2557 5496; x_wconf 89' lang='lat' dir='ltr'><strong>conceptionem?</strong></span> <span class='ocrx_word' id='word_1_809' title='bbox 2589 5429 2682 5476; x_wconf 88' lang='lat' dir='ltr'><strong>aut</strong></span> <span class='ocrx_word' id='word_1_810' title='bbox 2730 5429 2857 5476; x_wconf 91' lang='lat' dir='ltr'><strong>ante</strong></span> <span class='ocrx_word' id='word_1_811' title='bbox 2901 5429 3120 5491; x_wconf 89' lang='lat' dir='ltr'><strong>partum</strong></span> <span class='ocrx_word' id='word_1_812' title='bbox 3154 5431 3441 5491; x_wconf 85' lang='lat' dir='ltr'><strong>postquam</strong></span> <span class='ocrx_word' id='word_1_813' title='bbox 3475 5437 3676 5476; x_wconf 82' lang='lat' dir='ltr'><strong>conce-</strong></span> 
     </span>
    </p>
   </div>
   <div class='ocr_carea' id='block_1_115' title="bbox 2104 5513 3676 5590">
    <p class='ocr_par' dir='ltr' id='par_1_115' title="bbox 2104 5513 3676 5590">
     <span class='ocr_line' id='line_1_115' title="bbox 2104 5513 3676 5590; baseline -0.006 -15"><span class='ocrx_word' id='word_1_814' title='bbox 2104 5530 2226 5590; x_wconf 90' lang='lat' dir='ltr'><strong>ptus</strong></span> <span class='ocrx_word' id='word_1_815' title='bbox 2253 5518 2382 5573; x_wconf 79' lang='lat' dir='ltr'><strong>est?</strong></span> <span class='ocrx_word' id='word_1_816' title='bbox 2415 5516 2570 5582; x_wconf 91' lang='lat' dir='ltr'><strong>Quod</strong></span> <span class='ocrx_word' id='word_1_817' title='bbox 2608 5516 2652 5570; x_wconf 89' lang='lat' dir='ltr'><strong>si</strong></span> <span class='ocrx_word' id='word_1_818' title='bbox 2705 5515 2963 5577; x_wconf 76' lang='lat' dir='ltr'><strong>dixerint,</strong></span> <span class='ocrx_word' id='word_1_819' title='bbox 3012 5521 3126 5566; x_wconf 92' lang='lat' dir='ltr'><strong>tum</strong></span> <span class='ocrx_word' id='word_1_820' title='bbox 3167 5521 3293 5568; x_wconf 91' lang='lat' dir='ltr'><strong>ante</strong></span> <span class='ocrx_word' id='word_1_821' title='bbox 3337 5513 3676 5566; x_wconf 74' lang='lat' dir='ltr'><strong>nativitatem</strong></span> 
     </span>
    </p>
   </div>
   <div class='ocr_carea' id='block_1_116' title="bbox 2105 5605 3680 5678">
    <p class='ocr_par' dir='ltr' id='par_1_116' title="bbox 2105 5605 3680 5678">
     <span class='ocr_line' id='line_1_116' title="bbox 2105 5605 3680 5678; baseline -0.006 -9"><span class='ocrx_word' id='word_1_822' title='bbox 2105 5629 2231 5669; x_wconf 90' lang='lat' dir='ltr'><strong>cum</strong></span> <span class='ocrx_word' id='word_1_823' title='bbox 2286 5620 2412 5667; x_wconf 89' lang='lat' dir='ltr'><strong>ante</strong></span> <span class='ocrx_word' id='word_1_824' title='bbox 2444 5609 2880 5678; x_wconf 89' lang='lat' dir='ltr'><strong>conceptionem,</strong></span> <span class='ocrx_word' id='word_1_825' title='bbox 2926 5614 3212 5660; x_wconf 89' lang='lat' dir='ltr'><strong>autumant</strong></span> <span class='ocrx_word' id='word_1_826' title='bbox 3259 5606 3472 5660; x_wconf 89' lang='lat' dir='ltr'><strong>unitum</strong></span> <span class='ocrx_word' id='word_1_827' title='bbox 3509 5605 3680 5662; x_wconf 77' lang='lat' dir='ltr'><strong>fuisse</strong></span> 
     </span>
    </p>
   </div>
   <div class='ocr_carea' id='block_1_117' title="bbox 2107 5698 3682 5777">
    <p class='ocr_par' dir='ltr' id='par_1_117' title="bbox 2107 5698 3682 5777">
     <span class='ocr_line' id='line_1_117' title="bbox 2107 5698 3682 5777; baseline -0.007 -16"><span class='ocrx_word' id='word_1_828' title='bbox 2107 5707 2286 5777; x_wconf 87' lang='lat' dir='ltr'><strong>ipsum</strong></span> <span class='ocrx_word' id='word_1_829' title='bbox 2327 5712 2620 5772; x_wconf 87' lang='lat' dir='ltr'><strong>antequam</strong></span> <span class='ocrx_word' id='word_1_830' title='bbox 2657 5707 2804 5756; x_wconf 88' lang='lat' dir='ltr'><strong>esset</strong></span> <span class='ocrx_word' id='word_1_831' title='bbox 2837 5699 3019 5764; x_wconf 89' lang='lat' dir='ltr'><strong>homo,</strong></span> <span class='ocrx_word' id='word_1_832' title='bbox 3050 5708 3098 5752; x_wconf 91' lang='lat' dir='ltr'><strong>et</strong></span> <span class='ocrx_word' id='word_1_833' title='bbox 3136 5706 3427 5767; x_wconf 86' lang='lat' dir='ltr'><strong>antequam</strong></span> <span class='ocrx_word' id='word_1_834' title='bbox 3478 5698 3682 5753; x_wconf 85' lang='lat' dir='ltr'><strong>forma-</strong></span> 
     </span>
    </p>
   </div>
   <div class='ocr_carea' id='block_1_118' title="bbox 2109 5791 3684 5866">
    <p class='ocr_par' dir='ltr' id='par_1_118' title="bbox 2109 5791 3684 5866">
     <span class='ocr_line' id='line_1_118' title="bbox 2109 5791 3684 5866; baseline -0.006 -12"><span class='ocrx_word' id='word_1_835' title='bbox 2109 5810 2283 5866; x_wconf 85' lang='lat' dir='ltr'><strong>retur,</strong></span> <span class='ocrx_word' id='word_1_836' title='bbox 2340 5811 2388 5853; x_wconf 84' lang='lat' dir='ltr'><strong>et</strong></span> <span class='ocrx_word' id='word_1_837' title='bbox 2454 5805 2744 5864; x_wconf 84' lang='lat' dir='ltr'><strong>antequam</strong></span> <span class='ocrx_word' id='word_1_838' title='bbox 2798 5804 3170 5858; x_wconf 86' lang='lat' dir='ltr'><strong>nasceretur;</strong></span> <span class='ocrx_word' id='word_1_839' title='bbox 3222 5809 3344 5861; x_wconf 63' lang='lat' dir='ltr'><strong>quae</strong></span> <span class='ocrx_word' id='word_1_840' title='bbox 3401 5791 3446 5846; x_wconf 89' lang='lat' dir='ltr'><strong>si</strong></span> <span class='ocrx_word' id='word_1_841' title='bbox 3496 5793 3570 5848; x_wconf 89' lang='lat' dir='ltr'><strong>ita</strong></span> <span class='ocrx_word' id='word_1_842' title='bbox 3625 5809 3684 5848; x_wconf 86' lang='lat' dir='ltr'><strong>se</strong></span> 
     </span>
    </p>
   </div>
   <div class='ocr_carea' id='block_1_119' title="bbox 2115 5884 3689 5958">
    <p class='ocr_par' dir='ltr' id='par_1_119' title="bbox 2115 5884 3689 5958">
     <span class='ocr_line' id='line_1_119' title="bbox 2115 5884 3689 5958; baseline -0.005 -8"><span class='ocrx_word' id='word_1_843' title='bbox 2115 5895 2351 5950; x_wconf 83' lang='lat' dir='ltr'><strong>habeant</strong></span> <span class='ocrx_word' id='word_1_844' title='bbox 2374 5889 2734 5948; x_wconf 83' lang='lat' dir='ltr'><strong>absurditatis</strong></span> <span class='ocrx_word' id='word_1_845' title='bbox 2755 5888 3002 5958; x_wconf 77' lang='lat' dir='ltr'><strong>arguitur</strong></span> <span class='ocrx_word' id='word_1_846' title='bbox 3035 5891 3308 5941; x_wconf 86' lang='lat' dir='ltr'><strong>sententia</strong></span> <span class='ocrx_word' id='word_1_847' title='bbox 3332 5884 3689 5943; x_wconf 79' lang='lat' dir='ltr'><strong>Nestoriano-</strong></span> 
     </span>
    </p>
   </div>
  </div>
