4076 6420
409 404 551 471 1‘035

408 526 697 585 t-utn,.quo
762 510 1027 566 Aiternus
1060 500 1271 557 -unitus
1333 494 1502 549 fuerit
1551 484 1758 543 homini
1812 496 1871 537 se

410 618 561 684 parte
591 612 801 661 tantum
835 601 929 684 :ita
982 592 1227 651 habenti.
1299 585 1486 640 diurno
1531 579 1677 634 enim
1715 590 1781 630 ex
1832 578 1985 641 parte

1314 677 1334 684 -
1518 672 1529 684 ,
1735 681 1753 684 _
1796 660 1961 684 ,___,__,_

406 705 490 759 sic
520 715 579 756 se
620 677 983 750 habens'talis
1011 684 1116 740 fuit
1146 695 1270 735 cum
1311 677 1482 730 forma
1518 672 1759 725 humana
1796 660 1990 717 indue—

413 807 598 857 rctur;
634 788 777 842 unde
809 793 1038 838 necesse
1065 785 1148 831 est
1171 771 1279 826 illis
1299 776 1370 822 -ut
1401 766 1690 819 autument
1729 751 1989 811 divinita-

419 897 529 941 tem
568 883 769 942 solam,
810 889 934 929 cmn
964 864 1305 924 humanitate
1331 857 1505 912 fuisse
1535 864 1730 906 novem
1774 852 1994 899 menses

416 989 512 1034 aut
547 973 770 1030 circiter
801 967 871 1023 ab
896 962 1057 1019 initio
1083 948 1482 1024 conceptionis,
1509 960 1616 1000 una
1649 954 1775 996 cum
1800 934 1994 993 eadem

418 1080 650 1124 manens
691 1065 743 1115 in
791 1059 913 1113 loco
946 1067 1053 1123 quo
1084 1045 1290 1119 gestari
1338 1040 1482 1095 solet
1524 1034 1759 1095 infans;
1799 1021 1999 1081 deinde

420 1164 581 1223 simul
619 1168 771 1213 natas
806 1153 1022 1214 fuisse;
1054 1116 1201 1214 quod
1233 1131 1567 1192 contradicit
1615 1126 1694 1180 illi
1733 1119 1881 1193 quod
1918 1116 2003 1170 di-

420 1269 570 1320 cunt,
616 1249 840 1307 Mariam
871 1241 1151 1315 peperisse
1179 1232 1468 1289 Christum
1513 1239 1578 1278 ex
1626 1226 1781 1288 parte
1811 1214 2006 1268 huma-

425 1347 610 1403 uitatis
667 1356 799 1404 suae,
862 1349 973 1389 non
1031 1346 1099 1385 ex
1147 1334 1305 1397 parte
1359 1314 1666 1375 divinitatis
1711 1321 1845 1363 suae.
1909 1302 2005 1355 Sin

423 1436 678 1497 dixerint,
732 1428 942 1483 unitam
992 1421 1165 1475 fuisse
1208 1427 1333 1471 cum
1374 1424 1443 1466 co
1484 1412 1774 1476 postquam
1811 1406 2010 1450 concc-

424 1541 550 1602 ptus
582 1532 728 1583 esset
768 1536 834 1576 ac
885 1517 1058 1572 forma
1104 1509 1214 1580 2ο
1262 1501 1506 1577 perlecta
1546 1496 1814 1554 indutus;
1851 1499 2011 1552 rcge-

428 1636 616 1678 remus
643 1618 778 1689 ipsis
809 1634 823 1668 :
858 1611 999 1666 Tum
1031 1608 1175 1661 Deus
1205 1604 1258 1655 in
1298 1607 1458 1653 utero
1492 1596 1741 1665 gestatus
1770 1589 1855 1638 cst
1886 1589 2015 1633 ante

430 1725 693 1786 partum;
737 1704 883 1778 quod
937 1702 984 1756 si
1040 1693 1267 1753 concedi
1317 1688 1495 1760 possit
1541 1690 1696 1736 utero
1741 1681 2016 1746 gestatum

1581 1775 1592 1786 '
1724 1779 1735 1786 -
1784 1768 1887 1786 3---
1961 1759 2016 1786 ει

433 1759 646 1786 ι’···-----
679 1759 693 1777 ι
742 1759 791 1778 -ι-
1322 1759 1330 1760 ,

433 1809 633 1869 fuisse,
691 1797 922 1856 concedi
972 1793 1137 1848 etiam
1180 1792 1394 1858 potest,
1444 1775 1597 1833 nasci
1650 1768 1914 1842 potuisse.
1961 1759 2021 1814 Si

434 1899 677 1956 dixerint
724 1894 984 1946 unionem
1032 1883 1235 1938 factam
1283 1885 1530 1943 tempore
1572 1860 1901 1921 nativitatis,
1932 1855 2015 1909 di-

438 1993 616 2046 cimus
646 2003 660 2039 :
700 1982 841 2036 .Tum
879 1990 1008 2047 ergo
1034 1971 1248 2044 peperit
1285 1966 1454 2020 Maria
1485 1958 1722 2015 Verbum
1757 1964 1866 2005 una
1896 1960 2020 1999 cum

441 2079 702 2140 homine;
738 2032 974 2127 Verbum
1022 2032 1204 2118 autem
1248 2065 1361 2112 tum
1397 2051 1542 2122 apud
1594 2062 1695 2101 nos
1725 2053 1841 2097 tum
1881 2032 2024 2105 apud

445 2190 543 2227 vos
575 2170 717 2223 Deus
752 2172 857 2220 est.
899 2158 1115 2228 Peperit
1147 2168 1277 2222 ergo
1314 2147 1482 2202 Maria
1536 2141 1729 2195 Deum.
1776 2133 1834 2187 Si
1874 2131 2028 2185 dixe-

444 2268 577 2327 rint,
633 2262 708 2313 Ita
767 2267 893 2318 est;
944 2259 1272 2319 reponemus
1329 2258 1341 2295 :
1391 2237 1529 2293 Cum
1584 2226 1809 2286 concedi
1860 2218 2032 2293 possit

447 2355 599 2413 nasci
631 2350 900 2424 potuisse,
920 2359 1018 2399 cur
1043 2354 1155 2396 non
1175 2325 1616 2391 concedatur,.in
1644 2329 1799 2376 utero
1827 2311 2031 2386 gestari

450 2440 701 2508 noluisse
728 2444 749 2497 ?
776 2438 932 2508 Quod
965 2435 1010 2490 si
1038 2424 1434 2487 concesserint,
1462 2418 1575 2486 jam
1605 2408 1893 2469 sententiae
1921 2414 2036 2456 sua:

451 2542 870 2598 valedixerunt,
934 2529 1018 2582 sin
1074 2521 1220 2579 haud
1281 2509 1679 2571 concesserint,
1734 2501 1971 2558 dicimus
2012 2510 2034 2548 ι

454 2637 714 2700 Quaenam
765 2635 848 2680 cst
896 2622 1038 2676 inter
1080 2615 1200 2668 haec
1231 2601 1625 2670 discrepantia,
1688 2605 1745 2648 ut
1793 2592 1848 2644 in
1884 2595 2039 2641 utero

455 2733 719 2796 gestetur,
752 2725 806 2773 ct
842 2722 901 2767 ut
940 2703 1250 2764 nascatur?
1288 2701 1346 2755 Si
1379 2693 1622 2752 dixerint
1641 2687 1817 2741 Deum
1850 2692 2041 2737 natum

457 2835 564 2875 non
592 2829 737 2879 esse,
771 2824 869 2864 uce
897 2804 1069 2860 fuisse
1096 2797 1352 2854 unionem
1386 2796 1511 2844 ante
1540 2781 1912 2840 nativitatem,
1942 2782 2045 2825 nec

460 2919 609 2967 statu
647 2907 754 2960 isto
794 2901 1050 2961 durante,
1086 2889 1182 2949 sed
1227 2887 1398 2941 fuisse
1429 2888 1679 2948 tempore
1717 2862 2041 2925 nativitatis,

461 3001 702 3058 dicimus
730 2990 966 3048 destruit
1000 2986 1104 3041 hoc
1145 2979 1281 3035 illud
1326 2973 1469 3047 quod
1502 2963 1776 3026 asseritis,
1818 2954 2046 3012 Mariam

464 3093 741 3168 peperisse
770 3083 1071 3140 Christum.
1118 3070 1396 3142 Siquidem
1434 3077 1541 3120 non
1579 3065 1663 3115 est
1692 3051 1851 3109 vobis
1881 3045 2044 3103 Chri-

1358 3159 1407 3168 "“
1467 3158 1477 3168 '
1523 3166 1530 3168 -
1691 3164 1745 3168 ι.-
1787 3146 1852 3168 -ῑο
1885 3141 2044 3168 1.,..ηη

465 3141 612 3168 I""|*'"
632 3141 702 3145 “‘
724 3141 733 3142 ί
1200 3141 1209 3142 ,

463 3204 581 3245 stus
607 3186 769 3240 homo
804 3177 975 3231 salus.
1012 3170 1147 3227 Cum
1181 3180 1314 3234 ergo
1350 3158 1608 3216 Christus
1643 3164 1750 3205 non
1784 3146 1858 3201 sit
1885 3141 2050 3196 homo

468 3284 641 3344 solus,
679 3275 846 3331 Maria
892 3278 1079 3325 autem
1125 3278 1191 3318 ex
1237 3254 1512 3314 sententia
1546 3256 1728 3305 vestra
1772 3240 2048 3298 hominem

475 3374 682 3430 nudum
740 3364 1011 3438 pepererit
1064 3363 1191 3411 ante
1244 3349 1543 3407 unionem,
1585 3337 1838 3409 sequitur
1878 3333 2051 3404 ipsam

475 3435 755 3541 peperisse
790 3435 923 3513 illud
960 3451 1107 3522 quod
1148 3461 1256 3501 non
1290 3450 1409 3497 erat
1439 3436 1722 3498 Christus,
1763 3435 2053 3499 postquam

476 3518 625 3541 r"r"
978 3518 992 3522 _

475 3568 662 3612 autent
701 3551 879 3615 fuerit,
917 3545 1118 3599 factum
1160 3551 1285 3592 esse
1320 3531 1600 3587 Christum
1642 3537 1739 3595 per
1776 3518 2055 3578 unionem,

476 3667 542 3706 ac
590 3648 763 3703 fuisse
799 3641 1059 3696 unionem
1112 3636 1235 3703 post
1288 3624 1656 3682 nativitatem,
1707 3628 1774 3668 ac
1826 3607 2061 3683 proinde

483 3741 765 3795 Christum
798 3731 1045 3788 evasisse
1093 3730 1219 3794 post
1252 3716 1618 3773 nativitatem.
1665 3703 1823 3772 Quod
1867 3699 1914 3755 si
1958 3699 2061 3752 hoc

489 3832 643 3886 vobis
683 3823 984 3882 absurdum
1027 3815 1303 3874 videatur,
1338 3822 1403 3862 ac
1436 3802 1608 3858 Maria
1637 3796 1921 3854 Christum
1967 3804 2066 3859 pe-

483 3923 704 3997 pererit,
741 3921 857 3988 ipsa
881 3912 1135 3982 ergofnon
1158 3901 1364 3975 peperit
1390 3897 1665 3954 hominem
1696 3889 1899 3950 solum,
1932 3884 2070 3954 21-

485 3979 592 4088 :23
642 4022 809 4083 atque
856 3979 969 4062 hoc
998 3998 1318 4058 necessario
1361 3991 1533 4048 infert
1564 3983 1844 4059 peperisse
1893 3979 2068 4049 ipsam

488 4110 656 4161 Deum
687 4115 813 4156 cum
857 4095 1101 4157 homine,
1141 4103 1243 4145 nec
1285 4099 1397 4141 non
1444 4081 1616 4136 fuisse
1647 4075 1907 4130 unionem
1945 4074 2072 4122 ante

491 4199 829 4253 nativitatem
866 4196 1080 4256 :atque
1115 4183 1187 4238 ita
1217 4177 1505 4235 manifesta
1538 4172 1680 4227 facta
1706 4178 1791 4224 est
1822 4160 2078 4219 absurdi-

492 4305 578 4345 tas
606 4288 728 4359 ejus
759 4284 903 4355 quod
938 4285 1191 4336 asserunt
1230 4267 1569 4330 Nestoriani,
1598 4263 1807 4320 scilicet
1847 4256 2074 4312 Mariam

498 4381 776 4454 peperisse
810 4373 1091 4431 Christum
1122 4382 1188 4423 ex
1220 4370 1374 4434 parte
1404 4350 1767 4414 humanitatis
1799 4361 1934 4409 suae,
1966 4358 2076 4399 non

497 4492 564 4531 ex
594 4481 753 4544 parte
780 4462 1120 4527 divinitatis;
1156 4466 1211 4514 ct
1250 4455 1451 4510 veritas
1483 4449 1603 4518 ejus
1632 4443 1776 4515 quod
1809 4438 2078 4496 confiten-

1428 369 1799 439 EUTYCHII
1830 359 2367 425 ALEXANDRlNl
2404 354 2606 417 PATR

1922 493 1987 531 ex
2020 482 2066 537 Δ
2094 484 2146 528 et
2183 473 2505 529 confirmata
2559 465 2763 521 vet-itas
2799 444 3491 531 ejus‘quod‘prolitentur
3533 434 3665 489 Mel-

3521 320 3609 385 10'
3629 320 3661 381 ὃ

2089 567 2272 628 chitaae,
2301 563 2511 620 scilicet
2531 558 2753 615 Mariam
2784 530 3063 624 peperisse
3089 545 3281 605 Deum,
3305 548 3359 593 et
3385 530 3663 588 Christum

2093 674 2285 724 unum,
2319 667 2374 713 et
2414 657 2584 711 liliutn
2616 663 2817 714 unum,
2842 656 2897 700 et
2930 650 3224 712 personam
3252 643 3440 687 unam.
3487 624 3672 690 lnquit

2095 753 2225 809 Said
2261 747 2485 805 Patrieii
2516 745 2682 807 illius,
2712 737 2997 794 medicina:
3025 730 3306 786 studiosus
3336 739 3352 776 :
3380 718 3672 775 Atttistites

2094 841 2325 907 erroris,
2356 838 2612 893 videlicet
2638 829 2952 889 Nestorius,
2993 816 3316 890 Eutychius,
3348 811 3671 865 Dioscorus,

2100 939 2358 999 Severus,
2393 940 2447 987 et
2474 926 2715 984 Jacobus
2747 914 3118 980 Baradiensis,
3144 908 3255 980 24
3276 919 3400 961 cum
3429 902 3674 971 ipsorum

2100 1026 2433 1098 sequacibus
2466 1022 2703 1089 aliisque
2743 1008 3119 1073 heterodoxis,
3148 1005 3243 1073 qui
3308 1004 3557 1052 astruere
3582 1002 3680 1042 vo-

2104 1118 2324 1173 luerunt
2376 1109 2803 1188 imaginationes
2833 1114 2964 1159 suas
2996 1113 3026 1152 a
3059 1097 3254 1151 timore
3305 1086 3400 1141 Dei
3450 1082 3683 1142 alienas,

2109 1221 2273 1282 atque
2322 1224 2352 1262 a
2411 1177 2625 1261 via'D'ei
2669 1199 3014 1255 declinarunt
3053 1190 3208 1261 juxta
3252 1177 3539 1239 sententias
3573 1186 3687 1229 sua:

2108 1305 2457 1378 pravitatem,
2488 1299 2545 1352 in
2573 1296 2747 1351 Deum
2772 1288 3030 1351 audaces,
3051 1292 3302 1353 quosque
3331 1273 3487 1328 malae
3517 1269 3692 1323 inten-

2441 1356 2449 1359 ν

2112 1399 2292 1453 tiones
2314 1406 2435 1448 suae
2468 1394 2524 1445 et
2565 1390 2842 1455 corrupta:
2884 1367 3248 1448 cogitationes
3294 1363 3431 1421 mari
3482 1356 3690 1416 erroris

2116 1485 2551 1558 ingurgitarunt,
2582 1479 2659 1535 illi
2693 1454 2966 1548 (inquam)
3011 1480 3207 1524 omnes
3237 1461 3364 1516 illos
3393 1454 3598 1527 quibus
3629 1462 3691 1503 se

2116 1583 2535 1639 itnmiscuerunt
2581 1584 2800 1627 errores
2855 1561 3134 1620 mordicus
3184 1554 3572 1612 retinuerunt,
3627 1556 3695 1597 eo

2120 1671 2265 1743 quod
2301 1671 2616 1742 ignorarent
2640 1661 2895 1716 unionem
2918 1648 3236 1710 divinitatis
3266 1640 3487 1698 Domini
3523 1633 3694 1691 nostri

2123 1764 2322 1819 Christi
2355 1759 2494 1817 cum'
2516 1755 2859 1814 humanitate
2906 1747 3081 1818 ipsius
3110 1782 3124 1808 ,
3159 1742 3287 1796 dum
3320 1731 3703 1801 unusquisque

2055 1850 2093 1905 Β
2125 1860 2370 1927 ipsorum
2398 1855 2452 1908 in
2486 1852 2723 1920 aliquent
2754 1861 2785 1901 e
2820 1839 3055 1898 diversis
3088 1830 3362 1890 mistionis
3394 1824 3572 1881 modis
3600 1823 3704 1875 im—

2129 1950 2358 2019 pingens
2384 1946 2433 1999 ei
2464 1917 2785 1997 adhicserit.
2808 1934 2997 1990 Visum
3021 1936 3106 1985 est
3135 1931 3316 1980 autem
3351 1917 3485 1973 mihi
3520 1920 3708 1968 osten-

2129 2042 2257 2097 dere
2293 2032 2591 2112 [diversos]
2625 2026 2892 2087 inistionis
2924 2022 3142 2082 modos,
3175 2027 3381 2084 eosque
3408 2006 3708 2078 explicare,

2134 2146 2191 2191 ut
2231 2135 2306 2189 ita
2337 2128 2732 2186 absurditatem
2782 2134 2974 2177 eorum
3022 2127 3145 2186 quae
3183 2111 3371 2166 dicunt
3415 2097 3709 2175 percipias.

2135 2227 2245 2282 Deo
2266 2234 2445 2279 autem
2473 2216 2714 2290 petentia
2737 2221 2842 2268 est.
2864 2208 2974 2264 Pro
2999 2216 3196 2274 magna
3220 2199 3315 2253 Dei
3339 2186 3711 2266 providentia,

2133 2321 2348 2390 iustitia
2378 2315 2644 2388 perfecta,
2679 2318 2735 2364 et
2763 2298 3146 2362 misericordia
3175 2290 3400 2355 eximia,
3421 2284 3574 2342 misit
3596 2283 3715 2351 ipse

2142 2415 2379 2471 Verbum
2403 2421 2575 2465 suum
2607 2416 2832 2461 creans,
2886 2410 2997 2466 quo
3040 2388 3224 2445 omnia
3280 2378 3489 2439 creavit
3540 2376 3718 2445 iisque

2144 2520 2267 2563 esse
2303 2500 2480 2564 dedit,
2510 2492 2656 2566 quod
2686 2507 2718 2547 e
2758 2483 3069 2544 substantia
3102 2487 3187 2535 est
3218 2466 3460 2531 increata
3486 2509 3503 2536 ,
3528 2478 3718 2522 verum

2144 2611 2172 2648 a
2200 2592 2363 2646 Patre
2394 2595 2520 2641 ante
2551 2581 2734 2639 omnia
2762 2577 2964 2636 saecula
2993 2571 3261 2645 genitum,
3285 2578 3411 2621 cunt
3439 2574 3549 2615 non
3576 2562 3722 2612 esset

2145 2694 2385 2753 unquam
2420 2677 2564 2733 Deus
2599 2673 2721 2729 sine
2750 2669 2929 2725 Verbo
2956 2674 3013 2721 et
3039 2661 3271 2730 Spiritu,
3302 2649 3722 2723 nequeVerbum

2147 2786 2387 2845 unquam
2420 2771 2488 2825 ab
2519 2768 2640 2839 ipso
2667 2770 3002 2835 separatum,
3028 2768 3208 2825 neque
3243 2765 3272 2805 a
3302 2747 3512 2818 Spiritu
3547 2743 3727 2814 ipsius

2148 2873 2396 2928 creante,
2427 2871 2523 2917 aut
2551 2875 2581 2915 a
2609 2833 2920 2914 substantia
2946 2851 3142 2920 ipsius;
3169 2858 3234 2900 ac
3265 2838 3557 2897 descendit
3587 2833 3730 2889 Ver-

2150 2965 2280 3021 bum
2315 2959 2409 3016 Dei
2449 2970 2646 3014 creans
2677 2967 2800 3008 eum
2830 2943 3191 3005 subsistentia
3216 2952 3315 2994 sua
3353 2938 3732 3006 permanent“,

2152 3061 2413 3125 perpetua
2435 3089 2451 3114 ,
2480 3044 2719 3102 durabili
2746 3083 2762 3107 ,
2797 3053 2918 3110 qua:
2950 3045 3231 3103 nunquam
3283 3043 3394 3083 non
3444 3024 3581 3089 fuit,
3634 3034 3738 3074 nec

2155 3160 2280 3203 esse
2311 3141 2540 3204 desinit,
2571 3146 2627 3195 et
2674 3138 3023 3189 incarnattttn
3064 3138 3148 3182 est
3195 3139 3225 3177 a
3268 3121 3437 3176 Maria
3488 3114 3735 3186 Virgine,

2157 3239 2337 3312 puella
2369 3244 2581 3297 sancta,
2608 3227 2852 3301 25-27
2882 3227 3058 3281 electa
3087 3260 3102 3286 ,
3134 3235 3165 3275 e
3195 3221 3367 3288 stirpe
3413 3211 3699 3268 benedicta
3725 3247 3740 3271 ,

2156 3303 2186 3391 ξ)
2227 3330 2491 3404 progenie
2536 3325 2872 3388 Abrahami;
2910 3318 3062 3390 prole
3095 3313 3336 3375 lsraelis,
3370 3307 3513 3363 tribu
3546 3303 3701 3358 ludar
3724 3339 3740 3366 ,

2160 3423 2363 3479 fatnilia
2402 3416 2648 3480 Davidis,
2683 3427 2850 3485 quam
2885 3409 2953 3466 ad
2987 3409 3127 3463 hanc
3175 3399 3544 3460 oeconomiam
3578 3391 3747 3461 elegit

2160 3515 2425 3572 Dominus
2471 3527 2541 3568 ex
2595 3507 2854 3565 omnibus
2894 3499 3081 3557 mundi
3132 3496 3394 3559 feminis,
3450 3490 3742 3560 ipsamque

2164 3610 2372 3681 Spiritu
2404 3614 2597 3660 sancto
2626 3598 2931 3662 inundavit,
2955 3593 3163 3665 Spiritu
3184 3582 3456 3662 [inquam]
3483 3597 3585 3639 suo
3614 3578 3747 3636 sub—

2163 3678 2430 3763 strantiali,
2457 3696 2594 3753 adeo
2628 3703 2687 3748 ttt
2714 3695 2886 3764 ipsam
2919 3688 3172 3744 idoneam
3214 3680 3470 3737 redderet
3495 3678 3550 3731 in
3579 3686 3745 3745 quam

2166 3792 2530 3852 descenderet
2591 3788 2833 3844 Verbum
2891 3781 2988 3836 Dei
3039 3774 3429 3839 substantiale,
3475 3780 3639 3840 atque
3675 3768 3751 3822 ita

2166 3885 2479 3943 ohvelatum
2502 3888 2586 3936 est
2611 3877 2852 3933 Verbum
2881 3887 3076 3930 creans
3109 3868 3331 3926 homine
3358 3870 3563 3926 creato,
3590 3872 3752 3930 quem

2170 3979 2274 4036 sibi
2307 3976 2590 4034 voluntate
2621 3970 2714 4027 Dei
2744 3969 2942 4032 Patris,
2966 3974 3023 4021 et
3045 3961 3282 4020 consilio
3307 3957 3548 4030 Spiritus
3569 3951 3752 4010 sancti

2172 4080 2402 4135 creavtt,
2435 4074 2745 4123 creaturam
2777 4073 2971 4115 novam
3007 4057 3217 4125 absque
3245 4050 3455 4108 semine
3500 4046 3669 4112 virili,
3697 4053 3757 4098 nt

2175 4178 2276 4220 nec
2310 4161 2363 4214 in
2393 4160 2566 4231 ipsam
2597 4154 2820 4210 caderet
2855 4157 3136 4221 peccatum
3165 4185 3181 4212 ,
3211 4158 3313 4199 nec
3344 4154 3470 4197 cum
3527 4137 3754 4192 homine

2178 4252 2632 4311 consuetudinem
2668 4248 2895 4301 haberet
2923 4250 3016 4297 aut
3038 4250 3393 4310 congressum
3419 4273 3434 4297 ,
3470 4239 3562 4287 aut
3590 4229 3763 4285 viola-

2184 4353 2334 4401 retur
2363 4341 2557 4414 puellm
2583 4335 2948 4395 sanctissimae
2973 4331 3259 4402 virginitas
3281 4367 3295 4394 ,
3326 4324 3599 4381 hominem
3637 4335 3764 4391 per-

2183 4438 2384 4493 fectum
2421 4450 2546 4490 cum
2591 4443 2823 4501 corpm'e
2854 4441 2956 4483 suo
2989 4432 3045 4479 et
3076 4423 3257 4477 anima
3308 4413 3615 4487 sanguinali
3646 4456 3660 4479 ,
3709 4421 3766 4469 et

501 4504 564 4531 ιιι
594 4504 753 4544 puum
780 4504 1120 4527 υιυιιι-ι-υυ,
1159 4504 1211 4514 η.-
1261 4504 1383 4510 ---Π
1426 4504 1448 4507 ν
1513 4504 1530 4518 ε
1651 4504 1666 4515 _

501 4584 589 4627 tur
632 4565 925 4628 Meleltitaz,
963 4558 1190 4614 Mariam
1225 4548 1504 4623 peperisse
1552 4543 1752 4604 Deum,
1801 4535 2081 4592 Christum
2115 4545 2160 4603 ι)
2192 4530 2389 4601 Spiritu
2420 4522 2775 4587 intellectivo,
2807 4514 3102 4579 rationali,
3133 4514 3227 4582 qui
3258 4518 3343 4566 est
3375 4509 3553 4577 imago
3584 4505 3678 4559 Dei
3708 4504 3763 4557 in

2189 4626 2196 4628 μ
2323 4625 2332 4628 -
2595 4618 2606 4628 .
2818 4614 2857 4628 ,ν
3130 4606 3265 4628 .._,__
3303 4601 3461 4628 ,ηηη
3491 4597 3763 4628 “mm”

503 4677 692 4724 unum,
742 4665 797 4712 et
841 4664 1130 4724 personam
1178 4658 1366 4707 unam,
1408 4649 1462 4694 et
1507 4631 1874 4692 substantiam
1918 4634 2081 4681 aeter-

504 4772 653 4818 nam,
685 4761 741 4807 et
768 4744 1132 4804 substantiam
1166 4739 1235 4794 de
1268 4748 1410 4790 novo
1442 4726 1795 4800 .prodnctam.

578 4849 801 4902 Dicetur
840 4841 1005 4897 etiam
1048 4834 1197 4890 illis:
1231 4828 1291 4882 Si
1337 4821 1603 4881 asseratis
1625 4816 1915 4873 Christum
1946 4811 2084 4865 duas

506 4957 629 4998 esse
661 4932 1021 4994 substantias,
1049 4938 1217 4982 unam
1252 4928 1538 4976 aeternam.
1575 4913 1801 4967 alteram
1837 4907 1904 4961 de
1941 4918 2085 4959 novo

509 5030 852 5105 productam,
880 5024 1005 5078 dein
1038 5016 1265 5072 Mariam
1308 5007 1588 5080 peperisse
1617 4999 1899 5056 Christum
1927 5032 1942 5058 ,
1974 4992 2086 5062 jam

510 5119 849 5181 confitemini
903 5113 1129 5171 Mariam
1183 5107 1320 5161 duas
1385 5101 1486 5155 has
1545 5091 1910 5153 substantias,
1969 5097 2093 5155 quas

511 5227 643 5275 sunt
688 5214 967 5274 Christus,
1033 5199 1349 5275 peperisse;
1395 5190 1649 5249 Christus
1700 5198 1833 5254 ergo
1879 5181 2095 5235 constat

513 5313 727 5367 duabus
749 5300 986 5363 naturis,
1010 5308 1150 5367 quas
1175 5303 1297 5346 cum
1329 5282 1562 5357 peperit,
1591 5293 1699 5333 una
1732 5289 1919 5329 carttnt
1949 5268 2094 5323 Deus

512 5411 621 5463 est,
652 5394 867 5470 peperit
902 5366 1037 5458 ergo
1071 5386 1240 5439 Deum
1274 5388 1563 5435 aeternum.
1597 5366 1822 5429 Deinde,
1863 5377 1969 5417 non
2001 5373 2097 5429 po-

516 5502 621 5551 test
648 5486 876 5548 concedi
906 5481 1184 5555 peperisse
1213 5473 1317 5545 nisi
1358 5467 1505 5540 quod
1536 5465 1590 5520 itt
1625 5470 1784 5517 utero
1820 5462 2093 5528 gestatum

442 5628 451 5643 .
520 5590 721 5649 fuerat,
748 5581 879 5637 hinc
903 5590 1034 5646 ergo
1065 5563 1375 5626 necessario
1420 5558 1673 5628 sequitur
1705 5553 1878 5621 ipsam
1919 5548 2090 5599 Deum

519 5681 672 5734 illum
699 5675 755 5728 in
779 5680 938 5727 utero
971 5643 1235 5736 gestasse.
1261 5660 1440 5727 Atque
1473 5654 1547 5707 ita
1578 5656 1797 5704 ostensa
1824 5652 1907 5699 est
1933 5643 2098 5695 etiam

525 5767 835 5822 absurdilas
865 5760 1150 5819 sententiae
1197 5750 1650 5809 Nestor-ianorum
1706 5734 2099 5797 asserentium,

526 5852 750 5909 Mariam
780 5868 877 5909 uec
911 5853 967 5908 in
993 5859 1148 5906 utero
1186 5846 1399 5909 tulisse,
1434 5854 1533 5895 nec
1575 5834 1853 5909 peperisse
1886 5830 2052 5886 Deum
2087 5865 2101 5894 ,

2187 4625 2434 4688 homine,
2468 4628 2523 4674 et
2563 4614 2871 4671 similitudo
2902 4609 3097 4681 ipsius.
3129 4606 3269 4660 Cum
3303 4601 3463 4658 fuerit
3491 4601 3606 4669 ipse
3627 4597 3769 4651 inter

2186 4725 2469 4770 creaturas
2507 4709 2599 4763 Dei
2653 4705 2888 4762 maxime
2933 4704 3167 4757 idoneus
3222 4697 3277 4752 in
3328 4710 3437 4766 quo
3499 4692 3770 4747 habitaret

2197 4807 2366 4870 Deus,
2406 4818 2473 4859 ac
2502 4799 2899 4861 descenderet,
2945 4794 3162 4862 sibique
3196 4790 3250 4844 in
3290 4788 3467 4843 velum
3501 4793 3767 4846 sumeret,

2190 4915 2291 4970 pro
2318 4912 2379 4953 ea
2410 4910 2517 4966 qua
2544 4902 2771 4949 caeteras
2793 4897 3058 4960 quotquot
3084 4892 3214 4941 sunt
3231 4890 3510 4939 creaturas
3529 4878 3771 4931 antecel-

2195 4992 2255 5045 lit
2290 4988 2554 5059 puritate.
2599 4983 2758 5038 Scias
2806 4977 2950 5033 enim
2988 4990 3101 5030 rem
3156 4983 3368 5027 naturae
3421 4983 3571 5039 purae
3629 4966 3776 5019 haud

2195 5081 2368 5148 cerni,
2399 5079 2508 5135 nisi
2539 5078 2593 5133 in
2624 5091 2690 5131 eo
2723 5073 2869 5146 quod
2898 5072 2969 5128 sit
3004 5080 3216 5124 natura:
3247 5062 3561 5126 crassioris;
3600 5072 3779 5125 neque

2198 5174 2350 5231 cerni
2388 5186 2551 5243 posse
2583 5168 2730 5239 quod
2767 5165 3015 5221 omnium
3044 5161 3281 5215 maxime
3310 5169 3509 5228 purum
3539 5159 3644 5216 est,
3675 5147 3779 5202 nisi

2200 5281 2323 5321 cum
2352 5278 2418 5320 eo
2457 5260 2604 5333 quod
2640 5260 2761 5330 ipso
2796 5254 3044 5310 crassius
3075 5251 3146 5307 sit
3175 5240 3579 5322 [coniunctum]
3611 5241 3661 5295 in
3691 5254 3781 5299 eo,

2201 5361 2346 5431 quod
2377 5360 2639 5427 appareat
2657 5368 2687 5406 e
2712 5348 2938 5405 materia
2960 5340 3368 5405 constantibus,
3390 5343 3602 5390 natura:
3629 5343 3783 5385 cras-

2202 5452 2387 5510 sioris.
2421 5447 2732 5502 Invenimus
2786 5449 2969 5497 autem
3016 5436 3268 5508 spiritum
3306 5427 3543 5485 hominis
3579 5424 3785 5478 intelle-

2206 5545 2430 5603 ctivum,
2464 5535 2785 5592 rationalem
2808 5531 2921 5603 28
2951 5527 3224 5598 puriorem
3262 5536 3384 5576 esse
3413 5533 3480 5571 eo
3509 5513 3655 5585 quod
3687 5527 3781 5579 pu-

2207 5636 2491 5691 tissimum
2516 5636 2601 5684 est
2636 5628 2690 5681 in
2729 5624 2946 5680 caeteris
2976 5615 3268 5678 creaturis,
3307 5612 3539 5678 ideoque
3573 5619 3638 5659 ex
3662 5619 3783 5656 om-

2210 5730 2373 5784 nibus
2404 5723 2494 5780 Dei
2538 5718 2813 5777 creaturis
2854 5713 3093 5769 maxime
3141 5709 3374 5763 idoneus
3411 5702 3512 5756 fttit
3540 5696 3633 5771 qui
3678 5693 3787 5773 Deo

2213 5821 2391 5878 velunt
2427 5823 2594 5884 esset,
2628 5812 2862 5882 ideoque
2894 5805 3100 5863 factum
3125 5808 3211 5859 est
3241 5798 3316 5855 illi
3350 5794 3552 5860 volam;
3577 5787 3785 5861 ipsique
