4076 6414
396 378 535 445 ῙὉΒἹ

1840 374 2208 437 ANNALES.

3529 376 3667 445 1038

392 496 612 553 interim
641 493 846 560 anima,
880 494 933 550 in
969 493 1237 567 sanguine
1270 491 1453 550 sedem
1492 489 1720 556 habens,
1752 487 1968 553 velum;
2003 491 2048 547 Α
2078 487 2153 539 tia
2188 484 2551 542 humanitatis
2583 487 2902 557 coniunctio
2930 529 2944 553 ,
2988 489 3072 544 vel
3099 490 3391 546 translatio
3420 491 3504 546 vel
3541 493 3669 549 alte-

393 599 451 644 ttt
477 597 530 644 et
556 601 760 657 corpus
810 600 1061 641 crassum
1092 626 1108 651 ,
1151 586 1328 641 velum
1363 585 1412 640 ei
1442 583 1589 655 quod
1628 582 1746 653 ipso
1781 579 1975 652 purius

392 682 464 738 sit
508 699 524 736 :
575 688 741 749 atque
794 679 899 733 hac
957 679 1170 732 ratione
1226 676 1525 746 assumpsit
1580 670 1818 728 Verbum
1881 667 1973 725 Dei

394 787 592 829 creatis
619 770 983 827 substantiam
1015 768 1256 824 hominis
1290 768 1561 838 integram
1584 780 1707 821 cum
1744 762 1976 833 corpore

395 866 570 937 ipsius
599 873 652 918 et
686 863 978 931 sanguine,
999 861 1306 932 spirituque
1339 857 1675 914 intellectivo
1697 853 1974 917 rationali,

396 961 606 1029 fuitque
644 954 880 1013 Verbum
916 954 1009 1010 Dei
1041 969 1164 1007 eum
1197 951 1558 1008 subsistentia
1590 965 1689 1005 sua
1712 988 1726 1014 ,
1795 944 1979 1003 subsi-

390 1048 966 1107 stentiahumanita’tis
995 1046 1178 1109 istius.
1210 1045 1369 1114 cujus
1394 1042 1705 1098 substantia
1739 1039 1979 1110 perfecta

393 1143 517 1205 fuit,
546 1157 613 1196 eo
651 1140 795 1209 quod
823 1138 1197 1195 subsistentia’
1214 1134 1380 1211 Verbi
1426 1135 1521 1190 Dei
1556 1134 1729 1205 ipsam
1797 1129 1981 1188 subsi-

399 1247 545 1290 stere
568 1235 721 1289 fecit.
754 1232 940 1303 Neque
967 1231 1111 1286 enim
1147 1231 1263 1301 ipsa
1284 1237 1466 1285 creata
1489 1226 1614 1292 fuit,
1643 1227 1729 1281 vel
1754 1223 1982 1279 omnino

392 1326 696 1399 quidquam
727 1325 861 1391 fuit,
892 1324 1009 1379 nisi
1045 1313 1141 1395 per
1192 1319 1606 1377 subsistentiam
1644 1315 1808 1374 Verbi
1838 1315 1977 1381 Dei,

393 1420 539 1490 quod
576 1421 749 1490 ipsam
795 1417 1038 1483 creavit,
1072 1425 1127 1470 et
1166 1413 1471 1470 subsistere
1521 1411 1652 1467 fecit
1689 1412 1758 1467 de
1807 1410 1980 1466 nihilo

396 1513 541 1584 quod
573 1513 627 1567 in
661 1520 815 1566 utero
847 1509 1092 1581 Virginis
1139 1517 1299 1563 antea
1349 1507 1715 1570 subsisteret,
1773 1513 1828 1560 et
1861 1504 1982 1560 sine

403 1620 566 1661 causa
604 1603 786 1674 aliqua
826 1621 856 1657 ιι
886 1620 991 1674 qua
1025 1603 1138 1673 ipsa
1175 1601 1505 1673 principium
1531 1606 1699 1666 esset,
1740 1598 1857 1652 sive
1885 1612 1982 1672 'se-

396 1698 542 1752 mine
573 1696 737 1762 virili,
767 1696 883 1751 sive
913 1694 1097 1765 aliquo
1129 1694 1387 1765 qu0piam
1417 1733 1430 1759 ,
1466 1699 1691 1761 excepta
1724 1690 1981 1745 substan-

395 1790 471 1844 tia
502 1786 667 1843 Verbi
698 1786 939 1843 creantis
974 1802 1096 1857 quae
1140 1802 1248 1840 una
1278 1793 1363 1840 est
1391 1800 1420 1839 e
1454 1783 1725 1840 Trinitate
1756 1782 1977 1848 divina;

394 1895 559 1953 atque
587 1882 677 1936 illa
710 1879 1073 1939 subsistentia
1107 1894 1232 1933 cum
1274 1878 1598 1933 hominibus
1648 1883 1935 1930 numerata
1963 1917 1978 1941 ,

392 1985 451 2033 et
496 1987 622 2033 nota
663 1983 747 2030 est
782 1975 853 2030 ob
908 1989 1028 2030 eam
1077 1974 1168 2028 cui
1209 1973 1503 2041 conjuncta
1552 1978 1658 2035 cst,
1707 1984 1982 2040 quamque

394 2069 602 2124 creavit
632 2070 792 2139 eique
826 2067 1082 2138 copulata
1119 2076 1226 2128 est,
1259 2064 1625 2121 substantiam
1656 2064 1979 2127 humanam,

396 2171 560 2231 atque
594 2161 710 2230 ipse
747 2158 962 2212 unitate
1006 2157 1380 2213 subsistentia:
1415 2157 1582 2210 istius
1622 2154 1810 2219 unius,
1846 2153 1979 2208 sub-

397 2256 663 2310 sistentia:
691 2252 959 2327 (inquam)
990 2252 1150 2308 Verbi
1181 2251 1271 2304 Dei
1299 2248 1589 2312 creatoris,
1620 2264 1767 2304 unus
1798 2257 1886 2302 est
1924 2248 1980 2301 in

398 2348 669 2403 Trinitate
701 2347 1007 2404 substantia
1039 2345 1347 2400 divinitatis
1378 2357 1526 2408 suae,
1565 2350 1620 2399 et
1654 2355 1799 2397 unus
1832 2340 1980 2394 inter

399 2443 651 2498 homines
686 2440 993 2498 substantia
1032 2437 1399 2493 humanitatis
1429 2452 1563 2502 suae,
1595 2451 1703 2491 non
1736 2432 1976 2505 29-31

397 2535 530 2605 duo,
560 2551 750 2592 verum
781 2550 924 2589 unus
950 2546 1074 2587 cum
1113 2530 1274 2585 Patre
1303 2539 1357 2584 et
1393 2529 1625 2600 Spiritu,
1665 2538 1828 2598 atque
1861 2527 1979 2597 ipse

397 2629 542 2685 idem
577 2643 721 2684 unus
762 2627 926 2683 simul
954 2640 1077 2680 cum
1130 2623 1471 2689 hominibus,
1506 2622 1984 2692 comprehendens

398 2722 537 2777 duas
570 2719 910 2777 substantias
947 2716 1196 2772 diversas
1223 2756 1240 2782 ,
1288 2730 1319 2770 e
1372 2714 1677 2770 substantia
1735 2711 1986 2786 [nempe]

399 2813 708 2868 divinitatis
732 2821 978 2875 creante,
1013 2817 1067 2863 et
1097 2806 1406 2863 substantia
1442 2806 1803 2862 humanitatis
1832 2819 1988 2860 erea-

399 2914 480 2969 ta,
521 2906 575 2959 in
610 2905 820 2959 unitate
853 2903 1229 2959 subsistentiae
1250 2902 1434 2962 unius.
1468 2898 1843 2955 subsistentia;
1871 2896 1985 2969 [in-

399 2995 591 3069 quam]
629 2996 818 3061 Verbi,
848 2994 993 3066 quod
1027 3001 1111 3050 est
1136 2991 1310 3047 Filius
1341 2992 1558 3062 genitus
1601 3005 1629 3043 a
1663 2987 1823 3044 Patre
1859 2997 1989 3044 ante

400 3098 648 3161 tempora
677 3098 731 3144 et
764 3088 962 3145 saecula
1003 3088 1208 3153 omnia,
1246 3085 1502 3154 idemque
1532 3090 1696 3137 natus
1727 3099 1791 3137 ex
1816 3081 1987 3136 Maria

2008 1834 2057 1895 B

2085 580 2245 642 ratio,
2276 578 2360 633 vel
2395 579 2629 636 mutatio
2662 581 2825 638 unius
2852 596 2883 637 e
2910 581 3127 638 duabus
3156 583 3483 641 substantiis
3512 600 3542 639 a
3570 600 3669 641 na-

2084 680 2207 724 tura
2236 686 2359 727 sua.
2396 670 2516 727 Non
2538 680 2621 727 est
2643 682 2851 729 mutata
2897 682 3091 729 natura
3128 675 3338 741 divina,
3370 686 3429 731 ut
3455 677 3670 750 [cessa-

2087 772 2172 818 ret
2198 762 2345 837 esse]
2379 764 2590 831 divina,
2620 766 2862 820 creatrix
2886 804 2902 830 ,
2940 782 3117 838 neque
3148 767 3390 823 humana
3430 781 3490 823 ut
3524 772 3667 825 haud

2084 856 2320 926 amplius
2362 857 2435 913 sit
2464 856 2724 913 humana
2749 867 2936 913 creata
2970 874 2986 912 :
3019 869 3185 930 atque
3223 860 3327 915 hoc
3360 861 3669 917 istiusmodi

2084 956 2169 1004 est
2207 949 2353 1019 quod
2386 965 2495 1005 non
2529 950 2826 1006 absurdum
2868 950 3125 1006 videatur
3166 952 3513 1021 intelligenti.
3543 953 3666 1010 Jam

2084 1039 2339 1096 alteratio
2369 1053 2424 1097 et
2451 1045 2684 1098 mutatio
2718 1045 3033 1100 necessario
3065 1046 3299 1115 requirit
3334 1047 3669 1114 mistionem,

2085 1146 2208 1187 cum
2242 1133 2407 1189 fuerit
2449 1149 2481 1190 e
2517 1134 2734 1192 duabus
2782 1139 3000 1195 naturis
3028 1155 3058 1194 e
3086 1142 3315 1197 materia
3351 1144 3671 1198 constanti-

2084 1227 2208 1291 bus,
2235 1229 2460 1293 crassis,
2494 1230 2669 1285 instar
2704 1246 2861 1301 aqua:
2888 1241 2942 1288 et
2974 1234 3086 1289 vini
3116 1273 3132 1300 ,
3183 1235 3363 1291 mellis
3398 1244 3456 1291 et
3486 1237 3672 1303 aceti,

2084 1320 2203 1373 auri
2234 1330 2290 1375 et
2319 1322 2565 1392 argenti,
2596 1324 2722 1379 teris
2752 1332 2807 1380 et
2842 1326 3076 1396 plumbi,
3105 1336 3201 1381 aut
3242 1330 3329 1384 his
3359 1330 3622 1385 similium
3653 1349 3669 1398 ;

2085 1425 2207 1479 quae
2235 1413 2418 1466 omnia
2445 1417 2716 1471 emateria
2744 1427 3005 1473 conSIant
3025 1426 3080 1474 et
3103 1434 3291 1476 crassa
3321 1429 3470 1477 sunt.
3494 1420 3673 1478 Omne

2086 1512 2267 1559 autem
2305 1507 2587 1562 materiale
2611 1510 2755 1577 quod
2789 1525 2912 1566 cum
2938 1511 3048 1566 alio
3080 1513 3349 1568 materiali
3378 1516 3669 1582 miscetur,

2087 1596 2404 1653 necessario
2436 1598 2600 1654 infert
2622 1602 2977 1659 mutationem
2997 1618 3103 1674 qua
3123 1604 3269 1659 aliud
3290 1606 3484 1661 evadat
3506 1623 3674 1678 quam

2086 1698 2321 1758 utraque
2356 1692 2457 1747 ista
2497 1707 2528 1747 e
2565 1695 2799 1750 materia
2841 1699 3154 1751 constantia
3210 1698 3363 1766 prius
3412 1697 3673 1767 fuerant,

2088 1794 2267 1849 neque
2291 1781 2552 1857 [utaueat]
2580 1786 2766 1842 vinum
2792 1789 3006 1854 vinum,
3036 1804 3137 1845 nec
3159 1804 3301 1861 aqua
3328 1806 3494 1862 aqua,
3523 1801 3675 1862 post-

2087 1890 2249 1944 quam
2283 1878 2571 1934 commista
2612 1880 2835 1947 fuerint,
2866 1881 3116 1953 33-35
3138 1899 3318 1954 neque
3347 1900 3540 1940 aurum
3576 1900 3678 1940 au-

2086 1986 2232 2035 rum,
2289 1986 2389 2027 nec
2437 1980 2722 2044 argentum
2773 1983 3101 2044 argentum,
3137 1992 3243 2033 nec
3298 1992 3372 2032 tes
3422 1991 3520 2044 πε,
3574 1992 3677 2032 nec

2088 2063 2370 2130 plumbum
2438 2065 2724 2134 plumbum
2753 2108 2767 2133 ,
2803 2078 2927 2138 post
2965 2067 3167 2124 factam
3208 2070 3546 2137 mistionem,
3580 2073 3678 2127 sed

2091 2167 2321 2228 utraque
2354 2158 2586 2214 alterata
2622 2160 2737 2216 sint
2775 2176 2806 2215 a
2841 2162 3155 2218 substantia
3187 2178 3286 2219 sua
3333 2172 3390 2219 et
3437 2179 3527 2221 res
3568 2165 3676 2220 alia

2087 2249 2303 2306 diversa
2343 2252 2621 2307 evaserint
2648 2291 2663 2318 ,
2692 2268 2812 2322 qua:
2842 2262 3037 2309 neutra
3089 2258 3311 2325 penitus
3341 2270 3529 2312 earmn
3563 2260 3633 2312 sit
3660 2300 3675 2323 ,

2087 2360 2191 2400 nec
2223 2344 2432 2401 utravis
2465 2347 2704 2414 ipsarum
2757 2347 3017 2402 immunis
3050 2348 3123 2403 sit
3155 2363 3185 2403 ιι
3217 2351 3592 2419 corruptione,
3623 2364 3681 2405 et

2089 2437 2420 2492 alterations
2450 2437 2520 2492 ab
2569 2453 2636 2493 eo
2683 2453 2794 2507 quo
2825 2437 3002 2493 fuerat
3039 2449 3205 2494 statu.
3238 2439 3394 2506 Quod
3432 2442 3477 2496 si
3513 2442 3681 2497 fuerit

2090 2530 2274 2584 mistio
2311 2548 2341 2584 e
2369 2537 2562 2585 natura
2590 2530 2802 2594 Subtili,
2841 2538 2897 2585 et
2928 2541 3124 2585 natura
3166 2547 3356 2588 crassa
3387 2575 3402 2600 ,
3435 2550 3545 2588 non
3594 2535 3677 2589 in-

2089 2621 2194 2677 fert
2224 2622 2409 2678 mistio
2433 2622 2535 2677 ista
2549 2623 2930 2679 alterationem
2960 2631 3061 2679 aut
3096 2628 3542 2689 conversionem,
3579 2643 3681 2682 ex-

2089 2712 2254 2781 empli
2299 2713 2472 2783 gratia
2509 2730 2523 2768 :
2557 2714 2616 2768 In
2672 2714 2935 2771 mistione
2975 2716 3175 2771 anima:
3218 2725 3273 2770 et
3314 2717 3562 2788 corporis
3589 2716 3682 2790 [ex

2088 2805 2289 2875 quibus
2315 2805 2553 2878 constat]
2587 2807 2751 2861 homo
2766 2822 2928 2874 unus,
2960 2809 3146 2862 unitur
3175 2808 3404 2864 alterum
3439 2812 3597 2865 alteri
3622 2821 3682 2865 ut

2089 2910 2193 2950 nec
2223 2903 2460 2950 mutetur
2488 2898 2569 2951 vel
2598 2899 2863 2954 alterelur
2895 2899 3080 2953 anima
3145 2888 3176 2953 a
3223 2902 3529 2956 substantia
3581 2917 3681 2957 sua

2092 3006 2158 3044 ne
2220 2990 2300 3061 sit
2380 2990 2564 3045 anima
2645 3005 2767 3062 quae
2823 2991 3130 3049 actionilms
3202 2993 3321 3049 suis
3389 2994 3684 3065 dignosca-

2092 3091 2200 3146 tur,
2238 3097 2414 3153 neque
2441 3098 2643 3155 corpus
2676 3098 2706 3139 a
2737 3094 2882 3140 statu
2918 3094 2973 3142 et
3008 3087 3322 3143 actionibus
3355 3089 3472 3144 suis
3504 3097 3681 3145 mute-

403 3176 629 3246 Virgine
658 3178 713 3233 in
748 3177 855 3233 fine
885 3176 1167 3247 temporis,
1201 3174 1273 3230 ita
1301 3184 1361 3229 ut
1396 3191 1503 3230 non
1531 3184 1879 3244 separaretur
1904 3172 1985 3228 vel
2014 3209 2059 3269 α
2097 3185 2181 3230 tur
2204 3184 2259 3232 et
2281 3175 2563 3242 alteretur;
2593 3187 2688 3232 aut
2715 3178 3180 3248 quemadmodum
3211 3180 3300 3235 ubi
3329 3181 3516 3236 unitur
3537 3182 3682 3252 ignis

400 3287 433 3327 a
460 3270 643 3336 Patre,
675 3268 761 3324 vel
795 3286 827 3324 a
869 3267 1074 3339 Spiritu
1110 3276 1325 3324 sancto.

474 3366 675 3424 Verum
707 3366 849 3422 sicut
872 3365 1056 3421 radius
1077 3363 1275 3420 solaris
1298 3361 1388 3433 qui
1424 3361 1640 3433 genitus
1670 3370 1752 3416 est
1776 3361 1844 3416 ab
1868 3361 1988 3431 ipso

404 3463 543 3530 sole,
574 3462 735 3532 cujus
766 3462 862 3516 lux
895 3469 1067 3516 totum
1111 3458 1246 3514 illud
1280 3459 1425 3513 inter
1457 3457 1660 3512 cmlum
1700 3463 1754 3510 et
1780 3464 1983 3510 terram

401 3555 690 3631 [spatium]
720 3555 932 3609 lumine
975 3553 1205 3623 implet,
1237 3549 1588 3619 conspicitur.
1609 3550 1663 3603 in
1691 3547 1855 3604 domo
1889 3548 1990 3602 ali-

406 3665 538 3719 qua,
571 3656 735 3719 atque
767 3649 824 3701 in
866 3646 986 3716 ipsa
1017 3659 1146 3700 vere
1170 3652 1258 3699 est
1287 3645 1412 3698 luce
1445 3650 1498 3696 et
1527 3642 1709 3696 calore
1751 3656 1876 3704 suo,
1912 3641 1989 3694 ita

405 3752 587 3797 tamen
629 3752 689 3795 ut
714 3753 909 3795 revera
945 3737 1167 3791 minime
1199 3740 1485 3805 separetur
1515 3746 1545 3786 a
1578 3732 1729 3788 fonte
1766 3747 1873 3802 quo
1897 3746 1992 3800 ge-

407 3838 556 3890 nitus
585 3841 689 3900 est,
721 3848 845 3887 cum
877 3844 978 3886 nec
1013 3830 1080 3884 ab
1113 3828 1286 3900 ipsius
1311 3840 1543 3894 corpore
1573 3840 1673 3881 nec
1714 3826 1841 3880 'luce
1887 3825 1988 3879 ab-

403 3928 708 3989 scindatur,
742 3925 820 3979 ita
861 3923 1025 3977 etiam
1056 3919 1324 3975 habitavit
1350 3916 1524 3995 Filius
1563 3916 1657 3971 Dei
1701 3916 1755 3970 in
1790 3916 1988 3968 Imma-

407 4023 597 4083 nitate,
630 4019 701 4073 ita
741 4025 800 4071 ut
842 4017 1066 4070 minime
1099 4029 1129 4069 a
1158 4015 1323 4066 Patre
1352 4020 1704 4082 separaretur
1728 4049 1744 4072 ,
1779 4008 1990 4078 fuitque

407 4115 462 4166 in
494 4111 842 4166 humanitate
882 4124 1027 4174 vere,
1082 4106 1338 4175 idemque
1383 4118 1511 4159 vere
1557 4118 1679 4158 cum
1723 4102 1886 4157 Patre
1937 4109 1993 4155 et

408 4204 615 4272 Spiritu
646 4185 883 4256 ﬁsancto.
927 4200 1007 4254 Ac
1063 4197 1209 4252 sicut
1253 4194 1477 4250 verbum
1516 4193 1758 4248 hominis
1792 4193 1885 4263 qui
1921 4191 1991 4245 ab

407 4295 692 4349 intellectu
727 4292 899 4361 ipsius
932 4289 1176 4361 gignitur
1206 4287 1415 4342 charta:
1445 4285 1793 4350 inscribitur,
1825 4284 1992 4338 adeo-

409 4405 516 4456 que
549 4396 727 4440 totum
762 4400 886 4438 vere
925 4394 1008 4437 est
1035 4382 1090 4436 in
1129 4381 1319 4436 charta
1351 4380 1426 4432 ita
1457 4386 1516 4433 ut
1549 4378 1768 4431 interim
1799 4377 1868 4431 ab
1910 4377 1994 4429 in-

409 4479 634 4533 tellectu
660 4491 689 4530 a
715 4474 822 4546 quo
845 4476 1085 4546 genitum
1112 4482 1198 4530 est
1227 4472 1651 4543 haudquaquam
1685 4479 1992 4542 separetur,

2099 3286 2221 3324 cum
2250 3270 2396 3325 ferro
2428 3270 2712 3341 ipsumque
2737 3271 3043 3328 subtilitate
3062 3287 3160 3327 sua
3190 3283 3456 3344 penetrat.
3490 3276 3686 3330 simul-

2096 3377 2206 3431 qne
2239 3361 2539 3431 conjuncta
2571 3378 2678 3417 una
2708 3362 2847 3418 fiunt
2873 3379 3071 3432 pruna,
3098 3364 3172 3418 ita
3204 3372 3263 3419 ut
3296 3379 3396 3421 nec
3421 3368 3686 3422 alterelur

2098 3453 2240 3524 ignis
2277 3457 2360 3511 vel
2398 3466 2638 3511 mutetur
2664 3470 2697 3511 a
2728 3455 3040 3510 substantia
3073 3471 3178 3512 sua
3217 3473 3284 3513 ne
3308 3460 3382 3513 sit
3429 3458 3573 3531 ignis
3604 3459 3688 3513 lu-

2099 3562 2250 3610 cens,
2290 3562 2494 3613 urens;
2533 3563 2707 3619 neque
2735 3548 2999 3603 alterelur
3044 3547 3251 3604 ferrqu
3283 3559 3378 3604 aut
3413 3561 3683 3615 mutetur,

2101 3656 2171 3696 ne
2205 3640 2279 3695 sit
2311 3640 2512 3694 ferrum
2560 3640 2914 3694 materiatum
2963 3639 3112 3709 quod
3160 3641 3408 3697 vulneret
3445 3652 3501 3698 et
3531 3645 3684 3700 scine

2101 3734 2196 3788 dat
2231 3749 2246 3786 :
2284 3732 2476 3787 eodem
2509 3731 2670 3787 modo
2717 3730 2779 3784 fit
2823 3731 2878 3786 in
2911 3733 3062 3787 omni
3113 3733 3342 3789 mistura
3371 3750 3492 3806 qua:
3526 3750 3688 3791 com-

2100 3826 2279 3896 posita
2311 3833 2397 3879 est
2431 3838 2464 3880 e
2492 3823 2660 3880 rebus
2686 3824 2898 3880 duabus
2931 3824 3187 3889 diversis,
3224 3841 3460 3895 quarum
3515 3830 3686 3884 altera

2103 3921 2172 3974 sit
2201 3916 2503 3988 spiritualis
2528 3953 2544 3981 ,
2572 3916 2813 3979 subtilis,
2842 3917 3013 3971 altera
3043 3918 3348 3973 materialis
3378 3931 3431 3974 et
3458 3932 3645 3977 craSsa
3669 3938 3684 3988 ;

2102 4011 2271 4066 veluti
2307 4009 2489 4064 anima
2541 4018 2596 4064 et
2640 4020 2876 4078 corpus;
2913 4008 3057 4078 ignis
3108 4017 3164 4064 et
3211 4009 3455 4079 ferrum;
3503 4012 3586 4067 vel
3631 4024 3692 4067 ut

2102 4106 2206 4169 sol,
2238 4102 2330 4174 qni
2359 4118 2418 4159 se
2450 4102 2724 4157 immiscet
2756 4117 2932 4172 aquae,
2965 4104 3100 4168 luto,
3146 4103 3413 4174 omnique
3440 4107 3689 4161 materia:

2103 4196 2376 4260 humidae,
2413 4204 2469 4248 et
2497 4195 2699 4265 putidas
2722 4232 2738 4260 ,
2772 4210 2948 4265 neque
2987 4204 3231 4252 mutatur
3251 4199 3336 4254 vel
3364 4199 3630 4255 alteratur
3658 4214 3692 4255 a

2105 4292 2225 4346 luce
2261 4287 2528 4343 munditie
2559 4287 2881 4358 et‘pnritate
2922 4303 3057 4355 sua,
3099 4289 3230 4345 licet
3258 4306 3382 4346 cum
3431 4292 3580 4347 omni
3631 4308 3694 4349 re

2105 4383 2285 4453 nigra,
2319 4392 2373 4436 et
2412 4379 2635 4437 sordida
2667 4380 2779 4452 36
2809 4381 3018 4449 putida,
3049 4390 3105 4437 et
3137 4383 3420 4438 immunda
3452 4385 3691 4441 miscea-

2111 4486 2236 4540 tur;
2268 4473 2394 4544 quia
2431 4486 2538 4527 non
2570 4471 2629 4526 fit
2668 4486 2909 4541 unquam
2946 4472 3175 4528 mistura
3210 4475 3315 4529 nisi
3362 4476 3538 4532 tribus
3570 4493 3694 4532 mo-

413 4585 592 4641 neque
630 4570 700 4625 ab
729 4584 794 4624 eo
844 4576 1131 4638 separetur
1181 4566 1494 4622 intellectus
1534 4579 1564 4619 a
1597 4579 1706 4635 quo
1754 4564 1997 4636 genitum
2039 4577 2083 4632 ι)
2111 4567 2219 4632 dis,
2259 4579 2493 4636 quorum
2526 4580 2668 4620 unus
2698 4572 2787 4620 est
2822 4579 2945 4619 cum
2994 4564 3298 4622 miscentur
3327 4568 3448 4623 duae
3484 4579 3695 4626 natura:

416 4671 524 4726 est,
555 4663 816 4732 quoniam
868 4660 1179 4714 intellectus
1214 4673 1311 4729 per
1354 4658 1580 4713 verbum
1634 4656 2000 4728 dignoscitur,

413 4770 539 4809 cum
575 4754 624 4808 ei
656 4752 812 4820 insit,
844 4764 1010 4822 atque
1041 4749 1268 4805 verbum
1302 4758 1479 4805 totum
1519 4748 1590 4804 sit
1626 4749 1682 4803 in
1715 4748 1998 4803 intellectu

416 4846 510 4914 qui
540 4845 715 4914 ipsum
748 4843 958 4913 genuit,
994 4850 1279 4911 totumque
1309 4841 1364 4896 in
1398 4842 1605 4910 sripso,
1633 4855 1697 4895 ac
1726 4848 1897 4895 totunt
1946 4839 2002 4893 in

414 4936 611 4988 charta
642 4934 729 4989 cui
768 4931 877 5001 32
907 4930 1122 4986 unitum
1158 4941 1243 4986 est
1279 4948 1294 4984 :
1341 4930 1594 4985 similiter
1624 4927 1866 4985 Verbum
1905 4928 2001 4983 Dei

416 5037 590 5083 totum
621 5035 707 5082 est
738 5025 793 5080 in
818 5025 981 5081 Patre
1010 5039 1039 5076 a
1064 5039 1174 5093 quo
1204 5024 1448 5092 genitum
1481 5030 1561 5078 est
1591 5065 1606 5088 ,
1640 5030 1695 5077 et
1736 5030 1911 5078 totum
1949 5023 2005 5077 in

416 5121 622 5189 seipse,
652 5125 938 5187 totumque
970 5115 1024 5169 in
1042 5114 1263 5184 Spiritu
1294 5154 1308 5179 ,
1334 5130 1399 5170 ac
1443 5123 1625 5169 totum
1655 5114 1706 5168 in
1746 5114 2005 5169 humani-

417 5227 555 5280 tate,
589 5212 645 5266 in
684 5226 793 5281 qua
843 5207 1087 5271 resedit,
1118 5207 1321 5276 cuique
1352 5207 1562 5261 unitum
1597 5213 1703 5262 est.
1737 5205 2006 5271 Quamvis

414 5306 564 5361 enim
591 5305 773 5359 omnis
807 5300 1113 5357 similitudo
1143 5307 1329 5353 creata
1372 5299 1530 5369 longe
1576 5299 1721 5352 absit
1756 5298 1825 5352 ab
1854 5312 1920 5353 eo
1950 5312 2010 5353 ut

415 5401 727 5452 creatorem
758 5392 985 5455 referat,
1015 5406 1123 5447 non
1150 5392 1314 5446 desiit
1339 5399 1526 5445 tamen
1564 5390 1705 5446 Deus
1746 5390 2008 5445 similitu-

414 5492 574 5545 dines
626 5486 801 5544 servis
827 5488 941 5543 suis
967 5486 1021 5540 in
1057 5484 1313 5539 omnibus
1339 5483 1495 5538 libris
1523 5483 1640 5539 suis
1672 5495 2003 5554 proponere,

421 5595 480 5636 ιιι
512 5596 578 5636 ea
607 5596 731 5651 quae
760 5595 870 5635 non
901 5591 1135 5634 cernunt
1180 5593 1246 5632 ex
1281 5576 1351 5632 iis
1385 5592 1508 5646 qua:
1542 5585 1778 5632 cernunt
1806 5574 2011 5631 intelli-

419 5684 634 5745 gerent,
673 5687 849 5743 eaque
874 5686 999 5742 quae
1028 5670 1162 5741 ipsis
1195 5686 1303 5724 non
1337 5678 1466 5724 sunt
1496 5667 1811 5734 manifesta,
1844 5682 1909 5722 ex
1941 5669 2008 5722 iis

420 5781 544 5835 qua:
580 5763 867 5820 tnanifesta
903 5772 1029 5819 sunt
1073 5763 1481 5835 diguoscerent.
1532 5759 1651 5817 Non
1695 5771 1782 5817 est
1827 5772 2010 5816 autent

416 5859 691 5916 habitatio
714 5857 877 5916 Verbi
907 5857 1002 5916 Dei
1031 5858 1320 5927 creatoris,
1349 5857 1579 5931 ejusque
1600 5872 1722 5913 cum
1751 5856 2011 5914 substan-

2108 4660 2453 4721 materiales,
2482 4672 2607 4728 quae
2647 4666 2929 4713 mutantur
2956 4664 3012 4712 et
3037 4670 3508 4728 corrumpuntur;
3540 4670 3599 4716 ut
3634 4664 3689 4717 in

2110 4753 2338 4804 mistura
2362 4763 2518 4819 aquae
2550 4759 2605 4804 et
2635 4749 2747 4802 vini
2779 4789 2794 4813 ,
2825 4750 2967 4803 aceti
3002 4760 3058 4804 et
3108 4750 3327 4814 mellis;
3356 4752 3477 4805 auri
3515 4762 3573 4806 et
3604 4769 3697 4805 ar.

2108 4841 2294 4911 genti;
2326 4839 2452 4894 teris
2480 4848 2533 4894 et
2563 4838 2808 4909 plumbi;
2849 4838 2933 4893 ha:
2990 4838 3136 4893 enim
3195 4854 3410 4900 omnes.
3461 4857 3588 4896 cum
3641 4846 3693 4898 id

2110 4946 2285 5001 genus
2325 4931 2472 4995 aliis,
2505 4930 2761 4986 alteratio
2798 4939 2928 4985 sunt
2955 4941 3010 4985 et
3035 4931 3351 5001 corruptio;
3384 4933 3511 5002 quia
3549 4939 3695 5003 quod

2109 5041 2176 5081 ex
2217 5024 2346 5077 vino
2373 5030 2429 5078 et
2462 5037 2602 5092 aqua
2650 5026 2875 5076 mistum
2926 5033 3034 5085 eat,
3091 5039 3190 5077 nec
3242 5026 3427 5080 vinum
3476 5035 3560 5081 est
3598 5044 3697 5080 nec

2112 5132 2277 5188 aqua,
2305 5117 2451 5187 quod
2483 5124 2772 5183 utrumque
2793 5129 2987 5169 eorum
3019 5130 3049 5169 a
3080 5125 3274 5171 natura
3297 5133 3395 5173 sua
3429 5126 3694 5173 nmtatum

2116 5208 2210 5275 sit,
2239 5223 2302 5262 ac
2328 5206 2644 5262 commistio
2670 5204 2920 5273 ipsorum
2953 5204 3098 5260 facta
3128 5207 3353 5263 sitcum
3384 5209 3695 5276 corruptio-

2113 5316 2183 5356 ne
2221 5301 2466 5370 ipsorum
2501 5307 2557 5353 et
2601 5298 2905 5352 mutatione
2947 5313 2976 5350 a
3026 5308 3173 5353 statu
3222 5315 3370 5354 suo:
3403 5307 3567 5369 atque
3622 5300 3697 5354 ita

2117 5395 2259 5465 quod
2286 5392 2511 5446 mistum
2536 5396 2628 5445 est
2654 5403 2721 5443 ex
2753 5397 2908 5443 aceto
2942 5399 2996 5442 et
3026 5390 3208 5456 melle,
3245 5392 3449 5446 factum
3480 5401 3562 5445 est
3601 5405 3695 5447 nc-

2113 5499 2220 5554 que
2251 5493 2466 5539 acetum
2496 5519 2513 5546 ,
2538 5493 2719 5550 neque
2748 5480 2878 5551 mel,
2920 5479 3066 5549 quod
3105 5490 3399 5551 utrumque
3432 5498 3624 5537 eorum
3664 5500 3695 5538 a

2114 5584 2262 5633 statu
2298 5590 2401 5632 suo
2438 5580 2704 5627 mutatum
2746 5572 2820 5626 sit
2853 5591 2868 5626 :
2901 5573 2975 5626 ita
3020 5578 3078 5628 et
3127 5573 3184 5629 in
3216 5574 3450 5629 mistura
3478 5575 3599 5630 auri
3644 5586 3699 5636 et

2116 5668 2373 5740 argenti,
2421 5665 2630 5737 plumbi
2683 5673 2738 5719 et
2794 5665 2954 5730 teris,
3023 5666 3164 5720 haud
3241 5682 3439 5736 purum
3514 5676 3699 5725 manet

2117 5760 2440 5817 utrumlibet
2462 5774 2677 5814 eorum.
2714 5759 2888 5828 Atque
2924 5760 3011 5814 hic
3047 5775 3190 5816 unus
3216 5770 3353 5817 este
3386 5761 3563 5817 tribus
3593 5761 3700 5819 mi«

2118 5852 2314 5912 Stiouis
2356 5850 2555 5908 modis.
2582 5850 2871 5911 Secundus
2899 5860 2986 5909 est
3015 5853 3200 5910 mistio
3231 5870 3351 5925 qutc
3382 5853 3442 5912 fit
3464 5852 3696 5912 secrsim
