4076 6416
448 329 591 394 1033

1481 331 1856 395 EU'l‘YCHlI
1884 328 2391 391 ALEXANDRIN
2402 330 2428 389 Ι
2463 331 2689 396 PATB.

3586 331 3727 396 toto

447 439 796 498 manentibus
828 440 1045 497 duabus
1080 442 1289 500 naturis
1322 444 1713 510 materialibus,
1746 445 1820 500 ita
1853 454 1910 499 ut
1933 458 2027 498 ea-
2051 442 2101 503 Α
2130 438 2421 505 Christus,
2466 443 2578 498 duo
2622 440 2868 505 Christi,
2916 438 3206 513 [quorum]
3255 455 3400 497 unus
3441 449 3640 498 natura
3671 454 3725 500 et
3763 496 3780 517 ,

420 549 563 589 ιωω
616 533 976 590 subsistentia
1014 533 1392 617 dignoscatur.
1445 534 1506 590 In
1562 535 1871 591 istiusmodi
1919 534 2025 589 mi-

442 634 596 681 stura
626 635 860 695 utraque
898 624 1133 681 duarum
1162 636 1482 682 naturarum
1515 626 1585 681 ab
1614 627 1788 683 altera
1822 627 2024 683 distin-

441 708 631 786 guitur
656 721 1019 777 subsistentia
1061 735 1183 787 sua,
1216 731 1271 776 et
1317 721 1532 776 ratione
1573 735 1708 789 sua;
1738 730 1906 791 atque
1952 722 2026 776 ita

441 827 500 866 se
541 811 708 868 habet
734 823 791 867 ut
836 815 1018 868 oleum
1046 822 1102 869 et
1133 828 1273 884 aqua
1306 814 1360 868 in
1392 812 1582 869 eadem
1616 815 1889 885 lampade,
1928 824 2027 870 aut

438 903 612 957 linum
642 913 697 959 et
733 906 971 961 sericum
996 905 1053 960 in
1078 906 1267 960 eadem
1291 913 1463 970 veste,
1494 913 1681 975 utpote
1709 922 1830 976 quae
1855 921 1887 961 e
1913 905 2027 961 lino

438 1006 719 1066 contexta,
754 1001 933 1054 serico
952 1000 1157 1064 striata
1186 1000 1296 1065 sit;
1330 1008 1425 1054 aut
1454 1000 1631 1055 instar
1651 1008 1844 1056 statuae
1862 1015 2026 1055 aenea:

438 1089 528 1144 cui
565 1101 730 1163 caput
765 1094 841 1150 sit
874 1109 1123 1161 aureum,
1155 1094 1498 1164 aliorumque
1520 1093 1831 1163 ejusmodi;
1856 1108 2022 1165 quam

440 1201 548 1245 non
583 1187 739 1242 decet
765 1185 1043 1256 appellare
1069 1188 1358 1242 misturam
1384 1226 1401 1253 ,
1435 1201 1561 1241 cum
1590 1185 1873 1261 distinctae
1905 1201 2026 1240 ma-

428 1285 609 1330 eneant
639 1277 759 1331 duae
805 1284 1014 1332 naturae
1056 1285 1111 1333 et
1161 1278 1559 1343 consistentia,
1590 1276 1837 1348 37-39
1879 1278 2025 1333 sicut

436 1384 548 1424 non
580 1376 797 1439 oportet
829 1378 886 1424 ut
916 1371 990 1426 sit
1037 1370 1180 1426 inter
1230 1385 1431 1441 aquam
1488 1381 1543 1426 et
1585 1375 1911 1441 amphoram
1968 1370 2020 1424 in

439 1476 547 1532 qua
579 1472 683 1525 est,
716 1462 939 1529 mistio;
971 1477 1098 1518 cum
1130 1470 1330 1518 natura
1360 1462 1509 1517 vasis
1540 1462 1689 1518 illius
1715 1463 1813 1525 sit,
1844 1471 2018 1529 testa;

434 1553 779 1619 constitutio,
833 1552 1002 1626 [quod
1047 1552 1143 1625 sit]
1175 1553 1475 1624 amphora;
1523 1552 1659 1609 adeo
1711 1562 1770 1608 ut
1808 1569 1914 1608 non
1948 1553 2023 1607 sit

436 1647 578 1701 inter
614 1661 733 1701 eam
767 1656 821 1701 et
851 1662 1049 1717 aquam
1082 1647 1268 1703 mistio
1290 1686 1306 1713 ,
1331 1649 1427 1703 sed
1454 1654 1660 1717 quanta
1692 1646 1807 1700 fieri
1839 1651 2020 1715 potest

435 1741 675 1794 maxima
704 1740 1103 1812 discrepantia.
1141 1743 1221 1797 Ita
1261 1751 1317 1799 et
1351 1757 1493 1813 aqua
1525 1750 1580 1797 et
1629 1743 1811 1798 oleum
1839 1782 1855 1806 ,
1908 1742 2016 1797 nisi

431 1847 531 1890 vas
561 1834 830 1903 lampadis
857 1834 911 1889 in
946 1852 1057 1906 quo
1102 1846 1233 1892 sunt
1278 1852 1340 1893 ea
1376 1836 1733 1908 eonjungeret
1757 1877 1773 1901 ,
1816 1852 2020 1908 nequa-

431 1940 600 1994 quam
650 1928 978 1996 unirentur;
1016 1939 1074 1984 at
1115 1945 1226 1986 non
1276 1941 1361 1986 est
1404 1929 1822 2001 [communitas]
1870 1932 2021 1987 vasis

434 2017 579 2072 inter
612 2033 676 2072 ea
708 2019 897 2074 mistio
931 2018 1282 2094 [censenda.]
1331 2021 1600 2077 Similiter
1637 2038 1739 2078 nec
1775 2022 1921 2079 inter
1952 2024 2018 2078 li-

428 2122 559 2161 num
604 2117 659 2163 et
699 2110 936 2165 sericum
966 2111 1194 2166 mistura
1220 2119 1329 2180 est,
1359 2126 1485 2167 cum
1515 2129 1620 2169 non
1656 2114 1888 2171 invicem
1922 2114 2019 2170 ad-

430 2199 696 2266 ha-reant,
724 2202 942 2256 etiamsi
969 2202 1023 2256 in
1050 2203 1244 2258 eadem
1280 2205 1392 2260 sint
1417 2213 1569 2261 veste
1593 2220 1609 2272 ;
1640 2222 1739 2262 nec
1769 2208 1912 2263 inter
1938 2222 2015 2263 ατε

432 2302 491 2348 et
536 2305 730 2347 aurum
784 2294 875 2349 ubi
926 2293 1161 2351 conﬂata
1214 2312 1324 2352 non
1379 2296 1603 2361 fuerint,
1657 2298 2012 2365 commistio,

425 2386 643 2442 etiamsi
673 2400 736 2441 ea
773 2386 1072 2460 conjungat
1129 2405 1237 2446 una
1286 2390 1632 2463 statuaallae
1665 2400 1848 2448 autem
1906 2394 2013 2447 mi-

425 2490 595 2536 stura:
655 2496 939 2551 nunquam
1010 2490 1144 2537 sunt
1211 2482 1313 2537 nisi
1362 2497 1394 2539 e
1446 2485 1678 2540 materia
1745 2500 2008 2557 corporea

421 2585 615 2626 crassa
650 2587 665 2624 :
696 2573 858 2642 cujus
893 2573 943 2628 si
976 2589 1105 2643 pars
1143 2575 1284 2644 parti
1334 2564 1698 2645 conju'ngatur
1723 2616 1738 2642 ,
1770 2577 2009 2646 exempli

422 2665 597 2733 gratia
626 2666 673 2721 si
701 2665 993 2738 liquefacta
1023 2682 1100 2723 aas
1126 2676 1181 2722 et
1206 2684 1403 2724 aurum
1429 2671 1596 2725 simul
1629 2669 2004 2733 effundantur,

420 2756 636 2809 eveniet
666 2758 877 2813 ratione
911 2758 1190 2814 ruistionis
1227 2762 1456 2817 mutatio
1484 2770 1538 2815 et
1573 2764 1878 2833 corruptio;
1913 2778 2010 2819 ne-

417 2863 526 2918 que
554 2850 700 2904 enim
730 2860 817 2907 est
846 2852 1093 2909 massula
1132 2853 1237 2909 ista
1279 2855 1365 2908 vel
1414 2868 1608 2909 aurum
1641 2869 1838 2924 purum
1868 2895 1884 2921 ,
1918 2858 2006 2911 vel

417 2957 494 2997 aes
523 2956 723 3011 purum
758 2958 773 2995 :
814 2957 883 2998 ac
927 2943 1034 2998 nisi
1080 2944 1474 3012 copularentur
1509 2959 1573 3000 ac
1623 2960 1794 2999 unum
1841 2946 2006 3002 alteri

410 3034 835 3104 “adjungeretur,
871 3046 928 3088 ut
953 3049 1073 3089 cum
1108 3035 1322 3105 torquis
1347 3051 1410 3089 es
1443 3050 1552 3090 aere
1592 3049 1837 3106 auroque
1863 3050 2004 3091 con-

2129 533 2496 590 subsistentia
2524 549 2625 590 sua
2665 533 2885 590 divinus
2919 541 3090 601 esset,
3135 532 3317 589 instar
3357 531 3432 590 illi
3473 536 3625 591 aurei
3668 538 3749 641 in]

2130 634 2327 698 torque
2384 627 2659 698 plicatili,
2719 639 2817 683 aut
2860 628 3037 700 partis
3083 628 3375 684 exterioris
3427 628 3623 685 seriem
3668 629 3722 683 in

2128 729 2280 775 veste
2323 722 2570 791 duplici;
2606 723 2746 779 alter
2784 724 3094 787 humanus,
3141 724 3318 778 instar
3361 722 3438 778 fili
3478 724 3616 777 aenei
3667 724 3722 776 in

2128 819 2361 881 torque,
2405 812 2487 868 vel
2533 816 2707 882 partis
2753 812 2998 887 51-43
3045 813 3328 869 interioris
3374 830 3404 870 e
3461 815 3723 885 gossypiu

2127 903 2183 958 in
2230 915 2403 960 veste.
2455 904 2822 977 Summopere
2869 917 3055 962 autem
3104 907 3416 962 mirandunt
3449 916 3534 963 est
3578 922 3685 977 quo

2127 995 2296 1050 modo
2349 1012 2460 1052 non
2518 999 2828 1069 percipiant
2876 999 3168 1071 utriusque
3229 1000 3449 1071 generis
3497 999 3717 1055 dissen-

2128 1081 2331 1140 tientes
2360 1099 2425 1140 ac
2454 1085 2860 1158 discrepantes,
2892 1104 3076 1159 neque
3115 1089 3425 1160 intelligant
3455 1104 3580 1145 esse
3608 1091 3719 1144 duo

2124 1174 2232 1229 ista
2254 1176 2529 1233 mistionis
2551 1177 2803 1254 [genera]
2841 1180 3105 1238 misturas
3137 1182 3384 1237 materia:
3411 1198 3712 1254 corporcte.

2122 1282 2369 1339 crassae;
2401 1272 2490 1327 cui
2522 1273 2663 1328 nihil
2694 1275 2839 1330 inest
2872 1275 3168 1346 spiritalis,
3200 1275 3446 1345 subtilis,
3506 1278 3712 1345 tenuis;

2123 1364 2372 1435 adeoque
2406 1380 2515 1421 non
2545 1382 2710 1437 posse
2742 1369 3031 1425 materiam
3065 1385 3314 1426 crassam
3340 1411 3357 1440 ,
3384 1368 3529 1427 ’duos
3577 1373 3716 1429 istos

2123 1457 2399 1513 mistionis
2449 1459 2644 1515 modos
2676 1461 2889 1518 vitare:
2944 1461 2993 1518 si
3029 1462 3176 1516 enim
3215 1462 3376 1518 mista
3408 1462 3573 1518 fuerit
3614 1464 3717 1517 mi-

2123 1549 2303 1604 stione
2334 1564 2458 1618 quae
2491 1550 2845 1606 coalitionem
2881 1566 2945 1608 ac
2994 1552 3457 1622 compositionem
3496 1549 3714 1625 [infert]

2122 1641 2190 1696 ad
2223 1643 2583 1699 mutationem
2610 1652 2665 1699 et
2692 1643 3106 1715 corruptionem
3136 1643 3339 1717 vergit;
3385 1644 3470 1700 sin
3521 1649 3713 1701 eodem

2122 1747 2232 1803 quo
2260 1733 2439 1790 fuerat
2456 1744 2599 1791 statu
2627 1745 2971 1808 permaneat,
3002 1752 3182 1806 neque
3209 1738 3497 1803 coalescit,
3530 1753 3714 1808 neque

2121 1833 2614 1898 contemperantur
2661 1839 2847 1901 partes
2900 1829 3114 1899 ipsius,
3166 1830 3411 1899 adeoque
3455 1845 3565 1884 non
3606 1832 3712 1884 alia

2123 1921 2333 1976 ratione
2367 1922 2668 1976 miscentur
2702 1938 2866 1993 quam
2921 1937 2983 1976 ea
3018 1937 3140 1991 quae
3188 1921 3349 1977 facile
3384 1931 3713 1994 separantur

2121 2017 2285 2078 atque
2326 2009 2699 2077 divelluntur,
2754 2011 2969 2067 etiamsi
3014 2027 3077 2068 ea
3130 2014 3480 2084 coniunxerit
3532 2023 3713 2070 statua

2124 2120 2254 2169 una,
2302 2105 2471 2161 vestis
2516 2121 2654 2174 una,
2695 2107 2777 2161 vel
2819 2122 2916 2163 vas
2965 2122 3159 2161 unum.
3204 2106 3395 2178 Neque
3444 2111 3714 2179 reperitur

2123 2215 2365 2270 unquam
2395 2200 2449 2255 iu
2482 2214 2543 2255 re
2579 2202 2762 2270 aliqua
2797 2200 3069 2255 matcriali
3104 2214 3373 2272 corporea
3409 2199 3549 2255 alius
3584 2201 3711 2270 quis

2120 2294 2365 2350 misturae
2401 2294 2597 2349 modus
2636 2302 2833 2364 praeter
2865 2295 3001 2350 istos
3030 2294 3194 2361 duos,
3266 2294 3350 2350 vel
3381 2295 3472 2365 qui
3514 2310 3712 2351 corru-

2127 2387 2371 2457 ptionem
2404 2385 2724 2460 [infert]ch
2768 2388 3194 2458 separationcm,
3232 2386 3336 2443 nisi
3357 2396 3482 2442 cum
3523 2388 3710 2442 mistio

2121 2481 2362 2536 duorum
2396 2480 2473 2536 sit
2504 2496 2740 2550 quorum
2780 2481 3012 2535 alterum
3046 2479 3327 2534 materiale
3356 2493 3707 2551 corporeum,

2120 2575 2353 2629 alterum
2404 2582 2571 2630 tenue
2609 2575 2681 2630 sit
2727 2585 2782 2629 et
2820 2574 3095 2647 spiritale.
3149 2572 3248 2628 llic
3284 2581 3467 2628 autem
3509 2573 3710 2628 tertius

2114 2675 2199 2721 est
2248 2666 2524 2721 mistionis
2558 2660 2791 2729 modus,
2835 2681 2959 2735 qua:
3001 2673 3055 2721 et
3099 2681 3224 2720 vere
3275 2666 3458 2721 mistio
3508 2677 3591 2721 est
3624 2664 3705 2737 [in

2112 2761 2219 2816 alio
2268 2759 2567 2830 exemplari
2619 2740 2726 2826 est;
2760 2762 2944 2815 mistio
2983 2758 3218 2832 natura-1
3267 2761 3473 2830 alisque
3506 2762 3706 2817 confu-

2110 2856 2289 2917 sione.
2326 2853 2728 2918 conversione,
2779 2854 3170 2923 corruptione,
3216 2862 3311 2907 aut
3358 2854 3707 2924 separation-.9

2111 2948 2467 3018 partitionis;
2498 2963 2684 3002 verum
2711 2953 2797 3002 cst
2824 2946 3054 3001 mistura
3085 2961 3193 3017 qua
3223 2954 3474 3017 penetrat
3505 2955 3703 3002 natura

2110 3041 2403 3110 spiritalis,
2428 3038 2669 3105 subtilis,
2703 3048 2955 3093 naturam
2982 3038 3322 3093 materialem
3353 3053 3701 3110 corpoream,

420 3125 643 3192 ficitur,
682 3134 829 3182 esset
884 3126 1156 3181 mistionis
1215 3128 1411 3183 modus
1450 3128 1786 3199 separationi
1825 3128 2001 3186 obno-
2028 3143 2072 3205 ο
2107 3134 2285 3189 donec
2323 3147 2423 3203 per
2462 3131 2635 3202 ipsam
2677 3140 2845 3186 totam
2892 3130 3256 3196 ditrundatur,
3286 3138 3515 3200 totaque
3545 3147 3702 3185 corn-

417 3221 566 3286 sius,
602 3220 696 3290 qui
724 3220 946 3276 nomine
971 3220 1248 3276 rnistionls
1279 3222 1539 3292 indignus
1567 3233 1675 3280 est.

488 3315 669 3383 Atque
703 3316 757 3368 in
794 3314 897 3372 hos
926 3317 1064 3372 duos
1103 3316 1298 3374 modos
1331 3319 1679 3390 impegerunt
1704 3319 2003 3379 Nestorius

414 3405 648 3477 ejusque
695 3409 941 3473 asscclae,
983 3420 1037 3464 ct
1063 3408 1305 3466 Jacobus
1343 3419 1397 3466 et
1426 3411 1661 3469 Severus
1695 3424 1750 3469 et
1777 3415 2004 3471 Diosco-

417 3513 550 3565 rus,
598 3507 653 3555 et
702 3498 1009 3572 Eutychius
1063 3517 1369 3572 eorumque
1417 3519 1707 3575 sequaces.
1759 3504 2001 3565 Jacohus

415 3595 640 3665 quidem
665 3636 681 3661 ,
718 3609 866 3665 nque
898 3608 1137 3665 quorum
1178 3598 1401 3652 nomina
1452 3599 1706 3655 reccnsui
1731 3640 1744 3663 .
1780 3602 2000 3658 mistio-

415 3703 544 3744 nem
580 3687 902 3744 mutationis
934 3696 989 3744 et
1020 3689 1399 3759 corruptionis
1429 3691 1705 3763 amplexi,
1742 3710 1999 3752 asserue-

411 3789 544 3835 runt
587 3787 843 3835 naturam
878 3780 1119 3837 divinam
1167 3790 1222 3836 et.
1257 3792 1513 3839 naturam
1553 3785 1849 3843 humanam
1886 3787 1998 3861 40

411 3873 469 3926 in
526 3887 637 3928 uno
687 3871 911 3928 Christo
952 3873 1275 3928 commistas
1318 3872 1525 3941 fuisse,
1577 3878 1863 3950 ipsumque
1895 3881 1997 3936 ha-

409 3965 600 4022 buisse
644 3965 1062 4022 subsistentiam
1096 3980 1275 4020 unam
1300 3966 1354 4021 in
1390 3977 1585 4023 natura
1623 3986 1731 4025 una
1766 3987 1993 4043 compo-

408 4060 571 4115 sitam
617 4074 683 4114 ex
726 4059 943 4114 duabus
991 4059 1205 4115 naturis
1247 4058 1520 4126 diversis,
1556 4061 1744 4118 divina
1778 4065 1994 4123 scilicet

405 4161 462 4207 et
491 4153 770 4219 humana;
818 4150 1057 4222 professi
1095 4168 1228 4222 ergo
1263 4160 1396 4210 sunt
1439 4169 1535 4210 eas
1573 4164 1820 4214 mutatas
1845 4175 1990 4216 esse:

407 4245 649 4301 mutatio
701 4252 887 4299 autem
940 4236 1228 4314 corruptio
1282 4255 1387 4304 est.
1447 4246 1627 4317 Atque
1685 4248 1792 4306 hoc
1847 4251 1995 4307 dicto

406 4339 579 4407 impio
606 4337 700 4393 Dei
729 4345 981 4393 naturam
1005 4338 1385 4394 accidentibus
1407 4347 1461 4394 et
1483 4341 1648 4396 morti
1674 4345 1993 4400 necessario

2115 3226 2435 3291 misceatur,
2465 3239 2642 3294 neque
2673 3225 2955 3280 remanea't
2985 3229 3141 3281 locus
3173 3223 3286 3297 44
3310 3226 3455 3280 ullus
3486 3235 3706 3280 natura:

2116 3317 2417 3373 materialis
2444 3331 2655 3372 vacuus
2702 3326 2898 3372 natura
2935 3318 3202 3388 spiritali,
3240 3318 3360 3373 sine
3395 3319 3703 3373 mutatione

2110 3426 2223 3480 qua
2270 3418 2514 3466 mutetur
2563 3410 2649 3466 vel
2697 3410 2963 3480 spiritalis
3002 3425 3033 3465 a
3073 3420 3271 3465 natura
3309 3426 3409 3466 sua
3460 3411 3699 3482 spiritali

2112 3505 2323 3569 subtili,
2344 3503 2430 3559 vel
2456 3518 2722 3576 corporea
2749 3503 3051 3559 materialis
3074 3518 3104 3557 a
3133 3513 3333 3560 natura
3359 3518 3459 3559 sua
3482 3519 3699 3569 crassa,

2111 3594 2419 3661 materiali,
2492 3610 2557 3650 ac
2624 3596 2744 3651 sine
2800 3595 3128 3652 alteratione
3185 3605 3279 3652 aut
3344 3598 3701 3668 corruptione

2112 3689 2378 3745 utriusvis
2401 3727 2419 3754 ,
2461 3688 2640 3744 instar
2675 3689 2952 3744 mistionis
2995 3690 3192 3745 animae
3224 3699 3278 3745 et
3315 3693 3564 3762 corporis
3600 3700 3698 3746 aut
3778 3726 3783 3729 -

2107 3784 2250 3854 ignis
2284 3794 2336 3839 et
2371 3782 2503 3837 ferri
2541 3782 2595 3837 in
2628 3781 2820 3837 eadem
2856 3796 3055 3852 pruna,
3094 3798 3215 3853 qua:
3251 3798 3356 3837 una
3385 3792 3469 3838 est
3507 3784 3697 3838 subsi-

2105 3876 2328 3942 stentia,
2364 3889 2395 3930 e
2425 3883 2621 3929 natura
2657 3874 2805 3943 ignis
2832 3872 3122 3941 conjuncta
3154 3890 3217 3928 ac
3256 3874 3538 3930 commista
3566 3891 3691 3930 cun

2105 3978 2302 4024 natura
2333 3968 2464 4023 ferri
2496 3969 2615 4024 sine
2648 3967 2999 4038 separatione
3028 3977 3124 4022 aut
3151 3968 3443 4037 divisione,
3480 3985 3543 4021 ac
3573 3970 3695 4025 sine

2106 4060 2455 4126 confusione,
2501 4061 2861 4117 conversione
2894 4070 2988 4114 aut
3025 4062 3409 4132 corruptione,
3453 4061 3693 4119 dill‘usus

2106 4165 2190 4212 est.
2223 4155 2447 4210 interim
2477 4155 2618 4224 ignis
2652 4170 2750 4225 per
2784 4154 3103 4209 universum
3134 4155 3362 4221 ferrum,
3400 4166 3692 4228 totumque

2103 4248 2324 4315 induit;
2364 4247 2791 4303 communicavit
2825 4247 2992 4304 etiam
3021 4246 3168 4304 ferro
3199 4250 3498 4319 potentiam
3529 4266 3690 4306 suam

2098 4352 2154 4396 et
2203 4344 2376 4397 lucem
2428 4357 2618 4407 suam,
2667 4349 2723 4397 et
2770 4342 2881 4398 vim
2928 4341 3317 4407 combureudi,
3364 4343 3502 4399 adeo
3543 4354 3602 4399 ut
3633 4356 3690 4400 ct

402 4432 700 4488 obnoxiam
732 4432 990 4498 reddunt,
1024 4446 1090 4488 ac
1112 4429 1392 4488 Christum
1429 4450 1532 4489 nec
1569 4434 1739 4492 Deum
1777 4454 1986 4507 verum,
2023 4470 2067 4526 D
2100 4436 2283 4490 luceat
2324 4434 2555 4501 ferrtnn,
2591 4442 2647 4490 et
2676 4444 2834 4501 urat;
2877 4443 2934 4490 at
2963 4435 3102 4490 nihil
3130 4436 3237 4491 sibi
3268 4439 3343 4509 de,
3367 4439 3686 4509 impotentia

396 4540 510 4581 nec
549 4541 739 4581 verum
787 4526 1066 4581 hominem
1109 4525 1476 4593 conSIituunt,
1509 4526 1686 4583 instar
1728 4532 1987 4587 massulze

400 4633 471 4672 ex
506 4631 646 4671 auro
683 4624 739 4672 et
770 4631 878 4672 tere
922 4616 1190 4673 conﬂatm.
1236 4615 1528 4673 Nestorius
1571 4632 1704 4673 vero
1751 4620 1985 4691 ejusque

403 4722 671 4778 sequaces
719 4708 1037 4764 mistionem
1090 4722 1215 4778 qua:
1267 4708 1515 4776 separari
1577 4717 1743 4779 atque
1797 4709 1982 4766 divelli

400 4804 581 4873 possit
620 4801 884 4873 aﬂingunt
906 4841 922 4867 ,
954 4808 1305 4856 autumantes
1340 4800 1622 4858 Christum
1659 4817 1828 4857 unum
1857 4816 1983 4858 esse

403 4898 621 4952 duabus
682 4895 899 4951 naturis
961 4893 1199 4950 diversis
1257 4901 1647 4959 constantem,
1700 4894 1884 4949 divina
1933 4903 1987 4948 et

399 4989 680 5053 humana,
725 4988 973 5058 duasque
1028 4986 1317 5042 habentem
1362 4986 1754 5044 subsistentias
1799 5000 1981 5052 natas,

399 5079 647 5134 divinam
679 5087 843 5149 atque
870 5078 1193 5145 humanam,
1226 5091 1290 5133 ac
1321 5077 1636 5133 mistionem
1667 5086 1982 5133 statuerunt

396 5187 521 5241 quae
569 5172 845 5240 separatio
888 5172 998 5237 sit,
1049 5176 1228 5228 instar
1269 5170 1485 5242 torquis
1528 5186 1559 5224 e
1611 5170 1826 5226 duobus
1872 5168 1980 5225 illis

396 5279 632 5334 quorum
681 5265 915 5319 alterum
949 5278 1178 5319 aureum
1212 5265 1288 5319 sit
1330 5264 1564 5320 alterum
1597 5278 1811 5319 aeneum
1845 5277 1981 5319 con-

394 5358 569 5427 lecti;
607 5367 704 5414 aut
746 5358 914 5415 vestis
960 5357 1233 5426 duplicis,
1263 5358 1422 5427 cujus
1458 5371 1589 5427 pars
1630 5357 1872 5413 exterior
1907 5358 1980 5412 sit

396 5453 577 5508 serica
627 5454 858 5509 interior
909 5452 1245 5522 gossypina,
1300 5452 1448 5505 inter
1499 5464 1637 5520 quas
1691 5451 1844 5507 nulla
1893 5438 1978 5507 est

393 5545 628 5601 mistura
661 5545 777 5601 sive
808 5554 1021 5600 natura:
1051 5546 1168 5600 sive
1200 5544 1579 5601 subsistentia:
1608 5563 1627 5601 :
1665 5559 1843 5615 neque
1874 5544 1976 5599 hac

394 5634 611 5690 ratione
642 5637 710 5690 ad
750 5635 873 5693 illos
917 5642 1134 5704 spectat
1172 5633 1455 5689 Christum
1498 5648 1664 5689 unum
1709 5633 1972 5699 credere;

397 5724 673 5790 siquidem
703 5734 790 5781 est
816 5726 1031 5795 torquis
1060 5725 1445 5796 complicatus,
1476 5735 1700 5794 torques
1730 5725 1882 5788 bini,
1922 5736 1974 5779 et

393 5812 565 5867 vestis
588 5813 815 5877 duplex.
838 5817 981 5873 binae
1011 5827 1229 5887 vestes;
1256 5817 1561 5890 eodemque
1585 5817 1749 5875 modo
1778 5815 1970 5891 [esset]

2096 4523 2226 4579 ferri
2248 4525 2573 4593 assumpsit,
2602 4523 2719 4580 sive
2743 4524 3111 4597 nigredinem,
3136 4525 3251 4582 sive
3278 4526 3472 4598 frigus.
3505 4528 3686 4599 Atque

2093 4616 2397 4670 secundum
2422 4615 2571 4670 hunc
2598 4615 2870 4672 mistionis
2894 4616 3121 4672 modum
3148 4619 3419 4688 disposuit
3443 4618 3683 4675 Verbum

2093 4707 2187 4762 Dei
2226 4721 2445 4770 creans,
2472 4706 2788 4762 mistionem
2821 4722 2980 4763 suam
3014 4723 3141 4763 cum
3177 4720 3377 4764 natura
3415 4711 3680 4775 humana,

2091 4810 2285 4870 estque
2332 4798 2592 4854 Christus
2642 4814 2819 4864 unus,
2855 4798 3027 4855 Filius
3060 4798 3159 4854 Dei
3193 4802 3412 4867 unicus,
3456 4818 3485 4856 a
3518 4802 3683 4859 Patre

2090 4900 2220 4946 ante
2254 4890 2439 4947 omnia
2468 4889 2667 4946 saecula
2696 4891 2937 4961 genitus,
2968 4890 3151 4947 lumen
3176 4892 3244 4948 de
3268 4894 3501 4959 lumine,
3533 4895 3679 4951 Deus

2060 4997 2251 5037 tvcrus
2272 4982 2340 5037 de
2363 4980 2475 5037 Deo
2502 4988 2653 5048 vero,
2679 4981 2897 5050 genitus
2922 4997 3029 5037 non
3058 4996 3306 5050 creatus,
3330 4983 3399 5039 de
3423 4987 3655 5040 substan

2089 5076 2162 5129 tia
2199 5085 2252 5129 ct
2287 5084 2481 5128 natura
2517 5074 2694 5129 Patris
2728 5073 2835 5140 sui,
2879 5084 3043 5144 atque
3079 5075 3197 5145 ipse
3232 5075 3372 5130 idem
3410 5084 3573 5132 natus
3608 5096 3672 5134 cs

2083 5168 2256 5224 Maria
2287 5167 2510 5239 Virgine
2545 5168 2603 5221 in
2632 5167 2738 5221 [ine
2771 5169 3059 5237 temporis,
3079 5168 3134 5221 in
3158 5168 3515 5225 subsistentia
3545 5186 3670 5237 tum,

2084 5262 2388 5335 [videlicet]
2416 5261 2779 5317 subsistentia
2813 5259 2937 5316 Filii
2973 5262 3063 5317 Dei
3098 5264 3245 5316 unici
3269 5278 3391 5332 qua:
3421 5278 3674 5332 compre-

2082 5355 2276 5412 hendit
2299 5355 2436 5411 duas
2464 5354 2628 5410 simul
2658 5365 2925 5418 naturas;
2960 5355 3202 5409 divinam
3235 5372 3359 5426 quae
3387 5370 3671 5425 nunquam

2081 5464 2190 5504 non
2222 5448 2363 5515 fuit,
2415 5448 2471 5501 in
2519 5447 2822 5517 principio,
2863 5455 2915 5502 ct
2951 5456 3079 5503 ante
3101 5461 3265 5502 omne
3304 5448 3690 5517 principium;-

2080 5552 2135 5595 ct
2171 5541 2491 5604 humanam,
2530 5554 2650 5608 qua:
2685 5538 2825 5592 facta
2859 5548 2942 5594 est
2976 5538 3032 5591 in
3075 5540 3181 5595 line
3219 5540 3504 5608 temporis,
3542 5540 3672 5594 sub-

2078 5635 2276 5688 sistere
2308 5630 2450 5687 facta
2489 5646 2582 5702 per
2615 5630 3031 5687 subsistentiam
3073 5641 3361 5697 aeternam,
3404 5640 3598 5697 estque
3624 5631 3669 5685 is

2074 5722 2319 5795 45-ῇ7
2367 5723 2621 5779 Christus
2672 5737 2815 5778 unus
2866 5707 3226 5778 subsistentia
3282 5737 3389 5776 una
3440 5729 3667 5786 aeterna,

2076 5821 2213 5873 duas
2242 5816 2448 5872 habens
2479 5824 2704 5872 naturas
2732 5852 2749 5883 ,
2782 5816 3053 5882 divinam,
3088 5829 3212 5883 qua:
3243 5826 3522 5886 nunquam
3551 5828 3661 5868 non

2198 5896 2365 5904 ,αα-*υ
