4076 6432
453 390 580 454 1041

1895 395 2272 460 ANNALES.

3588 409 3733 472 10F!

448 504 591 568 fuit;
625 509 678 558 et
711 502 1045 570 humanam,
1086 522 1248 576 quam
1297 508 1400 564 sibi
1445 509 1685 572 creavit,
1734 519 1794 565 ut
1823 511 1872 566 ei
1907 511 2032 565 uni-
2063 508 2109 567 Λ
2140 511 2449 570 subsistere
2483 511 2612 570 fecit
2645 513 2998 571 subsistentia
3034 531 3133 573 sua
3156 559 3170 584 ,
3231 516 3447 589 sibique
3493 537 3546 577 in
3584 530 3724 578 tem-

445 607 618 661 retur,
669 612 737 653 ex
771 597 942 654 Maria
989 600 1235 670 Virgine.
1282 603 1488 675 Estque
1533 605 1894 662 subsistentia
1941 608 2032 664 illa

445 690 620 759 ipsius
649 691 1012 748 subsistentia
1049 703 1257 750 natura:
1283 696 1481 752 divinae
1505 707 1558 753 et
1593 708 1806 754 natura:
1839 699 2034 756 huma—

445 797 557 844 me,
609 794 898 854 utramque
936 788 1413 856 comprehendens
1447 791 1568 846 sine
1609 792 1863 848 mistione
1897 794 2034 850 alte-

441 878 678 944 ratinni,
737 887 833 934 aut
878 881 1234 950 corruptione
1280 885 1617 954 separationi
1657 894 1712 942 et
1767 887 2028 946 divisioni

439 970 700 1028 obnoxia.

511 1060 632 1118 Non
667 1065 829 1122 desiit
859 1068 1221 1126 subsistentia
1257 1085 1469 1129 naturae
1505 1076 1708 1132 divinae
1735 1093 1857 1134 esse
1890 1079 2027 1135 sub~

440 1155 691 1212 sistentia
739 1168 950 1216 natura;
999 1162 1253 1220 humana:
1283 1181 1409 1221 cum
1462 1167 1638 1239 ipsam
1689 1181 1940 1238 crearet,
1974 1153 2036 1230 et.

442 1244 644 1304 faceret
694 1265 789 1318 per
818 1252 1236 1311 subsistentiam
1268 1272 1423 1312 suam
1455 1259 1576 1315 sine
1607 1275 1716 1331 qua
1747 1277 1857 1317 non
1894 1264 2030 1320 sub-

440 1339 608 1404 sistit,
639 1358 861 1413 quaque
894 1356 1122 1418 excepta
1159 1365 1269 1404 non
1307 1360 1392 1406 est
1421 1351 1513 1406 alii
1540 1354 1781 1424 cognita.
1817 1353 2026 1427 Estque

441 1447 557 1500 ipse
605 1433 860 1494 Christus
901 1455 1048 1496 unus
1098 1451 1226 1498 ante
1268 1445 1745 1515 incarnationem,
1802 1457 1857 1505 et
1902 1462 2026 1521 post

441 1524 905 1596 incarnationem,
930 1533 1047 1602 ipse
1073 1535 1218 1590 idem
1249 1539 1467 1608 genitus
1491 1556 1520 1595 a
1547 1539 1710 1597 Patre
1735 1543 1787 1598 in
1815 1545 2026 1602 unitate

441 1634 689 1688 persona:
749 1623 1062 1694 filiationis,
1121 1629 1328 1688 habens
1376 1633 1742 1691 substantiam
1780 1637 2022 1694 divinam

438 1711 768 1783 simplicem,
816 1730 943 1776 ante
973 1724 1157 1779 omnia
1189 1727 1421 1792 smeula,
1452 1729 1573 1808 sine
1604 1740 1812 1798 matre;
1845 1733 2024 1788 idem-

438 1822 545 1908 que
578 1819 744 1912 natus
767 1826 833 1915 ex
863 1813 1036 1871 Maria
1067 1818 1277 1876 ultimis
1308 1823 1650 1894 temporibus
1691 1826 1812 1881 sine
1841 1826 2022 1892 Patre,
2056 1854 2106 1917 Β

437 1896 493 1950 in
524 1901 736 1956 unitate
762 1903 1008 1973 ejusdem
1042 1907 1218 1978 ipsius
1251 1926 1528 1981 personae,
1556 1929 1587 1969 e
1615 1916 1832 1972 duabus
1862 1917 2032 1973 simul

438 1991 769 2051 substantiis
819 2010 1118 2067 constans,
1167 2003 1352 2060 divina
1399 2014 1454 2061 et
1504 2007 1788 2076 humana,
1830 2012 1886 2067 in
1933 2013 2024 2068 illa

438 2100 670 2153 persona
707 2091 1015 2160 conjunctis
1043 2135 1058 2158 ,
1095 2095 1352 2155 Christus
1393 2116 1563 2168 unus,
1595 2111 1650 2158 et
1683 2104 1823 2159 filius
1853 2123 2022 2173 unus,

436 2192 600 2246 quem
638 2182 912 2242 allocutus
942 2196 1026 2242 est
1059 2187 1224 2247 Pater
1256 2207 1287 2247 θ
1328 2195 1484 2251 caelis
1517 2196 1730 2254 duobus
1765 2198 1820 2255 in
1863 2201 2020 2267 locis,

436 2271 649 2328 scilicet
704 2275 873 2334 fluvio
924 2279 1184 2340 .lordanis
1237 2287 1327 2343 die
1382 2288 1664 2359 baptismi,
1731 2301 1784 2346 et
1837 2305 2024 2352 monte

437 2361 661 2421 Thabor
688 2367 776 2425 die
801 2373 1328 2445 transfigurationis,
1355 2381 1538 2437 dicens
1565 2400 1578 2436 :
1615 2382 1720 2437 Hic
1747 2394 1822 2440 est
1850 2384 2021 2442 Filius

437 2469 582 2509 meus
630 2457 853 2516 dilectus
894 2465 949 2518 in
1018 2482 1120 2537 quo
1163 2468 1294 2523 mihi
1342 2473 1641 2541 complacui
1676 2478 1715 2544 ',
1785 2494 2021 2548 eumque

435 2551 788 2619 compellavit
817 2555 1004 2627 Maria,
1040 2557 1313 2633 [dicens]:
1346 2562 1449 2618 Fili
1480 2568 1595 2632 mi,
1620 2583 1727 2623 non
1763 2579 1848 2627 est
1874 2573 2018 2630 filius

434 2639 636 2708 Patris,
684 2645 859 2714 alius;
888 2657 943 2704 et
993 2651 1138 2708 filius
1165 2654 1380 2721 Mariae,
1417 2659 1597 2727 alius;
1641 2663 1786 2718 absit
1829 2677 1887 2719 ut
1919 2668 2019 2722 hoc

431 2733 680 2792 dicatur!
738 2754 846 2795 non
905 2747 1050 2799 enim
1110 2758 1420 2818 nascuntur
1481 2763 1731 2822 naturae;
1789 2773 1916 2813 nam
1970 2762 2017 2815 si

431 2836 650 2897 pareret
673 2834 872 2888 mulier
891 2847 1166 2906 naturam,
1190 2856 1414 2898 necesse
1443 2856 1589 2901 esset
1612 2848 1798 2922 ut“
1827 2868 2018 2913 omnes

433 2919 690 2977 mulieres
715 2935 991 2994 parerent,
1016 2945 1140 2985 cum
1177 2949 1282 2986 una
1319 2941 1515 2990 natura
1544 2919 1735 2997 omnes
1757 2919 2020 3006 homines

430 3015 864 3080 comprehendat
893 3036 907 3079 :
950 3021 1044 3075 sed
1079 3035 1391 3079 nascuntur
1418 3043 1668 3097 persona:
1697 3051 1711 3090 :
1748 3050 1849 3091 nec
1874 3039 2018 3107 parit

429 3105 629 3160 mulier
677 3107 816 3164 duas
866 3126 1129 3181 personas
1169 3130 1327 3186 partu
1372 3136 1516 3187 uno,
1567 3126 1678 3181 nisi
1725 3141 1850 3184 cum
1876 3105 2015 3188 uni-

2135 607 2282 679 plum
2313 608 2550 674 creavit,
2584 623 2710 662 cum
2747 623 2858 665 non
2891 620 3038 666 esset
3072 612 3391 668 humanitas
3423 615 3526 669 ista
3563 606 3720 672 aute-

2133 711 2298 767 quam
2332 699 2602 755 resideret
2636 701 2873 759 Verbum
2909 703 3001 758 Dei
3037 703 3091 757 iu
3125 703 3320 767 Maria,
3357 720 3719 776 uequecrea-

2134 799 2309 858 retur,
2355 810 2536 866 neque
2581 797 2691 853 ulla
2736 799 2912 866 ipsius
2956 799 3317 854 subsistentia
3373 809 3498 852 nota
3544 813 3717 863 esset,

2132 881 2311 941 donec
2363 887 2417 941 in
2471 889 2644 959 ipsam
2695 892 2961 947 resideret
3007 893 3371 948 subsistentia
3425 893 3547 947 Filii
3603 893 3718 955 Dei,

2132 992 2256 1044 quae
2287 977 2430 1034 facta
2458 992 2543 1037 est
2571 983 2675 1052 ipsi
2712 984 3092 1040 subsistentia.
3127 985 3316 1056 Neque
3347 1000 3586 1053 unquam
3620 985 3726 1038 fuit

2129 1079 2262 1122 caro
2297 1067 2400 1123 ista
2424 1108 2438 1133 ,
2473 1085 2541 1126 ex
2574 1088 2683 1141 quo
2718 1075 2840 1139 fuit,
2882 1076 2989 1130 alia
3029 1092 3192 1146 quam
3230 1091 3362 1131 caro
3393 1074 3559 1132 Verbi
3599 1075 3716 1140 Dei;

2130 1176 2311 1232 neque
2361 1180 2630 1236 unquam,
2685 1183 2751 1223 ex
2809 1184 2918 1239 quo
2948 1169 3044 1223 fuit
3103 1184 3235 1225 caro
3282 1169 3465 1223 anima
3510 1167 3718 1223 intelli-

2128 1256 2275 1324 genti
2324 1257 2576 1313 rationali
2627 1261 2882 1330 prmdita,
2936 1260 3095 1316 aliter
3143 1260 3337 1315 habuit
3377 1275 3545 1329 quam
3589 1275 3719 1313 caro

2132 1347 2291 1404 Verbi
2325 1349 2441 1415 Dei,
2477 1366 2654 1422 neque
2684 1354 2845 1408 aliter
2875 1365 3002 1410 nota
3035 1362 3121 1410 est
3147 1367 3390 1424 unquam
3426 1367 3590 1419 quam
3619 1366 3723 1421 per-

2129 1442 2545 1500 subsistentiam
2578 1444 2744 1502 Verbi
2779 1446 2905 1513 Dei;
2945 1454 3032 1502 est
3062 1446 3230 1514 igitur
3260 1446 3374 1516 ipse
3408 1444 3582 1499 Filius
3619 1443 3716 1496 Dei

2112 1525 2327 1592 ‘unicus
2354 1552 2382 1591 a
2408 1537 2572 1595 Patre
2613 1539 2730 1596 sine
2756 1549 2932 1596 matre
2969 1540 3210 1612 genitus,
3245 1554 3275 1592 a
3305 1547 3476 1592 matre
3502 1535 3715 1608 [natus]

2128 1629 2248 1684 sine
2284 1629 2466 1698 Patre,
2498 1631 2755 1704 idemque
2782 1633 2957 1690 Filius
2987 1633 3098 1700 Dei,
3127 1641 3181 1689 et
3211 1631 3381 1687 Filius
3405 1628 3612 1683 Mariae.

2199 1724 2394 1782 Uuitas
2426 1735 2608 1782 autem
2642 1727 2713 1784 ob
2742 1729 3160 1786 subsistentiam
3189 1739 3275 1782 εει
3298 1740 3421 1780 cum
3455 1722 3714 1779 Christus

2132 1819 2269 1876 duas
2292 1820 2503 1878 habens
2529 1831 2759 1878 naturas
2786 1823 3087 1893 perfectas,
3115 1818 3426 1876 substantia
3451 1815 3716 1870 differen-

2132 1921 2236 1979 tes,
2270 1930 2507 1984 quarum
2543 1925 2775 1987 utraque
2800 1931 2869 1971 ex
2898 1916 3016 1971 suis
3054 1914 3288 1971 seorsim
3323 1910 3631 1966 actionibus
3662 1916 3717 1962 et

2128 2007 2416 2063 voluntate
2460 2023 2560 2062 sua
2600 2007 2816 2079 cognita
2854 2014 2975 2070 est,
3021 2022 3146 2061 cum
3193 2005 3433 2076 ipsarum
3482 2010 3716 2068 utraque

2129 2099 2412 2156 voluntate
2454 2115 2553 2156 sua
2587 2101 2750 2167 velit,
2784 2109 2837 2156 et
2871 2100 3186 2156 actionibus
3221 2099 3340 2153 suis
3376 2103 3525 2167 agat.
3557 2092 3734 2160 Quod‘

2129 2190 2174 2246 si
2210 2189 2468 2246 Christus
2508 2207 2653 2248 unus
2695 2199 2840 2247 esset
2870 2193 2991 2246 sine
3025 2191 3237 2246 unitate
3265 2200 3549 2259 personze,
3586 2199 3712 2240 cum

2127 2297 2188 2338 ea
2229 2299 2334 2351 qua
2383 2283 2649 2353 prmditus
2692 2292 2776 2338 est
2819 2294 3148 2337 naturarum
3198 2277 3570 2349 discrepantia
3604 2290 3737 2329 non~

2126 2375 2446 2432 conveniret
2495 2384 2554 2430 ttt
2587 2393 2728 2431 unus
2761 2375 3077 2439 haberetur,
3109 2373 3212 2429 nisi
3251 2383 3504 2426 naturam
3538 2367 3714 2437 ipsius

2125 2471 2589 2542 complecteretur
2619 2471 2980 2527 subsistentia
3016 2483 3147 2524 una.
3189 2466 3473 2537 Siquidem
3508 2477 3710 2517 nume-

2124 2577 2219 2618 rus
2248 2563 2394 2618 cadit
2423 2563 2476 2617 in
2499 2563 2900 2632 personas,etsi
2929 2562 3097 2616 fuerit
3137 2569 3335 2615 natura
3369 2570 3475 2611 una
3501 2571 3515 2622 ;
3548 2568 3710 2609 secus

2124 2655 2230 2726 52
2262 2656 2408 2709 enim
2454 2671 2565 2710 non
2605 2655 2829 2710 caderet
2863 2667 3130 2708 numerus
3163 2652 3219 2706 in
3265 2650 3531 2705 unitatem
3575 2647 3713 2702 sub-

2123 2749 2340 2804 stantiae
2376 2749 2465 2804 Dei
2507 2747 2593 2821 [ut
2616 2747 2785 2820 esset]
2817 2747 3099 2810 Trinitas,
3135 2760 3259 2801 cum
3297 2745 3370 2798 sit
3412 2742 3528 2812 ipse
3564 2755 3710 2794 unus

2122 2840 2290 2897 Deus.
2317 2840 2564 2895 Trinitas
2595 2855 2724 2896 vero
2750 2841 2803 2894 iu
2830 2853 3096 2909 personas
3125 2836 3294 2893 cadit.
3329 2833 3516 2905 Neque
3542 2832 3710 2886 cade-

2120 2941 2208 2991 ret
2237 2948 2502 2989 numerus
2536 2934 2590 2988 in
2627 2933 2916 2997 homines,
2951 2947 3059 3003 qua
3092 2931 3251 2986 multi
3284 2935 3608 2998 reputentur
3639 2927 3710 2980 ob

2121 3026 2538 3082 multitudinem
2561 3065 2576 3091 ,
2611 3041 2737 3082 cum
2768 3041 2861 3080 eos
2889 3022 3318 3096 comprehendat
3345 3029 3539 3075 natura
3576 3033 3706 3083 una;

2120 3119 2392 3191 siquidem
2432 3133 2624 3174 omnes
2655 3133 2800 3174 unus
2833 3119 2992 3172 homo
3020 3111 3241 3186 essent;
3291 3131 3478 3170 verum
3518 3129 3710 3185 perso-

428 3198 631 3269 cuique
665 3218 918 3271 persona:
955 3207 1027 3262 sit
1058 3219 1251 3278 partus
1280 3216 1531 3282 seorsim,
1564 3228 1621 3273 ut
1658 3219 1711 3274 in
1745 3225 2012 3289 gemellis.
2041 3208 2087 3272 C
2121 3229 2316 3268 narum
2347 3212 2628 3269 distinctio
2659 3214 2712 3266 in
2737 3227 2902 3267 causa
2931 3220 3015 3266 est
3041 3222 3099 3265 ut
3133 3209 3290 3264 tnulti
3320 3217 3708 3264 numerentur.

429 3291 543 3348 Nec
587 3286 940 3355 convenit'ut
985 3301 1098 3358 sint
1143 3306 1233 3358 uni
1271 3323 1510 3378 unquam
1550 3314 1626 3368 rei
1657 3286 1802 3370 binte
1839 3321 2018 3374 subsi-

427 3387 643 3443 stentias
680 3392 897 3459 mistae;
938 3406 1131 3452 natura
1175 3401 1321 3455 enim
1370 3408 1794 3475 comprehendit
1835 3411 2018 3468 subsi-

427 3480 680 3536 stentias.
717 3484 1004 3549 Quomodo
1032 3504 1163 3562 ergo
1197 3491 1290 3546 fiat
1322 3502 1378 3548 ut
1413 3496 1785 3555 subsistentia:
1818 3513 2016 3560 natura

427 3571 659 3628 diversae
703 3575 868 3632 simul
912 3581 1328 3653 coniungantur
1373 3588 1426 3641 in
1471 3589 1697 3647 Christo
1743 3609 1855 3648 uno
1891 3611 2014 3650 cum

427 3662 925 3722 subsistentiarum
988 3670 1342 3727 differentia?
1407 3673 1779 3734 Subsistentia
1831 3689 2014 3737 autem

426 3765 586 3812 actus
620 3769 704 3813 est
740 3762 1172 3831 superioritatis.
1211 3764 1266 3820 Si
1301 3782 1431 3839 ergo
1453 3768 1708 3826 Christus
1741 3771 1880 3827 duas
1914 3773 2016 3826 ha-

428 3848 552 3903 leat
591 3860 824 3910 naturas
863 3854 1137 3920 diversas,
1187 3857 1333 3912 sicut
1369 3876 1556 3914 verum
1599 3870 1712 3928 est,
1752 3865 2017 3920 ae‘simul

428 3941 657 4000 haberet
712 3948 851 4004 duas
902 3950 1294 4008 subsistentias
1356 3953 1641 4020 diversas,
1700 3964 1812 4010 tum
1878 3957 2012 4012 illud

425 4039 569 4106 quod
624 4039 802 4109 ipsum
853 4043 1213 4116 conjungeret
1261 4044 1390 4118 [quo
1443 4064 1587 4104 unus
1639 4047 1812 4120 esset]
1866 4049 2016 4105 aliud

423 4140 575 4188 esset
611 4143 810 4200 praeter
839 4136 977 4192 duas
1022 4146 1250 4194 naturas
1275 4179 1289 4203 ,
1325 4155 1388 4194 ac
1423 4133 1560 4196 duas
1599 4141 2012 4208 subsistentias;

424 4228 586 4295 quale
620 4229 758 4282 nihil
808 4231 1038 4287 omnino
1079 4235 1374 4302 reperitur.
1427 4233 1646 4292 Scimus
1693 4244 1872 4291 autem
1905 4253 2013 4291 non

423 4331 550 4371 esse
584 4330 838 4374 naturam
883 4320 1090 4392 absque
1130 4338 1402 4393 persona;
1440 4340 1542 4380 nec
1583 4333 1765 4382 tamen
1801 4337 1883 4381 est
1916 4343 2015 4380 na-

425 4423 547 4466 tura
595 4414 649 4468 in
695 4401 1104 4491 unaftantum]
1149 4435 1409 4490 persona.
1453 4419 1663 4474 Natura
1701 4420 1846 4475 enim
1905 4436 2015 4475 una

421 4507 848 4576 comprehendit
880 4511 1065 4579 plures
1095 4527 1382 4582 personas,
1417 4519 1473 4567 at
1505 4528 1741 4582 persona
1769 4527 1875 4566 una
1904 4529 2012 4568 non

420 4603 846 4672 comprehendit
893 4613 1169 4658 naturam.
1209 4603 1412 4659 Nat-ura
1460 4616 1643 4661 autem
1680 4605 1886 4661 Christi
1924 4609 2012 4663 di-

420 4697 550 4748 vina
581 4703 789 4749 aeterna
818 4710 1100 4765 nunquam
1135 4697 1490 4752 subsistentia
1519 4714 1618 4754 sua
1650 4700 1866 4766 caruit;
1898 4699 2010 4769 jam

420 4788 784 4843 subsistentia
826 4788 931 4843 ista
959 4803 1021 4843 ea
1055 4798 1139 4843 est
1182 4806 1304 4860 quae
1346 4791 1706 4846 humanitatis
1749 4801 2010 4847 naturam

419 4882 524 4936 sibi
567 4890 910 4952 assumptam
942 4884 1216 4951 adjunxit,
1257 4883 1471 4953 fuitque
1505 4885 1608 4952 ipsi
1649 4885 2012 4942 subsistentia

419 4975 488 5028 ah
517 4991 581 5030 eo
613 4991 794 5043 usque
827 4987 1074 5044 tempore
1114 4993 1226 5047 quo
1265 4993 1374 5031 non
1410 4977 1516 5030 fuit
1547 4985 1676 5033 ante
1708 4979 2010 5034 habitatio-

419 5084 544 5122 nem
595 5083 847 5138 persona:
891 5069 1053 5124 istius
1098 5069 1300 5124 divina:
1347 5070 1403 5123 in
1443 5068 1615 5124 Maria
1667 5070 1721 5124 in
1766 5087 1876 5141 qua
1917 5071 2010 5127 ubi

419 5161 686 5216 habitavit
719 5161 851 5216 fecit
881 5176 946 5215 ex
973 5160 1091 5230 ipsa
1122 5161 1448 5226 essentiam,
1474 5161 1726 5216 videlicet
1754 5171 2008 5218 naturam

417 5253 743 5320 humanam,
779 5269 943 5323 quam
985 5252 1345 5308 subsistentia
1380 5267 1480 5308 sua
1521 5253 1824 5308 subsistere
1859 5254 2007 5320 fecit,

416 5353 471 5398 et
515 5343 794 5399 deificavit
837 5344 967 5398 dum
1010 5342 1112 5413 ipsi
1159 5341 1457 5397 essentiam
1491 5342 1707 5409 tribuit,
1753 5341 2003 5413 5.9-5],

418 5437 535 5491 haec
572 5445 754 5492 autem
779 5476 792 5501 ,
827 5437 1040 5492 scilicet
1072 5434 1218 5506 quod
1252 5436 1426 5504 ipsam
1461 5437 1854 5506 assumpserit,
1882 5452 2007 5492 esse

417 5528 610 5584 fecerit
641 5545 706 5585 ac
749 5529 1124 5594 deificaverit,
1168 5527 1351 5582 omnia
1387 5527 1550 5582 simul
1586 5526 1841 5593 fuerunt,
1876 5528 2003 5583 dum

417 5621 1035 5679 humanitatemChristi
1061 5621 1352 5676 habentem
1371 5619 1812 5687 subsistentiam,
1839 5635 2004 5689 quam

418 5723 609 5772 notum
635 5724 720 5772 est
749 5731 869 5772 esse
899 5713 1318 5772 subsistentiam
1354 5713 1473 5768 Filii
1504 5714 1621 5778 Dei,
1656 5722 1999 5782 assumptam

495 5898 731 5956 ‘Matth.
767 5916 848 5966 ιιι,
887 5899 987 5964 l7;
1025 5897 1157 5953 Luc.
1195 5913 1275 5963 tu,
1306 5895 1396 5951 Q2.
1461 5896 1478 5926 ³
1509 5895 1669 5951 Joau.
1707 5908 1744 5964 ι,
1781 5893 1804 5947 l
1843 5909 1970 5964 sqq.

2121 3305 2277 3373 Quod
2326 3305 2370 3362 si
2418 3306 2640 3361 Christo
2683 3306 2804 3360 duae
2851 3320 3101 3375 persona:
3144 3303 3451 3356 tribuenda:
3497 3308 3707 3364 essent,

2123 3408 2463 3468 competeret
2501 3399 2577 3453 illi
2611 3413 2878 3454 numerus
2922 3399 3198 3460 binarius,
3231 3413 3295 3452 ac
3330 3394 3588 3450 Trinitati
3622 3393 3708 3447 di-

2122 3492 2372 3547 vinitatis
2411 3491 2850 3563 quadruplicitas
2885 3507 3008 3546 cum
3040 3506 3069 3544 a
3110 3488 3379 3545 Trinitate
3417 3489 3482 3542 ad
3515 3502 3710 3542 nume-

2123 3601 2244 3640 rum
2273 3585 2688 3655 quaternariqu
2717 3595 3138 3655 promoveretur
3161 3591 3326 3653 atque
3355 3584 3406 3635 in
3431 3596 3493 3635 ea
3525 3581 3709 3635 auctio

2121 3676 2300 3732 locum
2336 3677 2580 3731 haberet.
2617 3676 2806 3745 Neque
2839 3677 3198 3744 perficeretur
3229 3674 3537 3744 baptismus
3565 3674 3718 3727 trina.

2120 3768 2499 3832 immersione,
2523 3783 2686 3838 quam
2715 3768 2974 3837 praecepit
2995 3767 3251 3822 Christus
3275 3766 3540 3834 apostolis
3566 3770 3708 3828 suis,

2121 3858 2378 3913 videlicet
2421 3867 2478 3912 ut
2526 3858 2874 3929 baptizarent
2905 3874 3030 3914 eum
3075 3860 3171 3929 qui
3219 3857 3470 3913 crederet
3515 3858 3567 3912 in
3607 3873 3710 3910 no-

2117 3953 2267 4007 mine
2312 3951 2493 4008 Patris
2561 3961 2615 4008 et
2671 3951 2795 4006 Filii
2848 3960 2903 4007 et
2953 3951 3195 4022 Spiritus
3223 3953 3426 4008 sancti.
3481 3951 3710 4005 Deceret

2117 4044 2264 4099 enim
2302 4059 2399 4099 eos
2440 4045 2532 4114 qui
2582 4053 2874 4100 autumant
2911 4043 3196 4100 Christum
3232 4045 3371 4098 duas
3410 4059 3535 4098 esse
3575 4043 3708 4097 sub-

2118 4139 2423 4205 sistentias,
2449 4149 2644 4209 quater
2666 4140 2808 4193 inter
2830 4137 3223 4208 baptizandqu
3258 4137 3552 4203 intingere,
3579 4149 3712 4187 cum

2119 4232 2344 4287 nomina
2387 4233 2527 4286 trina
2550 4274 2564 4299 ,
2603 4233 2713 4287 sint
2748 4247 2998 4302 personae
3033 4231 3206 4286 Patris
3246 4242 3299 4284 et
3333 4227 3454 4282 Filii
3489 4237 3542 4282 et
3574 4227 3703 4294 Spi-

2119 4325 2262 4379 ritus
2309 4325 2529 4392 sancti,
2583 4341 2818 4394 quorum
2870 4323 3094 4379 nomine
3137 4333 3221 4377 ter
3266 4336 3406 4389 aqua
3457 4319 3703 4388 tingitur.

2118 4418 2278 4484 Quod
2331 4419 2379 4474 si
2425 4429 2666 4489 quatuor
2714 4425 2904 4473 essent
2953 4431 3234 4486 personae,
3289 4428 3518 4468 necesse
3559 4417 3705 4465 esset

2121 4520 2316 4581 quater
2369 4510 2656 4582 immergi,
2707 4525 2868 4565 secus
2915 4524 3026 4563 non
3076 4509 3130 4563 in
3176 4517 3352 4561 totum
3400 4501 3705 4569 Christum,

2120 4621 2282 4674 quem
2322 4605 2463 4658 duas
2492 4618 2615 4658 esse
2657 4617 2938 4671 personas
2969 4601 3144 4665 dicit,
3181 4599 3572 4667 baptizaretur,
3609 4597 3705 4651 sed

2118 4697 2174 4752 in
2206 4695 2495 4750 dimidium
2546 4695 2754 4764 ipsius,
2804 4693 3008 4748 omissa
3056 4692 3271 4747 scilicet
3311 4692 3483 4745 altera
3526 4690 3709 4744 subsi-

2117 4788 2450 4844 stentiarum
2483 4785 2658 4855 ipsius
2695 4785 2751 4839 in
2793 4800 2957 4855 quam
2995 4783 3139 4837 haud
3177 4782 3340 4836 fuerit
3371 4779 3704 4849 baptizatus,

2111 4881 2226 4950 jam
2286 4893 2417 4948 ergo
2466 4875 2823 4931 manifestum
2873 4883 2960 4928 est
3009 4873 3292 4930 Christum
3341 4887 3510 4927 unum
3559 4886 3706 4936 esse,

2119 4979 2248 5028 ante
2277 4987 2440 5042 quem
2487 4985 2596 5024 non
2642 4967 2812 5023 fuerit
2856 4968 3114 5024 Christus
3148 4965 3322 5030 alius,
3363 4979 3543 5034 neque
3585 4973 3708 5033 post

2117 5065 2300 5135 ipsum
2333 5063 2550 5117 futurus
2578 5061 2650 5116 sit
2675 5059 2841 5116 alius.
2864 5057 3108 5114 Verbum
3129 5055 3276 5112 enim
3304 5056 3397 5111 Dei
3427 5069 3706 5124 nunquam

2119 5155 2363 5230 53-55
2394 5171 2503 5211 non
2539 5155 2642 5210 fuit
2671 5170 2737 5210 ex
2780 5169 2892 5224 quo
2936 5166 3217 5222 nunquam
3253 5166 3362 5205 non
3407 5147 3510 5204 fuit
3544 5146 3708 5202 Pater

2119 5251 2318 5321 ipsius,
2349 5260 2523 5318 neque
2559 5261 2802 5316 unquam
2832 5245 2938 5300 fuit
2968 5242 3114 5299 Deus
3150 5240 3271 5298 sine
3294 5238 3499 5300 Verbo,
3528 5249 3707 5304 neque

2117 5356 2358 5411 unquam
2393 5339 2796 5410 separationem
2828 5351 3024 5407 passus
3055 5343 3159 5398 est,
3186 5334 3332 5388 sicut
3360 5331 3494 5386 dicit
3526 5327 3705 5382 Evan-

2117 5435 2317 5505 gelium
2335 5450 2350 5488 :
2366 5431 2431 5486 In
2450 5431 2705 5501 principio
2728 5430 2827 5499 fuit
2862 5428 3110 5491 Verbum,
3124 5435 3172 5481 et
3189 5424 3412 5478 Verbum
3433 5435 3706 5489 nunquam

2117 5543 2221 5582 non
2244 5526 2344 5595 fuit
2377 5526 2518 5594 apud
2541 5523 2728 5589 Deum,
2756 5533 2803 5577 et
2830 5521 2967 5576 Deus
2999 5533 3272 5588 nunquam
3299 5531 3403 5570 non
3429 5513 3534 5582 fuit
3577 5509 3703 5565 Ver-

2115 5621 2262 5684 bum,
2305 5619 2483 5672 omnia
2518 5633 2612 5687 per
2641 5618 2816 5687 ipsum
2849 5614 2994 5683 facta
3021 5620 3169 5674 sunt,
3203 5617 3254 5663 et
3282 5609 3478 5678 absque
3507 5623 3565 5660 eo
3597 5621 3710 5659 non

2105 5712 2311 5779 factum
2337 5721 2411 5766 est
2451 5710 2531 5764 vel
2556 5726 2719 5765 unum
2751 5725 2933 5764 eorum
2959 5722 3077 5778 quae
3103 5703 3247 5758 facta
3275 5711 3396 5757 sunt
3427 5703 3470 5755 ’.
3498 5697 3704 5754 Deinde
