4076 6428
374 381 511 448 1043

1391 379 1766 443 EUTYCHli
1805 378 2353 442 ALEXANDBINI
2389 382 2610 444 ΡΑΤΠ.

3494 380 3630 446 illis

365 493 573 549 addens
598 492 758 549 dicit:
791 493 854 549 Et
886 492 1110 549 Verbum
1141 494 1338 565 factum
1355 500 1433 546 est
1465 507 1611 553 raro,
1642 501 1691 544 et
1720 504 1954 544 commo-
1983 490 2029 548 Α
2061 491 2232 560 tilem,
2263 510 2386 565 quae
2425 502 2571 550 statu
2603 507 2706 550 suo
2733 494 2967 564 simplici
2997 496 3173 551 tribus
3209 495 3405 552 diebus
3428 496 3480 550 in
3502 512 3631 552 aere

366 596 545 641 ratum
564 598 648 641 est
685 589 820 641 inter
845 602 941 641 nos
961 587 1002 654 ³,
1033 586 1492 654 conllrmavitque
1522 584 1727 639 dictum
1760 598 1942 649 suum,

367 678 789 734 subsistentiaat
813 676 982 734 Verbi
1008 693 1171 734 unam
1202 692 1349 740 esse,
1379 690 1500 746 quas
1530 691 1809 747 nunquam
1836 690 1945 729 non

369 772 472 826 fuit
518 787 644 826 eum
675 771 872 832 Patre.
913 772 1268 841 eamdemque
1316 771 1487 840 ipsam
1535 777 1814 839 assumpta
1849 783 1951 823 na-

371 876 492 921 tura
524 866 764 920 humana
796 865 996 920 factam
1038 864 1209 920 fuisse
1240 879 1458 920 carnem
1490 865 1556 918 ad
1587 862 1950 919 habitandum

380 957 526 1012 inter
566 957 841 1022 homines,
876 971 1039 1027 quam
1075 971 1214 1012 nova
1249 959 1528 1013 creatione
1567 956 1673 1013 sibi
1707 956 1952 1013 condidit

371 1064 439 1102 ex
498 1047 669 1104 Maria
719 1047 934 1120 virgine
980 1047 1102 1104 sine
1158 1047 1369 1104 semine
1419 1046 1684 1104 humano.
1715 1045 1952 1115 Fuitque

373 1138 616 1197 Verbum
663 1139 808 1210 quod
857 1154 1080 1195 carnem
1126 1138 1288 1195 imam
1341 1138 1602 1194 formavit
1650 1138 1705 1192 in
1758 1136 1951 1202 Maria,

374 1235 552 1288 instar
578 1233 805 1289 seminis
834 1232 977 1303 quod
1008 1246 1174 1288 causa
1204 1239 1288 1288 est
1315 1230 1663 1288 formationis
1692 1231 1950 1288 hominis.

373 1323 578 1393 Estque
629 1325 805 1394 ipsum
845 1339 1083 1396 persona
1110 1324 1201 1381 illa
1229 1339 1352 1395 quae
1380 1323 1435 1379 in
1464 1331 1654 1380 saneta
1681 1321 1956 1378 Trinitate

375 1425 697 1472 numeratur
724 1432 851 1473 cum
880 1416 1048 1473 Patre
1069 1426 1125 1473 et
1159 1414 1367 1487 Spiritu
1415 1423 1632 1471 sancto.
1692 1413 1953 1482 Idemque

375 1505 519 1577 quod
553 1514 878 1562 numeratur
904 1522 1069 1563 unum
1111 1518 1236 1562 cum
1272 1506 1622 1573 hominibus;
1669 1506 1759 1562 ille
1793 1504 1954 1563 Iesus

375 1598 630 1656 Christus
657 1598 833 1656 Filius
864 1598 958 1655 Dei
992 1599 1245 1665 viventis,
1266 1599 1547 1656 Filiusille
1572 1600 1800 1667 unicus;
1831 1614 1956 1669 per-

372 1688 554 1744 fectus
602 1689 748 1746 Deus
796 1704 921 1745 cum
971 1689 1131 1747 Patre
1176 1702 1229 1746 et
1280 1690 1490 1762 Spiritu
1537 1698 1764 1755 sancto,
1805 1690 1956 1745 nullo

377 1783 522 1837 inter
554 1782 706 1853 ipsos
736 1782 1058 1840 discrimine
1088 1783 1233 1856 quod
1265 1784 1332 1840 ad
1363 1785 1663 1841 essentiam
1697 1784 1954 1840 divinita-

378 1875 452 1929 tis
488 1884 539 1929 et
575 1875 938 1932 substantiam
976 1876 1184 1946 ipsius;
1237 1885 1291 1932 et
1327 1876 1602 1947 perfectus
1634 1878 1800 1932 homo
1832 1891 1954 1931 cum

381 1966 556 2041 matre
593 1981 694 2022 sua
721 1968 1049 2040 caeterisque
1083 1969 1426 2034 hominibus,
1465 1969 1612 2024 nullo
1638 1969 1780 2025 inter
1807 1968 1961 2038 ipsos

381 2059 703 2117 discrimine
750 2062 964 2120 ratione
1013 2063 1271 2121 essentia:
1325 2062 1685 2117 humanitatis
1733 2060 1963 2123 etsnb-

381 2152 602 2210 stantite
659 2153 857 2224 ipsius,
887 2154 1007 2211 sine
1027 2157 1393 2212 conversione
1416 2163 1509 2211 aut
1530 2155 1836 2210 mutatione
1855 2154 1964 2226 56

384 2243 653 2300 utriusvis
688 2252 1012 2300 naturarum
1050 2246 1224 2316 ipsius
1255 2261 1287 2302 a
1323 2245 1631 2302 substantia
1665 2260 1805 2310 sua;
1845 2245 1963 2301 sive

381 2334 689 2392 divinitatis
727 2350 757 2391 a
794 2336 1110 2393 substantia
1142 2351 1242 2394 sua
1280 2336 1465 2393 subtili
1502 2347 1557 2390 ct
1590 2335 1960 2404 simplicitate;

384 2428 453 2484 ad
488 2444 734 2486 crassam
769 2430 1136 2486 humanitatis
1172 2428 1478 2503 [naturam]
1514 2438 1569 2486 et
1601 2430 1965 2498 compositio-

382 2536 510 2577 nem
544 2522 756 2593 ipsius;
788 2524 903 2580 sive
928 2523 1289 2581 humanitatis
1314 2540 1342 2578 a
1369 2524 1622 2581 crassitie
1651 2531 1705 2578 et
1738 2539 1963 2594 compoa

383 2614 589 2672 sitione
618 2617 685 2671 ad
720 2616 1082 2673 subtilitatem
1117 2627 1174 2673 et
1203 2618 1613 2690 simplicitatem
1640 2618 1963 2681 divinitatis,

386 2704 566 2777 [sine,
614 2707 896 2781 inquam,]
934 2710 1015 2766 vel
1067 2710 1360 2776 mistione,
1409 2719 1803 2781 corrumpenle
1845 2722 1969 2779 quas

386 2806 561 2854 mutet
603 2800 926 2856 alterutrmn
975 2816 1034 2856 re
1072 2803 1255 2874 aliqua
1295 2803 1361 2858 ad
1400 2803 1766 2861 substantiam
1809 2815 1967 2857 suam

391 2888 750 2964 [spectante,]
793 2892 908 2950 sive
954 2909 1122 2965 parva
1165 2896 1282 2951 sive
1326 2910 1560 2968 magna,
1594 2910 1701 2966 qua
1748 2893 1902 2949 ﬁeret
1939 2907 1971 2947 e

387 2982 605 3042 duabus
641 2987 850 3041 naturis
879 3001 987 3041 una
1011 2997 1207 3043 natura
1239 2987 1425 3042 mista.
1458 2985 1571 3041 lloc
1596 2986 1742 3041 enim
1779 2983 1970 3040 infule-

384 3074 513 3130 litas
542 3085 625 3131 est
655 3085 709 3132 et
740 3077 1075 3148 blasphemia
1106 3078 1161 3133 in
1190 3076 1381 3143 Deum,
1410 3078 1624 3149 atligere
1657 3076 1758 3147 ipsi
1794 3084 1968 3131 muta—

2050 589 2381 658 permansit,
2415 603 2654 658 quorum
2692 588 2901 659 primus
2962 588 3063 642 fuit
3101 589 3235 644 fet-ia
3285 590 3462 660 prima
3518 605 3625 659 qua

2050 692 2233 737 creata
2263 689 2389 738 est:
2454 681 2658 737 deinde
2695 681 2796 751 ipsi
2830 681 2920 737 die
2954 691 3154 751 quarto
3208 695 3413 750 corpus
3458 691 3636 737 mate-

2051 776 2189 832 riale
2219 774 2451 841 creavit,
2494 773 2549 828 in
2601 789 2710 845 quo
2741 774 2917 844 ipsam
2998 775 3217 838 statuit,
3255 783 3421 843 atque
3480 774 3634 829 inhr-
3662 799 3677 820 ι

2051 869 2231 925 bitare
2262 869 2413 937 fecit,
2465 869 2723 925 mistione
2744 858 3064 941 necessaria
3125 876 3179 923 et
3241 867 3637 935 conjunctione

2053 962 2237 1029 firma,
2286 972 2341 1017 et
2370 968 2546 1017 totum
2579 959 2685 1014 hoc
2723 959 2894 1014 solem
2931 957 3225 1027 appellavit
3247 957 3473 1011 nomine
3500 971 3633 1021 uno,

2053 1054 2200 1125 quod
2254 1054 2669 1124 comprehcndit
2695 1061 2752 1109 et
2783 1063 3038 1105 naturam
3076 1049 3221 1103 lucis
3254 1048 3407 1111 solis,
3443 1056 3499 1101 et
3535 1062 3639 1100 na-

2055 1157 2233 1204 turam
2265 1146 2515 1217 corporis
2546 1147 2691 1217 ejus,
2750 1145 2967 1199 unitate
3032 1139 3408 1195 subsistentia:
3465 1138 3638 1207 ipsius

2056 1238 2220 1294 unius
2251 1252 2420 1308 quam
2445 1234 2858 1305 comprehendit
2894 1233 2973 1287 sol
3007 1248 3149 1287 unus
3178 1246 3195 1296 ;
3224 1230 3384 1300 cujus
3419 1243 3518 1284 nec
3546 1229 3637 1287 lu4

2056 1339 2182 1387 ante
2216 1344 2418 1399 corpus
2444 1328 2618 1395 ipsius
2649 1327 2733 1382 sol
2769 1325 3091 1386 vocabatur,
3131 1337 3233 1377 nec
3268 1336 3470 1390 corpus
3522 1316 3641 1370 sine

2058 1424 2177 1480 luce
2237 1425 2323 1480 sol
2381 1422 2557 1486 audit,
2604 1435 2793 1476 verum
2855 1418 2936 1475 sol
2994 1432 3139 1472 unus
3196 1424 3280 1470 cst
3335 1428 3464 1467 cum
3521 1409 3641 1493 luce

2055 1530 2112 1576 et
2173 1531 2405 1587 corpore
2487 1530 2589 1573 suo
2648 1514 2873 1581 pariter.
2943 1510 3259 1578 Eodemque
3329 1503 3492 1561 modo
3557 1500 3640 1555 di-

2057 1614 2343 1686 gnoscitur
2394 1611 2484 1666 lux
2537 1608 2630 1664 Dei
2661 1607 2934 1663 Christus.
2970 1601 3159 1673 Neque
3185 1601 3331 1657 enim
3371 1605 3498 1652 ante
3555 1596 3641 1649 itt-

2058 1705 2437 1761 carnationem
2479 1716 2634 1757 suam
2667 1714 2736 1755 ex
2767 1698 2980 1770 virgine
3021 1695 3199 1751 Maria
3220 1694 3526 1763 appellatus
3557 1697 3642 1745 cst

2058 1798 2354 1864 Christus;
2389 1811 2568 1867 neque
2603 1794 2808 1850 dicitur
2841 1788 3160 1846 humanitas
3184 1787 3362 1857 ipsius
3390 1786 3510 1841 sine
3553 1785 3641 1839 di-

2060 1895 2290 1950 vinitate
2317 1891 2592 1955 Christus,
2615 1889 2726 1961 60
2753 1898 2939 1943 verum
2968 1882 3229 1938 divinitas
3250 1892 3303 1934 et
3330 1877 3644 1934 humanitas

2062 1985 2236 2056 ipsius
2276 1983 2439 2041 simul
2485 1980 2741 2037 Christus
2778 1991 2942 2040 unus,
2976 1974 3074 2043 qui
3106 1982 3280 2029 estex
3331 1967 3644 2023 substantia

2061 2079 2243 2141 Patris
2292 2086 2348 2133 et
2373 2076 2613 2145 Spiritus
2638 2072 2815 2128 sancti
2845 2069 3149 2127 secundum
3177 2063 3552 2133 divinitatem,
3580 2069 3637 2114 et

2063 2185 2129 2226 ex
2161 2166 2465 2225 substantia
2512 2163 2699 2219 Matris
2725 2176 2837 2216 suae
2876 2157 3325 2227 reliquorumque
3356 2150 3641 2205 hominum

2066 2269 2319 2332 respectu
2360 2255 2719 2333 humanitatis
2759 2268 2895 2318 suae,
2924 2250 3018 2320 qui
3052 2248 3169 2302 vult
3214 2246 3498 2299 voluntate
3552 2257 3647 2295 na"

2067 2365 2203 2410 tura:
2238 2347 2596 2408 humanitatis
2653 2360 2787 2407 suae,
2819 2353 3127 2411 omnesque
3219 2337 3340 2405 ejus
3403 2334 3649 2388 actiones

2067 2453 2349 2518 operatur,
2373 2450 2599 2512 excepto
2631 2446 2875 2509 peccato.
2906 2435 3205 2490 Peccatum
3231 2428 3379 2484 enim
3413 2442 3523 2480 non
3557 2433 3643 2479 est

2067 2517 2136 2595 de
2167 2533 2476 2594 substantia
2536 2539 2763 2591 naturae,
2805 2541 2993 2581 verum
3047 2522 3301 2577 accidens
3345 2517 3491 2587 quod
3554 2529 3652 2583 per

2031 2677 2045 2688 .
2068 2630 2423 2689 rebellionem
2459 2625 2513 2679 in
2542 2630 2796 2677 naturam
2823 2617 3071 2674 intravit.
3113 2614 3232 2669 Non
3273 2609 3485 2668 destitit
3515 2606 3648 2662 sub-

2070 2723 2273 2781 stantia
2314 2715 2672 2774 humanitatis
2698 2713 2873 2785 ipsius
2901 2707 3128 2779 obsequi
3161 2702 3487 2762 substantite
3516 2698 3645 2754 divi-

2070 2817 2260 2872 nitatis
2316 2812 2514 2884 ipsius,
2551 2825 2619 2865 ex
2646 2790 2765 2878 quo.
2783 2818 3008 2861 carnem
3044 2799 3243 2861 induit,
3304 2810 3407 2851 nec
3443 2791 3657 2884 destitit

2072 2903 2303 2960 allectus
2329 2880 2692 2955 humanitatis
2728 2895 2905 2966 ipsius
2944 2904 3141 2962 parere
3172 2885 3391 2942 effectui
3447 2880 3653 2938 divini-

2077 2998 2176 3055 tati
2205 2995 2427 3068 ipsius;
2458 2989 2804 3061 nequeenim
2835 2984 3112 3042 desiderat
3143 2979 3461 3036 humanitas
3481 2974 3656 3045 ipsius

2073 3107 2172 3164 per
2197 3104 2280 3155 se,
2302 3085 2448 3157 quod
2478 3085 2595 3140 vult
2617 3092 2816 3138 natura
2844 3076 3203 3135 humanitatis
3239 3072 3307 3128 de
3332 3068 3477 3133 cibo,
3504 3075 3657 3164 potu,

387 3164 594 3220 tionem
624 3165 864 3236 aliquam
897 3183 1004 3238 qua
1034 3183 1065 3223 a
1102 3169 1411 3225 substantia
1444 3185 1543 3224 sua
1579 3176 1803 3225 creante
1837 3182 1962 3224 con-
1995 3183 2040 3244 ο
2074 3159 2290 3251 έοωηο,
2323 3180 2652 3250 exterisque
2682 3188 2805 3246 qua,
2838 3171 2917 3228 ad.
2939 3167 3305 3226 substantiam
3339 3159 3659 3218 humanita-

386 3263 699 3316 vertcretur
743 3260 797 3315 in
845 3261 1212 3317 substantiam
1267 3270 1549 3330 creatam;
1594 3269 1689 3317 aut
1739 3259 1969 3333 [dicere]

387 3364 633 3417 carnem,
673 3366 836 3421 quam
883 3353 986 3408 sibi
1037 3353 1094 3408 in
1140 3354 1514 3411 habitaculum
1560 3355 1791 3419 creavit,
1832 3370 1969 3410 con-

388 3444 530 3499 verti
571 3459 601 3497 a
650 3445 965 3501 substantia
1003 3461 1104 3503 sua
1151 3455 1334 3504 creata
1385 3464 1451 3505 ac
1492 3448 1609 3505 fieri
1664 3458 1968 3506 creantem.

389 3537 548 3603 Quod
573 3537 618 3594 si
641 3538 764 3594 duae
787 3547 996 3595 natura:
1018 3541 1511 3597 commiscerentur
1535 3543 1767 3598 mistttra
1791 3545 1972 3614 aliqua

394 3629 528 3684 adeo
554 3638 613 3684 ut
642 3629 834 3690 iicreat
863 3640 1230 3696 natura.una,
1255 3647 1365 3688 non
1395 3642 1544 3690 esset
1572 3633 1828 3690 Christus
1852 3645 1976 3708 post

393 3725 833 3781 incarnationem
865 3740 1049 3792 suam,
1076 3742 1107 3783 e
1144 3727 1454 3783 substantia
1489 3727 1672 3783 Patris
1703 3736 1757 3784 et
1795 3730 1973 3798 Spiri-

396 3824 489 3871 tus
527 3815 735 3887 sancti,
781 3816 1050 3887 siquidem
1092 3816 1399 3874 substantia
1439 3815 1619 3873 Patris
1650 3825 1704 3873 et
1740 3816 1976 3886 Spiritus

393 3905 568 3962 sancti
608 3915 688 3961 est
722 3905 1031 3963 substantia
1061 3907 1314 3978 simplex,
1342 3908 1593 3975 subtilis,
1624 3908 1720 3964 lux
1751 3923 1971 3974 creans,

392 4012 558 4068 quam
588 4012 698 4053 non
736 3997 1040 4069 ingreditur
1066 4001 1416 4071 compositio.
1443 3999 1508 4054 Et
1537 4000 1814 4072 quomodo
1838 4016 1974 4057 con-

392 4091 607 4147 veniret
644 4100 703 4146 ut
744 4090 916 4148 Filius
959 4093 1280 4149 incarnatus
1321 4105 1709 4150 accenseretur
1743 4094 1891 4149 Patri
1922 4102 1978 4150 et

395 4194 592 4240 sancto
646 4175 898 4252 Spiriiui,
934 4192 1225 4255 postquam
1281 4200 1314 4239 e
1364 4183 1676 4240 substantia
1731 4185 1978 4256 ipsorum

393 4289 651 4346 egressus
679 4284 829 4331 esset
862 4291 975 4346 prae
1002 4289 1066 4330 ea
1094 4278 1184 4332 cui
1215 4276 1489 4332 obnoxius
1522 4275 1699 4333 fuerat
1725 4279 1980 4334 mistione

395 4372 451 4419 et
479 4366 915 4435 compositione?
939 4369 1047 4422 Aut
1078 4367 1352 4438 quomodo
1384 4368 1778 4424 concederetur
1803 4369 1981 4440 ipsum

396 4472 524 4514 esse
553 4457 725 4514 Deum
760 4476 926 4515 unum
953 4475 1076 4515 cum
1111 4459 1278 4516 Patre
1306 4469 1360 4515 et
1395 4458 1603 4531 Spiritu
1637 4471 1830 4517 sancto
1861 4478 1982 4517 cum

2072 3279 2144 3332 tis
2193 3279 2465 3344 spectant,
2525 3277 2755 3338 excepto
2806 3271 3054 3336 peccato,
3111 3260 3287 3315 donec
3341 3253 3659 3310 desiderare

2073 3368 2241 3426 faciat
2273 3364 2533 3422 divinitas
2558 3361 2734 3420 insius
2762 3356 3161 3413 humanitatem
3196 3344 3661 3421 ipsius,‘velitque
3730 3344 3737 3349 ’

2075 3461 2179 3534 ipsi
2204 3469 2264 3516 ut
2285 3458 2416 3514 velit
2440 3455 2588 3527 quod
2614 3455 2662 3511 ei
2706 3466 2803 3522 per
2825 3465 2887 3507 se
2912 3447 3200 3517 competit,
3228 3458 3333 3498 nec
3355 3439 3660 3511 quidquam

2075 3552 2307 3622 sumpsit
2331 3549 2545 3605 ratione
2571 3545 2920 3601 necessitatis
2943 3552 2993 3597 et
3027 3536 3440 3609 compulsionis,
3471 3548 3660 3589 eorum

2074 3658 2207 3713 qua:
2233 3653 2364 3696 caro
2395 3634 2702 3693 necessario
2736 3633 2994 3707 requirit,
3038 3644 3217 3700 neque
3265 3628 3332 3682 ad
3359 3626 3662 3696 quidquam

2076 3751 2266 3794 eorum
2288 3733 2552 3803 confugit,
2579 3730 2651 3787 ob
2675 3727 2972 3798 potentiam
3011 3722 3333 3780 substantiae
3359 3717 3661 3774 divinitatis

2079 3844 2194 3886 sua:
2253 3842 2375 3898 quas
2419 3825 2650 3879 admista
2691 3833 2773 3878 est
2825 3817 3158 3876 humanitati
3221 3816 3397 3886 ipsius
3438 3812 3661 3883 unitate

2081 3919 2471 3984 subsistentia,
2503 3916 2571 3972 ad
2611 3911 2973 3969 atnovcndam
3037 3922 3258 3964 omnem
3316 3902 3662 3975 compulsio-

2080 4028 2204 4069 nem
2280 4020 2335 4064 et
2395 4006 2787 4064 necessitatem
2845 4017 2875 4056 a
2933 3998 3241 4057 substantia
3305 3994 3666 4051 humanitatis

2082 4105 2278 4174 ipsius.
2319 4099 2516 4156 Verum
2551 4099 2764 4155 creavit
2792 4096 2913 4165 ipsa
2947 4089 3312 4148 substantiam
3350 4087 3667 4143 humanita-

2083 4195 2156 4253 tis
2188 4193 2384 4265 ipsius,
2437 4191 2717 4260 voluitque
2744 4204 2862 4260 quae
2894 4185 3064 4241 voluit
3088 4180 3405 4237 humanitas
3435 4193 3531 4248 per
3564 4191 3622 4232 se
3649 4193 3666 4241 ;

2083 4294 2146 4342 ut
2194 4284 2289 4341 ita
2339 4285 2622 4338 veritatem
2688 4283 2962 4337 astrueret
3017 4284 3229 4329 naturae
3284 4268 3670 4331 humanitatis,

2086 4379 2258 4450 ipsam
2299 4376 2549 4449 61-63
2576 4374 2786 4431 scilicet
2815 4380 3020 4429 statum
3075 4383 3234 4424 suum
3278 4365 3506 4420 firmiter
3541 4363 3672 4416 reti-

2088 4486 2240 4538 nere,
2268 4486 2370 4526 nec
2391 4471 2444 4525 in
2477 4468 2624 4523 aliud
2659 4465 2789 4537 quid
2813 4481 2842 4520 a
2879 4464 3186 4521 substantia
3208 4476 3310 4517 sua
3342 4470 3670 4514 conversum

398 4565 463 4605 ea
486 4565 607 4622 quae
629 4558 838 4606 natura:
854 4552 1028 4624 ipsius
1051 4553 1321 4625 obtigerat
1345 4554 1637 4610 mistione?
1660 4555 1803 4623 Quin
1822 4556 1967 4611 etian

2102 4576 2249 4617 esse.
2289 4559 2550 4628 Fecitque
2578 4556 2834 4613 Christus
2862 4570 3056 4611 omnes
3095 4550 3455 4607 humanitatis
3497 4547 3674 4603 actio-

399 4645 506 4699 hoc
537 4653 700 4715 pacto
728 4655 876 4701 esset
913 4646 1232 4701 humanitas
1261 4646 1471 4704 Christi
1511 4649 1825 4704 humanitas
1856 4665 1981 4704 eum

398 4750 463 4790 ea
494 4751 658 4806 quam
693 4736 937 4792 subierat
963 4736 1216 4809 57-59
1247 4740 1553 4795 mutatione
1581 4748 1828 4810 respectu
1857 4740 1986 4795 sub-

400 4830 615 4884 stantia:
640 4845 753 4885 sute
777 4844 804 4882 a
834 4839 1032 4884 natura
1066 4832 1428 4887 humanitatis
1451 4830 1518 4885 ad
1544 4832 1985 4887 commistionem

403 4932 528 4973 cum
550 4920 861 4975 substantia
889 4920 1218 4985 divinitatis,
1238 4933 1291 4976 et
1315 4923 1775 4993 alterationequte
1806 4931 1987 4979 muta-

402 5009 608 5063 tionem
639 5010 930 5078 utriusque
975 5022 1188 5066 natura:
1230 5012 1298 5065 ah
1338 5027 1404 5067 eo
1422 5027 1532 5081 quo
1578 5012 1755 5077 fuerat
1802 5021 1946 5068 statu
1972 5053 1988 5081 ,

401 5100 501 5159 init
518 5112 631 5156 rret
666 5099 776 5156 Nos
791 5119 918 5158 vero
935 5103 1212 5160 credimus
1234 5104 1288 5158 in
1303 5102 1582 5162 Christum
1609 5122 1803 5173 unum,
1818 5122 1988 5163 unum

395 5198 611 5253 factum
663 5194 874 5248 unitate
899 5210 1149 5265 personae
1187 5197 1241 5251 in
1290 5214 1397 5266 qua
1429 5198 1699 5270 copulatae
1749 5211 1878 5254 sunt
1909 5201 1994 5255 di-

400 5290 606 5343 vinitas
641 5295 696 5343 et
725 5287 1039 5343 substantia
1068 5289 1449 5356 humanitatis,
1513 5308 1637 5362 qua:
1668 5307 1761 5347 eas
1824 5293 1989 5349 simul

400 5380 699 5451 cunjungit
748 5382 871 5435 sine
928 5380 1209 5446 mistione,
1265 5384 1650 5452 conversione,
1684 5386 1987 5442 mutatione

400 5485 491 5526 aut
530 5475 875 5544 separatione
913 5488 1019 5544 qua
1059 5473 1413 5531 divellantur.
1468 5475 1656 5547 Neque
1682 5485 1764 5531 est
1789 5478 1905 5549 ipse
1934 5478 1988 5532 in

404 5568 675 5623 alterutra
709 5576 1033 5624 naturarum
1095 5570 1211 5623 sine
1243 5568 1414 5623 altera
1448 5586 1462 5625 :
1528 5572 1988 5639 quemadmodum

406 5666 663 5716 novimus
696 5660 862 5717 Deum
890 5662 1047 5717 initio
1080 5675 1301 5720 creasse
1330 5661 1508 5719 lucem
1532 5662 1835 5734 simplicem
1867 5666 1997 5720 sub-

515 5835 537 5865 ³
563 5831 719 5890 Jonn.
751 5837 792 5902 1,
828 5839 914 5893 Μ.

2089 4666 2210 4716 nes,
2239 4656 2469 4718 excepto
2500 4655 2745 4717 peccato,
2769 4661 2892 4701 cum
2926 4644 3183 4700 incitaret
3208 4641 3468 4696 divinitas
3498 4638 3673 4708 ipsam

2090 4742 2157 4796 ad
2193 4740 2475 4795 faciendas
2510 4737 2871 4793 humanitatis
2904 4737 3170 4801 actiones,
3202 4736 3275 4789 ita
3308 4743 3367 4787 ut
3399 4747 3502 4787 nec
3533 4730 3677 4785 facc-

2092 4840 2173 4888 ret
2207 4831 2297 4885 illa
2321 4829 2511 4894 invita,
2539 4837 2635 4884 aut
2675 4828 3002 4885 necessitate
3048 4828 3114 4882 ad
3137 4826 3425 4897 quodlibet
3482 4839 3675 4880 eorum

2092 4923 2371 4991 compulsa
2407 4939 2422 4988 ;
2465 4932 2520 4978 at
2549 4936 2677 4977 cum
2707 4921 2868 4976 vellet
2902 4919 3163 4975 divinitas
3200 4926 3258 4973 ut
3313 4916 3474 4972 vellet
3519 4929 3676 4968 suam

2097 5016 2454 5079 voluntatem,
2487 5029 2653 5083 opera
2710 5020 2892 5066 autem
2944 5011 3115 5081 ipsius
3146 5010 3372 5074 faceret,
3427 5006 3682 5061 videlicet

2099 5103 2366 5178 [aliquod]
2399 5102 2706 5160 divinitatis
2739 5101 2907 5156 totius
2939 5115 3081 5170 opus
3116 5101 3396 5154 voluntate
3428 5094 3683 5151 essentia:

2095 5190 2402 5253 divinitatis
2433 5213 2450 5264 ;
2484 5212 2593 5251 non
2628 5194 2756 5250 fecit
2788 5194 2892 5248 hoc
2917 5191 3074 5264 quasi
3111 5202 3300 5260 petens
3329 5188 3397 5242 al)
3426 5187 3534 5241 alio
3595 5185 3680 5239 vel

2096 5306 2258 5362 prece
2280 5290 2361 5345 vel
2393 5288 2789 5360 supplicatione
2815 5286 2901 5343 vel
2931 5292 3145 5355 rogatu,
3184 5297 3368 5336 verum
3403 5280 3685 5333 voluntate

2098 5384 2402 5439 divinitatis
2439 5380 2739 5438 essentiali.
2806 5378 3069 5433 Voluntas
3097 5374 3240 5430 enim
3305 5369 3524 5442 generis
3574 5375 3680 5431 est,

2101 5492 2208 5531 non
2235 5473 2556 5538 individui;
2620 5471 2853 5540 ideoque
2887 5468 3256 5538 quodcunque
3324 5462 3441 5516 vult
3504 5460 3682 5522 Pater,

2101 5570 2242 5626 idetn
2276 5568 2393 5623 vult
2421 5575 2476 5623 et
2514 5564 2711 5629 Filius,
2739 5571 2794 5619 et
2827 5562 3068 5633 Spiritus
3119 5566 3345 5614 sanctus
3374 5573 3388 5622 ;
3421 5563 3476 5609 et
3508 5550 3684 5624 quod-

2107 5680 2327 5737 cunque
2357 5664 2473 5719 vult
2503 5661 2699 5729 Filius,
2734 5658 2876 5715 idem
2908 5655 3024 5712 vult
3051 5660 3131 5729 et.
3165 5650 3326 5708 Pater
3359 5657 3412 5706 et
3444 5646 3686 5718 Spiritus
