4076 6426
451 343 586 404 1045

1870 349 2238 416 ANNALES.

3555 357 3686 421 toto

445 467 704 524 sanctus;
740 467 792 514 et
810 459 1568 534 quodcunque'vultSpiritus
1591 471 1840 530 sanctus,
1873 466 2014 520 idem
2045 469 2091 526 Α
2126 473 2232 527 Deo
2265 473 2505 542 propria,
2553 490 2672 540 qua:
2707 488 2864 529 nemo
2900 474 3038 530 alius
3090 473 3322 528 faciendi
3359 482 3684 542 potestatem

440 553 607 607 etiam
640 553 754 606 vult
772 553 932 609 Pater
949 565 1004 612 et
1024 553 1217 622 Filius;
1251 571 1356 612 non
1375 569 1458 615 cst
1477 558 2013 626 interipsoscontra-

444 644 610 698 rietas
652 651 748 698 aut
772 643 1098 702 diﬁ‘erentia.
1123 648 1301 716 Atque
1333 649 1406 704 ita
1435 649 1598 704 etiam
1634 651 1888 706 voluntas
1916 651 2016 705 lut-

443 735 748 800 manitatis,
771 739 994 804 generis.
1025 748 1112 795 est
1147 755 1256 794 non
1291 742 1556 797 individui
1587 758 1601 796 :
1638 743 1872 812 ideoque
1896 759 2015 796 om—

381 878 390 885 .
443 829 607 884 uibus
638 830 954 887 hominibus
983 834 1588 890 communiterinsitum
1630 847 1709 890 est
1749 844 2008 906 appetere

442 923 670 987 bonum,
697 934 799 978 nec
831 923 1117 995 quisquam
1150 935 1235 982 est
1259 927 1436 985 ﬁdelis
1469 931 1551 984 vel
1611 930 1866 997 inﬁdelis,
1924 931 2019 986 bo-

445 1030 556 1071 nus
588 1017 672 1071 vel
705 1018 906 1074 malus.
934 1019 1029 1088 qui
1064 1036 1173 1074 non
1213 1030 1432 1092 appetat
1465 1023 1693 1088 bonum,
1726 1025 2019 1094 ipsumque

445 1107 692 1178 accipere
723 1108 1034 1174 desideret,
1073 1123 1184 1167 tum
1218 1115 1272 1168 in
1307 1114 1409 1171 hoc
1443 1117 1668 1184 mundo,
1704 1128 1813 1172 tum
1847 1120 1898 1173 in
1936 1118 2019 1172 fu-

444 1205 573 1256 turo
601 1217 619 1269 ;
651 1217 752 1258 nec
781 1204 1071 1275 quisquam
1114 1210 1319 1279 estqui
1357 1219 1582 1282 respuat
1635 1211 1868 1276 bonum,
1924 1220 2017 1267 aut

444 1292 532 1346 cui
581 1307 689 1348 non
745 1294 878 1350 insit
935 1298 1211 1366 appetitus
1270 1299 1401 1364 cibi,
1464 1309 1647 1370 potus,
1685 1302 2015 1368 indumenti,

445 1386 646 1452 somni,
683 1386 907 1455 quietis,
942 1391 1374 1460 tranquillitatis,
1425 1396 1826 1464 prosperitatis,
1861 1398 2017 1452 sani-

444 1478 571 1532 tatis
600 1487 650 1534 et
678 1480 822 1548 vitae;
850 1489 906 1538 et
926 1482 1110 1538 odium
1141 1499 1326 1539 eorum
1353 1502 1472 1557 quae
1491 1489 1601 1560 64
1623 1490 1710 1546 his
1737 1493 2016 1547 contraria

445 1578 595 1636 sunt,
630 1572 884 1629 videlicet
949 1575 1128 1642 famis,
1188 1579 1332 1644 sitis,
1375 1581 1662 1646 nuditatis,
1706 1585 2014 1654 insomnite,

442 1660 672 1728 laboris,
701 1666 984 1733 molestiae,
1007 1668 1380 1738 adversitatis,
1410 1674 1770 1745 aegritudinis,
1805 1681 2018 1735 mortis.

2121 562 2302 628 habet,
2341 578 2517 632 neque
2545 564 2636 617 ulli
2681 579 2920 634 unquam
2958 581 2988 620 e
3017 566 3287 619 creaturis
3323 565 3497 634 ipsius
3551 581 3686 619 corr-

2120 669 2274 709 cessa
2308 661 2457 708 sunt.
2486 652 2654 722 quue
2690 655 2814 724 quia
2844 654 2960 723 ipse
2997 662 3148 708 creat
3177 654 3544 722 quodcunque
3568 655 3683 706 vult

2121 753 2176 799 et
2199 745 2521 800 abscondita
2552 746 2722 808 novit,
2751 746 3085 816 perspiciens
3116 761 3238 815 qua;
3278 753 3466 814 tegunt
3500 753 3684 814 pecto--

2120 851 2202 902 ra,
2255 847 2308 891 et
2343 846 2563 906 peccata
2618 839 2870 900 remittit,
2907 853 3028 906 quae
3072 853 3233 893 nemo
3285 846 3479 905 praeter
3511 838 3686 906 ipsum

2121 932 2402 986 remittere
2439 938 2634 1001 potest.
2701 930 2905 1000 Estque
2941 931 2996 986 in
3031 933 3181 987 omni
3214 931 3334 986 loco
3365 947 3519 1000 aeque
3548 947 3687 998 prm-
3737 952 3740 956 ~

2121 1019 2248 1078 se’ns
2265 1023 2412 1077 nulla
2439 1038 2497 1077 re
2515 1023 2856 1087 terminatus,
2880 1033 2934 1078 et
2950 1023 3002 1076 in
3023 1023 3288 1092 sepulcris
3307 1023 3419 1093 68
3439 1023 3691 1077 conditos

2121 1113 2207 1168 die
2240 1116 2661 1170 resurrectionis
2690 1115 3118 1170 resuscitaturus
3147 1123 3229 1169 est
3262 1115 3504 1185 potentia
3565 1131 3686 1181 sua,

2121 1223 2246 1264 cum
2281 1209 2352 1264 sit
2385 1208 2651 1265 Dominus
2681 1208 3026 1277 dieijudicii,
3091 1208 3348 1262 thronum
3415 1221 3692 1274 occupans

2120 1309 2174 1357 et
2199 1315 2423 1373 regnum
2472 1310 2528 1356 et
2562 1301 2908 1356 ratiocinium
2936 1315 3211 1365 severum,
3242 1300 3331 1367 qui
3395 1299 3693 1367 unicuique,

2120 1397 2419 1452 secundum
2455 1411 2516 1450 ea
2552 1411 2672 1465 qua:
2702 1395 2828 1448 fecit
2862 1394 3152 1458 retribuit;
3185 1392 3435 1460 idemque
3473 1392 3565 1459 qui
3629 1393 3694 1441 de.

2121 1488 2262 1544 coelo
2297 1486 2633 1543 descendens
2669 1487 2986 1540 incarnatus
3026 1493 3130 1551 est,
3155 1495 3209 1539 et
3235 1499 3436 1553 corpus
3471 1483 3523 1535 in
3585 1498 3695 1536 car-

2121 1581 2230 1635 lttm
2273 1581 2515 1637 sustulit.

2192 1672 2328 1728 Cum
2379 1682 2560 1728 autem
2601 1673 2805 1727 faceret
2833 1686 2996 1740 opera
3054 1667 3429 1730 humanitatis.
3469 1682 3531 1722 ca
3576 1681 3694 1732 qua!

442 1753 578 1808 Illud
609 1762 791 1811 autem
827 1758 974 1827 quod
1001 1759 1317 1832 discrepant
1344 1765 1592 1821 homines
1621 1777 1821 1837 praeter
1853 1784 2022 1840 appe-
2055 1797 2096 1854 Β
2124 1781 2287 1835 opera
2321 1774 2449 1819 sunt
2479 1764 2733 1834 generica
2769 1773 2823 1818 et
2855 1762 3126 1817 naturalia
3189 1759 3393 1829 (qualia
3418 1765 3545 1813 sunt
3569 1758 3694 1810 ede:-

445 1844 602 1900 titum
634 1848 994 1906 universalem
1033 1853 1180 1924 quod
1213 1855 1278 1910 ad
1318 1871 1405 1910 res
1429 1873 1567 1925 quas
1596 1859 1690 1913 alii
1727 1873 1919 1917 contra
1956 1879 2020 1918 ac

442 1938 533 1992 alii
584 1941 776 2006 velint,
817 1959 924 1999 non
959 1953 1044 2002 est
1068 1961 1098 2000 a
1147 1949 1430 2005 voluntate
1462 1954 1703 2007 naturali
1736 1971 1861 2024 qure
1921 1973 2018 2026 ge-

445 2030 562 2086 neri
597 2035 876 2103 competit,
905 2038 1001 2092 sed
1036 2039 1370 2096 desiderium
1402 2043 1682 2114 singulare
1715 2049 1861 2116 quod
1896 2050 2020 2118 qui-

444 2121 676 2178 busdam
706 2132 917 2180 tantum
956 2128 1238 2184 hominum
1269 2135 1486 2201 accidit,
1541 2151 1603 2191 ac
1631 2141 1898 2208 appetitui
1929 2157 2023 2196 na-

447 2218 607 2271 turali
640 2223 972 2276 contrarimn
1003 2241 1017 2288 ;
1061 2232 1246 2295 utpote
1269 2229 1414 2296 quod
1449 2230 1594 2285 aliud
1625 2247 1652 2284 a
1687 2234 1830 2288 bono
1857 2248 2019 2304 appe-

446 2314 545 2373 tat,
580 2309 810 2381 ideoque
841 2313 1156 2385 discrepant
1187 2318 1240 2372 in
1274 2319 1563 2378 desideriis
1599 2323 1720 2380 istis
1768 2327 2022 2382 acciden-

445 2400 646 2458 talibus
702 2418 824 2472 quae
885 2405 954 2460 ab
1015 2408 1298 2465 aﬁeetibus
1357 2412 1630 2479 oriuntur,
1691 2432 2020 2488 unoquoque

445 2491 580 2546 illud
609 2494 822 2550 volente
844 2497 995 2566 quod
1013 2499 1287 2557 desiderat
1317 2504 1387 2558 ob
1414 2506 1748 2576 voluptatem
1772 2526 1894 2580 qua:
1913 2512 2016 2580 ipsi

445 2583 571 2640 inde
605 2587 892 2658 contingit.
939 2587 1128 2660 Neque
1160 2601 1340 2649 tamen
1394 2595 1613 2652 interim
1669 2589 1823 2654 exuit
1867 2604 2021 2672 quis-

445 2676 590 2745 piam
620 2681 919 2749 appctitum
941 2698 1285 2740 communem
1313 2703 1421 2757 quo
1446 2691 2017 2751 iucitauturliomines
2051 2694 2062 2702 ’

447 2764 514 2818 ad
547 2767 748 2822 bonum
780 2769 1068 2825 volendum
1109 2773 1398 2846 ipsumque
1419 2781 1875 2848 amplectemlum.
1907 2794 2015 2840 tam

445 2853 501 2910 in
534 2856 642 2913 hac
669 2859 774 2914 vita
791 2878 953 2932 quam
976 2864 1032 2918 in
1053 2861 1258 2921 futura.
1285 2867 1519 2940 Ideoque
1548 2873 1769 2930 Christo
1795 2891 2018 2946 compe-

447 2955 571 3003 tunt
603 2949 744 3006 bina:
773 2954 1087 3012 voluntates
1122 2962 1402 3017 naturales
1462 2964 1706 3035 integrae.
1740 2967 1925 3024 divina
1966 2981 2021 3026 et

444 3041 704 3112 humana,
737 3047 953 3118 duoque
970 3067 1166 3120 genera
1185 3053 1416 3124 integra,
1438 3071 1633 3113 creans
1659 3069 1715 3114 et
1739 3070 2015 3132 creatum,

2126 1871 2204 1920 re,
2233 1857 2444 1918 bibere,
2479 1857 2650 1916 indui,
2683 1871 2927 1922 somnus,
2975 1856 3162 1918 sudor,
3195 1854 3440 1914 tristitia,
3479 1866 3698 1920 perpesé

2125 1951 2332 2015 siones,
2372 1953 2567 2018 mors),
2609 1950 2698 2006 his
2755 1950 3148 2004 humanitatem
3194 1964 3348 2002 suam
3402 1945 3696 2007 adstruxit',
3785 1935 3791 1941 ’

2125 2059 2295 2113 seque
2326 2043 2600 2098 hominem
2634 2050 2828 2098 natura
2857 2043 3159 2112 perfectum
3225 2057 3364 2096 esse.
3429 2039 3526 2092 Est
3569 2053 3698 2108 ergo

2123 2135 2382 2192 Christus
2429 2133 2605 2191 Filius
2646 2135 2738 2190 Dei
2809 2149 3006 2205 genere
3053 2141 3108 2188 et
3175 2130 3409 2187 essentia
3465 2129 3646 2182 divina
3685 2145 3699 2190 ;

2124 2226 2376 2296 idemque
2405 2227 2546 2282 ﬁlius
2577 2226 2815 2282 hominis
2844 2241 3043 2296 genere
3068 2234 3120 2280 et
3170 2223 3406 2277 essentia
3435 2223 3695 2281 humana,

2124 2319 2348 2390 ipseque
2392 2320 2648 2375 Christus
2682 2335 2826 2373 unus
2857 2319 3067 2374 unitate
3104 2316 3392 2387 peculiari,
3451 2328 3700 2383 perszmae

2122 2425 2237 2467 sua
2291 2410 2455 2464 unius
2522 2411 2779 2481 Propria;
2836 2424 3079 2476 personze
3145 2407 3354 2461 scilicet
3420 2404 3698 2458 ﬁliationis

2121 2512 2362 2567 aaternm,
2395 2519 2514 2574 quae
2543 2504 2726 2574 genita
2774 2511 2858 2557 est
2893 2517 2921 2555 a
2954 2501 3116 2554 Patre
3160 2502 3277 2554 sine
3314 2500 3514 2562 Matre,
3572 2507 3698 2551 ante

2122 2597 2318 2652 saecula
2345 2615 2359 2663 ;
2392 2596 2690 2666 eademque
2719 2609 2948 2664 persona
2980 2593 3256 2648 ﬁliatiouis
3288 2593 3558 2648 humanae.
3582 2605 3700 2656 quae

2122 2699 2247 2745 nata
2276 2699 2360 2746 est
2394 2681 2972 2758 ultimis-temporibus
3003 2701 3068 2740 ex
3097 2685 3266 2738 Maria
3305 2681 3544 2751 Virgine,
3581 2681 3700 2734 sine

2121 2791 2308 2853 patre;
2339 2791 2534 2852 estque
2562 2783 2679 2852 ipse
2707 2795 2944 2848 persona
2977 2794 3108 2842 ttna,
3155 2785 3381 2838 acterna,
3414 2775 3558 2843 quod
3626 2773 3691 2825 ad

2121 2875 2464 2931 divinitatem
2497 2895 2512 2940 ;
2563 2874 2906 2944 temporalis.
2934 2870 3081 2941 quod
3115 2869 3180 2923 ad
3238 2865 3634 2921 humanitatem
3671 2880 3686 2916 :

2125 2968 2379 3037 idemque
2402 2966 2615 3021 duabus
2651 2965 2814 3022 simul
2841 2963 3056 3018 naturis
3082 2959 3343 3029 loquitur,
3369 2974 3433 3013 ac
3465 2957 3698 3012 duorum

2123 3073 2384 3129 generum
2421 3059 2662 3112 actiones
2690 3055 2820 3110 edit.
2886 3053 2986 3108 Ubi
3013 3053 3170 3113 dixit,
3208 3051 3321 3120 Ego
3354 3065 3471 3102 sum
3529 3047 3702 3100 Filius

445 3138 742 3207 conjuncta?
769 3141 888 3196 sine
922 3144 1146 3198 mistura
1202 3146 1254 3200 in
1282 3163 1386 3203 una
1422 3165 1656 3218 persona
1713 3169 1833 3222 quae
1883 3155 2020 3212 duas
2048 3145 2090 3204 C
2126 3154 2252 3222 Dei,
2286 3154 2354 3210 de
2385 3151 2672 3212 divinitate
2704 3147 2949 3219 loquitur
2981 3165 2994 3213 ;
3025 3153 3078 3198 at
3115 3145 3205 3198 ubi
3247 3142 3410 3205 dixit,
3449 3140 3557 3209 Ego
3586 3156 3703 3193 sum

446 3239 674 3287 naturas
706 3236 1122 3302 comprehendit
1157 3240 1358 3296 unione
1387 3243 1490 3296 sibi
1529 3246 1772 3314 propria,
1804 3247 2018 3316 insepa-

446 3324 712 3392 rabiliter,
751 3326 921 3398 [adeo
947 3329 1027 3401 ut]
1095 3331 1354 3400 loquatur
1389 3338 1725 3406 proprietate
1775 3354 2026 3408 persona:

446 3434 557 3473 sua:
586 3419 748 3475 unius
791 3437 1049 3480 sermone
1078 3426 1307 3480 duarum
1345 3438 1688 3497 naturarum,
1730 3432 1930 3489 divina:
1969 3444 2024 3490 ct

449 3509 737 3578 humanae,
789 3530 888 3569 nec
913 3517 984 3571 sit
1033 3520 1124 3589 qui
1184 3521 1424 3590 loquitur
1477 3539 1730 3580 sermone
1788 3525 2027 3583 lmmano

448 3603 612 3669 alius,
666 3616 714 3662 ct
741 3608 833 3676 qui
861 3625 1116 3667 sermone
1150 3614 1336 3669 divino
1364 3616 1525 3681 alius,
1551 3631 1741 3672 verum
1773 3617 2028 3676 Christus

449 3713 592 3753 unus
617 3700 958 3772 quiutroque
991 3705 1150 3758 simul
1183 3721 1438 3764 sermone
1468 3709 1813 3778 loquatur,et
1844 3719 2028 3768 utras-

453 3805 559 3856 que
612 3791 858 3848 actiones
884 3805 1004 3864 agat
1033 3796 1249 3852 duabus
1275 3800 1670 3865 voluntatibus,
1721 3810 1774 3856 et
1811 3803 2026 3858 duabus

452 3881 614 3935 simul
643 3881 887 3954 65-67
921 3887 1134 3941 naturis
1165 3904 1181 3953 ;
1207 3901 1332 3942 cum
1365 3891 1496 3944 velit
1529 3890 1813 3946 voluntate
1843 3891 2026 3946 divina

450 3970 657 4029 faciens
699 3990 863 4045 opera
918 3977 1166 4042 Deitatis,
1223 3995 1344 4050 qua:
1400 3979 1530 4035 facit
1591 3984 2030 4053 quandocunque

451 4065 589 4128 vult,
616 4074 671 4121 et
699 4069 976 4138 quomodo
1017 4071 1152 4133 vult,
1179 4088 1287 4126 non
1346 4075 1687 4142 pr'rcedentc
1753 4076 2031 4131 voluntate

453 4159 696 4216 aetiones
728 4162 919 4232 ipsius,
951 4181 1073 4218 curn
1103 4167 1461 4236 penesipsnm
1489 4169 1560 4223 sit
1597 4180 1657 4224 ut
1685 4171 1846 4224 faciat
1873 4171 2032 4240 quid-

452 4251 584 4319 quid
617 4253 750 4314 vult,
783 4255 1224 4324 qua-ndocunqu'e
1252 4260 1388 4320 vult.
1433 4260 1586 4314 nulla
1642 4261 2020 4315 intercedente

451 4346 734 4413 petitione,
767 4362 949 4414 prece,
982 4357 1077 4402 aut
1110 4359 1332 4418 rogatu,
1383 4351 1538 4419 juxta
1577 4352 1708 4405 illud
1737 4353 1880 4422 quod
1897 4353 2034 4408 dixit

453 4438 558 4507 ipsi
592 4439 840 4507 leprosus
867 4459 880 4494 :
913 4439 1156 4505 Domine,
1185 4443 1230 4494 si
1260 4443 1334 4494 vis
1359 4452 1501 4510 potes
1530 4445 1826 4508 mundare;
1854 4457 1906 4500 et
1942 4462 2030 4502 re-

457 4531 681 4601 spondit
709 4533 846 4603 ipse,
896 4532 1046 4599 Volo,
1076 4537 1330 4589 mundare
1359 4535 1402 4600 ι,
1430 4537 1613 4606 itaque
1643 4553 1672 4591 a
1703 4539 1852 4606 lepra
1910 4555 2029 4603 sua,
2064 4527 2092 4552 ³⁵

455 4625 628 4694 ipsius
657 4626 960 4690 voluntate,
993 4629 1290 4682 mundatus
1319 4637 1404 4683 est
1430 4645 1444 4682 :
1473 4630 1633 4699 juxta
1670 4631 1836 4686 etiam
1869 4648 2028 4686 mau-

457 4718 642 4796 datum
685 4719 859 4788 ipsius
889 4719 955 4773 ad
1003 4720 1295 4785 daemonia,
1350 4731 1406 4775 ut
1457 4736 1487 4775 e
1529 4723 1880 4779 daemoniacis
1936 4741 2033 4778 ex-

456 4812 619 4874 irent,
680 4828 806 4866 cum
867 4823 1123 4883 rogarent
1171 4813 1347 4881 ipsum
1395 4813 1662 4869 daztnonia
1725 4816 2026 4885 utjuberet

457 4905 611 4974 ipsos
645 4920 844 4974 porcos
877 4907 1085 4975 ingredi
1118 4905 1319 4979 (neque
1355 4907 1500 4962 enim
1549 4908 1679 4962 illud
1709 4909 1828 4964 sine
1863 4910 2038 4980 ipsius

461 4997 734 5068 permissu
761 4996 942 5053 facere
964 5001 1466 5069 potuerunt)atque
1499 4999 1614 5069 ipse
1649 4999 1772 5055 illos
1809 5003 2036 5070 permit-

461 5098 620 5143 teret.
670 5087 865 5144 Postea
917 5091 1108 5156 etiatn,
1175 5100 1400 5145 ventum
1457 5099 1512 5144 et
1563 5105 1714 5144 mare
1754 5091 2039 5160 quiest-ere

456 5179 643 5250 jussit,
685 5181 846 5251 idque
874 5181 992 5234 sine
1026 5195 1186 5249 prece
1213 5191 1307 5235 aut
1338 5181 1616 5250 petitione.
1638 5182 1816 5252 Atque
1848 5182 2038 5251 hujus-

465 5271 614 5328 modi
641 5273 809 5327 multa
840 5273 894 5327 in
925 5272 1220 5342 Evangelio
1253 5273 1395 5327 facta
1423 5285 1821 5340 memorantur,
1846 5275 2046 5342 quibus

467 5363 810 5418 divinitatem
871 5379 1026 5419 suam
1109 5363 1476 5432 conﬁrmavit,
1533 5365 1764 5434 ideoque
1820 5367 2050 5419 credunt

473 5454 657 5510 ﬁdeles
689 5457 866 5526 ipsum
895 5472 1022 5513 esse
1053 5455 1222 5511 Deum
1259 5456 1586 5526 perfectum,
1645 5457 1774 5512 dum
1841 5457 2048 5512 faceret

470 5564 633 5618 Opera
673 5550 980 5605 divinitatis
1007 5567 1125 5619 qua)
1159 5551 1302 5605 nulla
1333 5565 1572 5618 unquam
1607 5560 1860 5607 creatura
1883 5551 2042 5616 fecit,

471 5657 572 5696 nec
629 5657 870 5712 unquam
913 5644 1090 5698 facere
1144 5651 1343 5714 potest,
1371 5657 1494 5698 cum
1549 5641 1659 5696 sint
1719 5657 1884 5712 opera
1941 5642 2044 5697 soli

548 5825 566 5853 ⁵
591 5821 781 5889 Matth,
804 5840 920 5891 vm,
940 5823 1053 5889 9.,‘5.

2128 3248 2306 3302 Filius
2355 3243 2605 3304 hominis,
2634 3239 2701 3295 de
2732 3237 3092 3292 humanitate.
3152 3234 3273 3302 Ipse
3305 3231 3570 3284 miracula
3609 3247 3699 3281 ra-

2129 3342 2279 3396 tione
2309 3337 2615 3393 divinitatis
2646 3347 2758 3389 suae
2785 3330 2931 3393 fecit,
2951 3329 3208 3396 idemque
3245 3325 3561 3379 aﬁlictioues
3585 3337 3709 3391 per-

2130 3433 2256 3492 tulit
2283 3431 2493 3486 ratione
2524 3425 2884 3481 humanitatis
2923 3440 2936 3476 :
2991 3420 3292 3476 cruciﬁxus
3352 3425 3406 3470 et
3461 3425 3708 3468 mortuus

2129 3535 2212 3582 cst
2240 3524 2448 3578 ratione
2487 3517 2846 3574 humanitatis
2910 3529 3044 3574 sum,
3105 3526 3204 3566 nec
3253 3509 3550 3565 cruciﬁxus
3607 3521 3705 3559 nec

2131 3630 2381 3674 mortuus
2413 3617 2624 3670 ratione
2654 3609 2899 3683 69-71
2931 3604 3254 3660 divinitatis.
3295 3601 3524 3654 Mutatio
3557 3597 3704 3653 enim

2129 3720 2184 3764 et
2225 3705 2608 3779 perpessioues
2636 3711 2692 3756 et
2721 3714 2868 3754 mors
2899 3694 3258 3751 humanitatis
3285 3691 3502 3761 propria
3545 3702 3700 3748 sunt.

2132 3815 2240 3854 non
2271 3793 2572 3851 divinitatis
2599 3832 2614 3854 ,
2636 3805 2756 3858 qum
2788 3787 2856 3842 ab
2885 3785 3146 3841 omnibus
3168 3784 3288 3838 istis
3315 3781 3574 3834 immunis
3602 3790 3708 3833 est.

2132 3891 2251 3944 Non
2284 3896 2464 3941 autem
2521 3883 2727 3952 patitur
2790 3875 2996 3948 aliquid
3046 3875 3113 3929 ab
3168 3872 3547 3928 accidentibus
3589 3887 3712 3939 quae.

2133 3982 2307 4052 ipsius
2333 3987 2544 4032 naturae
2574 3989 2680 4028 non
2713 3970 3047 4026 conveniunt
3077 3985 3090 4021 :
3124 3966 3358 4033 exempli
3397 3963 3592 4034 gratia,
3626 3979 3713 4016 sc-

2133 4074 2250 4127 curi
2276 4068 2451 4125 scindi
2515 4081 2620 4121 non
2659 4063 2803 4118 cadit
2835 4062 2888 4116 in
2922 4061 3118 4123 solem,
3159 4059 3286 4127 quia
3321 4056 3521 4121 scindi,
3579 4055 3711 4108 solis

2134 4173 2345 4219 natura:
2406 4175 2510 4214 non
2563 4155 2848 4225 competit.
2905 4153 3141 4221 Ideoque
3213 4151 3390 4204 securi
3446 4147 3713 4202 scinditur

2137 4258 2302 4313 arbor
2333 4254 2422 4308 cui
2481 4241 2844 4318 sol'aﬁ‘ulget,
2899 4254 2954 4301 at
3004 4259 3118 4299 non
3184 4258 3291 4297 una
3337 4257 3461 4309 cum
3518 4242 3715 4295 artiore

2137 4351 2410 4413 scinditur
2436 4347 2516 4403 sol
2548 4363 2561 4400 :
2597 4345 2741 4399 ferro
2769 4343 2914 4398 enim
2968 4341 3145 4395 scindi
3179 4339 3232 4392 in
3294 4339 3498 4408 ligmtm
3544 4336 3711 4398 cadit,

2137 4457 2193 4501 at
2221 4461 2329 4500 non
2367 4445 2421 4499 in
2457 4443 2646 4497 solem.
2706 4441 2784 4493 Ac
2817 4439 2978 4499 sicut,
3018 4450 3141 4488 cum
3200 4432 3403 4486 ferrum
3441 4430 3564 4498 igne
3627 4445 3717 4480 ca-

2145 4539 2402 4595 lefactum
2455 4548 2608 4604 aqum
2633 4529 2997 4597 immergitur,
3051 4539 3330 4592 occupans
3361 4521 3533 4591 frigus
3563 4535 3716 4587 aqua:

2145 4630 2286 4700 ignis
2304 4627 2564 4686 calorem,
2598 4621 2774 4688 ipsum
2805 4614 3125 4684 exstinguit,
3155 4615 3225 4666 ita
3263 4623 3445 4666 tamen
3481 4620 3539 4663 ut
3570 4611 3717 4664 nulla

2144 4719 2214 4772 ab
2241 4731 2308 4771 eo
2334 4729 2475 4768 noxa
2508 4713 2562 4764 in
2615 4708 2820 4763 ferrum
2861 4705 3040 4766 cadat,
3069 4703 3197 4772 quia
3225 4702 3405 4769 passio
3451 4700 3521 4753 ab
3575 4714 3718 4767 aqua

2146 4805 2347 4884 [illata]
2388 4804 2498 4876 igni
2528 4800 2788 4870 competit
2825 4805 2883 4851 ut
2917 4796 2986 4849 ab
3017 4796 3157 4884 ipsa,
3197 4791 3604 4884 exstinguatur,
3662 4796 3718 4884 at

2147 4881 2256 4957 non
2286 4896 2545 4967 competit
2581 4894 2726 4948 ferro
2755 4890 2943 4945 eadem
2978 4883 3302 4940 madefacw.
3330 4881 3528 4935 Eodem
3558 4881 3719 4935 modo

2147 4995 2351 5052 cadunt
2380 4990 2659 5062 passiones
2679 4985 2734 5038 in
2769 4982 3004 5036 animam
3031 4977 3319 5030 humanam
3365 4981 3421 5027 et
3454 4971 3520 5025 ad
3546 4973 3717 5062 ipsam

2149 5085 2490 5158 pet-tingunt,
2534 5086 2816 5143 tctumque
2853 5082 3076 5136 corpus,
3108 5065 3235 5158 quia
3273 5062 3328 5158 in
3362 5063 3485 5158 ipso
3511 5061 3722 5158 passio-

2149 5153 2245 5234 nes
2293 5178 2476 5230 locum
2541 5167 2766 5229 habent,
2808 5173 2862 5216 at
2920 5173 3030 5214 non
3090 5156 3236 5210 cadit
3290 5155 3343 5208 in
3380 5153 3718 5208 divinitatem

2147 5267 2464 5340 quidquam.
2519 5259 2691 5314 Porro
2720 5253 2998 5309 credimus
3028 5249 3307 5303 Christum
3372 5242 3720 5340 Filium-Dei

2149 5334 2372 5417 unicum
2403 5366 2523 5410 esse
2565 5355 2686 5420 post
2746 5341 3203 5402 incarnationem,
3272 5351 3485 5392 necnon
3551 5334 3724 5387 ﬁlium

2151 5449 2409 5514 hominis,
2442 5447 2620 5515 ipsum
2651 5453 2759 5494 non
2807 5437 2996 5496 alium,
3025 5433 3307 5488 Christum
3345 5443 3540 5491 unum,
3605 5425 3714 5478 Do-

2155 5545 2364 5602 minum
2393 5551 2584 5597 unum,
2617 5531 2753 5586 duas
2796 5528 3084 5583 habentem
3115 5521 3518 5593 generationes,
3569 5517 3723 5587 geni-

2159 5635 2276 5694 tum
2322 5650 2352 5690 a
2381 5633 2537 5690 Patre
2579 5635 2703 5683 ante
2744 5623 2965 5686 saecula,
2994 5633 3158 5690 supra
3198 5631 3413 5672 onmem
3477 5627 3722 5674 causam,
