4076 6442
409 336 541 400 1047

1431 339 1798 402 EUTYCHII
1835 335 2378 399 ALEXANDRINI
2420 339 2637 400 PATR‘.

3523 343 3658 406 1018

402 465 735 515 sermonem,
763 452 1170 521 cegitationcm,
1202 458 1258 509 et
1278 462 1512 522 tempus,
1544 468 1753 508 necnon
1787 461 1973 506 natum
2005 450 2052 506 A
2083 456 2189 503 tem
2219 449 2534 520 quicunque
2563 449 2924 504 mutationem
2959 448 3068 504 Deo
3111 450 3383 506 attribuit.
3417 453 3527 523 76
3558 452 3658 505 νυ-

402 556 435 596 a
481 542 649 598 Matre
673 542 777 597 fine
807 545 1091 614 temporis,
1136 552 1368 614 -pr0pter
1421 543 1650 600 salutem
1707 552 1973 608 nostram,

402 632 592 688 eodem
633 635 796 690 modo
831 650 940 705 quo
995 651 1093 691 nos
1143 637 1257 692 nati
1316 649 1530 699 sumus,
1571 641 1624 689 et
1653 650 1821 706 supra
1871 651 1975 690 na-

401 726 666 781 tivitatem
702 738 945 784 nostram
980 769 994 794 ,
1020 729 1269 783 videlicet
1301 744 1366 783 eo
1400 727 1561 782 modo
1588 743 1698 798 quo
1724 743 1830 784 nos
1855 729 1969 784 nati

399 833 617 882 sumus,
635 820 741 888 72
763 820 904 890 quod
929 821 1092 876 homo
1115 820 1280 874 fuerit
1301 827 1354 875 et
1378 835 1442 874 ex
1463 821 1724 887 muliere;
1753 830 1807 877 et
1830 820 1972 892 quod

397 909 464 962 :ad
503 919 715 978 tempus
764 910 1082 976 nativitatis,
1126 923 1248 980 post
1275 927 1468 966 novem
1501 927 1758 968 menses:
1794 920 1849 966 at
1872 922 1970 968 su-

398 1011 496 1062 pra
531 998 861 1052 nativitatcm
916 1007 1180 1064 nostram,
1215 1001 1359 1072 quod
1392 1018 1498 1056 non
1556 1003 1719 1057 fuerit
1766 1019 1832 1059 ex
1884 1018 1974 1059 se-

399 1089 564 1154 mine,
609 1104 789 1143 vermn
823 1105 887 1144 ex
922 1091 1125 1159 Spiritu
1157 1104 1367 1156 sancto,
1421 1103 1473 1148 et
1512 1093 1681 1148 Maria
1749 1094 1972 1166 Virgine

396 1180 628 1249 illibata,
684 1197 850 1251 supra
907 1184 1076 1254 legem
1136 1185 1442 1242 nativitatis
1498 1187 1769 1250 lmmanae,
1827 1187 1971 1257 quod

397 1272 562 1328 illaesa
613 1277 872 1330 manserit
930 1277 1217 1348 virginitas
1257 1278 1449 1335 Matris
1505 1295 1618 1334 suae
1680 1289 1969 1350 postquam

395 1365 464 1418 ab
514 1366 630 1434 ipsa
685 1375 848 1422 natus
906 1368 1029 1424 fuit.
1086 1370 1290 1440 Estque
1326 1371 1471 1425 idem
1504 1371 1647 1427 Deus
1688 1373 1969 1441 perfectus

395 1464 447 1508 et
495 1455 657 1512 homo
687 1460 961 1528 perfectus
989 1476 1003 1526 ;
1027 1469 1172 1517 totus
1201 1464 1318 1533 ipse
1351 1464 1493 1520 Deus
1519 1463 1813 1534 perfectus,
1843 1479 1968 1520 cum

397 1546 730 1603 humanitate
765 1564 886 1616 sua,
923 1560 977 1605 et
1016 1559 1164 1608 totus
1210 1555 1372 1610 homo
1413 1555 1692 1625 perfectus
1715 1571 1839 1610 cnm
1869 1555 1968 1610 di-

392 1638 620 1695 vinitate
671 1657 788 1697 sua.
821 1641 1060 1699 Verbum
1090 1647 1236 1701 enim
1262 1649 1606 1704 incarnatutn
1645 1659 1729 1705 est
1760 1649 1970 1717 absque

391 1731 712 1794 mutatione,
749 1735 1138 1801 minoratione,
1195 1745 1289 1792 aut
1313 1737 1573 1804 defectu;
1623 1747 1676 1794 et
1716 1739 1964 1794 deificata

391 1833 476 1877 est
509 1822 843 1888 humanitas,
883 1827 956 1881 ita
1006 1838 1184 1885 tamen
1238 1841 1298 1885 ut
1349 1832 1618 1889 terminos
1671 1847 1803 1889 suos
1852 1849 1962 1888 non

391 1913 716 1979 excesserit,
775 1927 1134 1986 permanente
1259 1931 1489 1992 utraque
1569 1935 1763 1980 natura
1818 1935 1964 1982 statu

394 2019 496 2058 suo
528 2005 582 2059 iu
639 2006 860 2063 Christo
899 2026 1028 2076 uno,
1057 2019 1110 2066 et
1144 2013 1327 2082 agnita
1360 2016 1734 2073 voluntatibus
1768 2018 1888 2073 suis
1913 2029 1966 2076 et

393 2094 705 2152 actionibus
736 2099 852 2153 suis
876 2100 928 2154 in
977 2103 1190 2156 unitate
1222 2121 1470 2174 persona:
1497 2107 1662 2163 Verbi
1696 2109 1815 2176 Dei,
1846 2126 1966 2180 quae

392 2195 680 2256 utramque
709 2191 1126 2260 comprehendit
1179 2199 1510 2267 proprietate
1566 2216 1664 2257 sua
1719 2217 1823 2272 una
1858 2219 1963 2274 qua

391 2279 645 2335 subsistit
685 2283 937 2342 Christus
973 2304 1136 2352 unus,
1172 2291 1224 2345 in
1260 2307 1368 2360 quo
1409 2303 1537 2347 sunt
1586 2301 1707 2350 (tua:
1730 2306 1962 2363 naturae,

393 2373 602 2429 scilicet
636 2391 852 2445 creans,
890 2397 1009 2450 qua:
1038 2392 1222 2439 manet
1251 2401 1444 2443 creatis
1474 2404 1489 2453 ;
1523 2396 1577 2443 et
1607 2399 1810 2452 creata,
1843 2407 1965 2462 quae

393 2475 572 2520 manet
603 2478 783 2524 creata
813 2489 826 2535 ;
859 2481 911 2526 ct
952 2489 1074 2542 qum
1103 2479 1349 2533 mortalis
1379 2479 1501 2546 fuit,
1535 2483 1811 2539 mortalis:
1844 2499 1966 2553 quae

392 2560 740 2628 immortalis,
776 2567 1100 2623 immortalis
1129 2587 1144 2637 ;
1172 2581 1224 2625 et
1251 2589 1371 2642 quae
1404 2577 1718 2641 terminata,
1773 2578 1963 2631 termi-

387 2651 472 2702 nis
502 2651 958 2725 circumscripta;
991 2667 1045 2714 et
1071 2676 1191 2729 qua:
1247 2665 1462 2717 termini
1506 2681 1613 2719 non
1649 2682 1841 2736 capax,
1879 2669 1963 2721 in-

390 2743 722 2812 terminata;
759 2756 811 2801 et
859 2764 980 2818 qua:
1014 2752 1186 2807 videri
1244 2762 1444 2823 potest,
1513 2758 1795 2825 visibilis;
1841 2775 1962 2827 quae

387 2834 558 2890 videri
583 2853 690 2891 non
731 2849 931 2907 potest,
974 2843 1290 2909 invisibilis,
1321 2864 1553 2915 quarum
1591 2851 1760 2905 altera
1792 2852 1962 2906 mira-

388 2929 526 2983 culis
559 2930 747 3001 fulget,
784 2935 952 2989 altera
992 2937 1316 2994 alﬂictiones
1347 2943 1569 3010 perfert.
1598 2945 1671 2996 Ita
1703 2948 1954 3014 suscepit

389 3019 626 3077 Verbum
645 3025 736 3080 Dei
770 3029 1349 3100 passiones,quoniam
1385 3033 1486 3102 ipsi
1515 3044 1642 3090 sunt
1676 3037 1960 3106 passiones

2083 560 2202 598 rum
2234 545 2374 599 dixit
2398 544 2558 618 [ipse]
2591 545 2875 600 veritatem
2905 561 3014 616 qua
3041 543 3344 616 intelligant
3381 546 3657 610 hominvs,

2080 646 2134 694 et
2179 653 2238 693 se
2285 653 2406 694 esse
2445 639 2641 694 Filium
2696 637 2813 704 Dei,
2859 647 2914 694 et
2957 644 3197 709 genitum
3239 654 3270 693 a
3315 637 3480 693 Patre
3533 653 3658 693 ante.

2079 732 2262 786 omnia
2299 732 2519 796 szecula,
2557 731 2886 801 proprietate
2919 731 3197 786 filiationis
3239 739 3293 786 et
3325 732 3656 786 substantia:
3681 763 3696 782 .

2077 821 2380 876 divinitatis
2409 821 2530 876 sine
2564 836 2728 875 carne
2754 829 2805 876 et
2822 820 2940 874 sine
2970 827 3163 886 matre,
3198 834 3300 872 nec
3324 833 3434 873 non
3460 827 3651 873 natum
3693 857 3698 860 -

2076 913 2242 969 etiam
2279 913 2486 967 ultimis
2517 911 2855 981 temporibus
2889 926 2952 965 ex
2984 910 3154 965 Maria
3191 910 3414 979 Virgine
3443 910 3547 965 isto
3567 926 3655 964 re-

2080 1014 2269 1074 spectu
2302 1004 2589 1074 peculiari.
2615 1003 2900 1058 ﬁliationis
2929 1003 3140 1057 scilicet
3175 1012 3227 1056 et
3253 1003 3467 1058 duabus
3516 1002 3653 1056 sub-

2075 1097 2294 1152 stantiis
2321 1096 2681 1166 conjunctim,
2712 1094 3018 1151 substantia
3067 1093 3371 1148 divinitatis
3399 1101 3646 1156 aeterme,

2073 1199 2129 1246 et
2152 1188 2461 1245 substantia
2485 1187 2840 1243 humanitatis
2861 1185 3038 1242 eidem
3063 1185 3362 1255 conjuncta
3389 1186 3655 1241 mistione

2074 1293 2196 1349 qua:
2228 1287 2516 1348 utramque
2546 1276 2912 1332 substantiam
2957 1277 3394 1345 comprehendit,
3435 1276 3650 1330 unitate

2072 1371 2426 1442 proprietatis
2461 1368 2762 1434 filiationis,
2789 1384 2910 1438 quae
2945 1369 3218 1438 duplicem
3261 1367 3426 1423 habet
3449 1369 3650 1423 nativi—

2071 1473 2256 1529 tatem,
2307 1463 2536 1518 alteram
2571 1477 2639 1516 cx
2686 1461 2868 1526 Patre,
2929 1468 3217 1524 aeternam,
3279 1460 3400 1515 sine
3457 1474 3649 1525 carne,

2071 1567 2126 1614 et
2173 1558 2398 1614 alteram
2428 1573 2495 1613 ex
2539 1564 2736 1619 matre,
2797 1555 2850 1608 in
2909 1564 3183 1622 tempore,
3266 1569 3390 1608 cum
3464 1569 3648 1610 carne.

2071 1649 2273 1719 Estque
2308 1648 2423 1717 ipse
2447 1648 2590 1701 filius
2621 1661 2786 1710 unus,
2811 1644 2985 1700 Filius
3009 1645 3122 1708 Dei,
3175 1655 3226 1699 et
3251 1644 3427 1700 Filius
3456 1643 3659 1710 Mariae,

2071 1743 2303 1811 ideoque
2331 1755 2441 1794 non
2477 1740 2688 1795 destitit
2709 1739 2890 1794 dicere
2911 1753 2976 1794 ac
3009 1739 3186 1808 palam
3224 1737 3403 1794 facere
3434 1753 3494 1793 se
3524 1754 3647 1792 esse

2069 1832 2264 1887 Filium
2294 1830 2414 1896 Dei,
2438 1831 2582 1900 quod
2612 1839 2665 1886 et
2687 1830 2948 1900 apostolis
2976 1829 3297 1898 caeterisque
3323 1828 3646 1883 hominibus

2069 1927 2382 1990 inculcavit,
2414 1940 2520 1980 uon
2559 1939 2668 1979 uno
2700 1924 2752 1977 in
2789 1923 2932 1989 loco,
2959 1922 3148 1976 dicens
3177 1938 3191 1974 :
3228 1918 3358 1974 Ideo
3395 1919 3532 1974 Deus
3566 1921 3650 1973 di-

2071 2022 2199 2076 lexit
2230 2018 2502 2083 mundum,
2529 2033 2646 2070 cum
2699 2015 2897 2070 dederit
2946 2031 3039 2084 pro
3070 2015 3197 2084 ipsis
3255 2011 3456 2069 Filium
3495 2028 3654 2066 suum

2068 2113 2304 2175 unicum,
2345 2127 2406 2163 ne
2444 2118 2619 2178 pereat
2643 2109 2879 2179 quisquis
2906 2108 2962 2160 in
2981 2123 3100 2160 eum
3125 2105 3428 2170 crediderit,
3466 2120 3645 2158 verum

2067 2205 2256 2260 habeat
2281 2213 2736 2258 mtummternam.
2770 2199 2892 2254 Non
2929 2201 3068 2253 enim
3103 2200 3249 2252 misit
3274 2198 3413 2252 Deus
3441 2197 3646 2250 Filium

2067 2315 2222 2352 suum
2258 2298 2309 2350 in
2350 2295 2605 2348 mundum
2644 2302 2702 2346 ut
2745 2292 3117 2346 condemnaret
3156 2291 3432 2351 mundum,
3472 2291 3645 2342 sed-ut

2067 2390 2293 2445 salvarel
2335 2389 2588 2441 mundum
2633 2384 2943 2454 Quicunque
2988 2400 3110 2453 ergo
3145 2383 3310 2436 credit
3356 2384 3408 2436 in
3438 2381 3643 2436 Filium

2068 2479 2593 2536 noncondcntnatur.
2639 2478 2713 2530 At
2750 2477 3044 2546 quicunque
3083 2492 3185 2528 non
3230 2474 3518 2528 crediderit
3589 2473 3645 2523 in

2067 2571 2270 2626 Filium
2299 2570 2504 2640 judicio
2528 2569 2783 2623 obnoxius
2814 2577 2912 2632 est,
2940 2568 3065 2637 quia
3102 2584 3206 2622 nou
3250 2568 3417 2621 credit
3459 2568 3512 2621 in
3550 2584 3646 2622 nov

2067 2683 2182 2720 men
2223 2665 2317 2717 Dei
2357 2665 2534 2717 unius.

2139 2757 2386 2813 Sufﬁciat
2429 2765 2608 2810 autem
2645 2753 2791 2824 quod
2825 2751 3067 2807 diximus
3115 2751 3371 2823 quodque
3399 2753 3646 2823 explica-

2066 2850 2244 2904 vimus
2283 2849 2348 2902 dc
2381 2848 2586 2903 unione
2618 2845 2920 2901 divinitatis
2962 2845 3178 2899 Domini
3217 2846 3391 2900 nostri
3439 2843 3644 2900 Christi

2066 2953 2186 2991 cum
2207 2935 2452 3007 77-79
2469 2935 2804 2990 humanitate
2822 2949 2942 3001 sua,
2956 2935 3128 3006 deque
3146 2935 3353 2990 unitate
3371 2934 3647 2989 filiationis

2066 3028 2234 3098 ipsius
2278 3028 2505 3098 ejusque
2536 3043 2644 3097 quo
2691 3027 2953 3080 Dominus
3003 3034 3090 3081 est
3136 3034 3441 3095 respectus,
3479 3035 3646 3096 atque

383 3115 570 3170 carnis
595 3132 708 3172 suae
731 3131 962 3184 sanctae,
996 3130 1049 3176 et
1070 3123 1476 3180 administravit
1507 3142 1636 3183 caro
1670 3130 1959 3197 miracula,
1987 3117 2032 3179 C
2064 3131 2342 3177 ostensum
2388 3126 2472 3175 est
2518 3118 2694 3174 cuivis
2739 3117 3014 3173 intellectu
3058 3126 3112 3173 et
3160 3118 3373 3187 judicio
3415 3119 3647 3187 praedito

301 3202 320 3211 ’
382 3206 448 3260 ad
465 3211 889 3266 confirmandam
911 3214 1221 3271 mistioneut
1243 3218 1295 3271 in
1318 3218 1560 3289 73-75
1579 3235 1813 3287 persona
1829 3239 1959 3288 una,

383 3305 552 3367 atque
583 3303 903 3370 esseipsum
920 3305 1192 3362 Christum
1213 3325 1405 3372 unum,
1432 3311 1525 3380 qui
1557 3293 1670 3366 edit
1694 3313 1959 3372 miracula

383 3389 686 3448 divinitatis
712 3408 824 3447 sure
858 3410 964 3448 una
991 3411 1113 3450 cum
1143 3397 1481 3455 humanitate
1514 3417 1647 3469 sua;
1679 3413 1733 3458 et
1760 3404 1960 3474 perfert

384 3482 667 3550 passiones
703 3485 1078 3552 humanitatis,
1109 3504 1212 3542 una
1250 3506 1373 3544 cum
1405 3492 1709 3550 divinitate.

453 3573 606 3639 Quod
633 3575 677 3630 si
713 3577 912 3630 dixerit
943 3579 1248 3650 quispiam:
1283 3581 1569 3648 Quomodo
1599 3585 1826 3657 (factum
1852 3591 1960 3659 est)

385 3678 442 3721 ut
473 3683 580 3721 non
601 3668 798 3724 dixerit
818 3671 1075 3727 Christus
1119 3673 1171 3728 in
1210 3673 1504 3745 Evangelio
1529 3693 1590 3734 se
1622 3679 1786 3736 Deum
1815 3699 1956 3748 esse,

385 3775 492 3828 quo
515 3762 587 3814 ita
617 3777 781 3817 omne
812 3763 878 3818 de
911 3780 974 3818 eo
998 3765 1224 3820 dubium
1255 3768 1587 3826 tolleretur?
1633 3773 1956 3843 Respondeo

383 3850 682 3917 Christum,
731 3853 783 3906 εἰη
822 3855 1048 3910 dixisset
1089 3872 1148 3912 se
1199 3857 1365 3913 Deum
1409 3875 1552 3927 esse,
1605 3861 1957 3920 inducturum

384 3941 553 3997 fuisse
570 3959 664 3998 eos
684 3944 775 4012 qui
793 3945 843 3998 in
872 3945 1048 4014 ipsum
1069 3947 1320 4013 credunt,
1348 3951 1400 4004 in
1418 3967 1659 4008 errorem
1685 3971 1960 4026 inagnum.

383 4032 488 4098 Qui
543 4036 687 4088 enim
730 4035 932 4091 dixerit
972 4052 1033 4092 se
1077 4039 1265 4094 Deum'
1298 4057 1441 4108 esse,
1490 4045 1738 4100 nominat
1792 4055 1958 4102 totam

383 4126 745 4180 substantiam
782 4128 1044 4193 divinam,
1076 4139 1128 4184 et
1160 4140 1406 4187 naturam
1441 4151 1632 4200 unam,
1663 4147 1830 4206 atque
1858 4139 1962 4194 hoc

383 4215 532 4270 dicto
589 4232 690 4271 suo
746 4224 857 4273 tres
918 4235 1182 4288 personas
1223 4226 1658 4293 comprehendit,
1712 4228 1957 4296 Patrem,

383 4307 602 4372 Filium,
635 4317 688 4363 ct
725 4309 984 4379 Spiritum
1009 4324 1280 4382 sanctum,
1307 4317 1475 4373 Deum
1513 4307 1703 4378 unum.
1742 4325 1798 4380 Si
1829 4343 1961 4400 ergo

383 4402 614 4457 dixisset
642 4404 918 4466 Christus.
950 4421 1008 4460 se
1039 4405 1204 4461 Deum
1243 4423 1385 4476 esse,
1425 4413 1531 4467 sibi
1562 4416 1867 4483 tribuisset,
1899 4437 1958 4476 se

384 4509 506 4548 esse
553 4493 792 4562 Patrem,
828 4494 1052 4561 Filium,
1103 4508 1156 4552 et
1193 4497 1454 4569 Spiritum
1498 4513 1771 4574 sanctum,
1823 4510 1959 4565 sibi—

384 4602 489 4654 que
523 4596 633 4641 tres
661 4603 787 4641 esse
809 4603 1094 4657 personas,
1136 4605 1199 4645 ac
1245 4607 1326 4656 se,
1354 4602 1408 4648 et
1446 4593 1662 4650 Patrem
1711 4613 1854 4666 esse,
1909 4609 1963 4657 et

383 4679 623 4748 genitum
652 4695 677 4732 a
711 4679 871 4735 Patre
895 4690 1018 4736 ante
1039 4683 1259 4746 smcula,
1281 4700 1381 4739 nec
1403 4702 1510 4739 non
1537 4689 1918 4757 procedentem
1945 4710 1960 4748 :

385 4772 488 4826 hoc
511 4780 691 4827 autem
720 4773 1082 4840 periculosum
1115 4785 1220 4840 est,
1241 4783 1294 4829 ct
1317 4778 1459 4845 quod
1489 4778 1606 4832 ﬁeri
1633 4796 1738 4836 non
1763 4793 1960 4852 potest,

384 4863 592 4918 scilicet
628 4870 688 4918 ut
712 4865 764 4918 in
799 4863 964 4918 Deum
992 4865 1171 4936 (cujus
1198 4881 1396 4921 nomen
1415 4869 1774 4942 glorificetur)
1802 4875 1962 4930 cadat

387 4953 635 5017 mutatio,
663 4953 862 5022 fiatque
878 4956 970 5024 qui
1001 4957 1205 5025 genuit,
1232 4956 1484 5024 genitus;
1520 4968 1572 5013 et
1599 4963 1691 5030 qui
1723 4965 1960 5032 genitus,

382 5046 608 5113 gignens
632 5063 648 5112 ;
676 5053 730 5098 et
769 5046 865 5114 qui
913 5050 1179 5115 procedit,
1213 5046 1374 5103 Pater
1395 5059 1448 5104 et
1477 5049 1673 5108 Filius.
1719 5055 1875 5120 Quod
1916 5058 1962 5112 si

381 5136 683 5193 dixerimus
739 5137 907 5194 fuisse
965 5140 1328 5195 substantiam
1373 5150 1541 5197 totam
1596 5147 1648 5200 in
1709 5162 1964 5217 corpore,

382 5229 692 5301 [sequetur]
742 5231 976 5296 Patrem,
1042 5232 1241 5286 Filium
1285 5242 1337 5287 et
1400 5234 1662 5303 Spiritum
1712 5251 1960 5296 sanctum

329 5347 335 5355 -
388 5335 496 5372 una.
528 5320 872 5384 incarnatos,
911 5333 1210 5390 natumque
1241 5338 1363 5380 esse
1389 5326 1604 5382 Patrem
1643 5330 1694 5383 in
1729 5347 1958 5402 corpore

393 5425 461 5462 cx
503 5411 697 5476 Maria,
742 5414 958 5467 neehon
1013 5412 1164 5467 illum
1197 5415 1291 5483 qui
1344 5418 1609 5484 procedit,
1666 5428 1829 5488 atque
1882 5423 1956 5475 ita

386 5503 598 5556 Patrem
629 5506 952 5560 translatum
992 5505 1161 5560 fuisse
1204 5521 1233 5559 a
1277 5511 1598 5576 paternitatc
1633 5511 1697 5562 ad
1743 5511 1958 5565 filiatio-

387 5609 507 5647 nem
541 5612 660 5661 qua:
687 5606 770 5650 est
797 5597 1086 5652 conversio
1109 5605 1163 5652 et
1194 5601 1441 5667 mutatio,
1474 5602 1817 5672 blaSphemat
1845 5610 1957 5658 ‘au-

468 5769 658 5823 “Joan.
694 5789 773 5838 ιιι,
815 5777 873 5829 16
905 5795 1025 5842 διμι-

2065 3211 2341 3267 Christum
2374 3226 2542 3264 unum
2577 3223 2701 3264 esse
2728 3209 2934 3264 unitate
2961 3207 3329 3264 subsistentia:
3362 3209 3524 3266 unius
3557 3211 3642 3262 vi-

2065 3303 2257 3356 delicet
2280 3301 2647 3356 subsistentia:
2680 3297 2840 3353 Verbi
2871 3299 3085 3366 aeterni,
3124 3299 3336 3354 duabus
3359 3299 3646 3369 praeditum

2064 3395 2297 3459 naturis,
2339 3392 2544 3456 divina,
2575 3405 2696 3460 quae
2717 3398 2921 3445 aeterna
2949 3398 3053 3453 est,
3082 3399 3135 3444 et
3177 3391 3436 3456 humana,
3473 3406 3642 3459 quam

2063 3485 2168 3542 sibi
2199 3483 2426 3546 creavit,
2468 3497 2532 3536 ac
2581 3480 2872 3537 manifesta
2920 3480 3060 3535 facta
3097 3481 3414 3537 absurditas
3449 3498 3642 3537 eorum

2063 3592 2182 3647 qua:
2219 3574 2542 3645 proﬁtentur
2577 3581 2685 3627 tam
2713 3573 3024 3628 Nestoriani
3061 3589 3222 3643 quam
3245 3573 3532 3629 Jacobitae.
3564 3577 3643 3630 Ac

2065 3673 2168 3730 nisi
2222 3672 2327 3726 hoc
2372 3670 2559 3726 sedulo
2594 3669 2893 3725 vitarcmus
2936 3685 3003 3723 ne
3045 3685 3202 3738 aequo
3242 3671 3456 3741 longior
3497 3680 3647 3726 esset

2063 3764 2201 3819 liber
2243 3769 2448 3826 noster,
2483 3777 2618 3816 neve
2662 3761 2732 3816 ab
2772 3761 3021 3814 instituto
3054 3760 3215 3817 nobis
3248 3763 3527 3831 proposito
3559 3764 3644 3816 di-

2065 3856 2414 3926 grederemur
2434 3855 2585 3923 plura
2626 3855 2688 3907 ad
2725 3855 2866 3909 hanc
2897 3856 3224 3910 sententiant
3259 3855 3637 3925 explicandam

2065 3957 2230 4018 atque
2252 3946 2630 4002 clucidandam
2675 3946 3020 4004 adderemus.
3055 3947 3160 4014 Qui
3197 3957 3378 4003 autem
3405 3963 3523 4002 eam
3554 3947 3640 4002 di-

2064 4041 2264 4096 stincte
2293 4039 2615 4110 explicatam
2658 4039 2800 4094 scire
2842 4040 3117 4094 desiderat
3143 4041 3392 4095 consulat
3438 4041 3638 4095 librum

2066 4147 2244 4188 meum
2274 4132 2366 4202 qui
2396 4131 2555 4185 Liber
2599 4133 2975 4200 disputationis
3003 4134 3136 4185 inter
3176 4133 3546 4186 heterodexum
3591 4144 3642 4185 et

2065 4224 2447 4290 Christianum,
2475 4224 2788 4292 insignitur.
2830 4223 2904 4277 Eo
2927 4225 3070 4277 enim
3111 4224 3272 4289 libro,
3310 4225 3639 4279 sententiam

2064 4314 2455 4376 christianam,
2507 4313 2560 4366 id
2603 4320 2686 4368 est
2740 4311 3143 4376 Melchitarum,
3200 4312 3542 4377 conﬁrmavi,
3592 4322 3645 4367 ct

2065 4407 2416 4462 heterodoxis
2439 4403 2720 4476 respondi.

1984 4458 2040 4520 Β
2135 4497 2253 4552 Jam
2303 4513 2434 4552 vero
2461 4458 2636 4551 utrad
2678 4495 2990 4552 institutum
3043 4502 3316 4559 nostrum,
3352 4505 3405 4550 et
3447 4479 3506 4549 lin
3538 4511 3646 4564 qua

2061 4591 2440 4662 prosequenda
2484 4589 2711 4654 fuimus,
2759 4587 3042 4644 historiam
3073 4597 3413 4642 revertamur
3436 4586 3643 4642 Yazde-

2059 4683 2178 4753 jerd
2201 4680 2451 4736 Bahrami
2486 4678 2650 4742 filius,
2682 4677 2745 4730 Al
2794 4677 2977 4730 Athim
3011 4675 3326 4750 [scelestus]
3360 4677 3644 4746 cognomi-

2063 4783 2250 4841 natus,
2288 4773 2573 4827 Persarum
2603 4783 2724 4832 rex,
2771 4767 2980 4836 rigidus
3028 4774 3192 4834 atque
3223 4775 3477 4822 austerus
3519 4765 3644 4830 fuit,

2063 4868 2219 4924 mala:
2255 4859 2711 4924 conversationis,
2756 4859 2892 4913 adeo
2929 4866 2985 4911 ut
3028 4873 3171 4927 aegre
3224 4859 3371 4928 ipsos
3423 4858 3648 4913 haberet

2063 4955 2206 5028 quod
2241 4955 2416 5023 ipsum
2446 4951 2549 5017 ipsi
2568 4950 2671 5004 sibi
2701 4947 3092 5017 praefecissem,
3129 4949 3428 5002 timuerunt
3461 4959 3642 5003 tamen

2063 5049 2240 5114 ipsqu
2276 5043 2546 5103 occidere.
2577 5043 2828 5094 nolentes
2852 5039 2984 5093 illud
3019 5039 3086 5092 de
3122 5040 3364 5109 ipsorum
3401 5040 3640 5108 Regibus

2061 5141 2118 5197 in
2143 5151 2346 5192 morem
2377 5134 2590 5188 cedere.
2613 5131 2882 5186 Asserunt
2903 5139 3080 5185 autem
3103 5134 3273 5184 visum
3297 5145 3418 5186 esse
3442 5145 3644 5198 equum

2061 5232 2152 5302 qui
2186 5243 2359 5298 usque
2386 5227 2514 5282 dum
2547 5225 2612 5279 ad
2655 5232 2864 5294 portam
2900 5222 3042 5292 regis
3071 5229 3260 5285 staret,
3299 5223 3642 5290 procederet,

2065 5340 2228 5397 quem
2259 5321 2737 5378 circumdederunt
2776 5318 3026 5372 homines
3062 5316 3250 5371 formae
3302 5318 3415 5389 80
3469 5318 3644 5388 ipsius

2069 5415 2534 5489 pulchritudinem
2556 5429 2620 5467 ac
2646 5418 2938 5467 structuras
2987 5410 3372 5478 perfectionem
3401 5411 3598 5464 mirati.
3626 5427 3640 5465 τ

2069 5526 2300 5579 cmnque
2331 5508 2642 5563 nuntiatum
2673 5505 2740 5558 de
2769 5517 2833 5558 eo
2858 5503 2969 5572 regi
3001 5513 3147 5557 esset
3175 5503 3445 5573 prodiisse
3466 5504 3644 5574 ipsmn

2069 5607 2134 5661 ad
2167 5619 2289 5660 eum
2325 5597 2776 5672 conspiciendum
2832 5609 3136 5666 magnaque
3175 5597 3246 5654 ob
3291 5613 3416 5652 cum
3460 5597 3645 5652 laetitia
