4076 6434
372 397 513 468 1049

375 706 516 762 sisse
545 713 600 761 et
634 706 841 762 cirrum
867 721 932 763 ac
958 708 1149 779 jubam
1181 717 1576 776 contrectasse,
1602 709 1726 764 dein
1760 716 1815 764 et
1838 709 1959 765 clu-

377 816 474 857 nes
510 800 612 871 ipsi
669 799 955 872 detergere
1000 801 1277 869 voluisse;
1328 809 1384 856 at
1420 816 1546 856 cum
1600 816 1745 871 pone
1782 800 1958 871 ipsum

378 902 525 949 recta
562 900 737 950 staret
758 894 927 949 ictum
964 894 1066 962 ipsi
1095 894 1341 950 calcibus
1382 893 1674 964 impegisse
1712 889 1960 965 [equum]

380 1001 491 1058 quo
520 986 679 1058 jecur
706 987 826 1061 ejus
854 987 1045 1042 laesum
1075 996 1157 1044 est
1188 985 1328 1041 adeo
1363 994 1424 1041 ut
1457 995 1784 1041 moreretur.
1819 983 1958 1038 Tum

386 1081 665 1136 concitato
683 1095 852 1136 cursu
884 1079 1092 1151 fugisse
1135 1079 1272 1135 adeo
1303 1088 1364 1135 ut
1389 1094 1556 1135 nemo
1576 1079 1758 1149 ipsum
1807 1093 1965 1134 asse-

380 1176 474 1245 qui
503 1183 710 1246 posset.
744 1174 959 1230 Dixisse
997 1188 1133 1245 ergo
1163 1172 1415 1229 homines
1442 1172 1545 1228 hoc
1581 1187 1611 1227 e
1646 1171 1744 1228 Dei
1793 1170 1963 1228 benc-

379 1268 596 1324 ficentia
618 1278 668 1323 et
699 1268 1081 1324 misericordia
1113 1268 1169 1323 in
1203 1281 1305 1324 nos
1332 1265 1457 1321 fuit.
1480 1264 1745 1335 Regnavit
1773 1275 1958 1321 autem

379 1359 681 1431 Yazdejcrd
713 1361 778 1415 Al
812 1358 998 1415 Athim
1044 1374 1222 1415 annos
1269 1356 1462 1431 viginti
1520 1372 1715 1424 unum,
1751 1370 1969 1412 menses

379 1453 620 1524 quinque
645 1462 700 1508 ct
725 1453 843 1507 dies
871 1451 1205 1506 octodecim.

452 1546 673 1599 Mortuo
704 1541 1046 1614 Yazdejerdo
1078 1542 1470 1599 convenientes
1516 1540 1807 1599 Persarum
1846 1557 1968 1598 ma-

379 1646 594 1708 gnates,
619 1635 920 1690 dixerunt:
976 1632 1055 1689 Ne
1105 1633 1468 1709 praeficiatnus
1522 1632 1680 1690 nobis
1716 1648 1749 1690 e
1778 1647 1973 1704 proge-

382 1730 471 1783 nie
506 1727 677 1798 ipsius
706 1726 969 1797 aliquem,
998 1742 1065 1781 ne
1088 1725 1275 1782 eadem
1301 1727 1445 1798 apud
1480 1741 1579 1782 nos
1605 1726 1694 1782 via
1723 1727 1966 1783 incedat.

381 1818 507 1874 Fuit
529 1830 711 1874 autem
742 1816 1083 1889 Yazdejerdo
1130 1819 1275 1874 filius
1302 1802 1523 1875 nomine
1538 1818 1792 1885 Bahram,
1807 1835 1968 1891 quem

381 1912 437 1966 in
469 1911 678 1965 nullum
735 1926 921 1965 secum
952 1909 1229 1980 negotium
1272 1910 1617 1967 admiserunt
1654 1927 1669 1965 :
1703 1911 1795 1966 ille
1843 1925 1977 1980 ergo

382 2019 573 2059 eorum
599 2002 951 2072 quibusdam,
982 2001 1104 2058 Non
1135 2006 1289 2060 decet
1313 2003 1533 2076 (inquit)
1565 2010 1621 2059 ut
1641 2018 1973 2074 quemquam

382 2095 540 2151 vobis
571 2110 750 2165 regem
779 2095 1111 2165 prreticiatis,
1146 2095 1251 2151 ttisi
1299 2096 1388 2151 cui
1420 2097 1587 2153 insint
1618 2104 1824 2166 septem
1854 2095 1976 2151 ista:

382 2188 771 2260 proprietates,
813 2187 1072 2243 videlicet
1120 2189 1266 2257 quod
1316 2196 1548 2243 caeteros
1575 2188 1886 2253 antecellat,
1919 2186 1973 2239 in

384 2279 554 2335 rebus
601 2277 1055 2334 administrandis
1097 2280 1440 2349 praestantia,
1477 2278 1728 2345 consilio,
1764 2276 1977 2333 veraci-

385 2371 741 2441 tatelingurr,
788 2370 1130 2434 fortitudine,
1185 2372 1522 2442 eloquentia,
1563 2371 1786 2426 lenitate
1834 2370 1977 2424 inter

383 2466 706 2533 regendum,
767 2464 1092 2519 insidiarum
1151 2464 1221 2520 ab
1269 2465 1524 2522 hostibus
1585 2470 1974 2520 struendarum

384 2556 603 2626 peritia.
643 2557 900 2611 Dixerunt
926 2573 1054 2627 ergo
1085 2557 1211 2626 ipsi,
1236 2557 1305 2611 At
1357 2558 1447 2612 ubi
1479 2558 1553 2612 ita
1593 2564 1975 2627 comparatum

389 2649 764 2719 reperiemus?
800 2649 917 2713 [διε.
960 2649 1148 2705 Fidem
1174 2649 1399 2721 (inquit)
1434 2650 1566 2704 mihi
1598 2648 1762 2704 facite
1792 2665 1889 2704 vos
1926 2651 1973 2705 si

389 2744 551 2796 talem
630 2742 779 2796 rubis
846 2742 1162 2797 indicavero
1241 2742 1495 2814 81-83
1573 2742 1749 2813 ipsum
1796 2758 1978 2813 regem

387 2834 805 2890 constituturos.
849 2832 964 2889 lloc
1005 2848 1136 2905 ergo
1172 2850 1294 2890 cum
1329 2839 1451 2906 ipso
1482 2835 1626 2906 pacti
1667 2846 1818 2901 sunt,
1862 2846 1977 2891 tum

390 2923 477 2978 ille
509 2925 624 2994 (ubi
660 2925 796 2995 ipsis
851 2924 1167 2997 conﬁderet)
1198 2923 1312 2997 Ego
1348 2926 1572 2997 (inquit)
1618 2928 1663 2983 is
1694 2942 1838 2982 sum.
1870 2926 1979 2983 Re-

387 3030 507 3084 gem
545 3029 677 3084 ergo
728 3016 908 3084 ipsum
962 3014 1395 3073 constituerunt.
1441 3014 1825 3087 Regnavitque
1874 3016 1982 3071 Ba-

387 3107 545 3161 hraut
578 3106 901 3176 Yazdejcrdi
933 3107 1076 3163 filius
1102 3108 1221 3179 (qui
1252 3117 1307 3164 et
1332 3107 1570 3163 Bahram
1595 3109 1723 3180 jaur
1773 3123 1982 3180 cogno-

389 3202 629 3257 minatus
658 3202 763 3273 est)
800 3201 853 3255 in
890 3200 1112 3268 Persas,
1141 3218 1317 3260 annos
1340 3205 1650 3260 octodecim
1680 3220 1807 3260 cum
1838 3219 1983 3259 men-

389 3295 544 3350 sibus
591 3293 867 3361 undecim,
902 3294 1065 3365 idque
1108 3309 1255 3350 anno
1283 3295 1494 3366 imperii
1536 3294 1835 3351 Theodosii
1879 3293 1983 3350 Ju-

388 3387 563 3442 nioris
590 3388 733 3457 regis
764 3388 1112 3443 Romaeorum
1143 3386 1491 3443 duodecimo.
1523 3386 1814 3459 imperavit
1840 3401 1974 3458 ergo

389 3474 577 3531 Persis
612 3492 675 3531 ac
705 3493 765 3532 se
782 3479 989 3547 optime
1023 3479 1168 3534 inter
1196 3494 1292 3534 eos
1322 3479 1514 3548 gessit,
1543 3479 1681 3534 adeo
1709 3488 1767 3534 ut
1801 3479 1979 3548 ipsum

391 3577 660 3635 amarent,
684 3571 810 3625 dein
844 3571 990 3626 haud
1015 3572 1227 3628 destitit
1259 3588 1320 3628 se
1358 3573 1525 3628 rebus
1546 3571 1885 3643 juvenilibus
1919 3585 1984 3626 ac

389 3650 541 3717 lusui
575 3663 878 3734 indulgere,
907 3665 1042 3719 adeo
1073 3672 1132 3719 ut
1164 3666 1345 3734 ipsum
1383 3667 1760 3735 vituperarent
1802 3664 1983 3719 homi-

390 3768 511 3818 nes,
545 3767 610 3807 ac
646 3769 872 3824 regnum
915 3755 1087 3824 ipsius
1133 3755 1293 3811 facile
1320 3756 1617 3826 diripiendi
1649 3769 1801 3824 spem
1837 3769 1975 3809 con-

391 3845 636 3914 ciperent
663 3861 820 3916 reges
840 3846 1028 3901 vicini.
1056 3848 1366 3917 Aggressus
1387 3862 1518 3918 ergo
1541 3846 1721 3917 ipsum
1755 3843 1981 3900 Chakan

389 3938 681 4005 Maximus,
707 3939 1004 3994 Turcarum
1034 3955 1153 4006 rex,
1172 3954 1293 3993 cum
1316 3939 1503 4009 viginti
1529 3941 1775 4008 quinque
1796 3951 1980 3992 arma-

390 4042 573 4088 torum
608 4032 952 4103 myriadibus
1006 4032 1259 4104 (quilibet
1307 4039 1492 4087 autem
1526 4030 1843 4085 Turcarum
1884 4045 1981 4085 rex

389 4124 613 4180 Chakan
663 4124 1013 4195 insignitur),
1063 4124 1341 4194 profectus
1381 4133 1466 4179 est
1512 4140 1687 4193 usque
1732 4123 1864 4176 dum
1922 4138 1979 4177 tn

388 4219 577 4274 Alsaid
627 4225 810 4273 castra
844 4219 1053 4289 figeret.
1106 4218 1371 4273 Dixerunt
1401 4233 1532 4289 ergo
1588 4217 1902 4272 Bahramo:
1935 4213 1981 4271 0

392 4326 512 4375 rex,
559 4311 761 4366 accidit
788 4310 947 4365 nobis
979 4324 1067 4365 res
1096 4323 1218 4379 quae
1254 4317 1310 4364 et
1347 4325 1451 4365 nos
1483 4317 1539 4365 et
1580 4319 1632 4365 te
1680 4318 1983 4380 occupatos

393 4419 425 4458 a
459 4401 590 4458 ludo
616 4403 908 4470 distineat;
941 4402 1204 4471 prospice
1232 4416 1364 4472 ergo
1398 4411 1451 4456 et
1486 4400 1585 4457 tibi
1621 4400 1728 4471 ipsi
1751 4408 1806 4456 et
1831 4398 1980 4471 genti

394 4495 544 4561 huic,
574 4495 806 4566 ejusque
853 4510 943 4552 res
982 4510 1187 4551 curans
1222 4503 1278 4551 et
1312 4496 1486 4566 ipsam
1533 4511 1911 4568 propugnans,
1948 4510 1982 4550 a

1822 406 2194 469 ANNALES.
2296 448 2301 451 -

372 521 649 587 affectum,
682 519 922 590 jussisse
965 520 1158 577 sellam
1193 520 1399 592 imponi
1433 536 1545 594 quo
1596 522 1776 593 ipsum
1819 536 1955 578 con-
1987 529 2031 586 Α
2067 531 2190 586 illos

370 614 681 678 scenderet.
736 616 965 685 propius
996 614 1346 672 accedentem
1378 615 1576 673 faciem
1606 616 1714 688 ipsi
1745 615 1958 672 demul-
1990 690 1997 696 ν

2300 527 2519 584 irruens
2540 524 2865 584 Chakanum
2919 541 3082 582 manu
3133 540 3230 583 sua
3259 524 3482 591 occidit,
3512 534 3568 580 et
3589 524 3648 581 in

2061 615 2365 672 exercitum
2413 617 2588 688 ipsius
2636 625 2877 689 stragem
2920 617 3168 680 immisit,
3196 616 3290 686 qui
3320 630 3450 688 ergo
3499 624 3648 687 terga

2062 706 2356 764 dederunt.
2408 708 2614 765 Deinde
2667 707 2974 765 Bahramus
3022 707 3319 763 incolumis
3368 721 3649 771 reversus,

2064 809 2253 870 captos
2274 802 2368 874 qui
2403 805 2458 858 in
2488 803 2665 873 ipsius
2701 811 2966 884 potestate
2991 810 3152 857 erant
3182 817 3212 856 e
3242 799 3488 855 Cltakani
3515 800 3652 857 sub-

2063 894 2195 951 ditis
2221 904 2278 952 et
2312 897 2596 963 militibus,
2632 912 2742 952 una
2771 911 2896 952 cum
2932 896 3204 951 uxoribus
3250 894 3525 965 ipsorum,
3556 892 3657 948 ho-

2067 989 2310 1046 minibus
2342 991 2513 1047 libere
2530 991 2815 1049 distribuit
2835 1009 2852 1060 ;
2873 1005 3110 1062 cumque
3132 991 3186 1045 in
3211 990 3491 1061 regionem
3513 986 3655 1043 Tur-

2065 1097 2256 1139 carum
2288 1084 2529 1140 delatum
2557 1093 2707 1141 esset
2736 1086 2991 1141 nuntium
3016 1098 3211 1141 eorum
3237 1097 3362 1154 qure
3383 1080 3658 1138 Cltakano

2067 1176 2416 1248 obtigissent.
2470 1177 2733 1250 fugerunt
2777 1179 2885 1250 ipsi
2929 1178 2998 1235 ad
3026 1187 3308 1235 extremos
3343 1186 3507 1231 terrae
3538 1188 3654 1228 suae

2067 1269 2292 1327 limites.
2339 1269 2646 1327 Bahramus
2703 1280 2909 1335 autem,
2962 1269 3186 1326 fratrem
3240 1282 3403 1325 suum
3468 1265 3654 1321 Mersa

2066 1360 2411 1429 Chorasano,
2441 1364 2772 1435 praeficiens,
2820 1363 2930 1435 ipsi
2959 1362 3357 1431 Aderbijanum
3394 1371 3661 1415 reversus

2068 1464 2171 1519 est,
2201 1456 2407 1512 nullum
2428 1457 2656 1513 omnino
2690 1457 2872 1513 locum
2915 1456 3236 1526 relinquens
3287 1455 3344 1507 in
3383 1467 3495 1524 quo
3545 1464 3656 1505 non

2070 1549 2289 1620 aliquod
2310 1550 2623 1606 devotionis
2657 1565 2795 1621 opus
2821 1549 3098 1621 praestitit,
3125 1545 3396 1603 sacrificia
3435 1541 3512 1599 ibi
3549 1542 3658 1594 im-

2071 1639 2284 1695 molans
2317 1638 2386 1693 ad
2441 1640 2648 1709 gratias
2692 1639 2801 1693 Deo
2852 1637 3180 1700 reddendas,
3218 1635 3393 1689 donec
3437 1630 3530 1686 ubi
3587 1628 3659 1684 ad

2072 1730 2216 1801 ignis
2247 1730 2415 1785 aedem
2448 1746 2569 1800 quae
2612 1730 2932 1795 Aderbijani
2971 1726 3154 1784 fuerat
3205 1725 3565 1798 pervenisset,
3592 1738 3661 1776 ex

2074 1837 2217 1892 equo
2257 1821 2599 1878 descendens
2630 1820 2861 1891 pedibus
2890 1819 3207 1884 incesserit,
3256 1817 3430 1872 donec
3484 1815 3660 1884 ipsam

2076 1917 2356 1987 ingressus
2378 1925 2548 1982 esset,
2580 1915 2635 1970 in
2667 1915 2892 1971 honoris
2913 1915 3088 1970 eidem
3113 1910 3394 1968 deferendi
3419 1908 3660 1977 signum,

2074 2019 2129 2065 et
2175 2007 2241 2063 ad
2276 2008 2482 2079 gratias
2529 2007 2644 2063 Deo
2687 2007 2995 2063 testandas.
3042 2004 3184 2059 Tum
3217 2006 3482 2064 uniones.
3530 2000 3664 2070 hya-

2074 2100 2294 2156 cinthos
2312 2109 2368 2155 et
2385 2114 2629 2172 gemmas
2649 2098 2911 2169 pretiosas
2927 2097 3114 2170 quaein
3127 2094 3371 2152 Chakani
3389 2091 3642 2149 diadema
3654 2117 3667 2129 -

2076 2200 2130 2249 te
2162 2191 2382 2247 fuerant
2398 2191 2467 2247 ad
2488 2199 2697 2262 portam
2711 2191 2959 2261 ejusdem
2987 2187 3239 2261 85-87
3276 2186 3411 2242 aedis
3427 2182 3666 2255 appendi

2072 2288 2259 2360 jussit.
2299 2287 2596 2356 Eitlemque
2645 2285 2759 2354 igni
2809 2282 3057 2340 Chaltani
3114 2294 3301 2336 ensem
3363 2274 3666 2332 unionibus

2077 2391 2329 2438 ornatum
2356 2379 2601 2435 donavit.
2645 2377 2779 2433 Dein
2811 2374 3051 2430 Erakum
3106 2370 3408 2442 profectus,
3456 2367 3532 2423 ibi
3594 2367 3662 2420 ad

2078 2476 2196 2532 dies
2245 2474 2453 2543 aliquot
2479 2470 2753 2528 substitit.
2794 2468 2926 2524 Inde
2949 2472 3142 2522 contra
3177 2463 3401 2520 Graecos
3438 2460 3506 2516 ad
3543 2458 3669 2514 illos

2080 2566 2421 2625 invadendos
2448 2564 2733 2636 profectus
2760 2574 2866 2617 est.
3122 2610 3135 2621 ,

2152 2657 2311 2727 Quod
2349 2657 2440 2714 ubi
2472 2655 2778 2712 audivisset
2807 2649 3159 2709 Theodosius
3189 2646 3509 2703 Graecorum
3560 2641 3666 2697 im-

2082 2759 2325 2822 perator,
2362 2750 2541 2805 virum
2577 2748 2873 2819 quemdam
2918 2743 3140 2800 nomine
3183 2737 3483 2795 Estratium
3522 2735 3670 2790 misit

2082 2847 2151 2901 ad
2188 2859 2418 2915 regnum
2448 2841 2711 2897 Baltrami
2749 2835 3124 2900 lustrandum,
3151 2833 3246 2904 qui
3276 2843 3532 2887 reversus
3565 2826 3671 2897 ipsi

2082 2937 2382 3000 nuntiavit,
2420 2935 2558 2990 illud
2592 2946 2789 3005 parum
2819 2928 3093 2986 munitum
3123 2940 3266 2982 esse.
3305 2922 3426 2990 Quo
3448 2918 3660 2981 auditu,

2092 3035 2184 3091 ille
2224 3031 2498 3088 Bahramo
2528 3040 2825 3084 occurrere
2869 3021 3159 3094 expetivit.
3207 3017 3500 3073 lnstructis
3537 3027 3674 3082 ergo

2091 3129 2268 3200 copiis
2290 3162 2309 3192 ,
2330 3143 2454 3184 cum
2470 3132 2656 3181 contra
2675 3121 2854 3192 ipsum
2874 3131 3002 3173 cum
3062 3112 3308 3170 exercitu
3364 3123 3465 3165 suo
3541 3120 3673 3200 pes»

2009 3228 2055 3285 (ι
2092 3198 2272 3277 fectus
2305 3223 2476 3282 esset,
2509 3212 2802 3270 conﬂictus
2832 3211 2979 3266 inter
3010 3207 3164 3279 ipsos
3200 3203 3495 3259 vehemens
3542 3198 3669 3261 fuit,

2091 3306 2328 3374 caesique
2359 3310 2492 3359 sunt
2516 3317 2584 3359 ex
2611 3311 2853 3370 utroque
2882 3297 3132 3353 exercitu
3170 3292 3512 3361 complures,
3536 3288 3674 3341 adeo

2091 3406 2152 3453 ut
2188 3397 2408 3465 utrique
2445 3409 2504 3451 se
2534 3394 2590 3449 in
2625 3392 2810 3464 fugam
2850 3389 3075 3452 darent,
3109 3399 3334 3443 reverso
3358 3379 3674 3437 Theodosio

2090 3506 2218 3561 rege
2248 3485 2820 3554 Constantinopolim.
2867 3483 3176 3538 Bahramus
3216 3491 3347 3533 vero
3390 3473 3674 3546 profectus

2091 3581 2299 3636 lndiam
2326 3580 2502 3651 petiit,
2522 3576 2872 3634 dissimulato
2898 3574 3115 3637 habitu,
3142 3571 3327 3641 ibique
3356 3567 3427 3622 ad
3455 3575 3675 3634 tempus

2092 3676 2297 3731 mansit
2331 3674 2472 3740 ipsis
2507 3672 2847 3742 incognitus.
2877 3667 3069 3723 Robur
3105 3673 3290 3720 autem
3317 3670 3375 3716 et
3396 3659 3671 3728 insignem

2092 3769 2268 3836 ipsius
2309 3763 2692 3821 fortitudinem
2746 3765 3194 3830 conspexerunt,
3256 3753 3565 3810 interfectis
3602 3752 3674 3806 ab

2089 3857 2211 3928 ipso
2239 3854 2373 3909 feris
2404 3867 2544 3924 quas
2588 3853 2731 3907 mira
2776 3850 3011 3907 audacia
3063 3862 3360 3919 aggressus
3394 3852 3495 3908 est,
3535 3842 3678 3898 adeo

2088 3957 2150 4004 ut
2178 3961 2307 4002 cum
2342 3945 2410 4001 ad
2458 3945 2641 4014 ipsum
2686 3944 3034 4013 pervenisset
3091 3939 3240 3994 fama
3284 3936 3561 4008 elephanti
3615 3934 3677 3989 in

2090 4041 2335 4111 ipsorum
2379 4039 2603 4108 regione
2641 4036 2735 4108 qui
2770 4034 2891 4090 vias
2934 4032 3257 4096 infestaret,
3307 4029 3681 4098 hominesque

2087 4133 2403 4209 complures
2436 4130 2762 4195 occidisset,
2791 4137 3015 4199 rogaret
3039 4136 3098 4181 ut
3130 4126 3235 4194 ipsi
3268 4124 3492 4181 ubinam
3524 4132 3677 4179 esset

2088 4224 2441 4290 iudicarent;
2472 4223 2567 4293 qui
2598 4222 2680 4277 illi
2701 4222 2965 4277 dixerunt
2997 4237 3014 4275 :
3043 4219 3165 4289 lpse
3194 4231 3320 4272 cum
3347 4215 3682 4285 peregrinus

2089 4318 2168 4373 sis
2197 4318 2458 4372 nolumus
2488 4326 2542 4371 te
2566 4315 2818 4385 periculo
2843 4325 3148 4383 exponere.
3169 4309 3306 4380 Regi
3339 4316 3525 4364 autem
3549 4322 3681 4362 cum

2089 4407 2227 4465 illud
2276 4405 2658 4464 nuntiassent.
2719 4400 2871 4459 misit
2916 4402 3034 4471 ipse
3074 4414 3201 4455 cum
3246 4396 3341 4453 illo
3384 4393 3679 4464 quemdam

2086 4500 2184 4571 qui
2223 4499 2407 4554 locum
2445 4498 2500 4552 in
2531 4511 2644 4567 quo
2681 4502 2831 4551 esset
2859 4492 3086 4560 elephas
3134 4491 3240 4546 iste
3279 4488 3383 4559 ipsi
3413 4485 3685 4542 ostende—

397 4595 547 4643 metu
579 4602 833 4645 securam
880 4597 1134 4659 praestes.
1178 4588 1274 4644 Ille
1299 4596 1481 4644 autem
1520 4588 1686 4644 verba
1731 4587 1982 4658 ipsorum
2016 4599 2065 4659 ι)
2090 4598 2208 4656 ret;
2244 4604 2410 4660 quem
2444 4588 2538 4644 ubi
2571 4587 2711 4643 vidit
2744 4585 3058 4639 Bahramus
3098 4580 3320 4651 sagitta,
3363 4595 3487 4650 quae
3535 4579 3677 4632 inter

393 4682 622 4739 minime
651 4689 898 4738 moratus
932 4682 1213 4753 profectus
1241 4689 1328 4739 est
1353 4682 1407 4737 in
1442 4689 1626 4752 partes
1660 4680 1980 4750 Aderbijani

392 4786 559 4848 atque
596 4777 873 4832 Armeniae
912 4778 980 4831 ad
1015 4778 1222 4831 cultum
1264 4776 1316 4831 in
1367 4775 1571 4847 templo
1618 4774 1817 4830 ibidem
1867 4772 1981 4844 igni

391 4869 573 4926 dicato
598 4870 990 4939 praestandum.
1027 4866 1184 4936 Quod
1214 4883 1341 4923 cum
1376 4883 1485 4923 non
1514 4866 1835 4923 dubitarent
1878 4867 1982 4921 ho-

392 4962 570 5017 mines
600 4962 779 5031 ipsum
811 4960 1011 5017 fecisse
1049 4976 1160 5031 quo
1203 4962 1328 5031 fuga
1356 4974 1418 5015 se
1447 4959 1801 5024 subduceret,
1852 4958 1981 5030 ipsi,

392 5069 517 5110 cum
539 5054 607 5108 ad
631 5052 921 5109 consilium
949 5051 1250 5106 ineundum
1277 5050 1680 5113 consedissent,
1701 5049 1980 5114 dixerunt,

390 5146 512 5202 Non
541 5155 670 5201 sunt
701 5145 862 5201 nobis
895 5152 1087 5200 contra
1116 5143 1439 5200 Chakanum
1470 5139 1583 5213 85.
1606 5141 1772 5206 vires,
1813 5140 1986 5195 tribu-

391 5247 509 5296 tum
538 5255 670 5310 ergo
706 5238 813 5311 ipsi
863 5237 1155 5295 offeramus
1196 5251 1307 5307 quo
1349 5250 1452 5291 nos
1488 5246 1543 5290 et
1589 5233 1819 5305 patriam
1885 5246 1988 5288 no-

395 5342 568 5389 stram
617 5332 979 5399 redimamus,
1026 5330 1272 5400 exceptis
1309 5337 1522 5384 tantum
1578 5329 1758 5384 Horsa
1812 5325 1989 5383 fratre

393 5425 650 5481 Bahrami
677 5434 731 5480 et
748 5425 1005 5482 Azduaro
1026 5420 1219 5479 Iudice
1242 5421 1336 5493 qui
1360 5400 1622 5476 dixeruui
1650 5438 1664 5476 :
1692 5418 1806 5475 Nos
1831 5418 1987 5476 vobis

394 5519 450 5576 in
482 5517 587 5573 hoc
627 5532 914 5573 assensum
963 5530 1073 5572 non
1104 5513 1496 5587 praebebimus.
1519 5511 1657 5569 Cum
1689 5526 1820 5567 vero
1842 5510 1988 5567 Cha-

393 5609 537 5667 kano
561 5609 870 5666 nuntiatum
892 5618 1036 5666 esset
1065 5607 1391 5665 submittere
1414 5621 1475 5663 se
1508 5604 1731 5671 Persas,
1756 5619 1985 5661 securus

395 5703 577 5760 factus
623 5718 774 5758 arma
823 5700 1105 5774 deposuit.
1157 5699 1444 5756 Accedens
1487 5712 1619 5771 ergo
1654 5696 1876 5768 quidam
1912 5695 1981 5749 ad

397 5795 725 5853 Babramum
761 5795 937 5865 ipsum
969 5794 1039 5852 de
1063 5794 1360 5852 securitate
1381 5803 1436 5847 et
1457 5790 1783 5862 negligentia
1805 5789 1980 5860 ipsius

388 5884 691 5963 certiorem
737 5884 890 5954 fecit,
929 5883 1024 5955 qui
1072 5883 1240 5957 igitur
1282 5882 1561 5956 profectus
1593 5890 1869 5953 noctuque
1923 5881 1980 5937 in

2083 4682 2275 4740 oculos
2325 4680 2504 4750 ipsius
2556 4677 2660 4733 fixa
2689 4676 2805 4747 38
2830 4676 3085 4739 haereret,
3108 4687 3234 4728 eum
3266 4671 3448 4741 petiit,
3472 4668 3673 4724 deinde

2085 4776 2193 4832 alia
2257 4782 2381 4847 post
2432 4771 2596 4826 aliam
2657 4771 2977 4826 confossum
3053 4765 3357 4825 interemit,
3405 4771 3678 4830 caputque

2092 4868 2203 4939 ipsi
2242 4865 2533 4938 praecisum
2562 4861 2676 4931 regi
2714 4860 2911 4915 detulit
2944 4875 2959 4911 :
2996 4856 3091 4927 qui
3122 4855 3305 4923 ipsum
3347 4852 3678 4919 admiratus,

2086 4961 2344 5031 quisnam
2375 4965 2525 5013 esset
2570 4953 2803 5024 rogavit.
2832 4952 2948 5016 ille,
2997 4948 3131 5004 Sum
3152 4948 3380 5018 (inquit)
3404 4962 3435 5002 θ
3457 4960 3680 5016 magna-

2084 5054 2236 5109 tibus
2285 5050 2581 5107 Persarum
2630 5048 2724 5118 qui
2775 5045 2926 5117 quod
2974 5043 3112 5099 mihi
3161 5042 3341 5097 iratus
3387 5048 3537 5096 esset
3581 5054 3678 5093 rex

2087 5154 2280 5201 noster
2316 5142 2387 5198 ad
2424 5150 2479 5197 te
2526 5138 2791 5210 confugi,
2837 5135 3085 5209 potentia
3129 5140 3185 5190 et
3234 5133 3527 5191 clementia
3586 5140 3679 5186 tua

2087 5237 2290 5293 fretus.
2323 5233 2499 5290 Porro
2526 5231 2632 5288 fuit
2669 5230 2783 5302 regi
2816 5229 3081 5285 inimicus
3105 5225 3214 5299 :qui
3249 5226 3483 5298 propius
3522 5238 3687 5280 acce-

2088 5330 2248 5394 dens,
2286 5326 2436 5383 misit
2470 5325 2564 5396 qui
2596 5325 2666 5381 ab
2694 5323 2818 5394 ipso
2847 5321 3116 5377 tributum
3164 5326 3440 5391 peterent,
3489 5330 3520 5371 a
3565 5330 3685 5386 quo

2087 5438 2213 5478 cum
2278 5426 2547 5476 metueret
2600 5433 2742 5484 rex,
2793 5414 3064 5471 animavit
3130 5414 3316 5484 ipsum
3367 5411 3676 5466 Bahramus

2094 5519 2285 5574 dicens
2318 5533 2331 5570 :
2363 5514 2444 5571 Ne
2479 5521 2685 5570 terreat
2718 5523 2771 5568 te
2801 5510 2951 5583 quod
2981 5510 3053 5567 de
3080 5511 3206 5580 ipso
3242 5505 3437 5579 [audis
3464 5503 3524 5577 ι]
3573 5517 3683 5575 ego

2093 5603 2367 5674 siquidem
2399 5610 2452 5657 te
2481 5617 2510 5656 a
2552 5600 2700 5655 malo
2730 5599 2878 5670 quod
2917 5598 2984 5653 ab
3012 5598 3135 5668 ipso
3180 5596 3401 5669 [timere
3430 5590 3682 5666 poteras}

2091 5692 2406 5749 incolumen
2444 5689 2743 5763 praestabo.
2796 5687 3001 5761 Regem
3051 5689 3218 5758 igitur
3255 5695 3312 5742 et
3366 5685 3676 5742 exercitum

2090 5784 2266 5853 ipsius
2329 5781 2399 5837 ad
2460 5781 2748 5837 inimicum
2808 5783 2977 5838 istum
3040 5779 3469 5850 oppugnandum
3527 5792 3677 5846 equo

2089 5891 2419 5960 conscenso
2454 5874 2754 5960 comitatus
2808 5882 2894 5932 est
2952 5872 3277 5930 Bahramus.
3339 5870 3442 5939 Qui
3504 5867 3696 5925 ιιιιιιω.
