4076 6404
454 375 582 444 1051

1482 383 1847 445 EUTYCHII
1873 383 2410 448 ALEXANDRINI
2449 390 2663 453 PATR.

3568 402 3711 462 10.33

449 499 668 566 equites
694 498 992 564 allocutus,
1026 498 1261 568 Tergum
1293 498 1516 568 (inquit)
1537 511 1720 552 meum
1741 499 2030 562 custodite,
2065 505 2105 558 Α
2139 501 2292 568 Quod
2333 505 2421 558 ubi
2467 507 2735 561 audiissct
2772 509 3038 563 Eusebius
3065 510 3292 565 Doraiim
3322 513 3614 582 episcopus
3647 515 3712 567 ad

446 605 524 653 et.
563 593 694 660 quid
753 605 852 662 ego
907 589 1104 644 faciam
1159 593 1467 645 observate.
1510 589 1732 641 lrruens
1786 603 1918 655 ergo
1971 589 2028 641 in

449 691 625 754 ipsos,
661 703 851 740 eorum
883 684 1106 739 ordines
1135 699 1258 736 cum
1283 682 1630 750 dissipasset,
1654 681 1755 734 viri
1789 681 2028 748 scapulae

451 779 620 832 ictum
675 777 898 844 impegit
951 775 1044 844 qui
1096 774 1163 852 ad
1211 773 1434 826 dorsum
1491 773 1667 842 ipsius
1710 773 2029 843 pertingens

454 871 698 922 medium
756 885 882 921 eum
925 867 1222 931 dissecuit;
1255 874 1309 922 et
1341 877 1635 936 utrumque
1681 867 1890 921 labium
1922 866 2035 921 ele-

454 963 663 1028 phanto
708 962 888 1032 gladio
941 959 1260 1016 discindens
1297 960 1476 1029 ipsum
1529 961 1868 1029 prostravit:
1906 975 2034 1014 cor-

454 1065 778 1122 reptumme
817 1055 884 1108 de
932 1068 1074 1120 equo
1113 1068 1215 1108 suo
1269 1053 1510 1121 equitem
1563 1061 1722 1108 terra:
1776 1053 2029 1119 illidens,

451 1147 633 1213 ipsum
680 1143 991 1208 interfecit;
1027 1147 1159 1211 quin
1195 1153 1250 1199 et
1292 1145 1422 1199 bina
1481 1145 1769 1199 hominum
1825 1147 2031 1216 capita,

451 1240 684 1292 alterum
718 1237 910 1291 dextra
948 1236 1183 1291 alterum
1219 1237 1470 1303 sinistra,
1509 1238 1856 1306 prehendens
1895 1239 2030 1291 invi-

449 1345 566 1384 cem
605 1330 808 1384 collisit
837 1329 977 1383 adco
1003 1337 1061 1384 ut
1093 1330 1312 1399 utrique
1343 1331 1556 1386 cerebri
1583 1330 1820 1384 medulla
1849 1332 2035 1387 elﬂue-

451 1433 551 1477 ret.
605 1420 883 1476 lrruentes
923 1421 1086 1476 etiam
1145 1420 1404 1476 Babrami
1451 1422 1722 1486 comites,
1781 1439 2030 1494 magnam

449 1529 639 1568 eorum
678 1521 920 1582 stragem
967 1513 1286 1579 ediderunt,
1333 1531 1397 1570 ac
1431 1515 1606 1584 spolia
1657 1517 2029 1586 diripuerunt.

454 1606 708 1661 Reversis
745 1622 876 1677 ergo
913 1607 1162 1678 81-83
1188 1607 1221 1638 "
1265 1623 1393 1678 rege
1433 1618 1485 1662 et
1523 1608 1798 1662 Bahramo
1838 1624 1929 1663 rex
1958 1608 2031 1661 illi

453 1702 615 1753 tiliam
654 1716 807 1755 suam
842 1708 1076 1767 nuptum
1113 1701 1284 1765 dedit,
1322 1717 1424 1755 nec
1458 1717 1566 1754 non
1617 1701 1720 1770 ipsi
1761 1700 1950 1754 Daihal
1981 1709 2034 1753 et

451 1791 675 1846 Mocran
717 1802 1004 1860 terrasque
1039 1794 1246 1849 circum
1290 1794 1538 1862 jacentes
1569 1794 1622 1848 in
1655 1794 1876 1862 regione
1909 1795 2036 1848 Sin-

2143 595 2322 665 ipsurn
2358 599 2656 668 profectus,
2682 616 2746 653 ac
2770 617 2892 654 cum
2920 617 2984 655 eo
3013 603 3302 672 disputans
3327 605 3714 665 validaeontra

2141 688 2318 754 ipsum
2355 701 2672 761 argumenta
2708 694 2934 762 protulit
2971 697 3173 764 quibus
3225 701 3552 752 sententiam
3600 699 3716 762 ejus

2141 780 2422 837 refutavit.
2486 783 2616 838 Dein
2667 787 2733 841 ad
2788 787 3107 842 Flavianum
3161 792 3526 859 patriarcham
3572 793 3716 845 Con-

2143 875 2691 946 stantinopolitanum
2720 881 3000 948 profectus
3032 885 3206 952 ipsum
3248 884 3313 938 de.
3340 885 3635 957 Eutychete
3666 895 3718 940 et

2147 969 2438 1022 sententiae
2469 969 2642 1038 ipsius
2676 971 2910 1026 fal'sitate
2942 977 3234 1028 certiorem
3279 978 3426 1040 fecit,
3473 993 3574 1031 nec
3613 993 3716 1029 non

2146 1059 2326 1126 ipsum
2389 1057 3028 1132 Constantinopolitanos
3098 1065 3150 1118 in
3215 1066 3380 1121 falsas
3432 1067 3720 1135 opiniones

2144 1151 2404 1206 traxisse.
2461 1150 2755 1209 Flavianus
2805 1171 2936 1224 ergo
2972 1156 3281 1226 patriarcha
3329 1159 3720 1213 Constantino-

2144 1243 2423 1311 politanus
2460 1245 2526 1299 ad
2559 1244 2918 1316 Eutychetem
2952 1251 3176 1305 mittens
3211 1251 3384 1319 ipsum
3431 1253 3722 1306 accersivit

2145 1343 2562 1408 Convocatoque
2591 1340 3071 1410 Constantinopoli
3120 1343 3350 1396 concilio
3389 1344 3718 1413 disputatio-

2145 1440 2267 1478 nem
2301 1440 2425 1480 cum
2460 1427 2581 1499 ipso
2613 1428 2824 1488 habuit.
2861 1432 3008 1488 Dixit
3043 1434 3298 1504 85-87
3325 1434 3356 1468 “
3393 1445 3568 1489 autem
3609 1435 3719 1488 Eu-

2141 1518 2376 1587 tyches:
2421 1518 2476 1574 Si
2527 1521 2831 1578 dixerimus
2883 1524 3105 1580 Christo
3135 1526 3274 1582 duas
3322 1543 3446 1582 esse
3495 1535 3720 1582 naturas

2141 1607 2286 1662 idem
2317 1623 2634 1668 asseremus
2665 1629 2789 1668 cum
2819 1613 3108 1682 Nestorio;
3141 1631 3326 1669 verum
3360 1616 3594 1670 dicimus
3622 1633 3718 1671 nos

2142 1700 2426 1756 Christum
2456 1719 2579 1760 esse
2615 1713 2865 1761 naturam
2902 1723 3094 1773 unam,
3129 1715 3182 1761 ct
3212 1724 3528 1777 personam,
3557 1725 3720 1763 unam

2143 1805 2268 1844 cum
2303 1794 2570 1848 consistat
2594 1796 2811 1850 duabus
2843 1798 3056 1851 naturis
3085 1813 3204 1867 quae
3229 1795 3395 1869 [dum]
3424 1809 3579 1852 erant
3603 1810 3726 1856 ante

449 1887 555 1941 dire
587 1888 830 1944 donavit.
889 1888 1125 1953 Rogavit
1172 1898 1352 1940 autem
1409 1888 1584 1954 ipsum
1639 1887 1944 1942 Babramns
1978 1898 2037 1942 ut
2070 1881 2114 1940 Β
2147 1883 2408 1938 unionem
2443 1903 2457 1940 :
2491 1895 2546 1940 at
2591 1888 2680 1941 ubi
2723 1899 3066 1959 assumptum
3115 1899 3198 1944 est
3245 1904 3448 1960 corpus
3503 1893 3730 1946 recessit

454 1981 770 2047 eonSt-ripta
808 1981 1120 2050 syngrapha
1152 1990 1208 2034 et
1239 1980 1503 2034 adhibitis
1527 1978 1654 2034 facti
1689 1981 1777 2034 sui
1805 1982 2040 2037 testibus

455 2071 687 2143 iratum]
726 2073 857 2127 illiti]
891 2073 994 2140 ipsi
1026 2073 1252 2128 laceret.
1287 2071 1442 2138 Quod
1474 2089 1598 2127 cum
1647 2072 1873 2128 fecisset
1923 2088 2037 2138 rex,

451 2181 711 2220 reversus
745 2166 797 2218 in
836 2181 1063 2231 regnum
1107 2181 1266 2220 suum
1309 2166 1637 2230 Bahramus,
1667 2167 1834 2236 jussit
1865 2168 2042 2238 regio-

407 2265 411 2270 ‘
456 2272 584 2308 unm
620 2257 886 2322 istarum,
906 2272 1045 2324 quas
1075 2258 1176 2326 ipsi
1199 2258 1501 2311 donaverat
1531 2274 1651 2324 rex,
1674 2261 1906 2328 vectigal
1936 2260 2038 2318 sibi

452 2349 632 2402 reddi.
692 2349 878 2417 Neque
937 2350 1224 2404 desierunt
1266 2365 1456 2404 earnm
1493 2366 1627 2420 opes
1679 2352 1733 2406 in
1790 2351 2038 2408 Persium

455 2443 752 2511 asportari.
782 2442 989 2499 Ferunt
1017 2452 1200 2499 autem
1237 2443 1529 2500 Persarum
1553 2445 1777 2513 quidam
1805 2446 2040 2501 Babram

453 2534 590 2588 er
677 2537 728 2588 iu
785 2537 1006 2590 tutelam
1051 2537 1282 2592 Noniani
1334 2539 1493 2593 Ebnil
1536 2538 1778 2594 Mandari
1836 2538 2046 2594 Lacha-

451 2629 681 2681 miensis
703 2629 847 2696 regis
868 2629 1108 2683 Arabum
1140 2631 1190 2683 in
1222 2631 1442 2684 deserto
1474 2631 1682 2697 fuisse;
1719 2633 2039 2702 ipsumque,

453 2736 578 2774 cum
617 2720 681 2774 ad
717 2719 1439 2790 Bahramutn-pervenisset
1485 2724 1680 2778 mortis
1715 2724 2040 2796 Yazdejerdi

454 2812 634 2879 patris
667 2812 752 2867 sui
797 2813 978 2878 fama,
1021 2828 1141 2866 cum
1193 2815 1472 2868 Arabibus
1513 2816 1605 2884 qui
1656 2816 1835 2885 ipsum
1869 2821 2041 2874 secuti

453 2915 579 2960 sunt
617 2903 920 2973 profectum
956 2906 1131 2960 donec
1178 2906 1229 2959 in
1285 2907 1540 2961 Alsawad
1589 2917 1770 2963 castra
1828 2909 2041 2980 ﬁgeret,

454 2999 530 3051 ibi
557 3013 679 3051 cum
709 2997 998 3052 Persarum
1029 2999 1350 3066 proceribus
1381 2999 1449 3054 de
1469 3016 1639 3069 regno
1665 3003 2041 3070 contendisse,

456 3091 631 3144 donec
659 3090 750 3160 jus
781 3090 931 3144 illius
966 3089 1205 3146 confessi
1236 3107 1405 3158 regno
1432 3093 1610 3161 ipsmn
1674 3093 2040 3162 praeﬁcerem.

529 3180 799 3251 Regnavit
828 3199 960 3251 ergo
991 3182 1227 3237 Babram
1268 3182 1426 3246 Janr,
1475 3195 1593 3251 post
1629 3194 1836 3254 patrem
1879 3203 2040 3240 suum

459 3275 864 3344 Yazdejerdum
919 3277 979 3331 F.
1031 3275 1310 3339 Itabrami,
1362 3279 1416 3330 in
1471 3277 1669 3333 Persas
1733 3279 2042 3334 octodecim

456 3379 656 3426 annos,
682 3364 846 3432 idque
881 3379 1026 3419 anno
1043 3364 1333 3422 Theodosii
1348 3367 1586 3436 junioris
1604 3367 1920 3424 Grzecorum
1947 3371 2046 3422 im-

462 3457 738 3523 peratoris
781 3457 1087 3512 tricesimo.
1123 3459 1278 3512 Anno
1309 3468 1488 3515 autem
1523 3461 1785 3516 vicesimo
1813 3463 2048 3531 septimo

458 3549 612 3617 regni
648 3547 946 3605 Theodosii
1006 3549 1382 3605 Romanorum
1434 3553 1782 3623 imperatoris
1831 3556 2047 3610 consti-

461 3651 618 3696 tutus
651 3651 736 3698 est
763 3643 966 3698 Sextus
997 3644 1312 3713 patriarcha
1350 3644 1666 3714 Romanus;
1703 3648 2048 3704 annos'octo

459 3734 619 3797 sedit,
670 3734 794 3789 dein
855 3743 1106 3791 mortuus
1139 3747 1242 3791 est.
1299 3738 1457 3792 Anno
1485 3739 1733 3807 ejusdem
1769 3741 2048 3798 tricesimo

461 3825 660 3894 quinto
715 3825 894 3882 lar-tus
937 3834 1024 3880 est
1074 3826 1184 3882 Leo
1234 3829 1550 3897 patriarcha
1589 3827 1896 3895 Romanus,
1954 3833 2048 3901 qui

465 3931 642 3970 annos
673 3915 868 3986 viginti
899 3933 1072 3972 unum
1107 3918 1270 3981 sedit,
1325 3918 1452 3973 dein
1488 3930 1741 3976 mortuus
1779 3932 1883 3976 est.
1919 3921 2050 3992 Ejus

465 4007 801 4072 praefecturas
838 4024 983 4062 anno
1017 4023 1164 4063 nono
1217 4008 1321 4064 fuit
1367 4011 1663 4065 concilium
1703 4023 1960 4080 quartum
1995 4015 2047 4068 in

467 4102 604 4156 urbe
653 4100 826 4172 84*
866 4102 1236 4158 Chalcedone.
1316 4107 1477 4158 Anno
1537 4105 1798 4177 vicesimo
1859 4118 2051 4162 octavo

465 4208 494 4244 ι’
531 4194 622 4260 gni
647 4191 946 4247 Theodosii
981 4194 1322 4248 constitutus
1343 4203 1421 4248 est
1451 4194 1719 4251 Domnius
1740 4199 2050 4266 patriarcha

465 4284 849 4340 Antiochenus
886 4286 980 4351 qui
1039 4301 1215 4340 annos
1251 4287 1440 4356 viginti
1489 4305 1657 4342 unum
1709 4289 1871 4356 sedit,
1925 4291 2050 4346 dein

470 4385 723 4431 mortuus
759 4384 864 4431 est.
907 4377 1065 4432 Anno
1114 4378 1266 4447 regni
1303 4378 1548 4448 ejusdem
1583 4383 1868 4438 tricesimo
1901 4399 2050 4438 nono

473 4457 814 4526 constitutus
862 4479 946 4526 est
981 4471 1278 4528 Flavianus
1313 4474 1622 4542 patriarcha
1653 4477 2051 4533 Constantino-

471 4563 769 4630 politanus,
807 4565 898 4633 qui
953 4579 1079 4618 eum
1128 4564 1350 4618 biennio
1382 4566 1618 4622 sedisset
1653 4579 1904 4624 mortuus
1933 4578 2036 4624 est.
2076 4590 2130 4650 Ι)

474 4655 586 4710 lloc
613 4657 776 4710 etiam
813 4673 959 4711 anno
991 4657 1169 4712 factus
1201 4667 1287 4714 est
1331 4658 1629 4716 Dioscorus
1663 4659 1910 4716 Jacobita
1958 4678 2052 4733 pa-

471 4748 712 4802 triarcba
745 4749 1170 4816 Alexandrinus,
1205 4751 1298 4818 qui
1325 4767 1446 4806 cum
1481 4769 1574 4808 sex
1607 4769 1785 4808 annos
1816 4757 2053 4812 sedisset

471 4842 823 4897 anathemate
861 4843 1114 4909 devotus,
1171 4859 1228 4898 ct
1275 4846 1329 4899 in
1388 4847 1640 4901 exsilium
1693 4850 1886 4918 pulsus
1946 4861 2053 4909 est.

474 4931 600 4986 Fuit
629 4949 760 4989 vero
807 4936 1288 5006 Constantinopoli
1332 4941 1636 4994 monachus
1685 4943 1906 5010 quidam
1942 4959 2055 4999 me-

473 5023 634 5076 dicus
689 5026 914 5081 nomine
970 5027 1244 5098 Eutyehes
1303 5030 1397 5099 qui
1446 5033 1696 5086 asseruit
1757 5050 1864 5088 non
1931 5052 2056 5091 esse

473 5113 696 5169 Christo
741 5131 944 5184 corpus
983 5119 1246 5188 'ejusdem
1299 5137 1425 5177 cum
1473 5127 1801 5193 corporibus
1851 5128 2056 5183 nostris

479 5213 712 5269 naturae,
736 5207 1132 5278 Christumque
1161 5222 1286 5268 ante
1316 5213 1751 5270 incarnationem
1785 5231 1814 5270 e
1842 5216 2058 5268 duabus

475 5301 798 5355 constitisse
817 5302 1049 5370 naturis,
1073 5315 1195 5374 post
1215 5307 1654 5363 incarnationem
1687 5319 1864 5361 autem
1892 5323 2055 5362 unam

475 5390 784 5464 [habuisse]
822 5403 1098 5451 naturam.
1137 5397 1339 5468 (Atque
1374 5398 1490 5452 lucc
1535 5401 1806 5454 sententia
1837 5397 2057 5452 Jacobi-

475 5491 671 5550 tarum,
703 5491 864 5556 cujus
892 5497 1084 5544 auctor
1119 5490 1220 5544 fuit
1251 5492 1554 5546 monachus
1577 5492 1680 5547 iste
1714 5490 2048 5562 Eutychos.)

2143 1974 2383 2030 dualitas
2423 1977 2530 2032 ista
2582 1992 2648 2034 ac
2698 1979 2875 2036 factus
2932 1993 3014 2038 est
3057 1996 3252 2039 natura
3305 2004 3452 2051 una,
3511 2001 3728 2053 unaque

2145 2083 2400 2138 persona.
2437 2070 2534 2125 Cui
2573 2074 2857 2142 respondit
2907 2074 3202 2133 Flavianus
3233 2079 3548 2148 patriarcha
3589 2078 3730 2132 Con-

2144 2162 2714 2231 stantinopolitanus:
2753 2164 2808 2220 Si
2839 2179 2984 2222 esset
3012 2168 3270 2226 Christus
3323 2171 3423 2240 (uti
3459 2172 3729 2237 asseritis)

2145 2261 2342 2306 natura
2378 2270 2508 2318 una,
2547 2265 2660 2309 tum
2695 2269 2836 2312 esset
2871 2268 3066 2313 natura
3115 2277 3237 2330 quae
3277 2271 3478 2314 a-terna
3521 2260 3620 2314 fuit
3662 2263 3732 2316 de.

2146 2358 2289 2397 novo
2329 2343 2512 2411 facta;
2570 2347 2716 2416 quod
2771 2350 2946 2420 siqui
2990 2363 3242 2408 aeternus
3298 2353 3420 2416 fuit,
3472 2353 3540 2408 d'e
3589 2369 3731 2407 novo

2145 2445 2301 2492 ortus
2336 2438 2429 2502 sit,
2464 2449 2574 2492 tum
2609 2448 2664 2494 et
2692 2441 2786 2509 qui
2825 2458 3106 2512 nunquam
3141 2461 3252 2499 non
3289 2446 3422 2510 fuit,
3464 2447 3602 2501 idem
3631 2447 3733 2499 ali-

2145 2534 2370 2601 quando
2407 2550 2514 2589 non
2553 2536 2675 2592 fuit.
2715 2536 2872 2604 Quod
2912 2539 2957 2594 si
2993 2540 3208 2596 admitti
3245 2543 3422 2610 possit
3473 2550 3530 2596 ut
3583 2542 3729 2610 quod

2145 2637 2410 2683 aeternum
2441 2627 2566 2696 fuit,
2607 2629 2751 2684 idem
2785 2629 2852 2686 de
2885 2647 3030 2686 novo
3068 2633 3255 2694 fuerit.
3307 2636 3412 2688 erit
3460 2632 3602 2688 idem
3637 2635 3728 2701 qui

2148 2730 2258 2775 stat
2319 2722 2557 2789 sedens;
2623 2724 2769 2791 quod
2829 2725 3068 2778 calidum
3111 2734 3194 2779 est
3255 2725 3546 2794 frigidum;
3582 2726 3729 2794 quod

2149 2816 2532 2880 tenebrosum,
2578 2817 2860 2884 lucidum;
2914 2834 3040 2872 cum
3086 2817 3139 2872 id
3193 2834 3365 2887 genus
3419 2817 3732 2887 impossibi-

2147 2905 2292 2961 libus
2322 2922 2442 2975 qua:
2480 2906 2594 2961 lieri
2627 2923 2734 2961 non
2765 2915 2942 2977 potest
2991 2917 3052 2962 ut
3093 2908 3500 2978 conjttn‘gautur
3533 2909 3586 2960 in
3619 2923 3714 2961 ea-

2148 2997 2270 3052 dem
2303 2997 2430 3071 [rei]
2462 3007 2637 3069 parte.
2675 2999 2865 3054 Noluit
2900 3008 3081 3054 tamen
3129 3000 3220 3053 ille
3254 3015 3282 3052 a
3326 3001 3602 3054 sententia
3633 3014 3732 3053 sua

2149 3090 2439 3154 recedere;
2491 3107 2666 3159 quare
2713 3092 3064 3146 anathemate
3119 3091 3270 3145 illum
3318 3091 3630 3161 percussit,
3683 3101 3737 3145 at.

2149 3181 2630 3251 Constantinopoli
2685 3199 2794 3238 non
2845 3183 3076 3254 expulit,
3130 3183 3274 3253 quod
3319 3199 3440 3235 cum
3489 3182 3734 3238 medicus

2149 3283 2296 3329 esset
2331 3290 2397 3330 co
2424 3275 2676 3329 homines
2703 3289 2841 3344 opus
2867 3275 3155 3329 baberent.
3192 3272 3366 3326 Porro
3391 3271 3736 3327 Theodosius

2150 3379 2244 3418 rex
2279 3364 2419 3418 idem
2451 3381 2573 3419 cum
2611 3366 2913 3436 Eutychete
2948 3365 3145 3419 sensit.
3191 3364 3468 3434 Eutychos
3510 3378 3642 3432 ergo
3675 3379 3737 3418 se

2151 3457 2292 3523 apud
2322 3454 2688 3510 Theodosium
2719 3470 2896 3524 regem
2925 3453 3226 3509 defendens
3247 3455 3386 3507 dixit
3413 3453 3732 3507 Flavianum

2151 3549 2331 3616 ipsum
2369 3547 2570 3617 injuria
2629 3548 3166 3610 excommunicasse,
3202 3561 3384 3615 regem
3441 3559 3640 3614 rogans
3675 3554 3734 3598 ut

2151 3638 2374 3709 scriptis
2429 3638 2496 3693 ad
2543 3653 2738 3693 omnes
2780 3638 3129 3706 patriarchas
3163 3637 3382 3700 litteris,
3438 3634 3734 3689 convenire

2151 3741 2205 3786 et
2241 3733 2308 3785 de
2339 3746 2408 3785 eo
2455 3731 2600 3800 quod
2638 3731 2743 3801 ipsi
2796 3731 3123 3800 contigisset
3186 3730 3490 3799 disquirere
3533 3727 3734 3800 [jube-

2153 3824 2284 3897 ret].
2336 3825 2567 3893 Scripsit
2600 3839 2728 3894 ergo
2755 3839 2848 3878 rex
2881 3832 2994 3878 tum
3043 3823 3111 3877 ad
3153 3823 3469 3878 Dioscorum
3498 3822 3737 3890 patriar-

2153 3920 2312 3974 cbam
2363 3916 2818 3979 Alexandrinum,
2874 3927 2987 3970 tum
3035 3915 3101 3970 ad
3156 3915 3446 3969 Domnium
3501 3912 3738 3983 patriar-

2153 4011 2311 4064 ebam
2351 4008 2521 4079 88*
2570 4007 3146 4068 ΑιιῑὶοςΙιεηιιηηήεε
3193 4023 3302 4062 non
3355 4006 3590 4061 Leonem
3643 4021 3739 4074 pa-

2154 4101 2451 4156 triarcbam
2493 4100 2824 4166 Romanum,
2877 4111 2928 4155 et
2973 4099 3324 4155 Iuvenalium
3369 4098 3738 4168 patriarcham

2155 4193 2719 4261 liierosolymitanum
2796 4201 2858 4247 ut
2915 4207 3024 4247 una
3093 4209 3219 4246 cum
3287 4190 3559 4261 cpisc0pis
3622 4191 3741 4245 suis

2155 4285 2486 4340 accederent
2527 4292 2586 4336 ut
2635 4284 2702 4338 de
2740 4283 3065 4355 Eutychetis
3098 4283 3318 4352 negotio
3348 4282 3738 4350 disquirerent.

2156 4378 2262 4444 Qui
2296 4393 2429 4447 ergo
2462 4376 2661 4448 Ephesi
2697 4384 3100 4432 convenerunt.
3141 4374 3319 4443 Atque
3351 4381 3434 4428 est
3466 4373 3570 4426 hoc
3604 4387 3741 4425 con-

2159 4472 2348 4526 cilium
2383 4470 2687 4526 secundum
2734 4469 2930 4538 Ephesi
2961 4468 3234 4530 habitum,
3269 4465 3431 4535 cujus
3478 4461 3742 4534 praesides

2157 4577 2312 4620 erant
2347 4565 2646 4618 Dioscorus
2672 4563 2987 4631 patriarcha
3022 4561 3452 4623 Alexandrinus,
3478 4559 3743 4612 Domnius

2158 4657 2476 4730 patriarcha
2504 4655 2906 4720 Antiochenus,
2929 4653 3248 4708 Juvenalius
3280 4653 3588 4724 patriarcha
3617 4650 3744 4704 Ilie-

2157 4751 2620 4820 rosolymitanus,
2664 4759 2720 4801 et
2767 4748 3011 4817 deputati
3043 4747 3242 4801 Leonis
3279 4745 3602 4815 patriarcbze
3639 4745 3747 4796 lto-

2162 4843 2335 4898 mani.
2394 4842 2787 4915 Disceptarunt
2825 4855 2954 4909 ergo
2985 4839 3052 4894 de
3080 4855 3146 4893 eo
3185 4839 3330 4908 quod
3385 4839 3529 4892 inter
3576 4838 3749 4905 Euty-

2163 4916 2490 4992 cbetem'et
2551 4933 2846 4989 Eusebium
2924 4933 3152 4987 Doralia:
3212 4932 3529 5002 episcopum
3585 4939 3748 4997 atque

2166 5031 2487 5085 Flavianum
2527 5028 2899 5098 patriarcbam
2948 5026 3615 5094 Constantinopolitannm
3663 5023 3749 5076 in-

2167 5131 2524 5178 tercesserat.
2551 5120 2843 5173 Dioscorus
2864 5128 3046 5174 autem
3068 5117 3412 5172 Alexandria:
3436 5115 3748 5185 patriarcha

2165 5213 2493 5285 Eutychetis
2526 5212 2857 5266 sententiam
2894 5211 3229 5264 conﬁrmans
3275 5208 3594 5262 Flavianum
3654 5221 3752 5274 pa.

2165 5309 2462 5363 triarcbam
2509 5306 3181 5375 Constantiuopolitanum
3211 5313 3266 5358 et
3324 5302 3620 5357 Eusebium
3649 5299 3757 5354 Do-

2165 5402 2316 5456 ralise
2347 5401 2666 5471 episcopum
2698 5395 3215 5453 exconmtunicavit.

2229 5490 2588 5546 'Obstiterunt
2628 5503 2758 5544 vero
2813 5487 3076 5543 Domnius
3108 5483 3424 5556 patriarcha
3458 5480 3753 5537 Antioche-

537 5706 601 5762 (⁸)
642 5707 982 5779 ῌειερεξὲίζιρε
1008 5710 1196 5779 eisdem
1239 5715 1479 5779 numeris
1501 5727 1776 5779 perperam
1835 5713 2348 5779 praenotalas‘quibus
2372 5711 2718 5779 precedentes
2759 5708 3088 5779 distinctionis
3109 5719 3229 5779 ergo
3255 5704 3514 5779 asterisco.
3541 5700 3750 5779 luntrbic

475 5769 578 5846 tum
612 5766 730 5846 alias
755 5766 803 5818 in
829 5766 993 5819 lodice
1015 5771 1430 5835 subsignavimus.
1465 5766 1668 5828 [deni'iu
1705 5766 1926 5827 numeris
1951 5775 2157 5826 liii-1352
2177 5766 2490 5826 commissum
2514 5771 2744 5823 similiter
2768 5770 3100 5822 indicavimus.
3140 5769 3279 5828 Quod
3305 5767 3461 5846 semel
3490 5767 3746 5814 monuisse

479 5827 602 5872 satis
619 5829 698 5875 sit.
