4076 6402
372 388 516 455 1153

361 613 508 670 cyrae
539 599 862 670 episcopus,
896 608 952 657 et
975 606 1086 658 Asa
1113 602 1414 672 Rohensis,
1450 623 1576 663 cum
1618 610 1807 665 multis
1831 612 1959 668 aliis

360 690 661 762 episcopis,
708 710 811 750 nec
858 710 973 751 non
1036 698 1317 770 deputatis
1370 700 1571 759 Leonis
1626 706 1961 774 patriarchae

361 785 623 851 Romani,
664 786 932 845 Dioscoro
972 793 1305 859 patriarchm
1353 795 1735 854 Alexandrino
1782 800 1837 857 in
1892 817 1960 858 eo

358 881 508 953 quod
543 880 698 944 fecit,
727 893 781 938 et
836 888 1163 941 sententiam
1195 887 1368 958 ipsius
1417 900 1476 947 ut
1531 893 1826 950 absurdam
1860 896 1959 953 da-

356 974 1161 1033 mnarunt.Exc0tmnunieavit
1195 996 1327 1051 ergo
1371 983 1519 1050 ipsos
1560 985 1876 1054 Dioscorus,
1903 998 1958 1045 et

356 1065 424 1121 ad
442 1064 688 1122 Leonem
718 1069 1097 1138 patriarcham
1123 1069 1437 1129 Romanum
1465 1084 1520 1132 et
1548 1078 1613 1133 ad
1638 1081 1956 1138 sacerdotes

355 1159 677 1230 complures
711 1161 936 1232 scripsit
985 1178 1097 1233 quo
1137 1164 1288 1234 ipsos
1337 1173 1852 1229 excommunicaret
1899 1184 1957 1231 et

354 1261 714 1311 sacramento
743 1256 1106 1312 interdiceret
1137 1259 1242 1315 nisi
1278 1258 1607 1332 Eutychetis
1634 1264 1951 1334 Opinionem

359 1348 853 1418 amplecterentur,
891 1359 1062 1418 atque
1116 1351 1172 1406 in
1224 1352 1328 1408 hac
1381 1358 1655 1411 sententia
1705 1357 1953 1415 abrurbe

355 1439 581 1509 Epheso
617 1456 873 1498 reversus
906 1451 1010 1506 est,
1053 1444 1223 1515 idque
1266 1461 1412 1500 anno
1451 1449 1604 1520 regni
1655 1449 1951 1507 Theodosii

351 1534 602 1606 89-91
636 1535 884 1592 Junioris
914 1536 1361 1609 quadragesimo,
1399 1540 1545 1597 unde
1576 1553 1835 1614 corrupta
1866 1556 1952 1603 est

350 1626 522 1695 ﬁdes;
562 1628 780 1698 fuitque
832 1629 969 1699 ﬁdes
1017 1638 1073 1685 et
1121 1635 1401 1688 sententia
1456 1633 1613 1706 [quae
1669 1638 1947 1711 obtinuit]

353 1721 627 1778 Sententia
697 1722 1057 1794 Eutychetis,
1129 1727 1410 1797 prmcipue
1478 1730 1532 1782 in
1605 1728 1846 1801 Egypto
1896 1743 1952 1787 et

350 1814 738 1881 Alexandria;
800 1817 1171 1888 eamdemque
1234 1818 1561 1892 Eutychetis
1617 1826 1946 1879 sententiam

1827 402 2205 470 ANNAIJES.

362 525 492 576 nus,
544 507 871 611 Juvenalius
905 510 1461 615 llierosmyrnitanus,
1499 516 1811 615 Ilerdasltts
1841 526 1952 575 An-
1983 525 2028 583 Α
2062 534 2209 600 quod
2262 532 2515 603 ejusdem
2566 535 2878 593 doctrinam
2923 540 3213 610 amplexus
3246 554 3415 615 esset,
3459 559 3513 603 et

3516 425 3654 496 ισδι

2066 567 2208 600 ιιυυυ
2262 567 2515 603 ιηυθυωη
2566 567 2878 593 υυιὲιῘΙΙΙὶΙΙΙΙ
2923 567 3213 610 ειιιιμιυιυε
3246 567 3415 615 υδεαι,
3459 567 3513 603 θι
3559 567 3663 622 pa-

2066 627 2341 684 triarchas
2393 627 2719 687 demortnos
2769 635 3331 701 excommunicasset,
3368 648 3423 693 et
3452 656 3564 710 quo
3600 642 3666 697 ﬁ-

2062 720 2187 776 dem
2238 721 2630 777 conﬁrmarent
2670 739 2832 792 quam
2897 724 3191 783 ediderant
3250 730 3356 785 tria
3417 736 3659 791 concilia

2063 824 2273 871 sancta.
2333 815 2730 873 Convenerunt
2784 819 2955 889 igitur
3015 818 3352 879 Chalcedoni
3411 828 3656 898 episcOpi

2060 909 2309 964 sexcenti
2365 909 2613 980 triginta.
2662 908 2883 966 Primas
2929 911 2986 966 in
3020 914 3260 969 concilio
3294 916 3658 972 obtinuerunt

2058 1001 2350 1059 Anatolius
2370 1004 2682 1074 patriarcha
2705 1004 2954 1076 93-95
2975 1004 3400 1079 Constantinop,
3426 1010 3653 1068 Maxim.

2057 1095 2456 1159 Antiochenns,
2498 1107 2554 1152 et
2596 1097 2873 1153 Buﬁavius
2905 1099 3285 1175 [Juvenaliusj
3330 1102 3654 1175 Hierosoly-

2058 1190 2323 1247 mitanus.
2361 1191 2471 1245 Leo
2497 1200 2677 1247 autem
2713 1192 3029 1263 patriarcha
3076 1193 3359 1254 Romanus
3410 1198 3483 1253 ad
3514 1198 3655 1252 Mar-

2056 1281 2279 1336 cianum
2321 1281 2710 1352 imperatorem
2755 1283 2822 1338 de
2859 1284 2964 1340 ﬁde
2992 1287 3323 1350 orthodoxa,
3378 1288 3482 1344 tide
3514 1288 3652 1343 Mei-

2058 1372 2356 1437 ebitarnm,
2413 1374 2698 1441 scribens,
2752 1376 3042 1447 epistolam
3094 1394 3194 1449 per
3242 1381 3583 1436 sacerdotem
3619 1399 3650 1435 e

2058 1465 2352 1535 discipulis
2382 1467 2500 1523 suis
2526 1468 2816 1536 quemdam
2851 1472 3075 1525 nomine
3103 1469 3446 1526 Bonifacium
3476 1474 3644 1540 misit,

2055 1574 2220 1630 quam
2251 1558 2456 1615 deinde
2487 1558 2807 1617 Marcianus
2842 1562 3145 1632 imperator
3170 1580 3266 1634 per
3300 1563 3645 1621 Bonifacittm

2056 1653 2407 1709 sacerdotem
2466 1655 2869 1710 Chalcedonem
2921 1657 3071 1713 misit
3120 1656 3188 1711 ad
3242 1659 3534 1728 episcopos
3570 1659 3645 1713 ibi

2054 1755 2443 1816 congregatos,
2479 1746 2572 1817 qtti
2608 1747 2954 1802 Bonifacium
2991 1765 3223 1805 nuntero
3254 1761 3645 1806 sescentorum

2058 1839 2276 1906 triginta
2310 1849 2733 1894 arcensuerunt.
2768 1841 3123 1910 Fueruntque
3155 1846 3208 1896 in
3228 1844 3461 1898 concilio
3481 1844 3648 1900 disci-

347 1907 757 2002 amplexusest
788 1907 1137 1966 Theodosius
1171 1911 1497 1981 imperator.
1523 1912 1699 1983 Cujus
1726 1914 1941 1984 imperii
1977 1900 2020 1959 Β
2052 1900 2165 1996 puli
2193 1925 2468 1997 Euthymii
2502 1930 2685 1984 sancti
2721 1900 3350 2002 Stepltanus'episcopus
3378 1935 3641 2000 Barabire,

346 2013 494 2053 anno
520 1999 949 2070 quadragesimo
982 2010 1234 2060 mortuus
1282 2012 1366 2061 est
1397 2003 1690 2062 Flavianus
1717 2008 1949 2076 patriar~

347 2093 451 2145 cha
474 2091 1155 2165 Constantinopolitanns,
1180 2110 1343 2167 quem
1368 2100 1948 2154 excommunicaverat

346 2179 652 2240 Dioscorus
685 2200 699 2237 :
732 2188 822 2241 cui
848 2187 902 2241 in
925 2188 1301 2258 patriarchatn
1326 2189 1946 2262 Constatttin0p0litano

348 2276 619 2333 suffectus
657 2288 743 2335 est
767 2280 1146 2346 Athanasius,
1207 2282 1303 2353 qui
1356 2297 1483 2337 cum
1533 2299 1710 2341 annos
1747 2298 1941 2339 novem

345 2367 608 2436 sedisset,
635 2381 894 2428 mortuus
919 2382 1027 2429 est.
1051 2374 1188 2445 Ejus
1212 2375 1552 2442 prasfecturaa
1578 2392 1725 2434 anno
1743 2391 1942 2449 quarto

343 2461 448 2517 fuit
481 2464 780 2518 concilium
815 2473 1075 2536 quartum
1105 2468 1159 2522 in
1196 2468 1332 2524 urbe
1364 2464 1734 2529 Chalcedone.
1766 2470 1941 2530 Porro

343 2570 494 2611 anno
529 2558 683 2628 regni
742 2555 1036 2615 Theodosii
1091 2561 1521 2630 quadragesimo
1557 2564 1736 2634 primo
1791 2582 1936 2623 mor-

343 2656 474 2703 tuus
533 2659 619 2705 est
660 2650 928 2705 Domnins
984 2653 1302 2722 patriarcha
1349 2655 1729 2713 Antiochenus
1771 2674 1935 2728 quem

345 2744 925 2799 excommunicaverat
981 2745 1317 2814 Dioscorus,
1373 2752 1823 2822 constitutnsque
1855 2763 1938 2807 est

343 2843 469 2905 post
500 2836 682 2907 ipsutn
717 2837 1028 2907 patriarcha
1062 2839 1267 2895 ibidem
1305 2840 1600 2908 Maximus,
1632 2845 1724 2913 qtti
1758 2860 1936 2901 annos

340 2935 583 2996 quatuor
614 2929 780 2995 sedit,
814 2928 943 2984 dein
978 2938 1235 2988 m0rtuus
1263 2942 1370 2988 est.
1420 2933 1555 3006 Ejus
1593 2934 1935 3006 prtefectttm

339 3036 488 3076 amto
534 3024 702 3077 tertio
758 3024 863 3078 fuit
907 3025 1207 3080 concilium
1262 3037 1520 3098 quartum
1573 3029 1929 3087 Chalcedoni.

338 3111 466 3168 Fuit
527 3122 713 3170 autem
761 3113 1077 3172 Theodosio
1124 3119 1449 3197 imperatori
1516 3137 1659 3177 uxor
1707 3124 1932 3180 nomine

340 3204 627 3275 Endocia;
664 3224 902 3279 cumque
960 3210 1283 3281 imperatori
1338 3213 1604 3271 donatum
1653 3226 1800 3271 esset
1832 3233 1926 3286 po-

338 3317 488 3356 mum
542 3310 788 3371 tempore
832 3319 943 3373 quo
994 3318 1104 3359 non
1158 3306 1532 3376 reperirentur
1578 3324 1763 3378 poma,
1812 3310 1931 3378 ipse

336 3393 472 3449 illud
513 3394 768 3451 Endociaa
799 3396 957 3450 uxori
992 3395 1164 3463 dedit,
1196 3408 1253 3453 at
1285 3415 1411 3455 cum
1449 3412 1632 3466 postea
1675 3404 1764 3458 die
1788 3420 1931 3474 quo-

335 3488 463 3542 dam
499 3487 725 3543 domum
779 3488 1002 3560 patricii
1036 3491 1324 3560 cujusdam
1376 3494 1686 3563 ingressus,
1716 3497 1791 3551 ibi
1830 3513 1931 3568 po-

337 3594 487 3634 mum
528 3580 676 3636 istud
711 3582 1035 3651 reperisset,
1069 3598 1213 3654 aegre
1238 3585 1531 3641 admodum
1559 3589 1687 3644 illud
1717 3590 1931 3660 habuit,

336 3672 677 3743 tristitiaque
711 3672 942 3728 aﬁ'ectns
972 3681 1077 3740 est,
1127 3676 1443 3745 suspicatus
1489 3693 1717 3734 uxorem
1762 3696 1919 3736 suam

337 3768 637 3825 Eudociam
672 3769 911 3840 patricio
946 3769 1034 3825 isti
1064 3769 1385 3827 amiciorem
1418 3786 1564 3827 esse.
1596 3772 1775 3842 Ipsam
1798 3787 1932 3843 ergo

337 3861 713 3934 Hierosolyma
754 3863 1043 3933 relegavit.

410 3955 629 4011 Mortuo
670 3954 984 4011 Theodosio
1045 3955 1277 4011 Juniore
1327 3954 1645 4012 Graecorum
1696 3956 1929 4028 impera-

333 4057 479 4115 tore,
516 4047 625 4120 92
667 4048 959 4119 imperavit
1015 4047 1154 4118 ipsis
1203 4046 1520 4104 Marcianus
1569 4064 1746 4104 annos
1796 4064 1930 4114 sex,

339 4142 502 4210 idque
526 4156 675 4195 anno
700 4141 853 4212 regni
879 4138 1239 4208 Yazdejerdis
1270 4139 1308 4194 l'.
1342 4140 1597 4195 Bahranti
1635 4141 1929 4196 Persarum

337 4234 483 4304 regis
517 4232 737 4290 decimo
773 4244 997 4304 quarto.
1037 4232 1134 4289 Ubi
1176 4244 1359 4289 autem
1391 4248 1563 4303 regno
1607 4234 1816 4304 potitus
1845 4242 1931 4288 est

334 4323 675 4392 Marcianus,
733 4326 1128 4383 convenientes
1183 4342 1249 4381 ex
1296 4327 1558 4382 omnibus
1609 4327 1930 4398 regionibus

333 4420 607 4490 episcopi,
658 4419 876 4490 ipsique
920 4420 1212 4490 imperium
1267 4420 1511 4476 faustum
1567 4421 1929 4490 comprecati,

336 4519 529 4565 uotum
561 4511 663 4581 ipsi
694 4513 945 4566 fecerunt
969 4527 1133 4582 quant
1162 4513 1349 4582 inique
1370 4512 1574 4578 egisset
1634 4512 1927 4567 concilium

332 4602 640 4658 secundum
689 4602 1053 4673 Ephesinum,
1089 4613 1143 4659 et
1177 4604 1310 4674 quid
1364 4604 1587 4660 fecisset
1628 4604 1928 4662 Dioscorus

334 4693 652 4765 patriarcha
701 4694 1130 4763 Alexandrinus,
1172 4697 1674 4753 excommunicatis
1725 4697 1928 4769 injuria

331 4786 669 4857 patriarchis
702 4789 793 4857 qui
828 4789 1030 4843 mortui
1067 4788 1308 4855 fuerant,
1344 4800 1398 4844 et
1439 4791 1770 4845 sententiam
1812 4790 1927 4846 Eu-

335 4880 575 4952 tychetis
611 4881 849 4937 inﬁdelis
880 4883 1165 4953 amplexus
1211 4898 1438 4953 eamque
1482 4893 1540 4937 ut
1574 4898 1759 4939 veram
1790 4900 1927 4941 con.

333 4974 588 5038 ﬁrmans,
635 4985 690 5031 et
730 4974 1011 5047 quomodo
1058 4976 1220 5031 ﬁdem
1269 4986 1326 5030 et
1378 4977 1706 5032 traditiones
1743 4994 1927 5034 corru-

332 5066 528 5135 pisset,
574 5068 711 5123 adeo
750 5079 807 5121 Ill
836 5066 1159 5123 Eutt'chetis
1185 5069 1459 5124 sententia
1488 5070 1631 5140 apud
1677 5069 1927 5125 homines

333 5160 723 5216 int-alesccret.
784 5159 962 5216 Jussit
1027 5177 1159 5232 ergo
1226 5160 1541 5218 Marcianus
1598 5177 1693 5216 rex
1758 5164 1924 5218 scribi

331 5253 552 5308 litteras
588 5253 654 5307 ad
690 5254 934 5319 Leonem
978 5256 1353 5325 patriarcham
1387 5253 1721 5321 Romanum,
1758 5254 1928 5310 Maxi-

332 5363 482 5402 mum
526 5349 896 5418 patriai-chain
930 5348 1331 5404 Antiochcnum
1363 5360 1416 5405 et
1449 5348 1751 5406 Bnﬁavium
1785 5348 1924 5422 [Ju-

331 5439 653 5512 vcnalittm]
695 5440 1069 5510 patriarcham
1104 5438 1687 5513 Hierosolymitanum,
1718 5450 1777 5497 ut
1814 5459 1923 5499 una

332 5548 461 5585 cum
485 5533 843 5603 metropolitis
859 5532 1208 5604 etcpisc0pis
1246 5533 1361 5588 suis
1395 5534 1765 5599 accederent;
1803 5535 1923 5590 dari

332 5627 502 5679 etiam
541 5624 758 5682 litteras
788 5626 855 5679 ad
890 5625 1181 5696 episcopos
1213 5624 1303 5694 qui
1347 5640 1378 5680 e
1411 5624 1724 5680 Graecorum
1760 5627 1923 5682 terri-

334 5718 483 5773 torio
508 5728 695 5774 essent
728 5728 785 5774 ut
811 5734 1007 5774 omnes
1034 5718 1373 5774 Chalcedoni
1406 5718 1784 5785 convenirent,
1810 5736 1920 5790 quo

335 5811 405 5864 de
439 5810 714 5865 sententia
767 5808 1091 5880 Eutychetis
1135 5810 1474 5881 dispicerent
1520 5811 1920 5882 disquirerent--

333 5917 467 5972 quo,
501 5912 556 5959 ct
585 5902 654 5960 de
702 5901 843 5962 facto
881 5903 1132 5963 Dioscuri
1180 5904 1511 5976 patriarcha:
1558 5903 1917 5966 Alexandrini

2051 2027 2105 2073 et
2135 2017 2374 2075 Joannes
2401 2021 2698 2092 episcopus
2739 2022 3132 2079 Barbarorum.
3181 2024 3285 2081 Ubi
3340 2043 3473 2098 ergo
3507 2044 3642 2084 con-

2050 2118 2340 2178 venerant,
2378 2115 2430 2169 in
2463 2113 2760 2172 falsitatem
2804 2119 3092 2173 sententiae
3130 2118 3374 2174 Dioscuri
3409 2122 3646 2189 patriar-

2047 2206 2168 2262 chae
2217 2208 2574 2263 Alexandrini
2625 2209 3057 2279 inqttisivernut,
3112 2220 3165 2267 et
3203 2212 3331 2281 quid
3385 2214 3453 2268 de
3502 2214 3645 2269 facto

2048 2298 2225 2368 ipsius
2247 2297 2394 2368 quod
2420 2297 2745 2370 Eutychetis
2768 2302 3098 2355 sententiam
3124 2303 3410 2370 amplexus
3439 2305 3640 2368 fuerat,

2045 2400 2096 2445 et
2127 2390 2183 2444 in
2219 2390 2421 2460 ipsum,
2450 2406 2673 2461 unaque
2706 2393 2760 2446 in
2800 2391 3182 2463 Eutychetem,
3218 2395 3508 2448 anathema
3542 2397 3639 2451 de-

2045 2483 2397 2547 nuntiarunt,
2439 2492 2771 2549 statuentes,
2816 2465 3108 2541 Dominum
3147 2497 3396 2543 nostrum
3447 2488 3637 2543 Jesum

2043 2574 2325 2631 Chrismm
2368 2577 2537 2633 Deum
2571 2593 2695 2633 esse
2729 2588 2786 2633 et
2825 2578 3129 2647 hominem,
3178 2581 3470 2650 ipsumque
3494 2582 3641 2650 ejus-

2043 2664 2168 2719 dem
2203 2681 2329 2722 esse
2356 2667 2615 2723 essentia:
2643 2683 2768 2758 cupi
2798 2667 2961 2723 Patre
2987 2671 3135 2741 quod
3169 2671 3235 2724 ad
3265 2672 3635 2738 divinitatem,

2041 2759 2399 2829 ejusdemque
2424 2774 2548 2815 cum
2580 2761 2741 2816 nobis
2766 2763 2912 2830 quod
2941 2763 3008 2816 ad
3035 2763 3453 2829 humanitatem,
3482 2772 3635 2818 utra—

2039 2853 2144 2922 que
2173 2859 2371 2906 natura
2392 2851 2660 2921 agnitum,
2688 2852 2992 2921 perrectum
3018 2853 3072 2907 in
3092 2852 3383 2908 divinitate
3419 2871 3538 2916 sua,
3571 2862 3628 2905 rt

2038 2944 2342 3016 perfectum
2373 2946 2427 3000 in
2447 2945 2789 3001 humanitate
2820 2961 2943 3007 sua.
2973 2947 3251 3000 Christum
3278 2962 3467 3001 unum.
3493 2947 3635 3000 Con-

2032 3038 2436 3108 ‘ﬁrmaruntque
2475 3037 2783 3093 doctrinam
2815 3038 3202 3109 episcoporum
3254 3046 3628 3094 trecentorum

2036 3127 2343 3183 octodecim
2370 3127 2461 3198 qui
2497 3128 2698 3184 Nicmae
2723 3137 3124 3192 convenerunt,
3159 3129 3401 3198 amplexi
3423 3129 3632 3182 dictum

2034 3223 2315 3291 ipsorum;
2353 3237 2477 3278 esse
2507 3223 2723 3278 scilicet
2753 3217 2955 3278 Filium
3000 3222 3150 3277 Patri
3183 3222 3633 3286 coessentialetn,

2036 3313 2223 3369 lumen
2252 3311 2322 3369 de
2355 3313 2587 3380 lumine,
2618 3312 2788 3369 Deum
2822 3330 3013 3370 verum
3062 3316 3130 3371 de
3163 3314 3277 3370 Dco
3311 3331 3463 3378 vero,
3499 3330 3636 3369 ana--

2039 3407 2223 3462 thema
2270 3407 2436 3463 etiam
2474 3407 2733 3463 dixerunt
2776 3408 2889 3478 96
2932 3408 3085 3472 Ario,
3133 3417 3187 3462 et
3237 3409 3636 3462 conlirmarunt

2030 3499 2342 3554 doctrinam
2401 3501 2626 3556 concilii
2681 3499 2912 3556 secundi
2966 3511 3183 3556 centum
3232 3500 3634 3569 quinquaginta

2034 3590 2429 3662 episcoporum
2478 3593 2589 3659 qui,
2618 3590 3101 3660 Constantinopoli
3147 3601 3340 3645 contra
3382 3590 3634 3645 Macedo-

2041 3684 2196 3739 nium
2239 3695 2635 3750 convenerant,
2709 3697 3024 3740 asserentes
3070 3682 3335 3753 Spiritum
3379 3693 3631 3737 sanctum

2035 3792 2160 3833 esse
2213 3777 2412 3841 Deum,
2454 3793 2690 3847 esseque
2740 3775 2959 3831 Patrem
3009 3774 3210 3830 Filium
3258 3784 3315 3831 et
3363 3776 3633 3844 Spiritum

2035 3877 2289 3923 εθηρῑιιῐη
2345 3868 2516 3924 Deum
2569 3884 2761 3935 unum,
2791 3882 2954 3922 unam
3009 3877 3292 3930 naturam,
3347 3876 3462 3924 "'05
3509 3882 3628 3937 pcr-

2035 3975 2223 4026 sonas,
2269 3969 2323 4015 et
2369 3968 2484 4016 tres
2508 3959 2856 4031 hypostases.
2887 3958 3268 4014 Macedoniam
3301 3958 3467 4014 etiam
3497 3972 3631 4011 ana-

2035 4053 2490 4108 thematizarunt.
2517 4051 2930 4109 Conﬁrmarunt
2958 4052 3125 4107 etiam
3156 4051 3466 4107 doctrinam
3498 4065 3629 4105 con-

2034 4147 2146 4202 cilii
2180 4146 2357 4211 teri-ii,
2389 4160 2582 4201 eorum
2632 4161 2832 4215 nempe
2884 4146 2975 4216 qui
3031 4144 3235 4215 Ephesi
3288 4145 3463 4213 prima
3513 4145 3630 4200 vice

2035 4248 2464 4306 convenerant,
2504 4238 2762 4294 videlicet
2803 4238 3193 4309 episcoporum
3242 4238 3629 4303 ducentorum,

2034 4345 2226 4389 contra
2247 4332 2609 4401 NeStorinm;
2650 4332 2899 4389 dicentes
2946 4332 3171 4387 Mariam
3218 4331 3497 4402 Virginem
3542 4345 3629 4401 pe-

2036 4426 2251 4498 perisse
2282 4425 2478 4490 Deum,
2514 4425 2811 4480 Dominum
2847 4435 3095 4480 nostrum
3132 4423 3320 4479 Jesum
3346 4423 3629 4480 Christum

2037 4519 2133 4591 qui
2168 4518 2419 4589 ejusdem
2476 4525 2564 4572 est
2618 4533 2747 4572 cum
2786 4519 2949 4574 Patre
2991 4532 3097 4573 suo
3146 4529 3359 4573 naturae
3389 4517 3628 4582 divinae,

1960 4633 2008 4692 ι)
2037 4611 2288 4681 ejusdem
2331 4626 2457 4667 cum
2500 4611 2824 4666 hominibus
2852 4619 3064 4665 naturae
3096 4610 3372 4673 humanae,
3404 4624 3467 4664 ac
3498 4624 3618 4664 con-

2034 4704 2168 4761 fessi
2201 4705 2340 4759 duas
2373 4718 2497 4760 esse
2547 4702 2773 4759 Christo
2819 4714 3074 4769 naturas,
3105 4717 3395 4773 personant
3439 4718 3625 4766 unam,

2033 4795 2360 4868 hypostasin
2388 4812 2594 4864 unam;
2640 4806 2695 4851 et
2726 4793 3046 4852 Nestorium
3089 4797 3443 4851 anathemate
3467 4794 3622 4849 devo-

2032 4901 2253 4958 verunt,
2309 4907 2412 4948 nec
2462 4906 2576 4946 non
2624 4888 2976 4956 Dioscorum,
3033 4896 3088 4944 et
3143 4888 3401 4958 quisquis
3457 4887 3628 4957 ipsius

2033 4982 2360 5038 sententiam
2381 4981 3134 5051 amplecteretur,ipsumque
3155 4978 3277 5034 loco
3298 4977 3624 5034 abdicarunt

2031 5076 2327 5132 anathema
2344 5077 2509 5130 etiam
2528 5073 2791 5129 dixerunt
2813 5073 3049 5128 concilio
3068 5071 3313 5128 secundo
3329 5072 3626 5142 Ephesino.

2031 5167 2334 5236 Adfuitqne
2384 5166 2514 5221 ltttic
2567 5165 2806 5220 concilio
2850 5164 3274 5220 archidiaconus
3304 5164 3629 5219 Alexandri-

2031 5276 2138 5315 nus
2172 5260 2395 5315 nomine
2425 5259 2736 5320 Proterius.
2782 5275 2946 5329 quem
2989 5260 3359 5329 patriai-citam
3398 5259 3623 5311 Alexam

2031 5351 2307 5408 drimloco
2334 5351 2579 5406 Dioscori
2612 5350 2869 5415 inﬁdelis,
2910 5351 3213 5417 maledicti,
3243 5350 3623 5420 praefecerunt.

2101 5443 2221 5499 Jam
2268 5460 2299 5499 a
2329 5444 2566 5500 concilio
2602 5442 2789 5509 tertio,
2833 5442 3114 5513 Ephesino
3150 5443 3363 5497 scilicet
3403 5444 3621 5511 episco-

2029 5552 2226 5608 porum
2264 5538 2628 5593 ducentorum
2658 5534 2752 5606 qui
2802 5534 2976 5605 prima
3023 5536 3145 5589 vice
3184 5533 3385 5603 Ephesi
3421 5547 3620 5588 conve-

2029 5630 2246 5685 nientes
2295 5629 2610 5689 Nestorium
2669 5629 3022 5683 anathemate
3080 5635 3499 5696 percusserunt,
3551 5624 3617 5681 ad

2026 5731 2284 5794 quartum
2345 5721 2447 5778 hoc
2488 5722 2782 5778 concilium
2832 5719 2978 5792 quod
3009 5719 3341 5776 Chalcedoni
3378 5719 3619 5774 habitum

2026 5824 2133 5879 est,
2187 5814 2317 5869 anni
2366 5824 2494 5869 sunt
2546 5814 2740 5885 viginti
2775 5831 2942 5878 unus,
2988 5813 3096 5868 hoc
3145 5827 3342 5882 nempe
3394 5811 3450 5865 in
3482 5809 3615 5881 97-

2025 5908 2139 5980 99
2188 5924 2297 5981 quo
2346 5915 2728 5967 convenerunt
2768 5907 3017 5978 episcopi
3076 5904 3324 5980 sexcenti
3370 5903 3615 5973 triginta,
