4076 6394
475 376 614 436 1055

1503 375 1873 439 EUTYCHII
1914 372 2456 435 ALEXANDRINI
2487 372 2712 435 PATR.

3605 375 3744 438 1056

472 490 564 557 qui
603 487 919 544 Dioscornm
953 500 1009 543 et
1049 488 1406 562 Eutychetem
1441 493 1796 546 anathemate
1828 492 2061 546 devove-
2091 493 2136 549 Α
2166 487 2333 543 clesia
2359 487 2542 560 Cyrini
2569 508 2584 556 ;
2623 491 2749 544 dein
2777 505 2977 559 corpus
3019 488 3191 559 ipsius
3221 491 3436 544 camelo
3463 489 3514 542 in
3543 487 3744 558 [lippo-

471 589 620 634 runt.
659 579 899 652 Egyptii
930 598 1062 637 vero
1088 592 1142 637 et
1178 583 1529 638 Alexandriae
1569 583 1764 638 incola:
1800 583 2054 638 Dioscori

467 684 521 729 et
551 672 870 745 Eutychetis
904 678 1236 732 sententiam
1268 677 1506 746 amplexi
1544 676 1787 741 fuerant,
1826 686 1880 732 et
1925 676 2055 732 Dio-

467 784 694 822 scorum
714 768 916 838 injuria
937 771 1282 825 anathemate
1306 786 1628 840 percussum
1655 772 2048 834 autumarunt';

470 870 618 912 metu
649 867 826 916 autem
851 861 1110 916 Marciani
1141 863 1286 932 regis
1317 863 1644 918 sententiam
1687 879 1843 919 suam
1871 863 2048 934 palam

472 950 722 1018 proferre
753 953 872 1006 ausi
909 968 1016 1008 non
1048 963 1202 1008 sunt.
1250 954 1552 1011 Dioscorus
1585 971 1716 1010 vero
1745 958 1867 1012 loco
1894 956 2053 1011 abdi-

473 1056 633 1100 catus
655 1045 992 1102 Palzcstinam
1027 1047 1472 1121 etHierosolyma
1497 1050 1773 1119 profectus
1802 1051 2049 1106 omnium

479 1137 556 1192 ibi
605 1137 916 1208 degentium
949 1140 1106 1195 fidem
1137 1143 1407 1211 corrupit,
1443 1144 1582 1198 adeo
1637 1152 1695 1198 ut
1730 1144 1872 1199 idem
1921 1159 2046 1198 cum

472 1231 592 1297 ipso
637 1242 968 1300 assererent,
1010 1235 1328 1290 conciliavit
1377 1237 1543 1291 etiam
1597 1238 1700 1293 sibi
1758 1238 2051 1307 episcopos

470 1339 684 1389 eorum,
723 1335 777 1380 et
810 1325 1053 1382 Eudocia
1082 1327 1373 1383 Theodosii
1405 1329 1755 1400 imperatoris
1783 1347 1920 1386 uxor
1953 1346 2052 1385 au-

470 1418 583 1471 dita
620 1417 868 1473 Dioscori
903 1424 1179 1477 sententia
1213 1422 1262 1478 ei
1295 1438 1585 1479 assensum
1618 1423 1870 1492 praebuit,
1903 1423 2050 1476 mul-

469 1517 636 1578 taque
688 1511 792 1580 ipsi
843 1513 1073 1568 donaria
1114 1516 1288 1572 misit.
1337 1515 1574 1572 Sanctus
1621 1528 1799 1572 autem
1845 1517 2053 1587 Euthy-

471 1603 634 1662 mius.
666 1602 1060 1673 Hierosolymis
1085 1608 1245 1664 fidem
1277 1611 1640 1665 orthodoxam
1668 1611 2053 1682 propugnabat

470 1705 521 1748 et
574 1696 848 1758 tuebatur,
903 1699 995 1766 qui
1055 1709 1110 1756 et
1161 1701 1227 1757 ad
1269 1700 1564 1757 Eudociam
1592 1705 1818 1759 mittens
1867 1703 2049 1758 dixit:

469 1785 548 1839 Ne.
586 1788 822 1857 recipias
868 1790 1115 1846 Dioscori
1171 1796 1523 1859 sententiam,
1573 1804 1767 1866 utpote
1794 1797 1886 1866 qui
1929 1798 2052 1852 loco
2086 1828 2127 1882 Β

471 1879 686 1945 pulsus,
715 1889 770 1934 et
801 1883 1153 1940 anathemate
1187 1901 1484 1954 percussus
1538 1887 1612 1943 sit
1644 1904 1747 1942 una
1783 1905 1906 1944 cum
1931 1905 2055 1941 orn-

473 1972 640 2026 nibus
672 1974 765 2040 qui
802 1977 1131 2030 sententiam
1176 1978 1349 2047 ipsius
1377 1981 1807 2049 amplectuntur.
1849 1981 2053 2037 Rever-

472 2073 587 2116 lere
621 2080 753 2132 ergo
807 2067 872 2119 ad
905 2082 1024 2120 eam
1068 2084 1231 2138 quam
1283 2070 1533 2139 professa
1579 2087 1702 2126 eras
1741 2074 2051 2129 veritatem.

471 2155 803 2208 Auscultans
857 2171 986 2225 ergo
1034 2157 1274 2212 Eudocia
1327 2161 1475 2213 dicto
1529 2162 1700 2214 sancti
1750 2161 2050 2232 Euthymii,

470 2243 723 2296 abdicata
774 2243 1022 2300 Dioscori
1077 2250 1349 2302 sententia
1392 2251 1456 2302 ad
1500 2252 1783 2305 veritatem
1834 2268 2051 2307 reversa

469 2344 575 2395 e.t,
627 2336 809 2389 ntultis
856 2337 931 2391 illi
969 2338 1155 2398 missis
1204 2342 1551 2398 muneribus.
1585 2343 1846 2400 Condidit
1885 2348 2050 2401 etiam

471 2422 714 2478 Euducia
752 2423 1148 2499 Hierosolymis
1199 2431 1407 2486 multas
1449 2433 1736 2497 ecclesias,
1778 2445 1831 2490 et
1870 2451 2056 2492 coeno-

473 2516 585 2569 bia.
621 2516 816 2579 Porro,
859 2535 1005 2574 anno
1039 2521 1200 2576 tertio
1242 2524 1392 2594 regni
1427 2523 1686 2580 Marciani
1713 2529 2052 2586 constitutus

473 2617 557 2662 est
601 2609 930 2666 Anastasius
984 2614 1295 2680 patriarcha
1347 2613 1896 2687 llierosolymitanus,
1957 2620 2051 2690 qui

470 2701 717 2756 Jacobita
755 2703 855 2756 fuit
887 2721 900 2757 :
942 2704 1087 2759 sedit
1118 2720 1294 2762 annos
1317 2710 1710 2775 nhvemdccim,
1745 2711 1868 2764 dein
1900 2725 2051 2767 mor-

470 2802 600 2847 tuus
656 2802 759 2850 est.
802 2795 1003 2852 Eodem
1069 2812 1216 2853 anno
1249 2799 1408 2868 100
1452 2799 1630 2855 factus
1673 2811 1758 2857 est
1814 2803 2053 2860 Basilius

469 2887 780 2956 patriarcha
827 2889 1231 2959 Autiochenus;
1293 2892 1432 2947 duos
1471 2909 1647 2949 annos
1700 2895 1864 2961 sedit,
1925 2897 2051 2951 dein

471 2993 727 3036 mortuus
765 2991 869 3036 est.
921 2985 1081 3037 Anno
1115 2983 1268 3055 regni
1310 2985 1559 3056 ejusdem
1594 2986 1815 3054 quinto,
1844 2987 2054 3043 consti-

472 3083 622 3130 tutus
669 3085 756 3130 est
803 3074 1096 3147 Martyrius
1146 3079 1461 3146 patriarcha
1499 3080 1905 3146 Antiochentts,
1956 3082 2050 3151 qui

2165 581 2416 636 dromum
2439 599 2718 654 magnum,
2739 585 2883 654 quod
2912 583 3187 638 exstruxit
3215 583 3545 638 Ptolomaeus
3564 584 3747 652 appel-

2165 673 2314 730 latus
2368 674 2568 743 Lagus,
2613 686 2912 747 gestatum,
2955 678 3080 747 igne
3138 687 3478 732 cremarunt.
3548 676 3744 738 Porro,

2165 769 2420 836 apparuit
2452 770 2505 824 in
2537 771 2680 825 coelo
2702 770 2876 826 nubes
2911 772 3090 842 ignea,
3128 785 3253 824 cum
3291 770 3525 832 tonitru,
3555 777 3608 823 et
3643 769 3749 822 [ιιι-

2164 872 2318 926 gure,
2372 873 2439 914 ac
2483 868 2797 916 terraemotu
2847 876 3048 931 magno
3099 860 3294 916 diebus
3353 859 3742 929 quadraginta.

2165 948 2397 1004 Sederat
2438 950 2722 1009 Proterius
2761 969 2855 1008 sex
2885 968 3065 1008 annos
3107 968 3231 1008 cum
3265 951 3586 1006 interfectus
3635 963 3744 1004 est.

2166 1040 2295 1098 Post
2331 1043 2509 1114 ipsum
2548 1045 2814 1100 suffectus
2856 1053 2942 1100 est
2973 1043 3300 1099 Timotheus
3347 1041 3592 1097 Anatolii
3628 1042 3743 1095 fra-

2164 1145 2270 1199 ter,
2300 1137 2393 1206 qui
2423 1135 2702 1193 Janurius.
2723 1136 2898 1200 audit,
2958 1137 3010 1188 in
3044 1135 3475 1204 patriarchatum
3501 1134 3744 1188 Alexan-

2163 1229 2297 1284 driae
2319 1231 2409 1298 qui
2442 1229 2691 1285 Jacobita
2729 1230 2852 1282 fuit.
2909 1227 3007 1282 Hic
3043 1243 3166 1283 cum
3199 1243 3377 1282 annos
3419 1236 3533 1283 tres
3567 1227 3746 1282 sedis-

2166 1331 2285 1386 set,
2319 1323 2426 1376 dux
2470 1322 2692 1390 quidam
2741 1321 2966 1376 nomine
3016 1319 3219 1376 Balaus
3262 1318 3743 1388 Constantinopoli

2163 1415 2552 1472 Alexandriam
2584 1416 2914 1484 perveniens
2945 1413 3120 1484 ipsum
3167 1413 3427 1483 relegavit
3459 1414 3514 1467 in
3559 1413 3740 1467 locum

2161 1506 2372 1561 dictum
2417 1505 2780 1576 Marsuphin;
2832 1514 2926 1576 qui
2969 1509 3126 1562 vicus
3168 1516 3253 1561 est
3282 1506 3348 1560 ad
3385 1506 3540 1560 littus
3572 1503 3742 1558 maris

2160 1599 2308 1666 quod
2353 1599 2559 1654 Pontus
2613 1599 2786 1654 audit.
2819 1597 3233 1668 Prmfectusque
3279 1604 3367 1652 est
3423 1595 3741 1666 patriarcha

2160 1693 2508 1748 Alexandria:
2547 1691 2868 1747 Timotheus
2920 1691 3080 1757 alter,
3111 1693 3204 1760 qui
3235 1691 3412 1746 Surus
3435 1689 3744 1758 appellatus

2160 1791 2266 1851 est,
2296 1783 2388 1853 qui
2429 1783 2590 1838 etiam
2617 1781 2865 1838 Jacobita
2915 1781 3056 1848 fuit;
3109 1797 3284 1837 annos
3310 1781 3622 1852 quindecim
3653 1797 3742 1836 se-

2158 1877 2258 1940 dit,
2294 1875 2418 1930 dein
2447 1881 2702 1929 mortuus
2729 1881 2833 1928 est.
2872 1872 3066 1938 Porro.
3110 1889 3257 1929 anno
3290 1874 3506 1943 imperii
3539 1873 3740 1929 Leonis

2156 1967 2334 2037 Magni
2364 1967 2582 2022 decimo
2611 1975 2788 2031 sexto,
2823 1966 3006 2022 factus
3036 1973 3120 2022 est
3145 1966 3409 2022 Martinus
3430 1965 3738 2036 patriarcha

2157 2061 2727 2133 Hieresolymitanus;
2753 2061 3005 2116 Jacohita
3033 2069 3187 2116 erat:
3226 2076 3402 2116 annos
3427 2069 3554 2115 octo
3575 2059 3742 2126 sedit,

2156 2155 2283 2210 dein
2341 2165 2594 2208 mortuus
2647 2163 2749 2209 est.
2790 2155 2949 2206 Anno
3000 2154 3246 2222 ejusdem
3307 2153 3458 2223 regni
3522 2152 3738 2207 decimo

2156 2245 2493 2301 constitutus
2520 2254 2606 2300 est
2631 2247 2864 2300 Aeacius
2895 2246 3203 2314 patriarcha
3227 2245 3741 2315 Constantinopoli-

2156 2347 2342 2402 tanus,
2407 2339 2500 2405 qui
2569 2352 2694 2390 cum
2751 2338 3011 2391 tredecim
3073 2352 3248 2390 annos
3297 2335 3456 2406 104
3503 2335 3738 2390 sedisset

2154 2441 2407 2485 mortuus
2435 2439 2542 2484 est.
2575 2419 2734 2485 Anno
2767 2430 3010 2500 ejusdem
3041 2429 3366 2484 duodecimo
3400 2428 3738 2483 constitutus

2153 2530 2236 2576 est
2281 2519 2524 2577 Joannes
2575 2522 2887 2590 patriarcha
2945 2521 3353 2582 Antiochenus,
3408 2520 3502 2589 qui
3563 2535 3734 2573 unum

2156 2629 2360 2669 annum
2396 2615 2560 2678 sedit,
2597 2614 2722 2670 dein
2781 2626 3030 2670 mortuus
3074 2625 3177 2670 est.
3232 2610 3492 2682 Ejusdem
3523 2611 3736 2666 decimo

2162 2709 2325 2762 tertio
2348 2705 2529 2762 factus
2562 2717 2644 2762 est
2683 2705 2937 2762 Julianus
2985 2707 3299 2778 patriarcha
3333 2705 3733 2768 Antiochenus,

2155 2811 2329 2853 annos
2359 2797 2602 2868 quinque
2629 2799 2797 2864 sedit,
2833 2798 2956 2853 dein
2991 2806 3242 2853 mortuus
3259 2805 3364 2852 est.
3395 2801 3554 2850 Anno
3581 2795 3735 2863 regni

2156 2889 2328 2958 ipsius
2359 2897 2554 2943 octavo
2571 2897 2791 2944 creatus
2821 2898 2904 2944 est
2924 2887 3164 2944 Hilarius
3195 2890 3506 2958 patriarcha
3532 2886 3736 2940 Roma-

2166 2997 2294 3046 nus,
2321 2981 2436 3050 qui,
2477 2997 2603 3036 cum
2647 2997 2741 3036 sex
2792 2996 2968 3038 annos
3015 2982 3272 3046 sedisset,
3328 2992 3581 3034 mortuus
3629 2990 3735 3035 est.

2157 3072 2418 3140 Ejusdem
2463 3087 2607 3126 anno
2651 3072 2864 3127 decimo
2911 3081 3066 3128 sexto
3111 3075 3447 3127 constitutus
3479 3080 3562 3123 est
3597 3070 3736 3123 Sile-

470 3180 596 3224 οοιο
651 3184 828 3225 annos
869 3170 1034 3233 sedit,
1072 3172 1200 3226 dein
1247 3181 1501 3227 πηοτιυυε
1533 3182 1639 3227 εει,
1707 3175 1866 3228 Anno
1901 3173 2051 3240 regni
2082 3173 2124 3230 ο
2161 3178 2264 3216 nus
2296 3163 2610 3231 patriarcha
2648 3161 2948 3227 ltomantts,
2995 3162 3084 3232 qui
3119 3161 3539 3231 quatuordecim
3565 3174 3738 3214 annos

472 3263 486 3316 i
517 3263 646 3317 lSiUS
674 3273 832 3318 sexto
875 3266 1210 3319 constitutus
1262 3274 1347 3321 est
1375 3264 1690 3320 Gennadius
1743 3266 2052 3331 patriarcha

471 3357 1117 3427 Constantinopolitanus
1138 3402 1153 3424 ,
1177 3363 1271 3429 qui
1308 3361 1494 3416 decem
1526 3377 1702 3417 annos
1732 3362 1895 3428 sedit,
1925 3363 2051 3418 dein

472 3458 725 3502 mortuus
748 3457 852 3504 est.
883 3449 1150 3522 Tempore
1173 3451 1434 3507 Marciani
1470 3451 1572 3506 fuit
1602 3452 1839 3523 Symeon
1870 3455 2053 3509 seclu-

473 3555 591 3602 sus,
634 3540 727 3608 qui
765 3540 818 3593 in
851 3541 1106 3595 columna
1152 3542 1305 3596 stetit
1352 3540 1619 3613 [Stylita].
1644 3542 1770 3597 Fuit
1820 3543 1909 3597 ille
1939 3558 2054 3597 mo-

471 3630 774 3684 nachorum
805 3630 897 3701 qui
957 3631 1011 3686 in
1047 3631 1241 3688 cellam
1273 3648 1332 3688 se
1363 3633 1572 3704 recepit
1601 3633 1816 3702 primus
1849 3632 2055 3701 fuitque

469 3723 579 3778 hoc
619 3724 673 3778 in
730 3723 1012 3780 territorio
1054 3725 1362 3781 Antiochia:
1400 3729 1454 3781 in
1492 3733 1700 3787 monte,
1749 3725 1841 3795 qui
1896 3741 2054 3780 mons

471 3815 740 3873 Mirabilis
771 3817 994 3872 dicitur.
1034 3815 1233 3872 Eodem
1273 3827 1517 3888 tempore
1550 3825 1777 3874 sanctus
1805 3815 2057 3872 Theodo-

471 3907 588 3961 sius
615 3907 908 3976 prtefectus
941 3899 1210 3965 coenobio
1237 3909 1300 3962 Al
1346 3907 1631 3964 Dawakesi
1692 3923 1723 3964 e
1749 3910 1926 3979 patria
1955 3924 2054 3965 sua

471 3999 777 4070 profectus,
795 4001 970 4056 donec
999 4001 1064 4055 ad
1101 4000 1416 4056 Simeonem
1445 4002 1721 4056 seclusum
1751 3999 2056 4056 Antiochiae

471 4093 836 4160 pervenisset,
868 4080 992 4148 cum
1022 4107 1088 4146 eo
1119 4084 1318 4146 diebus
1344 4093 1554 4162 aliquot
1586 4092 1910 4161 permansit,
1941 4101 2056 4146 tum

472 4185 856 4254 Hierosolyma
887 4183 1156 4239 accedens
1181 4185 1489 4238 monachus
1517 4183 1696 4237 factus
1725 4191 1832 4238 est.
1857 4184 2054 4258 Porro,

474 4292 622 4330 anno
672 4284 828 4331 sexto
883 4275 1103 4344 imperii
1161 4274 1426 4327 Marciani
1487 4275 1629 4344 regis
1685 4273 2054 4329 Romanorum

473 4377 729 4426 mortuus
773 4378 854 4424 est
885 4366 1186 4437 Yazdojerd
1232 4366 1484 4420 Bahrami
1527 4366 1670 4420 filius
1716 4383 1807 4420 rex
1861 4365 2058 4422 Persa-

475 4479 621 4518 rum.
681 4462 801 4529 Quo
830 4478 860 4516 e
893 4463 1074 4517 medio
1104 4462 1322 4515 sublato
1350 4460 1416 4516 de
1453 4475 1620 4531 regno
1651 4460 2059 4515 contenderunt

2158 3253 2318 3317 sedit,
2362 3253 2484 3306 dein
2544 3263 2797 3308 mortuus
2849 3262 2957 3308 est.
3013 3253 3188 3323 Atque
3238 3254 3328 3307 hic
3390 3251 3738 3306 Timotheum

2156 3344 2396 3398 Anatolii
2437 3344 2660 3398 fratrem
2713 3344 3088 3415 patriarcham
3133 3343 3569 3398 Alexandrinum
3605 3357 3739 3397 ana-

2158 3433 2398 3488 themate
2427 3435 2720 3504 percussit.

2231 3523 2444 3577 Mortuo
2495 3523 2678 3578 Leone
2724 3523 2920 3594 Magno
2963 3521 3334 3577 Romanorum
3383 3523 3738 3592 imperatore,

2157 3615 2405 3684 regnavit
2440 3625 2559 3684 post
2597 3616 2776 3682 ipsum
2805 3616 2857 3668 in
2882 3615 3157 3669 Romanos
3192 3630 3394 3668 annum
3431 3630 3596 3667 unum
3629 3612 3744 3668 Leo

2157 3705 2385 3770 Parvus,
2423 3708 2512 3775 qui
2547 3705 2795 3761 Jacobita
2817 3715 2958 3773 erat,
3003 3707 3166 3777 idque
3212 3723 3357 3760 anno
3409 3708 3560 3776 regni
3607 3707 3738 3760 Phi-

2158 3797 2273 3852 ruzi
2311 3799 2403 3853 lilii
2450 3797 2770 3869 Yazdejerdi
2796 3799 3086 3854 Persarum
3117 3800 3261 3871 regis
3284 3801 3498 3855 decimo
3517 3810 3735 3857 octavo.

2160 3890 2376 3948 Mortuo
2408 3891 2606 3948 deinde
2637 3892 2820 3948 Leone
2864 3892 3039 3948 Parvo
3090 3892 3464 3948 Romanorum
3499 3893 3740 3962 impera-

2161 3992 2279 4040 tore
2296 3985 2584 4054 imperavit
2607 3984 2798 4038 iisdem
2821 3992 2946 4054 post
2969 3984 3148 4053 ipsum
3169 3985 3312 4040 filius
3337 3986 3512 4053 ipsius
3533 3985 3740 4054 Zenon,

2158 4077 2252 4147 qui
2287 4076 2456 4131 etiam
2492 4075 2748 4132 Jacobita
2781 4078 2906 4133 fuit.
2941 4075 3110 4148 quue
3143 4092 3290 4131 anno
3321 4079 3473 4146 regni
3512 4079 3742 4134 Phiruzi

2158 4170 2453 4226 Persarum
2487 4170 2631 4240 regis
2667 4171 2880 4226 decimo
2911 4185 3081 4225 nono.
3124 4168 3380 4224 Profecto
3417 4181 3596 4226 autem
3636 4171 3741 4226 Ze-

2160 4281 2306 4320 none
2365 4268 2420 4319 in
2480 4265 2661 4318 locum
2726 4265 3054 4332 appellatum
3114 4260 3296 4316 Surah
3355 4264 3742 4321 oblectationis

2160 4372 2348 4421 causa,
2383 4357 2468 4410 vir
2507 4356 2729 4424 quida‘m
2766 4355 2986 4409 nomine
3018 4353 3292 4409 Basilicus
3328 4371 3434 4410 una
3472 4371 3594 4411 cum
3631 4358 3747 4412 lilio

2163 4462 2266 4501 suo
2301 4445 2507 4510 Marco,
2557 4447 2838 4500 mensibus
2887 4445 3078 4514 viginti
3132 4462 3358 4516 regnum
3404 4449 3742 4518 occupavit:

472 4559 581 4612 duo
614 4556 788 4626 ipsius
823 4555 916 4610 filii
958 4555 1157 4608 Phiruz
1186 4563 1240 4609 et
1272 4552 1528 4617 Hormos,
1586 4553 1709 4608 aliis
1743 4568 1772 4606 a
1804 4552 2055 4621 partibus

2161 4557 2300 4611 quos
2337 4549 2459 4610 post
2490 4541 2811 4594 continuum
2869 4541 3010 4594 inter
3044 4540 3194 4609 ipsos
3225 4543 3426 4596 bellum
3460 4544 3744 4611 superavit

471 4649 718 4713 Phiruzi,
742 4648 864 4701 aliis
890 4647 957 4701 ab
976 4644 1229 4700 llormozi
1251 4645 1550 4709 stantibtzs,
1577 4645 1722 4699 unde
1755 4643 2058 4712 conﬂagra-

471 4745 548 4798 vit
579 4743 725 4798 inter
757 4741 908 4810 ipsos
940 4741 1169 4805 bellum,
1211 4739 1386 4793 donec
1418 4737 1658 4792 llormoz
1680 4753 1784 4792 una
1813 4754 1939 4793 eum
1961 4738 2060 4792 tri-

471 4835 578 4888 bus
612 4849 641 4886 e
676 4832 999 4888 domesticis
1037 4830 1155 4886 suis
1201 4828 1575 4884 occideretur.
1621 4827 1894 4899 Regnavit
1926 4845 2059 4899 ergo

475 4926 678 4981 Phiruz
712 4925 1038 4995 Yazdejerdi
1088 4923 1237 4979 filius
1287 4923 1341 4977 in
1373 4921 1575 4978 Persas
1617 4922 1807 4993 viginti
1849 4933 2058 4992 septem

473 5033 672 5078 annos,
703 5017 864 5086 idque
891 5030 1040 5070 anno
1063 5014 1282 5084 imperii
1307 5012 1565 5068 Marciani
1602 5013 1749 5083 regis
1780 5014 2060 5066 Romano-

473 5123 595 5164 rum
631 5115 812 5162 sexto.
847 5106 974 5161 Fuit
1003 5115 1184 5161 autem
1227 5105 1544 5160 Marcianus
1570 5121 1666 5159 rex
1690 5104 2058 5168 orthodoxus,

473 5195 678 5266 quique
725 5194 881 5248 fidem
906 5193 1285 5255 Melchitarum
1307 5203 1556 5249 tueretur
1595 5203 2057 5264 etpropugnaret.

545 5287 666 5356 Ipso
717 5302 845 5340 vero
881 5285 1228 5357 101-103
1263 5297 1501 5349 mortuo,
1554 5295 1679 5356 post
1738 5287 1914 5356 ipsum
1954 5288 2063 5338 lto—

477 5381 655 5435 manis
689 5394 864 5433 annos
897 5377 1172 5433 sexdecim
1210 5377 1501 5446 imperavit
1527 5374 1640 5430 Leo
1673 5375 1935 5446 Magnus,
1987 5377 2062 5430 id-

478 5485 584 5540 que
627 5484 772 5523 anuo
820 5469 976 5538 regni
1011 5466 1231 5520 Phiruzi
1264 5467 1377 5520 filii.
1407 5463 1734 5534 Yazdejcrdi
1768 5464 2058 5520 Persarum

479 5561 622 5631 regis
689 5560 958 5615 secundo.
1020 5557 1252 5625 Fuitqne
1305 5558 1468 5610 etiam
1535 5555 1643 5611 Leo
1695 5557 2060 5620 orthodoxus,

481 5654 762 5708 Melchita.
813 5652 1171 5708 Alexandrini
1217 5652 1402 5704 audito
1431 5661 1705 5704 mortuum
1754 5666 1878 5706 esse
1928 5649 2063 5704 Mar-

485 5744 703 5796 cianum
803 5743 1187 5812 imperatorem
1299 5741 1605 5794 Proterium
1703 5741 2060 5811 patriareham

491 5832 924 5889 Alexandrinum
965 5835 1140 5890 adorti
1197 5835 1371 5904 ipsum
1433 5833 1825 5889 interfecerunt
1871 5833 1922 5887 in
1976 5847 2064 5888 cc-

2161 4632 2329 4697 Zeno,
2381 4650 2444 4686 ac
2478 4631 3012 4700 Constantinopolim
3059 4632 3345 4702 ingressus
3377 4633 3636 4698 Basilica,
3686 4645 3745 4690 et

2158 4725 2273 4781 ﬁlio
2301 4723 2477 4794 ipsius
2516 4721 2821 4778 interfectis
2855 4724 3002 4778 aedes
3053 4725 3299 4792 ipsorum
3341 4733 3396 4780 et
3437 4742 3569 4796 opes
3604 4729 3743 4784 diri-

2161 4817 2312 4887 puit;
2341 4830 2530 4870 eorum
2566 4815 2728 4869 etiam
2752 4831 3019 4885 sequaces
3051 4817 3346 4875 interemit.
3389 4819 3744 4892 105-107

2161 4908 2368 4962 Eodem
2415 4919 2658 4976 tempore
2697 4908 2898 4962 accidit
2951 4907 3427 4980 Constantinopoli
3461 4921 3744 4967 terr-armo-

2160 5008 2252 5055 tus
2281 5001 2492 5072 ingens.
2536 5000 2789 5068 Eclipsim
2820 5001 2981 5053 etiam
3033 5016 3228 5069 passus
3266 5013 3350 5059 est
3383 5006 3486 5072 sol,
3517 5007 3655 5060 adeo
3686 5015 3746 5059 ut

2161 5094 2335 5148 stella:
2367 5093 2603 5148 interdiu
2638 5102 2985 5163 apparerent.
3022 5093 3225 5150 Domus
3256 5098 3418 5150 ctiam
3441 5114 3602 5168 quam
3629 5101 3736 5167 plu-

2163 5187 2314 5240 ritnze
2362 5195 2714 5252 corruerunt,
2763 5200 2826 5238 ac
2869 5201 3065 5256 magna
3116 5187 3399 5256 hominum
3453 5192 3748 5246 multitudo

2164 5286 2476 5331 terraemotu
2511 5277 2692 5345 periit;
2725 5276 2885 5346 idque
2934 5292 3079 5330 anno
3114 5277 3325 5346 imperii
3359 5279 3598 5334 Zenonis
3636 5285 3743 5335 im-

2166 5369 2434 5438 peratoris
2461 5366 2838 5421 Romanorum
2870 5382 3033 5422 nono.
3083 5367 3254 5439 Regni
3283 5371 3456 5438 ipsius
3487 5389 3630 5426 anno
3663 5390 3746 5429 se-

2165 5461 2346 5517 cundo
2407 5460 2544 5530 fugit
2591 5459 2916 5515 Timotheus
2975 5473 3346 5530 cognomento
3414 5467 3592 5520 Surus
3653 5482 3746 5536 pa-

2167 5553 2409 5605 triarcha
2429 5551 2835 5604 Alexandrinus
2857 5552 2909 5605 in
2937 5553 3128 5606 vallem
3152 5551 3348 5620 llabih,
3381 5571 3746 5626 reversusque

2169 5642 2492 5698 Timotheus
2527 5642 2767 5697 Anatolii
2807 5642 2980 5698 frater
3007 5660 3034 5696 a
3067 5643 3384 5715 Marsuphin
3419 5648 3484 5703 ad
3516 5649 3744 5718 patriar-

2169 5736 2388 5790 chatum
2431 5735 2794 5798 Alexandritc,
2859 5735 3058 5790 ibidem
3113 5736 3332 5794 biennio
3387 5741 3549 5804 sedit,
3620 5740 3746 5794 dein

2171 5837 2419 5885 uzortuus
2472 5835 2578 5884 est.
2637 5826 2950 5897 Factttsquc
3001 5837 3082 5884 est
3137 5838 3260 5899 post
3322 5833 3496 5901 ipsunt
3553 5833 3744 5888 Petrus
