  <div class='ocr_page' id='page_1' title='image "/cluster/home/n/w/nwhite01/storage/ocr_20150623/111/coo.31924054870153/536.png"; bbox 0 0 4076 6432; ppageno 0'>
   <div class='ocr_carea' id='block_1_1' title="bbox 360 365 503 431">
    <p class='ocr_par' dir='ltr' id='par_1_1' title="bbox 360 365 503 431">
     <span class='ocr_line' id='line_1_1' title="bbox 360 365 503 431; baseline -0.007 0"><span class='ocrx_word' id='word_1_1' title='bbox 360 365 503 431; x_wconf 73' lang='lat'><strong>1057</strong></span> 
     </span>
    </p>
   </div>
   <div class='ocr_carea' id='block_1_2' title="bbox 1800 358 2177 423">
    <p class='ocr_par' dir='ltr' id='par_1_2' title="bbox 1800 358 2177 423">
     <span class='ocr_line' id='line_1_2' title="bbox 1800 358 2177 423; baseline 0 -2"><span class='ocrx_word' id='word_1_2' title='bbox 1800 358 2177 423; x_wconf 80' lang='lat' dir='ltr'><strong>ANNALES.</strong></span> 
     </span>
    </p>
   </div>
   <div class='ocr_carea' id='block_1_3' title="bbox 3493 359 3631 424">
    <p class='ocr_par' dir='ltr' id='par_1_3' title="bbox 3493 359 3631 424">
     <span class='ocr_line' id='line_1_3' title="bbox 3493 359 3631 424; baseline -0.007 0"><span class='ocrx_word' id='word_1_3' title='bbox 3493 359 3631 424; x_wconf 75' lang='grc'><strong>1058</strong></span> 
     </span>
    </p>
   </div>
   <div class='ocr_carea' id='block_1_4' title="bbox 360 466 3629 549">
    <p class='ocr_par' dir='ltr' id='par_1_4' title="bbox 360 466 3629 549">
     <span class='ocr_line' id='line_1_4' title="bbox 360 466 3629 549; baseline -0.002 -19"><span class='ocrx_word' id='word_1_4' title='bbox 360 475 477 549; x_wconf 92' lang='lat' dir='ltr'><strong>(qui</strong></span> <span class='ocrx_word' id='word_1_5' title='bbox 509 471 944 529; x_wconf 80' lang='lat' dir='ltr'><strong>archidiaconus</strong></span> <span class='ocrx_word' id='word_1_6' title='bbox 987 469 1198 543; x_wconf 80' lang='lat' dir='ltr'><strong>fuerat)</strong></span> <span class='ocrx_word' id='word_1_7' title='bbox 1227 469 1546 542; x_wconf 79' lang='lat' dir='ltr'><strong>patriarcha</strong></span> <span class='ocrx_word' id='word_1_8' title='bbox 1575 468 1776 526; x_wconf 82' lang='lat' dir='ltr'><strong>ibidem</strong></span> <span class='ocrx_word' id='word_1_9' title='bbox 1802 487 1820 537; x_wconf 83' lang='lat'><strong>;</strong></span> <span class='ocrx_word' id='word_1_10' title='bbox 1851 468 1942 524; x_wconf 88' lang='lat' dir='ltr'><strong>Ja-</strong></span> <span class='ocrx_word' id='word_1_11' title='bbox 1971 467 2023 531; x_wconf 78' lang='grc' dir='ltr'><strong>Δ</strong></span> <span class='ocrx_word' id='word_1_12' title='bbox 2045 468 2134 525; x_wconf 93' lang='lat' dir='ltr'><strong>nis</strong></span> <span class='ocrx_word' id='word_1_13' title='bbox 2165 467 2516 540; x_wconf 80' lang='lat' dir='ltr'><strong>imperatoris</strong></span> <span class='ocrx_word' id='word_1_14' title='bbox 2547 466 2708 524; x_wconf 86' lang='lat' dir='ltr'><strong>Rom.</strong></span> <span class='ocrx_word' id='word_1_15' title='bbox 2740 467 3055 526; x_wconf 89' lang='lat' dir='ltr'><strong>undecimo.</strong></span> <span class='ocrx_word' id='word_1_16' title='bbox 3089 470 3249 526; x_wconf 81' lang='lat' dir='ltr'><strong>Anno</strong></span> <span class='ocrx_word' id='word_1_17' title='bbox 3280 472 3495 527; x_wconf 75' lang='lat' dir='ltr'><strong>decimo</strong></span> <span class='ocrx_word' id='word_1_18' title='bbox 3521 485 3629 528; x_wconf 65' lang='lat' dir='ltr'><strong>ter-</strong></span> 
     </span>
    </p>
   </div>
   <div class='ocr_carea' id='block_1_5' title="bbox 361 562 1939 635">
    <p class='ocr_par' dir='ltr' id='par_1_5' title="bbox 361 562 1939 635">
     <span class='ocr_line' id='line_1_5' title="bbox 361 562 1939 635; baseline -0.004 -12"><span class='ocrx_word' id='word_1_19' title='bbox 361 568 540 623; x_wconf 82' lang='lat' dir='ltr'><strong>coblta</strong></span> <span class='ocrx_word' id='word_1_20' title='bbox 575 565 717 634; x_wconf 82' lang='lat' dir='ltr'><strong>fuit;</strong></span> <span class='ocrx_word' id='word_1_21' title='bbox 751 566 893 621; x_wconf 89' lang='lat' dir='ltr'><strong>sedit</strong></span> <span class='ocrx_word' id='word_1_22' title='bbox 913 580 1088 621; x_wconf 91' lang='lat' dir='ltr'><strong>annos</strong></span> <span class='ocrx_word' id='word_1_23' title='bbox 1121 580 1220 620; x_wconf 89' lang='lat' dir='ltr'><strong>sex</strong></span> <span class='ocrx_word' id='word_1_24' title='bbox 1284 573 1340 621; x_wconf 90' lang='lat' dir='ltr'><strong>et</strong></span> <span class='ocrx_word' id='word_1_25' title='bbox 1368 563 1486 620; x_wconf 90' lang='lat' dir='ltr'><strong>dies</strong></span> <span class='ocrx_word' id='word_1_26' title='bbox 1521 563 1765 635; x_wconf 84' lang='lat' dir='ltr'><strong>triginta,</strong></span> <span class='ocrx_word' id='word_1_27' title='bbox 1812 562 1939 618; x_wconf 91' lang='lat' dir='ltr'><strong>dein</strong></span> 
     </span>
    </p>
   </div>
   <div class='ocr_carea' id='block_1_6' title="bbox 360 653 1941 728">
    <p class='ocr_par' dir='ltr' id='par_1_6' title="bbox 360 653 1941 728">
     <span class='ocr_line' id='line_1_6' title="bbox 360 653 1941 728; baseline -0.005 -12"><span class='ocrx_word' id='word_1_28' title='bbox 360 656 896 728; x_wconf 82' lang='lat' dir='ltr'><strong>ConstantinOpolim</strong></span> <span class='ocrx_word' id='word_1_29' title='bbox 930 656 1070 727; x_wconf 78' lang='lat' dir='ltr'><strong>fugit</strong></span> <span class='ocrx_word' id='word_1_30' title='bbox 1103 670 1474 727; x_wconf 77' lang='lat' dir='ltr'><strong>reversusque</strong></span> <span class='ocrx_word' id='word_1_31' title='bbox 1504 668 1586 711; x_wconf 71' lang='grc' dir='ltr'>εει</span> <span class='ocrx_word' id='word_1_32' title='bbox 1620 653 1941 709; x_wconf 74' lang='lat' dir='ltr'><strong>Timotheus</strong></span> 
     </span>
    </p>
   </div>
   <div class='ocr_carea' id='block_1_7' title="bbox 361 746 1942 819">
    <p class='ocr_par' dir='ltr' id='par_1_7' title="bbox 361 746 1942 819">
     <span class='ocr_line' id='line_1_7' title="bbox 361 746 1942 819; baseline -0.003 -14"><span class='ocrx_word' id='word_1_33' title='bbox 361 749 691 819; x_wconf 78' lang='lat' dir='ltr'><strong>cognomine</strong></span> <span class='ocrx_word' id='word_1_34' title='bbox 751 749 930 806; x_wconf 87' lang='lat' dir='ltr'><strong>Surus</strong></span> <span class='ocrx_word' id='word_1_35' title='bbox 977 764 1010 805; x_wconf 89' lang='lat' dir='ltr'><strong>a</strong></span> <span class='ocrx_word' id='word_1_36' title='bbox 1065 748 1207 805; x_wconf 80' lang='lat' dir='ltr'><strong>valle</strong></span> <span class='ocrx_word' id='word_1_37' title='bbox 1263 749 1442 805; x_wconf 84' lang='lat' dir='ltr'><strong>Hahib</strong></span> <span class='ocrx_word' id='word_1_38' title='bbox 1488 748 1606 819; x_wconf 90' lang='lat' dir='ltr'><strong>(vel</strong></span> <span class='ocrx_word' id='word_1_39' title='bbox 1633 746 1942 803; x_wconf 88' lang='lat' dir='ltr'><strong>secundum</strong></span> 
     </span>
    </p>
   </div>
   <div class='ocr_carea' id='block_1_8' title="bbox 363 836 1947 910">
    <p class='ocr_par' dir='ltr' id='par_1_8' title="bbox 363 836 1947 910">
     <span class='ocr_line' id='line_1_8' title="bbox 363 836 1947 910; baseline -0.003 -15"><span class='ocrx_word' id='word_1_40' title='bbox 363 840 509 895; x_wconf 82' lang='lat' dir='ltr'><strong>aliud</strong></span> <span class='ocrx_word' id='word_1_41' title='bbox 533 840 833 910; x_wconf 88' lang='lat' dir='ltr'><strong>exemplar,</strong></span> <span class='ocrx_word' id='word_1_42' title='bbox 852 840 1189 895; x_wconf 84' lang='lat' dir='ltr'><strong>monasterio</strong></span> <span class='ocrx_word' id='word_1_43' title='bbox 1224 838 1419 904; x_wconf 90' lang='lat' dir='ltr'><strong>llabib,</strong></span> <span class='ocrx_word' id='word_1_44' title='bbox 1455 838 1602 909; x_wconf 91' lang='lat' dir='ltr'><strong>quod</strong></span> <span class='ocrx_word' id='word_1_45' title='bbox 1630 836 1750 893; x_wconf 92' lang='lat' dir='ltr'><strong>sine</strong></span> <span class='ocrx_word' id='word_1_46' title='bbox 1776 836 1947 895; x_wconf 87' lang='lat' dir='ltr'><strong>dubio</strong></span> 
     </span>
    </p>
   </div>
   <div class='ocr_carea' id='block_1_9' title="bbox 363 928 1948 1001">
    <p class='ocr_par' dir='ltr' id='par_1_9' title="bbox 363 928 1948 1001">
     <span class='ocr_line' id='line_1_9' title="bbox 363 928 1948 1001; baseline -0.002 -16"><span class='ocrx_word' id='word_1_47' title='bbox 363 933 549 988; x_wconf 86' lang='lat' dir='ltr'><strong>verius</strong></span> <span class='ocrx_word' id='word_1_48' title='bbox 581 940 711 997; x_wconf 66' lang='lat' dir='ltr'><strong>est),</strong></span> <span class='ocrx_word' id='word_1_49' title='bbox 734 940 791 985; x_wconf 89' lang='lat' dir='ltr'><strong>et</strong></span> <span class='ocrx_word' id='word_1_50' title='bbox 819 946 941 985; x_wconf 88' lang='lat' dir='ltr'><strong>cum</strong></span> <span class='ocrx_word' id='word_1_51' title='bbox 969 932 1023 986; x_wconf 91' lang='lat' dir='ltr'><strong>in</strong></span> <span class='ocrx_word' id='word_1_52' title='bbox 1054 930 1315 986; x_wconf 82' lang='lat' dir='ltr'><strong>cathedra</strong></span> <span class='ocrx_word' id='word_1_53' title='bbox 1335 928 1689 999; x_wconf 89' lang='lat' dir='ltr'><strong>patriarchali</strong></span> <span class='ocrx_word' id='word_1_54' title='bbox 1712 938 1948 1001; x_wconf 86' lang='lat' dir='ltr'><strong>quatuor</strong></span> 
     </span>
    </p>
   </div>
   <div class='ocr_carea' id='block_1_10' title="bbox 366 1022 1945 1094">
    <p class='ocr_par' dir='ltr' id='par_1_10' title="bbox 366 1022 1945 1094">
     <span class='ocr_line' id='line_1_10' title="bbox 366 1022 1945 1094; baseline -0.004 -14"><span class='ocrx_word' id='word_1_55' title='bbox 366 1025 526 1080; x_wconf 88' lang='lat' dir='ltr'><strong>anuis</strong></span> <span class='ocrx_word' id='word_1_56' title='bbox 576 1022 813 1081; x_wconf 73' lang='lat' dir='ltr'><strong>sedisset</strong></span> <span class='ocrx_word' id='word_1_57' title='bbox 859 1033 1115 1079; x_wconf 90' lang='lat' dir='ltr'><strong>mortuus</strong></span> <span class='ocrx_word' id='word_1_58' title='bbox 1157 1028 1263 1081; x_wconf 88' lang='lat' dir='ltr'><strong>est.</strong></span> <span class='ocrx_word' id='word_1_59' title='bbox 1292 1023 1454 1077; x_wconf 85' lang='lat' dir='ltr'><strong>Anno</strong></span> <span class='ocrx_word' id='word_1_60' title='bbox 1494 1022 1649 1094; x_wconf 79' lang='lat' dir='ltr'><strong>regni</strong></span> <span class='ocrx_word' id='word_1_61' title='bbox 1694 1022 1945 1092; x_wconf 86' lang='lat' dir='ltr'><strong>ejusdem</strong></span> 
     </span>
    </p>
   </div>
   <div class='ocr_carea' id='block_1_11' title="bbox 368 1112 1949 1184">
    <p class='ocr_par' dir='ltr' id='par_1_11' title="bbox 368 1112 1949 1184">
     <span class='ocr_line' id='line_1_11' title="bbox 368 1112 1949 1184; baseline -0.002 -13"><span class='ocrx_word' id='word_1_62' title='bbox 368 1116 608 1172; x_wconf 81' lang='lat' dir='ltr'><strong>Zenonis</strong></span> <span class='ocrx_word' id='word_1_63' title='bbox 654 1128 800 1168; x_wconf 90' lang='lat' dir='ltr'><strong>nono</strong></span> <span class='ocrx_word' id='word_1_64' title='bbox 853 1112 1198 1169; x_wconf 59' lang='lat' dir='ltr'><strong>Alexandria</strong></span> <span class='ocrx_word' id='word_1_65' title='bbox 1230 1113 1455 1184; x_wconf 85' lang='lat' dir='ltr'><strong>quidam</strong></span> <span class='ocrx_word' id='word_1_66' title='bbox 1506 1113 1682 1184; x_wconf 82' lang='lat' dir='ltr'><strong>ipsius</strong></span> <span class='ocrx_word' id='word_1_67' title='bbox 1723 1113 1949 1168; x_wconf 90' lang='lat' dir='ltr'><strong>nomine</strong></span> 
     </span>
    </p>
   </div>
   <div class='ocr_carea' id='block_1_12' title="bbox 368 1204 1946 1281">
    <p class='ocr_par' dir='ltr' id='par_1_12' title="bbox 368 1204 1946 1281">
     <span class='ocr_line' id='line_1_12' title="bbox 368 1204 1946 1281; baseline -0.004 -16"><span class='ocrx_word' id='word_1_68' title='bbox 368 1210 656 1281; x_wconf 79' lang='lat' dir='ltr'><strong>praefectus</strong></span> <span class='ocrx_word' id='word_1_69' title='bbox 718 1207 838 1263; x_wconf 84' lang='lat' dir='ltr'><strong>Ebn</strong></span> <span class='ocrx_word' id='word_1_70' title='bbox 886 1204 1093 1263; x_wconf 86' lang='lat' dir='ltr'><strong>Gustus</strong></span> <span class='ocrx_word' id='word_1_71' title='bbox 1145 1204 1414 1261; x_wconf 81' lang='lat' dir='ltr'><strong>Joannem</strong></span> <span class='ocrx_word' id='word_1_72' title='bbox 1460 1205 1662 1260; x_wconf 89' lang='lat' dir='ltr'><strong>ibidem</strong></span> <span class='ocrx_word' id='word_1_73' title='bbox 1711 1205 1946 1278; x_wconf 89' lang='lat' dir='ltr'><strong>patriar-</strong></span> 
     </span>
    </p>
   </div>
   <div class='ocr_carea' id='block_1_13' title="bbox 363 1298 1951 1370">
    <p class='ocr_par' dir='ltr' id='par_1_13' title="bbox 363 1298 1951 1370">
     <span class='ocr_line' id='line_1_13' title="bbox 363 1298 1951 1370; baseline -0.004 -13"><span class='ocrx_word' id='word_1_74' title='bbox 363 1304 527 1358; x_wconf 89' lang='lat' dir='ltr'><strong>cham</strong></span> <span class='ocrx_word' id='word_1_75' title='bbox 561 1301 874 1366; x_wconf 82' lang='lat' dir='ltr'><strong>constituit,</strong></span> <span class='ocrx_word' id='word_1_76' title='bbox 898 1299 992 1370; x_wconf 91' lang='lat' dir='ltr'><strong>qui</strong></span> <span class='ocrx_word' id='word_1_77' title='bbox 1024 1298 1274 1355; x_wconf 80' lang='lat' dir='ltr'><strong>Jacobita</strong></span> <span class='ocrx_word' id='word_1_78' title='bbox 1305 1298 1429 1363; x_wconf 85' lang='lat' dir='ltr'><strong>fuit,</strong></span> <span class='ocrx_word' id='word_1_79' title='bbox 1454 1298 1639 1369; x_wconf 84' lang='lat' dir='ltr'><strong>ibique</strong></span> <span class='ocrx_word' id='word_1_80' title='bbox 1669 1313 1766 1353; x_wconf 87' lang='lat' dir='ltr'><strong>sex</strong></span> <span class='ocrx_word' id='word_1_81' title='bbox 1798 1312 1951 1353; x_wconf 86' lang='lat' dir='ltr'><strong>men-</strong></span> 
     </span>
    </p>
   </div>
   <div class='ocr_carea' id='block_1_14' title="bbox 368 1388 1950 1451">
    <p class='ocr_par' dir='ltr' id='par_1_14' title="bbox 368 1388 1950 1451">
     <span class='ocr_line' id='line_1_14' title="bbox 368 1388 1950 1451; baseline -0.003 -1"><span class='ocrx_word' id='word_1_82' title='bbox 368 1412 457 1451; x_wconf 84' lang='lat' dir='ltr'><strong>scs</strong></span> <span class='ocrx_word' id='word_1_83' title='bbox 517 1394 678 1450; x_wconf 86' lang='lat' dir='ltr'><strong>sedit.</strong></span> <span class='ocrx_word' id='word_1_84' title='bbox 714 1392 925 1450; x_wconf 84' lang='lat' dir='ltr'><strong>Deinde</strong></span> <span class='ocrx_word' id='word_1_85' title='bbox 989 1392 1134 1448; x_wconf 91' lang='lat' dir='ltr'><strong>alius</strong></span> <span class='ocrx_word' id='word_1_86' title='bbox 1192 1391 1581 1448; x_wconf 80' lang='lat' dir='ltr'><strong>Alexandriam</strong></span> <span class='ocrx_word' id='word_1_87' title='bbox 1636 1403 1667 1443; x_wconf 90' lang='lat' dir='ltr'><strong>a</strong></span> <span class='ocrx_word' id='word_1_88' title='bbox 1730 1388 1950 1446; x_wconf 85' lang='lat' dir='ltr'><strong>Zenone</strong></span> 
     </span>
    </p>
   </div>
   <div class='ocr_carea' id='block_1_15' title="bbox 369 1484 1952 1559">
    <p class='ocr_par' dir='ltr' id='par_1_15' title="bbox 369 1484 1952 1559">
     <span class='ocr_line' id='line_1_15' title="bbox 369 1484 1952 1559; baseline -0.001 -17"><span class='ocrx_word' id='word_1_89' title='bbox 369 1489 663 1559; x_wconf 86' lang='lat' dir='ltr'><strong>praefectus</strong></span> <span class='ocrx_word' id='word_1_90' title='bbox 704 1485 931 1542; x_wconf 87' lang='lat' dir='ltr'><strong>nomine</strong></span> <span class='ocrx_word' id='word_1_91' title='bbox 957 1484 1318 1556; x_wconf 79' lang='lat' dir='ltr'><strong>Augustalius</strong></span> <span class='ocrx_word' id='word_1_92' title='bbox 1362 1485 1565 1540; x_wconf 86' lang='lat' dir='ltr'><strong>missus</strong></span> <span class='ocrx_word' id='word_1_93' title='bbox 1587 1492 1691 1551; x_wconf 90' lang='lat' dir='ltr'><strong>est,</strong></span> <span class='ocrx_word' id='word_1_94' title='bbox 1730 1497 1952 1556; x_wconf 85' lang='lat' dir='ltr'><strong>unaque</strong></span> 
     </span>
    </p>
   </div>
   <div class='ocr_carea' id='block_1_16' title="bbox 366 1577 1949 1650">
    <p class='ocr_par' dir='ltr' id='par_1_16' title="bbox 366 1577 1949 1650">
     <span class='ocr_line' id='line_1_16' title="bbox 366 1577 1949 1650; baseline -0.003 -13"><span class='ocrx_word' id='word_1_95' title='bbox 366 1596 493 1637; x_wconf 89' lang='lat' dir='ltr'><strong>cum</strong></span> <span class='ocrx_word' id='word_1_96' title='bbox 541 1580 660 1650; x_wconf 88' lang='lat' dir='ltr'><strong>ipso</strong></span> <span class='ocrx_word' id='word_1_97' title='bbox 689 1577 886 1635; x_wconf 88' lang='lat' dir='ltr'><strong>Petrus</strong></span> <span class='ocrx_word' id='word_1_98' title='bbox 930 1577 1240 1648; x_wconf 87' lang='lat' dir='ltr'><strong>patriarcha</strong></span> <span class='ocrx_word' id='word_1_99' title='bbox 1295 1578 1390 1648; x_wconf 90' lang='lat' dir='ltr'><strong>qui</strong></span> <span class='ocrx_word' id='word_1_100' title='bbox 1432 1577 1949 1647; x_wconf 81' lang='lat' dir='ltr'><strong>ConstantinOpoliu</strong></span> 
     </span>
    </p>
   </div>
   <div class='ocr_carea' id='block_1_17' title="bbox 370 1669 1953 1743">
    <p class='ocr_par' dir='ltr' id='par_1_17' title="bbox 370 1669 1953 1743">
     <span class='ocr_line' id='line_1_17' title="bbox 370 1669 1953 1743; baseline -0.002 -15"><span class='ocrx_word' id='word_1_101' title='bbox 370 1670 604 1743; x_wconf 76' lang='lat' dir='ltr'><strong>fugerat.</strong></span> <span class='ocrx_word' id='word_1_102' title='bbox 633 1671 750 1727; x_wconf 86' lang='lat' dir='ltr'><strong>Ebn</strong></span> <span class='ocrx_word' id='word_1_103' title='bbox 780 1669 992 1726; x_wconf 81' lang='lat' dir='ltr'><strong>Gustus</strong></span> <span class='ocrx_word' id='word_1_104' title='bbox 1022 1685 1154 1725; x_wconf 85' lang='lat' dir='ltr'><strong>vero</strong></span> <span class='ocrx_word' id='word_1_105' title='bbox 1194 1669 1486 1740; x_wconf 77' lang='lat' dir='ltr'><strong>praefectus</strong></span> <span class='ocrx_word' id='word_1_106' title='bbox 1521 1670 1591 1724; x_wconf 91' lang='lat' dir='ltr'><strong>ab</strong></span> <span class='ocrx_word' id='word_1_107' title='bbox 1628 1669 1953 1741; x_wconf 78' lang='lat' dir='ltr'><strong>Augustalio</strong></span> 
     </span>
    </p>
   </div>
   <div class='ocr_carea' id='block_1_18' title="bbox 372 1761 1948 1835">
    <p class='ocr_par' dir='ltr' id='par_1_18' title="bbox 372 1761 1948 1835">
     <span class='ocr_line' id='line_1_18' title="bbox 372 1761 1948 1835; baseline -0.001 -17"><span class='ocrx_word' id='word_1_108' title='bbox 372 1765 498 1835; x_wconf 82' lang='lat' dir='ltr'><strong>fuga</strong></span> <span class='ocrx_word' id='word_1_109' title='bbox 538 1778 599 1819; x_wconf 90' lang='lat' dir='ltr'><strong>se</strong></span> <span class='ocrx_word' id='word_1_110' title='bbox 644 1762 935 1835; x_wconf 80' lang='lat' dir='ltr'><strong>proripuit,</strong></span> <span class='ocrx_word' id='word_1_111' title='bbox 993 1778 1099 1819; x_wconf 89' lang='lat' dir='ltr'><strong>una</strong></span> <span class='ocrx_word' id='word_1_112' title='bbox 1129 1764 1294 1817; x_wconf 91' lang='lat' dir='ltr'><strong>etiam</strong></span> <span class='ocrx_word' id='word_1_113' title='bbox 1341 1761 1583 1833; x_wconf 81' lang='lat' dir='ltr'><strong>fugiente</strong></span> <span class='ocrx_word' id='word_1_114' title='bbox 1612 1762 1824 1818; x_wconf 80' lang='lat' dir='ltr'><strong>Joanne</strong></span> <span class='ocrx_word' id='word_1_115' title='bbox 1856 1778 1948 1834; x_wconf 87' lang='lat' dir='ltr'><strong>pa-</strong></span> 
     </span>
    </p>
   </div>
   <div class='ocr_carea' id='block_1_19' title="bbox 370 1852 1953 1928">
    <p class='ocr_par' dir='ltr' id='par_1_19' title="bbox 370 1852 1953 1928">
     <span class='ocr_line' id='line_1_19' title="bbox 370 1852 1953 1928; baseline 0.001 -17"><span class='ocrx_word' id='word_1_116' title='bbox 370 1856 635 1911; x_wconf 86' lang='lat' dir='ltr'><strong>triarcha.</strong></span> <span class='ocrx_word' id='word_1_117' title='bbox 679 1852 1071 1927; x_wconf 83' lang='lat' dir='ltr'><strong>Beversusque</strong></span> <span class='ocrx_word' id='word_1_118' title='bbox 1102 1857 1264 1928; x_wconf 77' lang='lat'><strong>108</strong></span> <span class='ocrx_word' id='word_1_119' title='bbox 1290 1857 1484 1912; x_wconf 88' lang='lat' dir='ltr'><strong>Petrus</strong></span> <span class='ocrx_word' id='word_1_120' title='bbox 1514 1856 1828 1927; x_wconf 84' lang='lat' dir='ltr'><strong>patriarcha</strong></span> <span class='ocrx_word' id='word_1_121' title='bbox 1860 1858 1953 1928; x_wconf 93' lang='lat' dir='ltr'><strong>qui</strong></span> 
     </span>
    </p>
   </div>
   <div class='ocr_carea' id='block_1_20' title="bbox 370 1950 1955 2021">
    <p class='ocr_par' dir='ltr' id='par_1_20' title="bbox 370 1950 1955 2021">
     <span class='ocr_line' id='line_1_20' title="bbox 370 1950 1955 2021; baseline 0.001 -16"><span class='ocrx_word' id='word_1_122' title='bbox 370 1952 608 2021; x_wconf 74' lang='lat' dir='ltr'><strong>fugerat,</strong></span> <span class='ocrx_word' id='word_1_123' title='bbox 647 1951 705 2005; x_wconf 82' lang='lat' dir='ltr'><strong>in</strong></span> <span class='ocrx_word' id='word_1_124' title='bbox 763 1950 947 2005; x_wconf 86' lang='lat' dir='ltr'><strong>locum</strong></span> <span class='ocrx_word' id='word_1_125' title='bbox 996 1966 1180 2016; x_wconf 90' lang='lat' dir='ltr'><strong>suum,</strong></span> <span class='ocrx_word' id='word_1_126' title='bbox 1225 1965 1402 2006; x_wconf 89' lang='lat' dir='ltr'><strong>annos</strong></span> <span class='ocrx_word' id='word_1_127' title='bbox 1447 1959 1573 2005; x_wconf 93' lang='lat' dir='ltr'><strong>octo</strong></span> <span class='ocrx_word' id='word_1_128' title='bbox 1622 1951 1784 2016; x_wconf 83' lang='lat' dir='ltr'><strong>sedit,</strong></span> <span class='ocrx_word' id='word_1_129' title='bbox 1827 1952 1955 2007; x_wconf 90' lang='lat' dir='ltr'><strong>dein</strong></span> 
     </span>
    </p>
   </div>
   <div class='ocr_carea' id='block_1_21' title="bbox 372 2044 1958 2115">
    <p class='ocr_par' dir='ltr' id='par_1_21' title="bbox 372 2044 1958 2115">
     <span class='ocr_line' id='line_1_21' title="bbox 372 2044 1958 2115; baseline 0.003 -16"><span class='ocrx_word' id='word_1_130' title='bbox 372 2053 627 2101; x_wconf 80' lang='lat' dir='ltr'><strong>martuus</strong></span> <span class='ocrx_word' id='word_1_131' title='bbox 654 2053 758 2101; x_wconf 89' lang='lat' dir='ltr'><strong>est.</strong></span> <span class='ocrx_word' id='word_1_132' title='bbox 821 2044 978 2099; x_wconf 85' lang='lat' dir='ltr'><strong>Anno</strong></span> <span class='ocrx_word' id='word_1_133' title='bbox 1008 2045 1226 2100; x_wconf 85' lang='lat' dir='ltr'><strong>decimo</strong></span> <span class='ocrx_word' id='word_1_134' title='bbox 1272 2054 1431 2101; x_wconf 90' lang='lat' dir='ltr'><strong>sexto</strong></span> <span class='ocrx_word' id='word_1_135' title='bbox 1474 2046 1689 2115; x_wconf 89' lang='lat' dir='ltr'><strong>imperii</strong></span> <span class='ocrx_word' id='word_1_136' title='bbox 1720 2046 1958 2105; x_wconf 85' lang='lat' dir='ltr'><strong>Zenonis</strong></span> 
     </span>
    </p>
   </div>
   <div class='ocr_carea' id='block_1_22' title="bbox 373 2136 1957 2209">
    <p class='ocr_par' dir='ltr' id='par_1_22' title="bbox 373 2136 1957 2209">
     <span class='ocr_line' id='line_1_22' title="bbox 373 2136 1957 2209; baseline 0.002 -18"><span class='ocrx_word' id='word_1_137' title='bbox 373 2137 553 2191; x_wconf 90' lang='lat' dir='ltr'><strong>factus</strong></span> <span class='ocrx_word' id='word_1_138' title='bbox 617 2145 703 2193; x_wconf 87' lang='lat' dir='ltr'><strong>est</strong></span> <span class='ocrx_word' id='word_1_139' title='bbox 752 2136 963 2193; x_wconf 86' lang='lat' dir='ltr'><strong>Abiuas</strong></span> <span class='ocrx_word' id='word_1_140' title='bbox 1016 2138 1330 2208; x_wconf 84' lang='lat' dir='ltr'><strong>patriarcha</strong></span> <span class='ocrx_word' id='word_1_141' title='bbox 1382 2138 1813 2204; x_wconf 78' lang='lat' dir='ltr'><strong>Alexandrinus,</strong></span> <span class='ocrx_word' id='word_1_142' title='bbox 1862 2140 1957 2209; x_wconf 90' lang='lat' dir='ltr'><strong>qui</strong></span> 
     </span>
    </p>
   </div>
   <div class='ocr_carea' id='block_1_23' title="bbox 368 2228 1959 2300">
    <p class='ocr_par' dir='ltr' id='par_1_23' title="bbox 368 2228 1959 2300">
     <span class='ocr_line' id='line_1_23' title="bbox 368 2228 1959 2300; baseline 0.002 -16"><span class='ocrx_word' id='word_1_143' title='bbox 368 2229 618 2285; x_wconf 78' lang='lat' dir='ltr'><strong>Jacobita</strong></span> <span class='ocrx_word' id='word_1_144' title='bbox 668 2228 796 2292; x_wconf 86' lang='lat' dir='ltr'><strong>fuit,</strong></span> <span class='ocrx_word' id='word_1_145' title='bbox 853 2238 1066 2300; x_wconf 89' lang='lat' dir='ltr'><strong>septem</strong></span> <span class='ocrx_word' id='word_1_146' title='bbox 1107 2244 1283 2285; x_wconf 90' lang='lat' dir='ltr'><strong>annos</strong></span> <span class='ocrx_word' id='word_1_147' title='bbox 1324 2229 1489 2296; x_wconf 89' lang='lat' dir='ltr'><strong>sedit,</strong></span> <span class='ocrx_word' id='word_1_148' title='bbox 1546 2231 1674 2288; x_wconf 89' lang='lat' dir='ltr'><strong>dein</strong></span> <span class='ocrx_word' id='word_1_149' title='bbox 1706 2240 1959 2287; x_wconf 87' lang='lat' dir='ltr'><strong>mortuus</strong></span> 
     </span>
    </p>
   </div>
   <div class='ocr_carea' id='block_1_24' title="bbox 371 2319 1956 2391">
    <p class='ocr_par' dir='ltr' id='par_1_24' title="bbox 371 2319 1956 2391">
     <span class='ocr_line' id='line_1_24' title="bbox 371 2319 1956 2391; baseline 0.001 -14"><span class='ocrx_word' id='word_1_150' title='bbox 371 2331 477 2377; x_wconf 86' lang='lat' dir='ltr'><strong>est.</strong></span> <span class='ocrx_word' id='word_1_151' title='bbox 507 2321 704 2376; x_wconf 78' lang='lat' dir='ltr'><strong>Multas</strong></span> <span class='ocrx_word' id='word_1_152' title='bbox 730 2319 1076 2377; x_wconf 64' lang='lat' dir='ltr'><strong>Alexandriae</strong></span> <span class='ocrx_word' id='word_1_153' title='bbox 1104 2321 1371 2378; x_wconf 89' lang='lat' dir='ltr'><strong>ecclesias</strong></span> <span class='ocrx_word' id='word_1_154' title='bbox 1403 2325 1701 2391; x_wconf 84' lang='lat' dir='ltr'><strong>exstruxit,</strong></span> <span class='ocrx_word' id='word_1_155' title='bbox 1752 2324 1956 2379; x_wconf 86' lang='lat' dir='ltr'><strong>multa-</strong></span> 
     </span>
    </p>
   </div>
   <div class='ocr_carea' id='block_1_25' title="bbox 373 2411 1962 2489">
    <p class='ocr_par' dir='ltr' id='par_1_25' title="bbox 373 2411 1962 2489">
     <span class='ocr_line' id='line_1_25' title="bbox 373 2411 1962 2489; baseline 0 -16"><span class='ocrx_word' id='word_1_156' title='bbox 373 2431 482 2487; x_wconf 86' lang='lat' dir='ltr'><strong>que</strong></span> <span class='ocrx_word' id='word_1_157' title='bbox 512 2422 888 2470; x_wconf 87' lang='lat' dir='ltr'><strong>monmneuta.</strong></span> <span class='ocrx_word' id='word_1_158' title='bbox 913 2411 992 2468; x_wconf 86' lang='lat' dir='ltr'><strong>Eo</strong></span> <span class='ocrx_word' id='word_1_159' title='bbox 1012 2422 1255 2485; x_wconf 91' lang='lat' dir='ltr'><strong>tempore</strong></span> <span class='ocrx_word' id='word_1_160' title='bbox 1277 2414 1635 2487; x_wconf 74' lang='lat' dir='ltr'><strong>conﬂagravit</strong></span> <span class='ocrx_word' id='word_1_161' title='bbox 1657 2416 1962 2489; x_wconf 72' lang='lat' dir='ltr'><strong>Hippsdro-</strong></span> 
     </span>
    </p>
   </div>
   <div class='ocr_carea' id='block_1_26' title="bbox 380 2502 1962 2577">
    <p class='ocr_par' dir='ltr' id='par_1_26' title="bbox 380 2502 1962 2577">
     <span class='ocr_line' id='line_1_26' title="bbox 380 2502 1962 2577; baseline 0.001 -17"><span class='ocrx_word' id='word_1_162' title='bbox 380 2520 501 2561; x_wconf 89' lang='lat' dir='ltr'><strong>mus</strong></span> <span class='ocrx_word' id='word_1_163' title='bbox 534 2519 768 2574; x_wconf 79' lang='lat' dir='ltr'><strong>magnus</strong></span> <span class='ocrx_word' id='word_1_164' title='bbox 806 2504 899 2575; x_wconf 90' lang='lat' dir='ltr'><strong>qui</strong></span> <span class='ocrx_word' id='word_1_165' title='bbox 930 2520 962 2558; x_wconf 90' lang='lat' dir='ltr'><strong>a</strong></span> <span class='ocrx_word' id='word_1_166' title='bbox 994 2502 1291 2559; x_wconf 63' lang='lat' dir='ltr'><strong>Ptolomaeo</strong></span> <span class='ocrx_word' id='word_1_167' title='bbox 1315 2505 1406 2574; x_wconf 93' lang='lat' dir='ltr'><strong>qui</strong></span> <span class='ocrx_word' id='word_1_168' title='bbox 1437 2507 1853 2577; x_wconf 77' lang='lat' dir='ltr'><strong>cognominatus</strong></span> <span class='ocrx_word' id='word_1_169' title='bbox 1876 2514 1962 2565; x_wconf 90' lang='lat' dir='ltr'><strong>est</strong></span> 
     </span>
    </p>
   </div>
   <div class='ocr_carea' id='block_1_27' title="bbox 374 2585 1962 2668">
    <p class='ocr_par' dir='ltr' id='par_1_27' title="bbox 374 2585 1962 2668">
     <span class='ocr_line' id='line_1_27' title="bbox 374 2585 1962 2668; baseline 0.003 -17"><span class='ocrx_word' id='word_1_170' title='bbox 374 2596 554 2668; x_wconf 78' lang='lat' dir='ltr'><strong>Lagus</strong></span> <span class='ocrx_word' id='word_1_171' title='bbox 568 2585 914 2651; x_wconf 69' lang='lat' dir='ltr'><strong>Alexahdriae</strong></span> <span class='ocrx_word' id='word_1_172' title='bbox 935 2612 997 2653; x_wconf 82' lang='lat' dir='ltr'><strong>ex</strong></span> <span class='ocrx_word' id='word_1_173' title='bbox 1009 2604 1251 2652; x_wconf 88' lang='lat' dir='ltr'><strong>structus</strong></span> <span class='ocrx_word' id='word_1_174' title='bbox 1271 2595 1472 2664; x_wconf 87' lang='lat' dir='ltr'><strong>fuerat,</strong></span> <span class='ocrx_word' id='word_1_175' title='bbox 1490 2599 1545 2653; x_wconf 94' lang='lat' dir='ltr'><strong>in</strong></span> <span class='ocrx_word' id='word_1_176' title='bbox 1565 2613 1674 2668; x_wconf 92' lang='lat' dir='ltr'><strong>quo</strong></span> <span class='ocrx_word' id='word_1_177' title='bbox 1686 2609 1962 2656; x_wconf 84' lang='lat' dir='ltr'><strong>crematus</strong></span> 
     </span>
    </p>
   </div>
   <div class='ocr_carea' id='block_1_28' title="bbox 375 2687 1962 2762">
    <p class='ocr_par' dir='ltr' id='par_1_28' title="bbox 375 2687 1962 2762">
     <span class='ocr_line' id='line_1_28' title="bbox 375 2687 1962 2762; baseline 0.001 -18"><span class='ocrx_word' id='word_1_178' title='bbox 375 2688 555 2744; x_wconf 84' lang='lat' dir='ltr'><strong>fuerat</strong></span> <span class='ocrx_word' id='word_1_179' title='bbox 594 2687 877 2745; x_wconf 76' lang='lat' dir='ltr'><strong>Prolerius</strong></span> <span class='ocrx_word' id='word_1_180' title='bbox 912 2689 1246 2760; x_wconf 81' lang='lat' dir='ltr'><strong>patriarcha.</strong></span> <span class='ocrx_word' id='word_1_181' title='bbox 1287 2689 1447 2744; x_wconf 86' lang='lat' dir='ltr'><strong>Anno</strong></span> <span class='ocrx_word' id='word_1_182' title='bbox 1473 2691 1708 2761; x_wconf 88' lang='lat' dir='ltr'><strong>septimo</strong></span> <span class='ocrx_word' id='word_1_183' title='bbox 1743 2691 1962 2762; x_wconf 89' lang='lat' dir='ltr'><strong>imperii</strong></span> 
     </span>
    </p>
   </div>
   <div class='ocr_carea' id='block_1_29' title="bbox 375 2780 1964 2855">
    <p class='ocr_par' dir='ltr' id='par_1_29' title="bbox 375 2780 1964 2855">
     <span class='ocr_line' id='line_1_29' title="bbox 375 2780 1964 2855; baseline 0.001 -21"><span class='ocrx_word' id='word_1_184' title='bbox 375 2780 614 2836; x_wconf 88' lang='lat' dir='ltr'><strong>Zenonis</strong></span> <span class='ocrx_word' id='word_1_185' title='bbox 630 2782 963 2837; x_wconf 83' lang='lat' dir='ltr'><strong>constitutus</strong></span> <span class='ocrx_word' id='word_1_186' title='bbox 980 2789 1066 2836; x_wconf 90' lang='lat' dir='ltr'><strong>est</strong></span> <span class='ocrx_word' id='word_1_187' title='bbox 1085 2781 1301 2838; x_wconf 82' lang='lat' dir='ltr'><strong>Melitus</strong></span> <span class='ocrx_word' id='word_1_188' title='bbox 1321 2781 1632 2852; x_wconf 87' lang='lat' dir='ltr'><strong>patriarcha</strong></span> <span class='ocrx_word' id='word_1_189' title='bbox 1650 2781 1964 2855; x_wconf 80' lang='lat' dir='ltr'><strong>Hierosoly-</strong></span> 
     </span>
    </p>
   </div>
   <div class='ocr_carea' id='block_1_30' title="bbox 358 2870 1965 2945">
    <p class='ocr_par' dir='ltr' id='par_1_30' title="bbox 358 2870 1965 2945">
     <span class='ocr_line' id='line_1_30' title="bbox 358 2870 1965 2945; baseline 0.004 -21"><span class='ocrx_word' id='word_1_190' title='bbox 358 2873 639 2939; x_wconf 24' lang='lat' dir='ltr'><strong>‘mitauus,</strong></span> <span class='ocrx_word' id='word_1_191' title='bbox 652 2872 742 2942; x_wconf 91' lang='lat' dir='ltr'><strong>qui</strong></span> <span class='ocrx_word' id='word_1_192' title='bbox 757 2870 1008 2927; x_wconf 81' lang='lat' dir='ltr'><strong>Jacobita</strong></span> <span class='ocrx_word' id='word_1_193' title='bbox 1025 2870 1147 2941; x_wconf 90' lang='lat' dir='ltr'><strong>fuit,</strong></span> <span class='ocrx_word' id='word_1_194' title='bbox 1164 2883 1290 2929; x_wconf 91' lang='lat' dir='ltr'><strong>octo</strong></span> <span class='ocrx_word' id='word_1_195' title='bbox 1307 2890 1482 2930; x_wconf 87' lang='lat' dir='ltr'><strong>annos</strong></span> <span class='ocrx_word' id='word_1_196' title='bbox 1494 2874 1799 2945; x_wconf 77' lang='lat' dir='ltr'><strong>sedit,|dein</strong></span> <span class='ocrx_word' id='word_1_197' title='bbox 1820 2890 1965 2930; x_wconf 91' lang='lat' dir='ltr'><strong>mor-</strong></span> 
     </span>
    </p>
   </div>
   <div class='ocr_carea' id='block_1_31' title="bbox 378 2965 1964 3037">
    <p class='ocr_par' dir='ltr' id='par_1_31' title="bbox 378 2965 1964 3037">
     <span class='ocr_line' id='line_1_31' title="bbox 378 2965 1964 3037; baseline 0.001 -14"><span class='ocrx_word' id='word_1_198' title='bbox 378 2973 510 3023; x_wconf 82' lang='lat' dir='ltr'><strong>tuus</strong></span> <span class='ocrx_word' id='word_1_199' title='bbox 546 2972 652 3021; x_wconf 86' lang='lat' dir='ltr'><strong>est.</strong></span> <span class='ocrx_word' id='word_1_200' title='bbox 686 2965 847 3020; x_wconf 80' lang='lat' dir='ltr'><strong>Auno</strong></span> <span class='ocrx_word' id='word_1_201' title='bbox 881 2965 1094 3037; x_wconf 89' lang='lat' dir='ltr'><strong>imperii</strong></span> <span class='ocrx_word' id='word_1_202' title='bbox 1118 2966 1364 3035; x_wconf 86' lang='lat' dir='ltr'><strong>ejusdem</strong></span> <span class='ocrx_word' id='word_1_203' title='bbox 1402 2966 1615 3024; x_wconf 87' lang='lat' dir='ltr'><strong>decimo</strong></span> <span class='ocrx_word' id='word_1_204' title='bbox 1636 2977 1792 3025; x_wconf 83' lang='lat' dir='ltr'><strong>sexto</strong></span> <span class='ocrx_word' id='word_1_205' title='bbox 1810 2984 1964 3025; x_wconf 67' lang='lat' dir='ltr'><strong>creao</strong></span> 
     </span>
    </p>
   </div>
   <div class='ocr_carea' id='block_1_32' title="bbox 378 3054 1964 3131">
    <p class='ocr_par' dir='ltr' id='par_1_32' title="bbox 378 3054 1964 3131">
     <span class='ocr_line' id='line_1_32' title="bbox 378 3054 1964 3131; baseline 0.004 -24"><span class='ocrx_word' id='word_1_206' title='bbox 378 3066 468 3111; x_wconf 88' lang='lat' dir='ltr'><strong>tus</strong></span> <span class='ocrx_word' id='word_1_207' title='bbox 498 3068 579 3111; x_wconf 84' lang='lat' dir='ltr'><strong>est</strong></span> <span class='ocrx_word' id='word_1_208' title='bbox 602 3054 714 3110; x_wconf 85' lang='lat' dir='ltr'><strong>Elia</strong></span> <span class='ocrx_word' id='word_1_209' title='bbox 748 3056 1064 3126; x_wconf 87' lang='lat' dir='ltr'><strong>patriarcha</strong></span> <span class='ocrx_word' id='word_1_210' title='bbox 1086 3054 1623 3131; x_wconf 75' lang='lat' dir='ltr'><strong>Hierosolymitanus</strong></span> <span class='ocrx_word' id='word_1_211' title='bbox 1651 3060 1743 3130; x_wconf 92' lang='lat' dir='ltr'><strong>qui</strong></span> <span class='ocrx_word' id='word_1_212' title='bbox 1786 3073 1964 3116; x_wconf 86' lang='lat' dir='ltr'><strong>annos</strong></span> 
     </span>
    </p>
   </div>
   <div class='ocr_carea' id='block_1_33' title="bbox 2045 561 3627 633">
    <p class='ocr_par' dir='ltr' id='par_1_33' title="bbox 2045 561 3627 633">
     <span class='ocr_line' id='line_1_33' title="bbox 2045 561 3627 633; baseline 0.003 -19"><span class='ocrx_word' id='word_1_213' title='bbox 2045 561 2124 616; x_wconf 82' lang='lat' dir='ltr'><strong>tio</strong></span> <span class='ocrx_word' id='word_1_214' title='bbox 2153 561 2366 631; x_wconf 89' lang='lat' dir='ltr'><strong>imperii</strong></span> <span class='ocrx_word' id='word_1_215' title='bbox 2393 561 2641 632; x_wconf 88' lang='lat' dir='ltr'><strong>ejusdem</strong></span> <span class='ocrx_word' id='word_1_216' title='bbox 2665 561 3002 617; x_wconf 87' lang='lat' dir='ltr'><strong>constitutus</strong></span> <span class='ocrx_word' id='word_1_217' title='bbox 3031 570 3114 618; x_wconf 91' lang='lat' dir='ltr'><strong>est</strong></span> <span class='ocrx_word' id='word_1_218' title='bbox 3139 562 3287 619; x_wconf 82' lang='lat' dir='ltr'><strong>Felix</strong></span> <span class='ocrx_word' id='word_1_219' title='bbox 3312 566 3627 633; x_wconf 77' lang='lat' dir='ltr'><strong>patriarcha</strong></span> 
     </span>
    </p>
   </div>
   <div class='ocr_carea' id='block_1_34' title="bbox 2046 651 3634 721">
    <p class='ocr_par' dir='ltr' id='par_1_34' title="bbox 2046 651 3634 721">
     <span class='ocr_line' id='line_1_34' title="bbox 2046 651 3634 721; baseline 0.002 -13"><span class='ocrx_word' id='word_1_220' title='bbox 2046 651 2350 721; x_wconf 83' lang='lat' dir='ltr'><strong>Romanus,</strong></span> <span class='ocrx_word' id='word_1_221' title='bbox 2387 655 2479 721; x_wconf 91' lang='lat' dir='ltr'><strong>qui</strong></span> <span class='ocrx_word' id='word_1_222' title='bbox 2511 669 2688 710; x_wconf 91' lang='lat' dir='ltr'><strong>annos</strong></span> <span class='ocrx_word' id='word_1_223' title='bbox 2727 663 2854 710; x_wconf 88' lang='lat' dir='ltr'><strong>octo</strong></span> <span class='ocrx_word' id='word_1_224' title='bbox 2879 655 3043 717; x_wconf 88' lang='lat' dir='ltr'><strong>sedit,</strong></span> <span class='ocrx_word' id='word_1_225' title='bbox 3086 654 3211 710; x_wconf 86' lang='lat' dir='ltr'><strong>dein</strong></span> <span class='ocrx_word' id='word_1_226' title='bbox 3248 668 3499 711; x_wconf 84' lang='lat' dir='ltr'><strong>mortuus</strong></span> <span class='ocrx_word' id='word_1_227' title='bbox 3531 667 3634 711; x_wconf 74' lang='lat' dir='ltr'><strong>est.</strong></span> 
     </span>
    </p>
   </div>
   <div class='ocr_carea' id='block_1_35' title="bbox 2044 747 3663 819">
    <p class='ocr_par' dir='ltr' id='par_1_35' title="bbox 2044 747 3663 819">
     <span class='ocr_line' id='line_1_35' title="bbox 2044 747 3663 819; baseline 0.002 -18"><span class='ocrx_word' id='word_1_228' title='bbox 2044 747 2216 804; x_wconf 88' lang='lat' dir='ltr'><strong>Porro</strong></span> <span class='ocrx_word' id='word_1_229' title='bbox 2244 750 2445 804; x_wconf 86' lang='lat' dir='ltr'><strong>Phiruz</strong></span> <span class='ocrx_word' id='word_1_230' title='bbox 2470 748 2797 819; x_wconf 86' lang='lat' dir='ltr'><strong>Yazdejerdi</strong></span> <span class='ocrx_word' id='word_1_231' title='bbox 2832 749 2999 814; x_wconf 81' lang='lat' dir='ltr'><strong>filius,</strong></span> <span class='ocrx_word' id='word_1_232' title='bbox 3036 749 3325 804; x_wconf 87' lang='lat' dir='ltr'><strong>Persarum</strong></span> <span class='ocrx_word' id='word_1_233' title='bbox 3355 766 3470 814; x_wconf 62' lang='lat' dir='ltr'><strong>rex,</strong></span> <span class='ocrx_word' id='word_1_234' title='bbox 3503 751 3663 804; x_wconf 83' lang='lat' dir='ltr'><strong>duas&#39;</strong></span> 
     </span>
    </p>
   </div>
   <div class='ocr_carea' id='block_1_36' title="bbox 2048 841 3639 915">
    <p class='ocr_par' dir='ltr' id='par_1_36' title="bbox 2048 841 3639 915">
     <span class='ocr_line' id='line_1_36' title="bbox 2048 841 3639 915; baseline 0.003 -18"><span class='ocrx_word' id='word_1_235' title='bbox 2048 843 2104 897; x_wconf 91' lang='lat' dir='ltr'><strong>in</strong></span> <span class='ocrx_word' id='word_1_236' title='bbox 2133 842 2338 898; x_wconf 83' lang='lat' dir='ltr'><strong>Cascar</strong></span> <span class='ocrx_word' id='word_1_237' title='bbox 2379 844 2545 899; x_wconf 89' lang='lat' dir='ltr'><strong>urbes</strong></span> <span class='ocrx_word' id='word_1_238' title='bbox 2572 843 2850 909; x_wconf 90' lang='lat' dir='ltr'><strong>condidit,</strong></span> <span class='ocrx_word' id='word_1_239' title='bbox 2875 859 3110 915; x_wconf 90' lang='lat' dir='ltr'><strong>quarum</strong></span> <span class='ocrx_word' id='word_1_240' title='bbox 3135 858 3239 897; x_wconf 88' lang='lat' dir='ltr'><strong>una</strong></span> <span class='ocrx_word' id='word_1_241' title='bbox 3265 841 3423 896; x_wconf 81' lang='lat' dir='ltr'><strong>Duris</strong></span> <span class='ocrx_word' id='word_1_242' title='bbox 3454 842 3639 901; x_wconf 61' lang='grc' dir='ltr'><strong>[θαι-ιη.</strong></span> 
     </span>
    </p>
   </div>
   <div class='ocr_carea' id='block_1_37' title="bbox 2047 938 3638 1010">
    <p class='ocr_par' dir='ltr' id='par_1_37' title="bbox 2047 938 3638 1010">
     <span class='ocr_line' id='line_1_37' title="bbox 2047 938 3638 1010; baseline -0.004 -14"><span class='ocrx_word' id='word_1_243' title='bbox 2047 943 2221 996; x_wconf 86' lang='lat' dir='ltr'><strong>altera</strong></span> <span class='ocrx_word' id='word_1_244' title='bbox 2252 940 2388 995; x_wconf 83' lang='lat' dir='ltr'><strong>Ram</strong></span> <span class='ocrx_word' id='word_1_245' title='bbox 2418 940 2581 996; x_wconf 79' lang='lat' dir='ltr'><strong>Firuz</strong></span> <span class='ocrx_word' id='word_1_246' title='bbox 2609 956 2623 1007; x_wconf 89' lang='lat'><strong>;</strong></span> <span class='ocrx_word' id='word_1_247' title='bbox 2661 939 2864 995; x_wconf 89' lang='lat' dir='ltr'><strong>deinde</strong></span> <span class='ocrx_word' id='word_1_248' title='bbox 2894 940 3083 1010; x_wconf 89' lang='lat' dir='ltr'><strong>copias</strong></span> <span class='ocrx_word' id='word_1_249' title='bbox 3106 955 3237 994; x_wconf 83' lang='lat' dir='ltr'><strong>suas</strong></span> <span class='ocrx_word' id='word_1_250' title='bbox 3262 938 3638 993; x_wconf 83' lang='lat' dir='ltr'><strong>Chorasauum</strong></span> 
     </span>
    </p>
   </div>
   <div class='ocr_carea' id='block_1_38' title="bbox 2048 1032 3642 1098">
    <p class='ocr_par' dir='ltr' id='par_1_38' title="bbox 2048 1032 3642 1098">
     <span class='ocr_line' id='line_1_38' title="bbox 2048 1032 3642 1098; baseline -0.006 -7"><span class='ocrx_word' id='word_1_251' title='bbox 2048 1050 2247 1091; x_wconf 84' lang='lat' dir='ltr'><strong>versus</strong></span> <span class='ocrx_word' id='word_1_252' title='bbox 2276 1034 2467 1091; x_wconf 81' lang='lat' dir='ltr'><strong>eduxit</strong></span> <span class='ocrx_word' id='word_1_253' title='bbox 2501 1034 2569 1088; x_wconf 87' lang='lat' dir='ltr'><strong>ad</strong></span> <span class='ocrx_word' id='word_1_254' title='bbox 2624 1034 2997 1089; x_wconf 90' lang='lat' dir='ltr'><strong>invadendum</strong></span> <span class='ocrx_word' id='word_1_255' title='bbox 3023 1032 3403 1087; x_wconf 79' lang='lat' dir='ltr'><strong>Chashnawar</strong></span> <span class='ocrx_word' id='word_1_256' title='bbox 3446 1048 3461 1085; x_wconf 93' lang='lat'><strong>:</strong></span> <span class='ocrx_word' id='word_1_257' title='bbox 3495 1032 3642 1098; x_wconf 81' lang='lat' dir='ltr'><strong>quod</strong></span> 
     </span>
    </p>
   </div>
   <div class='ocr_carea' id='block_1_39' title="bbox 2049 1120 3644 1196">
    <p class='ocr_par' dir='ltr' id='par_1_39' title="bbox 2049 1120 3644 1196">
     <span class='ocr_line' id='line_1_39' title="bbox 2049 1120 3644 1196; baseline -0.008 -14"><span class='ocrx_word' id='word_1_258' title='bbox 2049 1141 2174 1183; x_wconf 89' lang='lat' dir='ltr'><strong>cum</strong></span> <span class='ocrx_word' id='word_1_259' title='bbox 2230 1125 2613 1180; x_wconf 85' lang='lat' dir='ltr'><strong>Chashnawar</strong></span> <span class='ocrx_word' id='word_1_260' title='bbox 2660 1122 2927 1196; x_wconf 73' lang='lat' dir='ltr'><strong>Hiyatela:</strong></span> <span class='ocrx_word' id='word_1_261' title='bbox 2983 1139 3076 1177; x_wconf 89' lang='lat' dir='ltr'><strong>rex</strong></span> <span class='ocrx_word' id='word_1_262' title='bbox 3131 1120 3319 1177; x_wconf 85' lang='lat' dir='ltr'><strong>Belchi</strong></span> <span class='ocrx_word' id='word_1_263' title='bbox 3375 1122 3644 1184; x_wconf 78' lang='lat' dir='ltr'><strong>audisset,</strong></span> 
     </span>
    </p>
   </div>
   <div class='ocr_carea' id='block_1_40' title="bbox 2049 1213 3647 1288">
    <p class='ocr_par' dir='ltr' id='par_1_40' title="bbox 2049 1213 3647 1288">
     <span class='ocr_line' id='line_1_40' title="bbox 2049 1213 3647 1288; baseline -0.004 -15"><span class='ocrx_word' id='word_1_264' title='bbox 2049 1227 2199 1273; x_wconf 88' lang='lat' dir='ltr'><strong>metu</strong></span> <span class='ocrx_word' id='word_1_265' title='bbox 2247 1217 2536 1288; x_wconf 90' lang='lat' dir='ltr'><strong>perculsus</strong></span> <span class='ocrx_word' id='word_1_266' title='bbox 2577 1217 2897 1272; x_wconf 76' lang='lat' dir='ltr'><strong>convocatis</strong></span> <span class='ocrx_word' id='word_1_267' title='bbox 2947 1230 3175 1270; x_wconf 89' lang='lat' dir='ltr'><strong>suorum</strong></span> <span class='ocrx_word' id='word_1_268' title='bbox 3243 1214 3479 1269; x_wconf 87' lang='lat' dir='ltr'><strong>maxime</strong></span> <span class='ocrx_word' id='word_1_269' title='bbox 3521 1213 3647 1267; x_wconf 78' lang='lat' dir='ltr'><strong>fidis</strong></span> 
     </span>
    </p>
   </div>
   <div class='ocr_carea' id='block_1_41' title="bbox 2050 1309 3645 1381">
    <p class='ocr_par' dir='ltr' id='par_1_41' title="bbox 2050 1309 3645 1381">
     <span class='ocr_line' id='line_1_41' title="bbox 2050 1309 3645 1381; baseline -0.004 -13"><span class='ocrx_word' id='word_1_270' title='bbox 2050 1311 2351 1369; x_wconf 87' lang='lat' dir='ltr'><strong>consilium</strong></span> <span class='ocrx_word' id='word_1_271' title='bbox 2419 1311 2487 1366; x_wconf 91' lang='lat' dir='ltr'><strong>ab</strong></span> <span class='ocrx_word' id='word_1_272' title='bbox 2544 1310 2684 1381; x_wconf 86' lang='lat' dir='ltr'><strong>ipsis</strong></span> <span class='ocrx_word' id='word_1_273' title='bbox 2751 1310 2928 1381; x_wconf 88' lang='lat' dir='ltr'><strong>petiit.</strong></span> <span class='ocrx_word' id='word_1_274' title='bbox 2981 1309 3229 1376; x_wconf 79' lang='lat' dir='ltr'><strong>Quorum</strong></span> <span class='ocrx_word' id='word_1_275' title='bbox 3298 1322 3431 1378; x_wconf 76' lang='lat' dir='ltr'><strong>ergo</strong></span> <span class='ocrx_word' id='word_1_276' title='bbox 3497 1322 3645 1361; x_wconf 82' lang='lat' dir='ltr'><strong>unus</strong></span> 
     </span>
    </p>
   </div>
   <div class='ocr_carea' id='block_1_42' title="bbox 2050 1400 3647 1475">
    <p class='ocr_par' dir='ltr' id='par_1_42' title="bbox 2050 1400 3647 1475">
     <span class='ocr_line' id='line_1_42' title="bbox 2050 1400 3647 1475; baseline -0.005 -16"><span class='ocrx_word' id='word_1_277' title='bbox 2050 1405 2227 1475; x_wconf 81' lang='lat' dir='ltr'><strong>ipsum</strong></span> <span class='ocrx_word' id='word_1_278' title='bbox 2264 1404 2424 1474; x_wconf 76' lang='grc'><strong>112</strong></span> <span class='ocrx_word' id='word_1_279' title='bbox 2458 1404 2531 1459; x_wconf 91' lang='lat' dir='ltr'><strong>ita</strong></span> <span class='ocrx_word' id='word_1_280' title='bbox 2584 1402 2780 1458; x_wconf 80' lang='lat' dir='ltr'><strong>allatus</strong></span> <span class='ocrx_word' id='word_1_281' title='bbox 2807 1413 2894 1458; x_wconf 89' lang='lat' dir='ltr'><strong>est</strong></span> <span class='ocrx_word' id='word_1_282' title='bbox 2926 1420 2941 1457; x_wconf 93' lang='lat'><strong>:</strong></span> <span class='ocrx_word' id='word_1_283' title='bbox 2974 1401 3032 1456; x_wconf 88' lang='lat' dir='ltr'><strong>Si</strong></span> <span class='ocrx_word' id='word_1_284' title='bbox 3060 1408 3279 1471; x_wconf 88' lang='lat' dir='ltr'><strong>pactum</strong></span> <span class='ocrx_word' id='word_1_285' title='bbox 3309 1414 3523 1455; x_wconf 88' lang='lat' dir='ltr'><strong>mecum</strong></span> <span class='ocrx_word' id='word_1_286' title='bbox 3556 1400 3647 1452; x_wconf 83' lang='lat' dir='ltr'><strong>fir-</strong></span> 
     </span>
    </p>
   </div>
   <div class='ocr_carea' id='block_1_43' title="bbox 2050 1488 3646 1562">
    <p class='ocr_par' dir='ltr' id='par_1_43' title="bbox 2050 1488 3646 1562">
     <span class='ocr_line' id='line_1_43' title="bbox 2050 1488 3646 1562; baseline -0.005 -13"><span class='ocrx_word' id='word_1_287' title='bbox 2050 1509 2201 1549; x_wconf 90' lang='lat' dir='ltr'><strong>mum</strong></span> <span class='ocrx_word' id='word_1_288' title='bbox 2232 1494 2448 1562; x_wconf 89' lang='lat' dir='ltr'><strong>inieris,</strong></span> <span class='ocrx_word' id='word_1_289' title='bbox 2494 1494 2581 1548; x_wconf 90' lang='lat' dir='ltr'><strong>cui</strong></span> <span class='ocrx_word' id='word_1_290' title='bbox 2616 1504 2735 1549; x_wconf 91' lang='lat' dir='ltr'><strong>tuto</strong></span> <span class='ocrx_word' id='word_1_291' title='bbox 2762 1492 3042 1548; x_wconf 80' lang='lat' dir='ltr'><strong>conlidere</strong></span> <span class='ocrx_word' id='word_1_292' title='bbox 3076 1489 3308 1561; x_wconf 85' lang='lat' dir='ltr'><strong>possim,</strong></span> <span class='ocrx_word' id='word_1_293' title='bbox 3342 1497 3396 1543; x_wconf 90' lang='lat' dir='ltr'><strong>te</strong></span> <span class='ocrx_word' id='word_1_294' title='bbox 3423 1488 3646 1543; x_wconf 83' lang='lat' dir='ltr'><strong>familia:</strong></span> 
     </span>
    </p>
   </div>
   <div class='ocr_carea' id='block_1_44' title="bbox 2050 1585 3644 1652">
    <p class='ocr_par' dir='ltr' id='par_1_44' title="bbox 2050 1585 3644 1652">
     <span class='ocr_line' id='line_1_44' title="bbox 2050 1585 3644 1652; baseline -0.008 -9"><span class='ocrx_word' id='word_1_295' title='bbox 2050 1597 2108 1643; x_wconf 90' lang='lat' dir='ltr'><strong>et</strong></span> <span class='ocrx_word' id='word_1_296' title='bbox 2136 1587 2437 1642; x_wconf 89' lang='lat' dir='ltr'><strong>liberorum</strong></span> <span class='ocrx_word' id='word_1_297' title='bbox 2469 1601 2720 1641; x_wconf 90' lang='lat' dir='ltr'><strong>meorum</strong></span> <span class='ocrx_word' id='word_1_298' title='bbox 2748 1585 3072 1641; x_wconf 88' lang='lat' dir='ltr'><strong>alendorum</strong></span> <span class='ocrx_word' id='word_1_299' title='bbox 3107 1598 3298 1639; x_wconf 84' lang='lat' dir='ltr'><strong>curam</strong></span> <span class='ocrx_word' id='word_1_300' title='bbox 3334 1590 3644 1652; x_wconf 81' lang='lat' dir='ltr'><strong>gesturum,</strong></span> 
     </span>
    </p>
   </div>
   <div class='ocr_carea' id='block_1_45' title="bbox 2052 1675 3646 1751">
    <p class='ocr_par' dir='ltr' id='par_1_45' title="bbox 2052 1675 3646 1751">
     <span class='ocr_line' id='line_1_45' title="bbox 2052 1675 3646 1751; baseline -0.007 -13"><span class='ocrx_word' id='word_1_301' title='bbox 2052 1695 2285 1751; x_wconf 85' lang='lat' dir='ltr'><strong>meaque</strong></span> <span class='ocrx_word' id='word_1_302' title='bbox 2315 1681 2433 1735; x_wconf 85' lang='lat' dir='ltr'><strong>vice</strong></span> <span class='ocrx_word' id='word_1_303' title='bbox 2456 1680 2591 1750; x_wconf 90' lang='lat' dir='ltr'><strong>ipsis</strong></span> <span class='ocrx_word' id='word_1_304' title='bbox 2624 1679 2893 1743; x_wconf 87' lang='lat' dir='ltr'><strong>futurum,</strong></span> <span class='ocrx_word' id='word_1_305' title='bbox 2925 1678 3211 1734; x_wconf 88' lang='lat' dir='ltr'><strong>ostendam</strong></span> <span class='ocrx_word' id='word_1_306' title='bbox 3246 1675 3349 1731; x_wconf 88' lang='lat' dir='ltr'><strong>tibi</strong></span> <span class='ocrx_word' id='word_1_307' title='bbox 3389 1689 3504 1729; x_wconf 87' lang='lat' dir='ltr'><strong>rem</strong></span> <span class='ocrx_word' id='word_1_308' title='bbox 3539 1688 3646 1744; x_wconf 85' lang='lat' dir='ltr'><strong>qua</strong></span> 
     </span>
    </p>
   </div>
   <div class='ocr_carea' id='block_1_46' title="bbox 2062 1765 3650 1842">
    <p class='ocr_par' dir='ltr' id='par_1_46' title="bbox 2062 1765 3650 1842">
     <span class='ocr_line' id='line_1_46' title="bbox 2062 1765 3650 1842; baseline -0.006 -15"><span class='ocrx_word' id='word_1_309' title='bbox 2062 1773 2204 1829; x_wconf 88' lang='lat' dir='ltr'><strong>Deus</strong></span> <span class='ocrx_word' id='word_1_310' title='bbox 2230 1773 2530 1828; x_wconf 83' lang='lat' dir='ltr'><strong>Phiruzum</strong></span> <span class='ocrx_word' id='word_1_311' title='bbox 2564 1774 2619 1828; x_wconf 94' lang='lat' dir='ltr'><strong>in</strong></span> <span class='ocrx_word' id='word_1_312' title='bbox 2652 1780 2981 1842; x_wconf 88' lang='lat' dir='ltr'><strong>potestatem</strong></span> <span class='ocrx_word' id='word_1_313' title='bbox 3015 1782 3166 1825; x_wconf 86' lang='lat' dir='ltr'><strong>tuam</strong></span> <span class='ocrx_word' id='word_1_314' title='bbox 3192 1769 3425 1838; x_wconf 75' lang='lat' dir='ltr'><strong>rediget.</strong></span> <span class='ocrx_word' id='word_1_315' title='bbox 3480 1765 3650 1820; x_wconf 81' lang='lat' dir='ltr'><strong>Cum-</strong></span> 
     </span>
    </p>
   </div>
   <div class='ocr_carea' id='block_1_47' title="bbox 2061 1861 3650 1938">
    <p class='ocr_par' dir='ltr' id='par_1_47' title="bbox 2061 1861 3650 1938">
     <span class='ocr_line' id='line_1_47' title="bbox 2061 1861 3650 1938; baseline -0.006 -17"><span class='ocrx_word' id='word_1_316' title='bbox 2061 1878 2170 1938; x_wconf 88' lang='lat' dir='ltr'><strong>que</strong></span> <span class='ocrx_word' id='word_1_317' title='bbox 2189 1865 2295 1920; x_wconf 89' lang='lat' dir='ltr'><strong>hoc</strong></span> <span class='ocrx_word' id='word_1_318' title='bbox 2335 1881 2430 1921; x_wconf 86' lang='lat' dir='ltr'><strong>rex</strong></span> <span class='ocrx_word' id='word_1_319' title='bbox 2470 1865 2575 1936; x_wconf 90' lang='lat' dir='ltr'><strong>ipsi</strong></span> <span class='ocrx_word' id='word_1_320' title='bbox 2633 1872 2829 1935; x_wconf 88' lang='lat' dir='ltr'><strong>pactus</strong></span> <span class='ocrx_word' id='word_1_321' title='bbox 2875 1872 3022 1918; x_wconf 90' lang='lat' dir='ltr'><strong>esset</strong></span> <span class='ocrx_word' id='word_1_322' title='bbox 3057 1879 3071 1918; x_wconf 91' lang='lat'><strong>:</strong></span> <span class='ocrx_word' id='word_1_323' title='bbox 3107 1861 3412 1928; x_wconf 76' lang='lat' dir='ltr'><strong>Colligatis,</strong></span> <span class='ocrx_word' id='word_1_324' title='bbox 3469 1861 3650 1927; x_wconf 88' lang='lat' dir='ltr'><strong>inquit</strong></span> 
     </span>
    </p>
   </div>
   <div class='ocr_carea' id='block_1_48' title="bbox 2057 1948 3649 2026">
    <p class='ocr_par' dir='ltr' id='par_1_48' title="bbox 2057 1948 3649 2026">
     <span class='ocr_line' id='line_1_48' title="bbox 2057 1948 3649 2026; baseline -0.009 -12"><span class='ocrx_word' id='word_1_325' title='bbox 2057 1958 2194 2014; x_wconf 89' lang='lat' dir='ltr'><strong>mihi</strong></span> <span class='ocrx_word' id='word_1_326' title='bbox 2251 1957 2507 2012; x_wconf 91' lang='lat' dir='ltr'><strong>manibus</strong></span> <span class='ocrx_word' id='word_1_327' title='bbox 2557 1965 2614 2011; x_wconf 88' lang='lat' dir='ltr'><strong>et</strong></span> <span class='ocrx_word' id='word_1_328' title='bbox 2664 1955 2921 2025; x_wconf 89' lang='lat' dir='ltr'><strong>pedibus,</strong></span> <span class='ocrx_word' id='word_1_329' title='bbox 2979 1959 3059 2026; x_wconf 87' lang='lat' dir='ltr'><strong>(at</strong></span> <span class='ocrx_word' id='word_1_330' title='bbox 3095 1954 3150 2008; x_wconf 89' lang='lat' dir='ltr'><strong>in</strong></span> <span class='ocrx_word' id='word_1_331' title='bbox 3192 1951 3303 2006; x_wconf 88' lang='lat' dir='ltr'><strong>alio</strong></span> <span class='ocrx_word' id='word_1_332' title='bbox 3351 1948 3649 2016; x_wconf 87' lang='lat' dir='ltr'><strong>exemplari</strong></span> 
     </span>
    </p>
   </div>
   <div class='ocr_carea' id='block_1_49' title="bbox 2058 2041 3651 2119">
    <p class='ocr_par' dir='ltr' id='par_1_49' title="bbox 2058 2041 3651 2119">
     <span class='ocr_line' id='line_1_49' title="bbox 2058 2041 3651 2119; baseline -0.009 -12"><span class='ocrx_word' id='word_1_333' title='bbox 2058 2051 2353 2114; x_wconf 86' lang='lat' dir='ltr'><strong>abscissis,</strong></span> <span class='ocrx_word' id='word_1_334' title='bbox 2390 2050 2536 2119; x_wconf 89' lang='lat' dir='ltr'><strong>quod</strong></span> <span class='ocrx_word' id='word_1_335' title='bbox 2591 2048 2715 2105; x_wconf 90' lang='lat' dir='ltr'><strong>sine</strong></span> <span class='ocrx_word' id='word_1_336' title='bbox 2744 2047 2914 2103; x_wconf 90' lang='lat' dir='ltr'><strong>dubio</strong></span> <span class='ocrx_word' id='word_1_337' title='bbox 2956 2046 3161 2102; x_wconf 86' lang='lat' dir='ltr'><strong>rectius</strong></span> <span class='ocrx_word' id='word_1_338' title='bbox 3192 2042 3300 2115; x_wconf 91' lang='lat' dir='ltr'><strong>est)</strong></span> <span class='ocrx_word' id='word_1_339' title='bbox 3351 2057 3438 2096; x_wconf 91' lang='lat' dir='ltr'><strong>me</strong></span> <span class='ocrx_word' id='word_1_340' title='bbox 3478 2042 3531 2094; x_wconf 91' lang='lat' dir='ltr'><strong>in</strong></span> <span class='ocrx_word' id='word_1_341' title='bbox 3564 2041 3651 2093; x_wconf 69' lang='lat' dir='ltr'><strong>via</strong></span> 
     </span>
    </p>
   </div>
   <div class='ocr_carea' id='block_1_50' title="bbox 2060 2132 3653 2213">
    <p class='ocr_par' dir='ltr' id='par_1_50' title="bbox 2060 2132 3653 2213">
     <span class='ocr_line' id='line_1_50' title="bbox 2060 2132 3653 2213; baseline -0.009 -13"><span class='ocrx_word' id='word_1_342' title='bbox 2060 2145 2299 2201; x_wconf 86' lang='lat' dir='ltr'><strong>Phiruzo</strong></span> <span class='ocrx_word' id='word_1_343' title='bbox 2332 2144 2592 2213; x_wconf 87' lang='lat' dir='ltr'><strong>objicias,</strong></span> <span class='ocrx_word' id='word_1_344' title='bbox 2644 2144 2720 2197; x_wconf 87' lang='lat' dir='ltr'><strong>ita</strong></span> <span class='ocrx_word' id='word_1_345' title='bbox 2746 2156 2851 2212; x_wconf 76' lang='lat' dir='ltr'><strong>ego</strong></span> <span class='ocrx_word' id='word_1_346' title='bbox 2896 2150 2950 2198; x_wconf 90' lang='lat' dir='ltr'><strong>te</strong></span> <span class='ocrx_word' id='word_1_347' title='bbox 2982 2140 3051 2195; x_wconf 90' lang='lat' dir='ltr'><strong>ab</strong></span> <span class='ocrx_word' id='word_1_348' title='bbox 3080 2139 3254 2210; x_wconf 90' lang='lat' dir='ltr'><strong>ipsius</strong></span> <span class='ocrx_word' id='word_1_349' title='bbox 3297 2138 3519 2191; x_wconf 90' lang='lat' dir='ltr'><strong>incursu</strong></span> <span class='ocrx_word' id='word_1_350' title='bbox 3549 2132 3653 2187; x_wconf 89' lang='lat' dir='ltr'><strong>im-</strong></span> 
     </span>
    </p>
   </div>
   <div class='ocr_carea' id='block_1_51' title="bbox 2060 2229 3655 2309">
    <p class='ocr_par' dir='ltr' id='par_1_51' title="bbox 2060 2229 3655 2309">
     <span class='ocr_line' id='line_1_51' title="bbox 2060 2229 3655 2309; baseline -0.009 -12"><span class='ocrx_word' id='word_1_351' title='bbox 2060 2255 2283 2297; x_wconf 86' lang='lat' dir='ltr'><strong>munem</strong></span> <span class='ocrx_word' id='word_1_352' title='bbox 2311 2238 2608 2309; x_wconf 64' lang='lat' dir='ltr'><strong>praestabo.</strong></span> <span class='ocrx_word' id='word_1_353' title='bbox 2660 2235 2817 2302; x_wconf 87' lang='lat' dir='ltr'><strong>Quod</strong></span> <span class='ocrx_word' id='word_1_354' title='bbox 2857 2250 2985 2289; x_wconf 88' lang='lat' dir='ltr'><strong>cum</strong></span> <span class='ocrx_word' id='word_1_355' title='bbox 3030 2234 3110 2288; x_wconf 80' lang='lat' dir='ltr'><strong>illi</strong></span> <span class='ocrx_word' id='word_1_356' title='bbox 3150 2231 3373 2288; x_wconf 88' lang='lat' dir='ltr'><strong>fecisset</strong></span> <span class='ocrx_word' id='word_1_357' title='bbox 3399 2229 3655 2283; x_wconf 82' lang='lat' dir='ltr'><strong>sublatus</strong></span> 
     </span>
    </p>
   </div>
   <div class='ocr_carea' id='block_1_52' title="bbox 2060 2320 3657 2401">
    <p class='ocr_par' dir='ltr' id='par_1_52' title="bbox 2060 2320 3657 2401">
     <span class='ocr_line' id='line_1_52' title="bbox 2060 2320 3657 2401; baseline -0.01 -12"><span class='ocrx_word' id='word_1_358' title='bbox 2060 2342 2167 2395; x_wconf 91' lang='lat' dir='ltr'><strong>est,</strong></span> <span class='ocrx_word' id='word_1_359' title='bbox 2209 2340 2373 2401; x_wconf 87' lang='lat' dir='ltr'><strong>atque</strong></span> <span class='ocrx_word' id='word_1_360' title='bbox 2404 2331 2459 2386; x_wconf 94' lang='lat' dir='ltr'><strong>in</strong></span> <span class='ocrx_word' id='word_1_361' title='bbox 2491 2330 2672 2386; x_wconf 88' lang='lat' dir='ltr'><strong>locum</strong></span> <span class='ocrx_word' id='word_1_362' title='bbox 2704 2344 2864 2398; x_wconf 81' lang='lat' dir='ltr'><strong>quem</strong></span> <span class='ocrx_word' id='word_1_363' title='bbox 2893 2328 3141 2398; x_wconf 87' lang='lat' dir='ltr'><strong>jusserat</strong></span> <span class='ocrx_word' id='word_1_364' title='bbox 3170 2325 3470 2393; x_wconf 79' lang='lat' dir='ltr'><strong>projectus,</strong></span> <span class='ocrx_word' id='word_1_365' title='bbox 3531 2320 3657 2375; x_wconf 80' lang='lat' dir='ltr'><strong>red-</strong></span> 
     </span>
    </p>
   </div>
   <div class='ocr_carea' id='block_1_53' title="bbox 2063 2411 3656 2496">
    <p class='ocr_par' dir='ltr' id='par_1_53' title="bbox 2063 2411 3656 2496">
     <span class='ocr_line' id='line_1_53' title="bbox 2063 2411 3656 2496; baseline -0.011 -15"><span class='ocrx_word' id='word_1_366' title='bbox 2063 2425 2327 2481; x_wconf 87' lang='lat' dir='ltr'><strong>euntibus</strong></span> <span class='ocrx_word' id='word_1_367' title='bbox 2349 2423 2463 2496; x_wconf 91' lang='lat' dir='ltr'><strong>[qui</strong></span> <span class='ocrx_word' id='word_1_368' title='bbox 2489 2423 2642 2477; x_wconf 81' lang='lat' dir='ltr'><strong>illum</strong></span> <span class='ocrx_word' id='word_1_369' title='bbox 2673 2436 2739 2475; x_wconf 86' lang='lat' dir='ltr'><strong>eo</strong></span> <span class='ocrx_word' id='word_1_370' title='bbox 2764 2417 3151 2489; x_wconf 82' lang='lat' dir='ltr'><strong>deduxerant].</strong></span> <span class='ocrx_word' id='word_1_371' title='bbox 3174 2415 3278 2473; x_wconf 89' lang='lat' dir='ltr'><strong>Ubi</strong></span> <span class='ocrx_word' id='word_1_372' title='bbox 3308 2411 3439 2485; x_wconf 73' lang='lat' dir='ltr'><strong>ergo</strong></span> <span class='ocrx_word' id='word_1_373' title='bbox 3455 2413 3656 2469; x_wconf 83' lang='lat' dir='ltr'><strong>Phiruz</strong></span> 
     </span>
    </p>
   </div>
   <div class='ocr_carea' id='block_1_54' title="bbox 2063 2508 3656 2584">
    <p class='ocr_par' dir='ltr' id='par_1_54' title="bbox 2063 2508 3656 2584">
     <span class='ocr_line' id='line_1_54' title="bbox 2063 2508 3656 2584; baseline -0.01 -13"><span class='ocrx_word' id='word_1_374' title='bbox 2063 2518 2188 2571; x_wconf 90' lang='lat' dir='ltr'><strong>illae</strong></span> <span class='ocrx_word' id='word_1_375' title='bbox 2218 2516 2508 2582; x_wconf 86' lang='lat' dir='ltr'><strong>transiret,</strong></span> <span class='ocrx_word' id='word_1_376' title='bbox 2549 2527 2848 2584; x_wconf 82' lang='lat' dir='ltr'><strong>Ipsumque</strong></span> <span class='ocrx_word' id='word_1_377' title='bbox 2893 2511 3025 2581; x_wconf 87' lang='lat' dir='ltr'><strong>quid</strong></span> <span class='ocrx_word' id='word_1_378' title='bbox 3056 2508 3161 2580; x_wconf 83' lang='lat' dir='ltr'><strong>ipsi</strong></span> <span class='ocrx_word' id='word_1_379' title='bbox 3193 2508 3466 2563; x_wconf 72' lang='lat' dir='ltr'><strong>evenisset</strong></span> <span class='ocrx_word' id='word_1_380' title='bbox 3493 2519 3656 2576; x_wconf 76' lang='lat' dir='ltr'><strong>roga-</strong></span> 
     </span>
    </p>
   </div>
   <div class='ocr_carea' id='block_1_55' title="bbox 2065 2593 3655 2675">
    <p class='ocr_par' dir='ltr' id='par_1_55' title="bbox 2065 2593 3655 2675">
     <span class='ocr_line' id='line_1_55' title="bbox 2065 2593 3655 2675; baseline -0.011 -11"><span class='ocrx_word' id='word_1_381' title='bbox 2065 2616 2146 2665; x_wconf 85' lang='lat' dir='ltr'><strong>ret</strong></span> <span class='ocrx_word' id='word_1_382' title='bbox 2175 2623 2193 2661; x_wconf 87' lang='lat'><strong>:</strong></span> <span class='ocrx_word' id='word_1_383' title='bbox 2224 2604 2339 2675; x_wconf 77' lang='lat' dir='ltr'><strong>Ego</strong></span> <span class='ocrx_word' id='word_1_384' title='bbox 2370 2596 2594 2674; x_wconf 79' lang='lat' dir='ltr'><strong>(inquit)</strong></span> <span class='ocrx_word' id='word_1_385' title='bbox 2627 2619 2657 2658; x_wconf 93' lang='lat' dir='ltr'><strong>e</strong></span> <span class='ocrx_word' id='word_1_386' title='bbox 2680 2602 3004 2673; x_wconf 87' lang='lat' dir='ltr'><strong>proceribus</strong></span> <span class='ocrx_word' id='word_1_387' title='bbox 3029 2598 3108 2654; x_wconf 87' lang='lat' dir='ltr'><strong>fui</strong></span> <span class='ocrx_word' id='word_1_388' title='bbox 3146 2598 3530 2661; x_wconf 80' lang='lat' dir='ltr'><strong>Hitalcnsium,</strong></span> <span class='ocrx_word' id='word_1_389' title='bbox 3562 2611 3613 2664; x_wconf 68' lang='lat' dir='ltr'><strong>qi</strong></span> <span class='ocrx_word' id='word_1_390' title='bbox 3641 2593 3655 2645; x_wconf 92' lang='lat' dir='ltr'><strong>i</strong></span> 
     </span>
    </p>
   </div>
   <div class='ocr_carea' id='block_1_56' title="bbox 2063 2678 3660 2762">
    <p class='ocr_par' dir='ltr' id='par_1_56' title="bbox 2063 2678 3660 2762">
     <span class='ocr_line' id='line_1_56' title="bbox 2063 2678 3660 2762; baseline -0.009 -8"><span class='ocrx_word' id='word_1_391' title='bbox 2063 2678 2189 2754; x_wconf 78' lang='lat' dir='ltr'><strong>cum</strong></span> <span class='ocrx_word' id='word_1_392' title='bbox 2221 2712 2483 2752; x_wconf 88' lang='lat' dir='ltr'><strong>accessus</strong></span> <span class='ocrx_word' id='word_1_393' title='bbox 2521 2684 2601 2751; x_wconf 90' lang='lat' dir='ltr'><strong>tui</strong></span> <span class='ocrx_word' id='word_1_394' title='bbox 2638 2695 2783 2749; x_wconf 88' lang='lat' dir='ltr'><strong>fama</strong></span> <span class='ocrx_word' id='word_1_395' title='bbox 2830 2693 2898 2748; x_wconf 83' lang='lat' dir='ltr'><strong>ad</strong></span> <span class='ocrx_word' id='word_1_396' title='bbox 2934 2708 3032 2747; x_wconf 89' lang='lat' dir='ltr'><strong>nos</strong></span> <span class='ocrx_word' id='word_1_397' title='bbox 3076 2678 3425 2762; x_wconf 86' lang='lat' dir='ltr'><strong>pervenisset</strong></span> <span class='ocrx_word' id='word_1_398' title='bbox 3466 2703 3497 2741; x_wconf 90' lang='lat' dir='ltr'><strong>a</strong></span> <span class='ocrx_word' id='word_1_399' title='bbox 3533 2703 3660 2755; x_wconf 75' lang='lat' dir='ltr'><strong>rege</strong></span> 
     </span>
    </p>
   </div>
   <div class='ocr_carea' id='block_1_57' title="bbox 2063 2780 3665 2854">
    <p class='ocr_par' dir='ltr' id='par_1_57' title="bbox 2063 2780 3665 2854">
     <span class='ocr_line' id='line_1_57' title="bbox 2063 2780 3665 2854; baseline -0.01 -9"><span class='ocrx_word' id='word_1_400' title='bbox 2063 2787 2446 2845; x_wconf 83' lang='lat' dir='ltr'><strong>Chashnawar</strong></span> <span class='ocrx_word' id='word_1_401' title='bbox 2477 2787 2621 2840; x_wconf 88' lang='lat' dir='ltr'><strong>inter</strong></span> <span class='ocrx_word' id='word_1_402' title='bbox 2669 2784 2917 2854; x_wconf 90' lang='lat' dir='ltr'><strong>reliquos</strong></span> <span class='ocrx_word' id='word_1_403' title='bbox 2955 2782 3127 2851; x_wconf 88' lang='lat' dir='ltr'><strong>ipsius</strong></span> <span class='ocrx_word' id='word_1_404' title='bbox 3177 2780 3409 2836; x_wconf 84' lang='lat' dir='ltr'><strong>comites</strong></span> <span class='ocrx_word' id='word_1_405' title='bbox 3441 2787 3665 2832; x_wconf 85' lang='lat' dir='ltr'><strong>senten-</strong></span> 
     </span>
    </p>
   </div>
   <div class='ocr_carea' id='block_1_58' title="bbox 2066 2872 3661 2949">
    <p class='ocr_par' dir='ltr' id='par_1_58' title="bbox 2066 2872 3661 2949">
     <span class='ocr_line' id='line_1_58' title="bbox 2066 2872 3661 2949; baseline -0.008 -14"><span class='ocrx_word' id='word_1_406' title='bbox 2066 2882 2196 2935; x_wconf 89' lang='lat' dir='ltr'><strong>tiam</strong></span> <span class='ocrx_word' id='word_1_407' title='bbox 2240 2884 2484 2949; x_wconf 78' lang='lat' dir='ltr'><strong>rogatus,</strong></span> <span class='ocrx_word' id='word_1_408' title='bbox 2514 2878 2694 2947; x_wconf 87' lang='lat' dir='ltr'><strong>palam</strong></span> <span class='ocrx_word' id='word_1_409' title='bbox 2728 2876 2843 2931; x_wconf 83' lang='lat' dir='ltr'><strong>dixi</strong></span> <span class='ocrx_word' id='word_1_410' title='bbox 2877 2891 2984 2929; x_wconf 84' lang='lat' dir='ltr'><strong>non</strong></span> <span class='ocrx_word' id='word_1_411' title='bbox 3015 2889 3177 2944; x_wconf 85' lang='lat' dir='ltr'><strong>posse</strong></span> <span class='ocrx_word' id='word_1_412' title='bbox 3211 2874 3392 2942; x_wconf 89' lang='lat' dir='ltr'><strong>ipsum</strong></span> <span class='ocrx_word' id='word_1_413' title='bbox 3421 2872 3661 2928; x_wconf 81' lang='lat' dir='ltr'><strong>Phiruzo</strong></span> 
     </span>
    </p>
   </div>
   <div class='ocr_carea' id='block_1_59' title="bbox 2068 2954 3661 3043">
    <p class='ocr_par' dir='ltr' id='par_1_59' title="bbox 2068 2954 3661 3043">
     <span class='ocr_line' id='line_1_59' title="bbox 2068 2954 3661 3043; baseline -0.007 -17"><span class='ocrx_word' id='word_1_414' title='bbox 2068 2989 2171 3043; x_wconf 88' lang='lat' dir='ltr'><strong>pro</strong></span> <span class='ocrx_word' id='word_1_415' title='bbox 2234 2971 2439 3038; x_wconf 69' lang='lat' dir='ltr'><strong>insigni</strong></span> <span class='ocrx_word' id='word_1_416' title='bbox 2509 2971 2682 3040; x_wconf 89' lang='lat' dir='ltr'><strong>ipsius</strong></span> <span class='ocrx_word' id='word_1_417' title='bbox 2737 2966 3063 3023; x_wconf 80' lang='lat' dir='ltr'><strong>fortitudine</strong></span> <span class='ocrx_word' id='word_1_418' title='bbox 3129 2954 3439 3029; x_wconf 78' lang='lat' dir='ltr'><strong>obsistere,</strong></span> <span class='ocrx_word' id='word_1_419' title='bbox 3491 2979 3661 3033; x_wconf 86' lang='lat' dir='ltr'><strong>quare</strong></span> 
     </span>
    </p>
   </div>
   <div class='ocr_carea' id='block_1_60' title="bbox 2067 3057 3661 3136">
    <p class='ocr_par' dir='ltr' id='par_1_60' title="bbox 2067 3057 3661 3136">
     <span class='ocr_line' id='line_1_60' title="bbox 2067 3057 3661 3136; baseline -0.008 -13"><span class='ocrx_word' id='word_1_420' title='bbox 2067 3067 2243 3123; x_wconf 81' lang='lat' dir='ltr'><strong>satius</strong></span> <span class='ocrx_word' id='word_1_421' title='bbox 2273 3065 2544 3136; x_wconf 86' lang='lat' dir='ltr'><strong>(inquam)</strong></span> <span class='ocrx_word' id='word_1_422' title='bbox 2571 3062 2669 3118; x_wconf 89' lang='lat' dir='ltr'><strong>tibi</strong></span> <span class='ocrx_word' id='word_1_423' title='bbox 2713 3071 2801 3117; x_wconf 89' lang='lat' dir='ltr'><strong>est</strong></span> <span class='ocrx_word' id='word_1_424' title='bbox 2833 3071 2892 3115; x_wconf 89' lang='lat' dir='ltr'><strong>ut</strong></span> <span class='ocrx_word' id='word_1_425' title='bbox 2923 3063 3102 3130; x_wconf 84' lang='lat' dir='ltr'><strong>ipsum</strong></span> <span class='ocrx_word' id='word_1_426' title='bbox 3136 3060 3348 3116; x_wconf 87' lang='lat' dir='ltr'><strong>tributo</strong></span> <span class='ocrx_word' id='word_1_427' title='bbox 3393 3067 3448 3112; x_wconf 91' lang='lat' dir='ltr'><strong>et</strong></span> <span class='ocrx_word' id='word_1_428' title='bbox 3482 3057 3661 3130; x_wconf 81' lang='lat' dir='ltr'><strong>pretio</strong></span> 
     </span>
    </p>
   </div>
   <div class='ocr_carea' id='block_1_61' title="bbox 376 3147 3667 3228">
    <p class='ocr_par' dir='ltr' id='par_1_61' title="bbox 376 3147 3667 3228">
     <span class='ocr_line' id='line_1_61' title="bbox 376 3147 3667 3228; baseline -0.004 -13"><span class='ocrx_word' id='word_1_429' title='bbox 376 3147 567 3215; x_wconf 54' lang='lat' dir='ltr'><strong>viginti</strong></span> <span class='ocrx_word' id='word_1_430' title='bbox 607 3156 846 3223; x_wconf 67' lang='grc' dir='ltr'><strong>(ιυθωυτ</strong></span> <span class='ocrx_word' id='word_1_431' title='bbox 871 3148 1016 3203; x_wconf 62' lang='lat' dir='ltr'><strong>sedit</strong></span> <span class='ocrx_word' id='word_1_432' title='bbox 1037 3147 1146 3219; x_wconf 66' lang='lat' dir='ltr'><strong>(\iel</strong></span> <span class='ocrx_word' id='word_1_433' title='bbox 1176 3153 1480 3206; x_wconf 83' lang='lat' dir='ltr'><strong>secundum</strong></span> <span class='ocrx_word' id='word_1_434' title='bbox 1507 3151 1656 3206; x_wconf 81' lang='lat' dir='ltr'><strong>aliud</strong></span> <span class='ocrx_word' id='word_1_435' title='bbox 1683 3154 1965 3223; x_wconf 86' lang='lat' dir='ltr'><strong>exemplar</strong></span> <span class='ocrx_word' id='word_1_436' title='bbox 1994 3170 2038 3227; x_wconf 71' lang='grc' dir='ltr'>ο</span> <span class='ocrx_word' id='word_1_437' title='bbox 2072 3172 2181 3228; x_wconf 90' lang='lat' dir='ltr'><strong>quo</strong></span> <span class='ocrx_word' id='word_1_438' title='bbox 2213 3166 2266 3213; x_wconf 91' lang='lat' dir='ltr'><strong>te</strong></span> <span class='ocrx_word' id='word_1_439' title='bbox 2287 3158 2530 3212; x_wconf 85' lang='lat' dir='ltr'><strong>redimas</strong></span> <span class='ocrx_word' id='word_1_440' title='bbox 2565 3154 2930 3225; x_wconf 79' lang='lat' dir='ltr'><strong>aggrediaris.</strong></span> <span class='ocrx_word' id='word_1_441' title='bbox 2971 3152 3065 3207; x_wconf 90' lang='lat' dir='ltr'><strong>llle</strong></span> <span class='ocrx_word' id='word_1_442' title='bbox 3098 3166 3231 3221; x_wconf 79' lang='lat' dir='ltr'><strong>ergo</strong></span> <span class='ocrx_word' id='word_1_443' title='bbox 3261 3151 3342 3204; x_wconf 89' lang='lat' dir='ltr'><strong>ira</strong></span> <span class='ocrx_word' id='word_1_444' title='bbox 3369 3150 3423 3202; x_wconf 91' lang='lat' dir='ltr'><strong>in</strong></span> <span class='ocrx_word' id='word_1_445' title='bbox 3456 3163 3542 3203; x_wconf 92' lang='lat' dir='ltr'><strong>me</strong></span> <span class='ocrx_word' id='word_1_446' title='bbox 3572 3162 3667 3202; x_wconf 80' lang='lat' dir='ltr'><strong>ac-</strong></span> 
     </span>
    </p>
   </div>
   <div class='ocr_carea' id='block_1_62' title="bbox 378 3237 1963 3317">
    <p class='ocr_par' dir='ltr' id='par_1_62' title="bbox 378 3237 1963 3317">
     <span class='ocr_line' id='line_1_62' title="bbox 378 3237 1963 3317; baseline 0.008 -30"><span class='ocrx_word' id='word_1_447' title='bbox 378 3237 820 3310; x_wconf 86' lang='lat' dir='ltr'><strong>quatuordecim)</strong></span> <span class='ocrx_word' id='word_1_448' title='bbox 866 3240 1177 3309; x_wconf 86' lang='lat' dir='ltr'><strong>struxitque</strong></span> <span class='ocrx_word' id='word_1_449' title='bbox 1202 3241 1471 3298; x_wconf 84' lang='lat' dir='ltr'><strong>ecclesias</strong></span> <span class='ocrx_word' id='word_1_450' title='bbox 1512 3240 1682 3315; x_wconf 89' lang='lat' dir='ltr'><strong>[inter</strong></span> <span class='ocrx_word' id='word_1_451' title='bbox 1715 3244 1963 3317; x_wconf 83' lang='lat' dir='ltr'><strong>caeteras]</strong></span> 
     </span>
    </p>
   </div>
   <div class='ocr_carea' id='block_1_63' title="bbox 378 3330 1963 3408">
    <p class='ocr_par' dir='ltr' id='par_1_63' title="bbox 378 3330 1963 3408">
     <span class='ocr_line' id='line_1_63' title="bbox 378 3330 1963 3408; baseline 0.005 -23"><span class='ocrx_word' id='word_1_452' title='bbox 378 3332 668 3385; x_wconf 76' lang='lat' dir='ltr'><strong>ecclesiam</strong></span> <span class='ocrx_word' id='word_1_453' title='bbox 692 3330 929 3397; x_wconf 66' lang='lat' dir='ltr'><strong>Helenae,</strong></span> <span class='ocrx_word' id='word_1_454' title='bbox 959 3348 1122 3404; x_wconf 89' lang='lat' dir='ltr'><strong>quam</strong></span> <span class='ocrx_word' id='word_1_455' title='bbox 1147 3349 1254 3389; x_wconf 92' lang='lat' dir='ltr'><strong>non</strong></span> <span class='ocrx_word' id='word_1_456' title='bbox 1272 3334 1503 3403; x_wconf 83' lang='lat' dir='ltr'><strong>perfecit</strong></span> <span class='ocrx_word' id='word_1_457' title='bbox 1533 3353 1549 3390; x_wconf 88' lang='lat'><strong>:</strong></span> <span class='ocrx_word' id='word_1_458' title='bbox 1582 3337 1963 3408; x_wconf 80' lang='lat' dir='ltr'><strong>relegatosque</strong></span> 
     </span>
    </p>
   </div>
   <div class='ocr_carea' id='block_1_64' title="bbox 380 3422 1966 3498">
    <p class='ocr_par' dir='ltr' id='par_1_64' title="bbox 380 3422 1966 3498">
     <span class='ocr_line' id='line_1_64' title="bbox 380 3422 1966 3498; baseline 0.003 -21"><span class='ocrx_word' id='word_1_459' title='bbox 380 3433 463 3477; x_wconf 74' lang='lat' dir='ltr'><strong>est</strong></span> <span class='ocrx_word' id='word_1_460' title='bbox 499 3424 652 3477; x_wconf 86' lang='lat' dir='ltr'><strong>llam.</strong></span> <span class='ocrx_word' id='word_1_461' title='bbox 687 3422 764 3478; x_wconf 86' lang='lat' dir='ltr'><strong>Eo</strong></span> <span class='ocrx_word' id='word_1_462' title='bbox 796 3433 1040 3494; x_wconf 86' lang='lat' dir='ltr'><strong>tempore</strong></span> <span class='ocrx_word' id='word_1_463' title='bbox 1075 3425 1475 3498; x_wconf 85' lang='lat' dir='ltr'><strong>Hierosolymis</strong></span> <span class='ocrx_word' id='word_1_464' title='bbox 1492 3425 1762 3481; x_wconf 84' lang='lat' dir='ltr'><strong>fuitAnba</strong></span> <span class='ocrx_word' id='word_1_465' title='bbox 1784 3426 1966 3483; x_wconf 85' lang='lat' dir='ltr'><strong>Theo-</strong></span> 
     </span>
    </p>
   </div>
   <div class='ocr_carea' id='block_1_65' title="bbox 379 3513 1971 3582">
    <p class='ocr_par' dir='ltr' id='par_1_65' title="bbox 379 3513 1971 3582">
     <span class='ocr_line' id='line_1_65' title="bbox 379 3513 1971 3582; baseline 0.005 -14"><span class='ocrx_word' id='word_1_466' title='bbox 379 3513 571 3569; x_wconf 77' lang='lat' dir='ltr'><strong>dosius</strong></span> <span class='ocrx_word' id='word_1_467' title='bbox 617 3515 852 3570; x_wconf 75' lang='lat' dir='ltr'><strong>«oenobii</strong></span> <span class='ocrx_word' id='word_1_468' title='bbox 882 3514 1245 3582; x_wconf 88' lang='lat' dir='ltr'><strong>Aldawacesi,</strong></span> <span class='ocrx_word' id='word_1_469' title='bbox 1270 3518 1423 3574; x_wconf 83' lang='lat' dir='ltr'><strong>Anba</strong></span> <span class='ocrx_word' id='word_1_470' title='bbox 1442 3518 1707 3574; x_wconf 80' lang='lat' dir='ltr'><strong>Charitan</strong></span> <span class='ocrx_word' id='word_1_471' title='bbox 1730 3521 1971 3577; x_wconf 73' lang='lat' dir='ltr'><strong>ctenobii</strong></span> 
     </span>
    </p>
   </div>
   <div class='ocr_carea' id='block_1_66' title="bbox 378 3605 1973 3684">
    <p class='ocr_par' dir='ltr' id='par_1_66' title="bbox 378 3605 1973 3684">
     <span class='ocr_line' id='line_1_66' title="bbox 378 3605 1973 3684; baseline 0.004 -24"><span class='ocrx_word' id='word_1_472' title='bbox 378 3607 442 3660; x_wconf 77' lang='lat' dir='ltr'><strong>Al</strong></span> <span class='ocrx_word' id='word_1_473' title='bbox 471 3605 617 3661; x_wconf 80' lang='lat' dir='ltr'><strong>Saiki</strong></span> <span class='ocrx_word' id='word_1_474' title='bbox 646 3606 868 3674; x_wconf 85' lang='lat' dir='ltr'><strong>veteris,</strong></span> <span class='ocrx_word' id='word_1_475' title='bbox 916 3607 1071 3663; x_wconf 88' lang='lat' dir='ltr'><strong>Auba</strong></span> <span class='ocrx_word' id='word_1_476' title='bbox 1123 3607 1267 3665; x_wconf 85' lang='lat' dir='ltr'><strong>Saba</strong></span> <span class='ocrx_word' id='word_1_477' title='bbox 1308 3609 1518 3665; x_wconf 80' lang='lat' dir='ltr'><strong>Alsaiki</strong></span> <span class='ocrx_word' id='word_1_478' title='bbox 1568 3612 1717 3677; x_wconf 89' lang='lat' dir='ltr'><strong>novi,</strong></span> <span class='ocrx_word' id='word_1_479' title='bbox 1763 3628 1973 3684; x_wconf 53' lang='lat' dir='ltr'><strong>priapo-</strong></span> 
     </span>
    </p>
   </div>
   <div class='ocr_carea' id='block_1_67' title="bbox 381 3699 1971 3773">
    <p class='ocr_par' dir='ltr' id='par_1_67' title="bbox 381 3699 1971 3773">
     <span class='ocr_line' id='line_1_67' title="bbox 381 3699 1971 3773; baseline 0.003 -18"><span class='ocrx_word' id='word_1_480' title='bbox 381 3700 497 3755; x_wconf 87' lang='lat' dir='ltr'><strong>siti.</strong></span> <span class='ocrx_word' id='word_1_481' title='bbox 529 3702 687 3753; x_wconf 82' lang='lat' dir='ltr'><strong>Anno</strong></span> <span class='ocrx_word' id='word_1_482' title='bbox 721 3709 880 3755; x_wconf 81' lang='lat' dir='ltr'><strong>sexto</strong></span> <span class='ocrx_word' id='word_1_483' title='bbox 909 3700 1127 3770; x_wconf 89' lang='lat' dir='ltr'><strong>imperii</strong></span> <span class='ocrx_word' id='word_1_484' title='bbox 1166 3699 1409 3757; x_wconf 78' lang='lat' dir='ltr'><strong>Zenonis</strong></span> <span class='ocrx_word' id='word_1_485' title='bbox 1445 3701 1626 3759; x_wconf 88' lang='lat' dir='ltr'><strong>factus</strong></span> <span class='ocrx_word' id='word_1_486' title='bbox 1661 3701 1971 3773; x_wconf 87' lang='lat' dir='ltr'><strong>Euphuitus</strong></span> 
     </span>
    </p>
   </div>
   <div class='ocr_carea' id='block_1_68' title="bbox 383 3791 1972 3866">
    <p class='ocr_par' dir='ltr' id='par_1_68' title="bbox 383 3791 1972 3866">
     <span class='ocr_line' id='line_1_68' title="bbox 383 3791 1972 3866; baseline 0.004 -23"><span class='ocrx_word' id='word_1_487' title='bbox 383 3791 697 3863; x_wconf 86' lang='lat' dir='ltr'><strong>patriarcha</strong></span> <span class='ocrx_word' id='word_1_488' title='bbox 740 3791 1389 3861; x_wconf 86' lang='lat' dir='ltr'><strong>Constantinopolitanus</strong></span> <span class='ocrx_word' id='word_1_489' title='bbox 1418 3836 1433 3861; x_wconf 94' lang='lat'><strong>,</strong></span> <span class='ocrx_word' id='word_1_490' title='bbox 1494 3795 1744 3866; x_wconf 88' lang='lat' dir='ltr'><strong>quinque</strong></span> <span class='ocrx_word' id='word_1_491' title='bbox 1797 3811 1972 3850; x_wconf 90' lang='lat' dir='ltr'><strong>annos</strong></span> 
     </span>
    </p>
   </div>
   <div class='ocr_carea' id='block_1_69' title="bbox 385 3882 1972 3954">
    <p class='ocr_par' dir='ltr' id='par_1_69' title="bbox 385 3882 1972 3954">
     <span class='ocr_line' id='line_1_69' title="bbox 385 3882 1972 3954; baseline 0.001 -16"><span class='ocrx_word' id='word_1_492' title='bbox 385 3885 547 3949; x_wconf 84' lang='lat' dir='ltr'><strong>sedit,</strong></span> <span class='ocrx_word' id='word_1_493' title='bbox 580 3884 705 3939; x_wconf 91' lang='lat' dir='ltr'><strong>dein</strong></span> <span class='ocrx_word' id='word_1_494' title='bbox 737 3890 987 3938; x_wconf 89' lang='lat' dir='ltr'><strong>mortuus</strong></span> <span class='ocrx_word' id='word_1_495' title='bbox 1011 3890 1116 3938; x_wconf 87' lang='lat' dir='ltr'><strong>est.</strong></span> <span class='ocrx_word' id='word_1_496' title='bbox 1143 3882 1303 3938; x_wconf 87' lang='lat' dir='ltr'><strong>Anno</strong></span> <span class='ocrx_word' id='word_1_497' title='bbox 1338 3883 1555 3954; x_wconf 91' lang='lat' dir='ltr'><strong>imperii</strong></span> <span class='ocrx_word' id='word_1_498' title='bbox 1583 3886 1828 3954; x_wconf 87' lang='lat' dir='ltr'><strong>ejusdem</strong></span> <span class='ocrx_word' id='word_1_499' title='bbox 1866 3902 1972 3941; x_wconf 91' lang='lat' dir='ltr'><strong>un-</strong></span> 
     </span>
    </p>
   </div>
   <div class='ocr_carea' id='block_1_70' title="bbox 386 3975 1974 4048">
    <p class='ocr_par' dir='ltr' id='par_1_70' title="bbox 386 3975 1974 4048">
     <span class='ocr_line' id='line_1_70' title="bbox 386 3975 1974 4048; baseline 0.003 -19"><span class='ocrx_word' id='word_1_500' title='bbox 386 3977 606 4031; x_wconf 83' lang='lat' dir='ltr'><strong>decimo</strong></span> <span class='ocrx_word' id='word_1_501' title='bbox 655 3978 764 4048; x_wconf 89' lang='lat' dir='ltr'><strong>(vel</strong></span> <span class='ocrx_word' id='word_1_502' title='bbox 815 3975 1120 4030; x_wconf 87' lang='lat' dir='ltr'><strong>secundum</strong></span> <span class='ocrx_word' id='word_1_503' title='bbox 1173 3976 1321 4030; x_wconf 88' lang='lat' dir='ltr'><strong>aliud</strong></span> <span class='ocrx_word' id='word_1_504' title='bbox 1371 3978 1656 4047; x_wconf 87' lang='lat' dir='ltr'><strong>exemplar</strong></span> <span class='ocrx_word' id='word_1_505' title='bbox 1708 3978 1974 4033; x_wconf 81' lang='lat' dir='ltr'><strong>vicesimo</strong></span> 
     </span>
    </p>
   </div>
   <div class='ocr_carea' id='block_1_71' title="bbox 385 4067 1975 4140">
    <p class='ocr_par' dir='ltr' id='par_1_71' title="bbox 385 4067 1975 4140">
     <span class='ocr_line' id='line_1_71' title="bbox 385 4067 1975 4140; baseline 0.003 -19"><span class='ocrx_word' id='word_1_506' title='bbox 385 4068 590 4137; x_wconf 79' lang='lat' dir='ltr'><strong>primo)</strong></span> <span class='ocrx_word' id='word_1_507' title='bbox 619 4068 962 4123; x_wconf 90' lang='lat' dir='ltr'><strong>constitutus</strong></span> <span class='ocrx_word' id='word_1_508' title='bbox 1002 4076 1087 4123; x_wconf 86' lang='lat' dir='ltr'><strong>est</strong></span> <span class='ocrx_word' id='word_1_509' title='bbox 1121 4067 1450 4140; x_wconf 81' lang='lat' dir='ltr'><strong>Euthymius</strong></span> <span class='ocrx_word' id='word_1_510' title='bbox 1476 4068 1794 4139; x_wconf 87' lang='lat' dir='ltr'><strong>patriarcha</strong></span> <span class='ocrx_word' id='word_1_511' title='bbox 1823 4069 1975 4126; x_wconf 83' lang='lat' dir='ltr'><strong>Con-</strong></span> 
     </span>
    </p>
   </div>
   <div class='ocr_carea' id='block_1_72' title="bbox 388 4161 1971 4230">
    <p class='ocr_par' dir='ltr' id='par_1_72' title="bbox 388 4161 1971 4230">
     <span class='ocr_line' id='line_1_72' title="bbox 388 4161 1971 4230; baseline 0 -13"><span class='ocrx_word' id='word_1_512' title='bbox 388 4161 936 4230; x_wconf 68' lang='lat' dir='ltr'><strong>stantitmjiolitanus,</strong></span> <span class='ocrx_word' id='word_1_513' title='bbox 1009 4161 1103 4229; x_wconf 91' lang='lat' dir='ltr'><strong>qui</strong></span> <span class='ocrx_word' id='word_1_514' title='bbox 1155 4162 1346 4216; x_wconf 89' lang='lat' dir='ltr'><strong>decem</strong></span> <span class='ocrx_word' id='word_1_515' title='bbox 1404 4176 1581 4218; x_wconf 90' lang='lat' dir='ltr'><strong>annos</strong></span> <span class='ocrx_word' id='word_1_516' title='bbox 1626 4162 1790 4229; x_wconf 89' lang='lat' dir='ltr'><strong>sedit,</strong></span> <span class='ocrx_word' id='word_1_517' title='bbox 1845 4163 1971 4218; x_wconf 91' lang='lat' dir='ltr'><strong>dein</strong></span> 
     </span>
    </p>
   </div>
   <div class='ocr_carea' id='block_1_73' title="bbox 391 4252 1977 4323">
    <p class='ocr_par' dir='ltr' id='par_1_73' title="bbox 391 4252 1977 4323">
     <span class='ocr_line' id='line_1_73' title="bbox 391 4252 1977 4323; baseline -0.001 -13"><span class='ocrx_word' id='word_1_518' title='bbox 391 4265 642 4310; x_wconf 84' lang='lat' dir='ltr'><strong>mOrtuus</strong></span> <span class='ocrx_word' id='word_1_519' title='bbox 674 4264 781 4308; x_wconf 75' lang='grc' dir='ltr'>εει.</span> <span class='ocrx_word' id='word_1_520' title='bbox 809 4252 967 4307; x_wconf 85' lang='lat' dir='ltr'><strong>Auno</strong></span> <span class='ocrx_word' id='word_1_521' title='bbox 1017 4252 1373 4323; x_wconf 79' lang='grc'><strong>109-111</strong></span> <span class='ocrx_word' id='word_1_522' title='bbox 1411 4253 1591 4323; x_wconf 87' lang='lat' dir='ltr'><strong>primo</strong></span> <span class='ocrx_word' id='word_1_523' title='bbox 1619 4252 1836 4323; x_wconf 88' lang='lat' dir='ltr'><strong>imperii</strong></span> <span class='ocrx_word' id='word_1_524' title='bbox 1878 4254 1977 4309; x_wconf 90' lang='lat' dir='ltr'><strong>Ze-</strong></span> 
     </span>
    </p>
   </div>
   <div class='ocr_carea' id='block_1_74' title="bbox 390 4347 1974 4417">
    <p class='ocr_par' dir='ltr' id='par_1_74' title="bbox 390 4347 1974 4417">
     <span class='ocr_line' id='line_1_74' title="bbox 390 4347 1974 4417; baseline -0.002 -13"><span class='ocrx_word' id='word_1_525' title='bbox 390 4351 551 4404; x_wconf 84' lang='lat' dir='ltr'><strong>nonis</strong></span> <span class='ocrx_word' id='word_1_526' title='bbox 588 4347 898 4404; x_wconf 69' lang='lat' dir='ltr'><strong>Autiochiaa</strong></span> <span class='ocrx_word' id='word_1_527' title='bbox 929 4350 1243 4416; x_wconf 86' lang='lat' dir='ltr'><strong>patriarcha</strong></span> <span class='ocrx_word' id='word_1_528' title='bbox 1298 4347 1595 4417; x_wconf 76' lang='lat' dir='ltr'><strong>praefectus</strong></span> <span class='ocrx_word' id='word_1_529' title='bbox 1633 4356 1719 4402; x_wconf 90' lang='lat' dir='ltr'><strong>est</strong></span> <span class='ocrx_word' id='word_1_530' title='bbox 1742 4348 1974 4413; x_wconf 80' lang='lat' dir='ltr'><strong>Petrus,</strong></span> 
     </span>
    </p>
   </div>
   <div class='ocr_carea' id='block_1_75' title="bbox 390 4437 1976 4513">
    <p class='ocr_par' dir='ltr' id='par_1_75' title="bbox 390 4437 1976 4513">
     <span class='ocr_line' id='line_1_75' title="bbox 390 4437 1976 4513; baseline -0.003 -15"><span class='ocrx_word' id='word_1_531' title='bbox 390 4451 756 4513; x_wconf 84' lang='lat' dir='ltr'><strong>cognomento</strong></span> <span class='ocrx_word' id='word_1_532' title='bbox 793 4439 973 4504; x_wconf 83' lang='lat' dir='ltr'><strong>Fullo,</strong></span> <span class='ocrx_word' id='word_1_533' title='bbox 1018 4437 1272 4508; x_wconf 71' lang='lat' dir='ltr'><strong>Jacobita</strong></span> <span class='ocrx_word' id='word_1_534' title='bbox 1306 4440 1433 4507; x_wconf 89' lang='lat' dir='ltr'><strong>fuit,</strong></span> <span class='ocrx_word' id='word_1_535' title='bbox 1481 4455 1577 4496; x_wconf 87' lang='lat' dir='ltr'><strong>sex</strong></span> <span class='ocrx_word' id='word_1_536' title='bbox 1606 4455 1781 4496; x_wconf 87' lang='lat' dir='ltr'><strong>annos</strong></span> <span class='ocrx_word' id='word_1_537' title='bbox 1808 4439 1976 4506; x_wconf 88' lang='lat' dir='ltr'><strong>sedit,</strong></span> 
     </span>
    </p>
   </div>
   <div class='ocr_carea' id='block_1_76' title="bbox 391 4518 2055 4606">
    <p class='ocr_par' dir='ltr' id='par_1_76' title="bbox 391 4518 2055 4606">
     <span class='ocr_line' id='line_1_76' title="bbox 391 4518 2055 4606; baseline -0.002 -16"><span class='ocrx_word' id='word_1_538' title='bbox 391 4537 519 4590; x_wconf 91' lang='lat' dir='ltr'><strong>dein</strong></span> <span class='ocrx_word' id='word_1_539' title='bbox 554 4538 830 4606; x_wconf 78' lang='lat' dir='ltr'><strong>relegatus</strong></span> <span class='ocrx_word' id='word_1_540' title='bbox 875 4541 960 4589; x_wconf 89' lang='lat' dir='ltr'><strong>est</strong></span> <span class='ocrx_word' id='word_1_541' title='bbox 1027 4533 1134 4604; x_wconf 85' lang='lat' dir='ltr'><strong>(vel</strong></span> <span class='ocrx_word' id='word_1_542' title='bbox 1172 4534 1474 4589; x_wconf 89' lang='lat' dir='ltr'><strong>secundum</strong></span> <span class='ocrx_word' id='word_1_543' title='bbox 1514 4532 1662 4587; x_wconf 90' lang='lat' dir='ltr'><strong>aliud</strong></span> <span class='ocrx_word' id='word_1_544' title='bbox 1693 4534 1974 4603; x_wconf 86' lang='lat' dir='ltr'><strong>exemplar</strong></span> <span class='ocrx_word' id='word_1_545' title='bbox 2011 4518 2055 4574; x_wconf 81' lang='grc' dir='ltr'><strong>Ῑ)</strong></span> 
     </span>
    </p>
   </div>
   <div class='ocr_carea' id='block_1_77' title="bbox 391 4624 1977 4697">
    <p class='ocr_par' dir='ltr' id='par_1_77' title="bbox 391 4624 1977 4697">
     <span class='ocr_line' id='line_1_77' title="bbox 391 4624 1977 4697; baseline -0.001 -15"><span class='ocrx_word' id='word_1_546' title='bbox 391 4629 529 4682; x_wconf 89' lang='lat' dir='ltr'><strong>duos</strong></span> <span class='ocrx_word' id='word_1_547' title='bbox 572 4624 796 4697; x_wconf 90' lang='lat' dir='ltr'><strong>annos),</strong></span> <span class='ocrx_word' id='word_1_548' title='bbox 846 4629 899 4680; x_wconf 94' lang='lat' dir='ltr'><strong>in</strong></span> <span class='ocrx_word' id='word_1_549' title='bbox 925 4639 1087 4696; x_wconf 89' lang='lat' dir='ltr'><strong>quem</strong></span> <span class='ocrx_word' id='word_1_550' title='bbox 1119 4625 1407 4680; x_wconf 87' lang='lat' dir='ltr'><strong>anathema</strong></span> <span class='ocrx_word' id='word_1_551' title='bbox 1437 4624 1575 4679; x_wconf 85' lang='lat' dir='ltr'><strong>dixit</strong></span> <span class='ocrx_word' id='word_1_552' title='bbox 1610 4624 1848 4680; x_wconf 86' lang='lat' dir='ltr'><strong>Basilius</strong></span> <span class='ocrx_word' id='word_1_553' title='bbox 1879 4639 1977 4696; x_wconf 88' lang='lat' dir='ltr'><strong>pa-</strong></span> 
     </span>
    </p>
   </div>
   <div class='ocr_carea' id='block_1_78' title="bbox 393 4714 1714 4786">
    <p class='ocr_par' dir='ltr' id='par_1_78' title="bbox 393 4714 1714 4786">
     <span class='ocr_line' id='line_1_78' title="bbox 393 4714 1714 4786; baseline -0.002 -13"><span class='ocrx_word' id='word_1_554' title='bbox 393 4719 632 4774; x_wconf 86' lang='lat' dir='ltr'><strong>triarcha</strong></span> <span class='ocrx_word' id='word_1_555' title='bbox 667 4717 952 4772; x_wconf 77' lang='lat' dir='ltr'><strong>Romanus</strong></span> <span class='ocrx_word' id='word_1_556' title='bbox 976 4753 995 4783; x_wconf 87' lang='lat'><strong>,</strong></span> <span class='ocrx_word' id='word_1_557' title='bbox 1041 4716 1334 4786; x_wconf 89' lang='lat' dir='ltr'><strong>ipsumque</strong></span> <span class='ocrx_word' id='word_1_558' title='bbox 1367 4714 1500 4771; x_wconf 90' lang='lat' dir='ltr'><strong>sede</strong></span> <span class='ocrx_word' id='word_1_559' title='bbox 1531 4715 1714 4786; x_wconf 88' lang='lat' dir='ltr'><strong>ejecit.</strong></span> 
     </span>
    </p>
   </div>
   <div class='ocr_carea' id='block_1_79' title="bbox 466 4808 1979 4882">
    <p class='ocr_par' dir='ltr' id='par_1_79' title="bbox 466 4808 1979 4882">
     <span class='ocr_line' id='line_1_79' title="bbox 466 4808 1979 4882; baseline -0.003 -15"><span class='ocrx_word' id='word_1_560' title='bbox 466 4812 588 4880; x_wconf 87' lang='lat' dir='ltr'><strong>Quo</strong></span> <span class='ocrx_word' id='word_1_561' title='bbox 644 4810 824 4882; x_wconf 89' lang='lat' dir='ltr'><strong>pulso,</strong></span> <span class='ocrx_word' id='word_1_562' title='bbox 856 4808 1166 4865; x_wconf 81' lang='lat' dir='ltr'><strong>Antiochiae</strong></span> <span class='ocrx_word' id='word_1_563' title='bbox 1218 4809 1533 4881; x_wconf 81' lang='lat' dir='ltr'><strong>patriarcha</strong></span> <span class='ocrx_word' id='word_1_564' title='bbox 1609 4817 1736 4879; x_wconf 87' lang='lat' dir='ltr'><strong>post</strong></span> <span class='ocrx_word' id='word_1_565' title='bbox 1800 4808 1979 4878; x_wconf 89' lang='lat' dir='ltr'><strong>ipsum</strong></span> 
     </span>
    </p>
   </div>
   <div class='ocr_carea' id='block_1_80' title="bbox 393 4899 1978 4972">
    <p class='ocr_par' dir='ltr' id='par_1_80' title="bbox 393 4899 1978 4972">
     <span class='ocr_line' id='line_1_80' title="bbox 393 4899 1978 4972; baseline -0.003 -13"><span class='ocrx_word' id='word_1_566' title='bbox 393 4905 729 4959; x_wconf 86' lang='lat' dir='ltr'><strong>constitutus</strong></span> <span class='ocrx_word' id='word_1_567' title='bbox 765 4911 850 4956; x_wconf 90' lang='lat' dir='ltr'><strong>est</strong></span> <span class='ocrx_word' id='word_1_568' title='bbox 880 4899 1233 4972; x_wconf 86' lang='lat' dir='ltr'><strong>Stephanus;</strong></span> <span class='ocrx_word' id='word_1_569' title='bbox 1284 4901 1376 4971; x_wconf 89' lang='lat' dir='ltr'><strong>qui</strong></span> <span class='ocrx_word' id='word_1_570' title='bbox 1407 4916 1534 4956; x_wconf 88' lang='lat' dir='ltr'><strong>cum</strong></span> <span class='ocrx_word' id='word_1_571' title='bbox 1569 4916 1773 4954; x_wconf 84' lang='lat' dir='ltr'><strong>antqu</strong></span> <span class='ocrx_word' id='word_1_572' title='bbox 1811 4915 1978 4954; x_wconf 92' lang='lat' dir='ltr'><strong>unum</strong></span> 
     </span>
    </p>
   </div>
   <div class='ocr_carea' id='block_1_81' title="bbox 396 4990 1985 5063">
    <p class='ocr_par' dir='ltr' id='par_1_81' title="bbox 396 4990 1985 5063">
     <span class='ocr_line' id='line_1_81' title="bbox 396 4990 1985 5063; baseline -0.001 -13"><span class='ocrx_word' id='word_1_573' title='bbox 396 4996 654 5059; x_wconf 85' lang='lat' dir='ltr'><strong>sedisset,</strong></span> <span class='ocrx_word' id='word_1_574' title='bbox 709 5001 963 5047; x_wconf 88' lang='lat' dir='ltr'><strong>mortuus</strong></span> <span class='ocrx_word' id='word_1_575' title='bbox 1010 5002 1117 5049; x_wconf 91' lang='lat' dir='ltr'><strong>est.</strong></span> <span class='ocrx_word' id='word_1_576' title='bbox 1164 4990 1273 5063; x_wconf 80' lang='lat' dir='ltr'><strong>Ipsi</strong></span> <span class='ocrx_word' id='word_1_577' title='bbox 1298 4992 1496 5048; x_wconf 89' lang='lat' dir='ltr'><strong>ibidem</strong></span> <span class='ocrx_word' id='word_1_578' title='bbox 1546 4993 1817 5048; x_wconf 91' lang='lat' dir='ltr'><strong>successit</strong></span> <span class='ocrx_word' id='word_1_579' title='bbox 1864 4991 1985 5048; x_wconf 66' lang='lat' dir='ltr'><strong>Steo</strong></span> 
     </span>
    </p>
   </div>
   <div class='ocr_carea' id='block_1_82' title="bbox 396 5086 1984 5159">
    <p class='ocr_par' dir='ltr' id='par_1_82' title="bbox 396 5086 1984 5159">
     <span class='ocr_line' id='line_1_82' title="bbox 396 5086 1984 5159; baseline -0.001 -18"><span class='ocrx_word' id='word_1_580' title='bbox 396 5090 617 5159; x_wconf 86' lang='lat' dir='ltr'><strong>phauus</strong></span> <span class='ocrx_word' id='word_1_581' title='bbox 645 5086 825 5153; x_wconf 90' lang='lat' dir='ltr'><strong>alter,</strong></span> <span class='ocrx_word' id='word_1_582' title='bbox 881 5086 974 5157; x_wconf 90' lang='lat' dir='ltr'><strong>qui</strong></span> <span class='ocrx_word' id='word_1_583' title='bbox 1024 5103 1116 5142; x_wconf 88' lang='lat' dir='ltr'><strong>sex</strong></span> <span class='ocrx_word' id='word_1_584' title='bbox 1141 5102 1359 5143; x_wconf 91' lang='lat' dir='ltr'><strong>tnenses</strong></span> <span class='ocrx_word' id='word_1_585' title='bbox 1430 5087 1573 5144; x_wconf 89' lang='lat' dir='ltr'><strong>sedit</strong></span> <span class='ocrx_word' id='word_1_586' title='bbox 1609 5127 1623 5152; x_wconf 90' lang='lat'><strong>,</strong></span> <span class='ocrx_word' id='word_1_587' title='bbox 1654 5087 1782 5140; x_wconf 91' lang='lat' dir='ltr'><strong>dein</strong></span> <span class='ocrx_word' id='word_1_588' title='bbox 1833 5101 1984 5141; x_wconf 86' lang='lat' dir='ltr'><strong>mor-</strong></span> 
     </span>
    </p>
   </div>
   <div class='ocr_carea' id='block_1_83' title="bbox 380 5177 1989 5247">
    <p class='ocr_par' dir='ltr' id='par_1_83' title="bbox 380 5177 1989 5247">
     <span class='ocr_line' id='line_1_83' title="bbox 380 5177 1989 5247; baseline -0.001 -14"><span class='ocrx_word' id='word_1_589' title='bbox 380 5188 524 5233; x_wconf 83' lang='lat' dir='ltr'><strong>‘tuus</strong></span> <span class='ocrx_word' id='word_1_590' title='bbox 578 5187 683 5234; x_wconf 87' lang='lat' dir='ltr'><strong>est.</strong></span> <span class='ocrx_word' id='word_1_591' title='bbox 734 5177 868 5233; x_wconf 84' lang='lat' dir='ltr'><strong>Post</strong></span> <span class='ocrx_word' id='word_1_592' title='bbox 957 5178 1136 5246; x_wconf 89' lang='lat' dir='ltr'><strong>ipsum</strong></span> <span class='ocrx_word' id='word_1_593' title='bbox 1198 5178 1399 5243; x_wconf 87' lang='lat' dir='ltr'><strong>ibidem</strong></span> <span class='ocrx_word' id='word_1_594' title='bbox 1462 5177 1774 5247; x_wconf 84' lang='lat' dir='ltr'><strong>patriarcha</strong></span> <span class='ocrx_word' id='word_1_595' title='bbox 1855 5193 1989 5233; x_wconf 91' lang='lat' dir='ltr'><strong>con-</strong></span> 
     </span>
    </p>
   </div>
   <div class='ocr_carea' id='block_1_84' title="bbox 398 5265 1988 5338">
    <p class='ocr_par' dir='ltr' id='par_1_84' title="bbox 398 5265 1988 5338">
     <span class='ocr_line' id='line_1_84' title="bbox 398 5265 1988 5338; baseline 0.001 -15"><span class='ocrx_word' id='word_1_596' title='bbox 398 5270 628 5324; x_wconf 88' lang='lat' dir='ltr'><strong>stitutus</strong></span> <span class='ocrx_word' id='word_1_597' title='bbox 670 5278 756 5324; x_wconf 89' lang='lat' dir='ltr'><strong>est</strong></span> <span class='ocrx_word' id='word_1_598' title='bbox 796 5267 1037 5333; x_wconf 88' lang='lat' dir='ltr'><strong>Clidion,</strong></span> <span class='ocrx_word' id='word_1_599' title='bbox 1066 5268 1159 5338; x_wconf 88' lang='lat' dir='ltr'><strong>qui</strong></span> <span class='ocrx_word' id='word_1_600' title='bbox 1215 5265 1579 5323; x_wconf 87' lang='lat' dir='ltr'><strong>Nestorianus</strong></span> <span class='ocrx_word' id='word_1_601' title='bbox 1608 5267 1712 5322; x_wconf 88' lang='lat' dir='ltr'><strong>fuit</strong></span> <span class='ocrx_word' id='word_1_602' title='bbox 1751 5285 1767 5323; x_wconf 87' lang='lat'><strong>:</strong></span> <span class='ocrx_word' id='word_1_603' title='bbox 1812 5284 1988 5325; x_wconf 89' lang='lat' dir='ltr'><strong>annos</strong></span> 
     </span>
    </p>
   </div>
   <div class='ocr_carea' id='block_1_85' title="bbox 399 5357 1989 5432">
    <p class='ocr_par' dir='ltr' id='par_1_85' title="bbox 399 5357 1989 5432">
     <span class='ocr_line' id='line_1_85' title="bbox 399 5357 1989 5432; baseline 0 -17"><span class='ocrx_word' id='word_1_604' title='bbox 399 5377 640 5432; x_wconf 86' lang='lat' dir='ltr'><strong>quatuor</strong></span> <span class='ocrx_word' id='word_1_605' title='bbox 715 5361 908 5429; x_wconf 88' lang='lat' dir='ltr'><strong>sedit,</strong></span> <span class='ocrx_word' id='word_1_606' title='bbox 980 5359 1104 5416; x_wconf 87' lang='lat' dir='ltr'><strong>dein</strong></span> <span class='ocrx_word' id='word_1_607' title='bbox 1161 5370 1410 5415; x_wconf 89' lang='lat' dir='ltr'><strong>mortuus</strong></span> <span class='ocrx_word' id='word_1_608' title='bbox 1468 5368 1574 5414; x_wconf 88' lang='lat' dir='ltr'><strong>est.</strong></span> <span class='ocrx_word' id='word_1_609' title='bbox 1625 5357 1766 5413; x_wconf 82' lang='lat' dir='ltr'><strong>Tum</strong></span> <span class='ocrx_word' id='word_1_610' title='bbox 1804 5375 1989 5415; x_wconf 66' lang='lat' dir='ltr'><strong>reverv</strong></span> 
     </span>
    </p>
   </div>
   <div class='ocr_carea' id='block_1_86' title="bbox 401 5451 1991 5522">
    <p class='ocr_par' dir='ltr' id='par_1_86' title="bbox 401 5451 1991 5522">
     <span class='ocr_line' id='line_1_86' title="bbox 401 5451 1991 5522; baseline -0.001 -13"><span class='ocrx_word' id='word_1_611' title='bbox 401 5470 501 5509; x_wconf 81' lang='lat' dir='ltr'><strong>sus</strong></span> <span class='ocrx_word' id='word_1_612' title='bbox 551 5452 751 5509; x_wconf 85' lang='lat' dir='ltr'><strong>Petrus</strong></span> <span class='ocrx_word' id='word_1_613' title='bbox 824 5451 985 5508; x_wconf 88' lang='lat' dir='ltr'><strong>Fullo</strong></span> <span class='ocrx_word' id='word_1_614' title='bbox 1052 5452 1365 5522; x_wconf 88' lang='lat' dir='ltr'><strong>patriarcha</strong></span> <span class='ocrx_word' id='word_1_615' title='bbox 1422 5451 1991 5515; x_wconf 86' lang='lat' dir='ltr'><strong>Antiochenus,‘octo</strong></span> 
     </span>
    </p>
   </div>
   <div class='ocr_carea' id='block_1_87' title="bbox 401 5542 1991 5613">
    <p class='ocr_par' dir='ltr' id='par_1_87' title="bbox 401 5542 1991 5613">
     <span class='ocr_line' id='line_1_87' title="bbox 401 5542 1991 5613; baseline -0.003 -12"><span class='ocrx_word' id='word_1_616' title='bbox 401 5560 577 5601; x_wconf 80' lang='lat' dir='ltr'><strong>annos</strong></span> <span class='ocrx_word' id='word_1_617' title='bbox 629 5547 803 5609; x_wconf 87' lang='lat' dir='ltr'><strong>sedit,</strong></span> <span class='ocrx_word' id='word_1_618' title='bbox 849 5545 974 5600; x_wconf 88' lang='lat' dir='ltr'><strong>dein</strong></span> <span class='ocrx_word' id='word_1_619' title='bbox 1046 5552 1291 5599; x_wconf 88' lang='lat' dir='ltr'><strong>mortuus</strong></span> <span class='ocrx_word' id='word_1_620' title='bbox 1366 5552 1451 5599; x_wconf 88' lang='lat' dir='ltr'><strong>est</strong></span> <span class='ocrx_word' id='word_1_621' title='bbox 1516 5542 1635 5613; x_wconf 85' lang='lat' dir='ltr'><strong>(vel</strong></span> <span class='ocrx_word' id='word_1_622' title='bbox 1690 5545 1991 5598; x_wconf 88' lang='lat' dir='ltr'><strong>secundum</strong></span> 
     </span>
    </p>
   </div>
   <div class='ocr_carea' id='block_1_88' title="bbox 406 5631 1991 5705">
    <p class='ocr_par' dir='ltr' id='par_1_88' title="bbox 406 5631 1991 5705">
     <span class='ocr_line' id='line_1_88' title="bbox 406 5631 1991 5705; baseline 0 -18"><span class='ocrx_word' id='word_1_623' title='bbox 406 5632 559 5689; x_wconf 87' lang='lat' dir='ltr'><strong>aliud</strong></span> <span class='ocrx_word' id='word_1_624' title='bbox 618 5635 899 5705; x_wconf 77' lang='lat' dir='ltr'><strong>exemplar</strong></span> <span class='ocrx_word' id='word_1_625' title='bbox 949 5647 1062 5690; x_wconf 89' lang='lat' dir='ltr'><strong>tres</strong></span> <span class='ocrx_word' id='word_1_626' title='bbox 1107 5632 1330 5701; x_wconf 90' lang='lat' dir='ltr'><strong>annos).</strong></span> <span class='ocrx_word' id='word_1_627' title='bbox 1371 5631 1504 5688; x_wconf 90' lang='lat' dir='ltr'><strong>Post</strong></span> <span class='ocrx_word' id='word_1_628' title='bbox 1557 5635 1738 5702; x_wconf 88' lang='lat' dir='ltr'><strong>ipsum</strong></span> <span class='ocrx_word' id='word_1_629' title='bbox 1790 5632 1991 5687; x_wconf 90' lang='lat' dir='ltr'><strong>ibidem</strong></span> 
     </span>
    </p>
   </div>
   <div class='ocr_carea' id='block_1_89' title="bbox 407 5725 1994 5797">
    <p class='ocr_par' dir='ltr' id='par_1_89' title="bbox 407 5725 1994 5797">
     <span class='ocr_line' id='line_1_89' title="bbox 407 5725 1994 5797; baseline 0 -16"><span class='ocrx_word' id='word_1_630' title='bbox 407 5728 948 5796; x_wconf 37' lang='lat' dir='ltr'><strong>patriarcha‘factus</strong></span> <span class='ocrx_word' id='word_1_631' title='bbox 992 5738 1078 5783; x_wconf 89' lang='lat' dir='ltr'><strong>est</strong></span> <span class='ocrx_word' id='word_1_632' title='bbox 1124 5726 1404 5791; x_wconf 84' lang='lat' dir='ltr'><strong>Paladius,</strong></span> <span class='ocrx_word' id='word_1_633' title='bbox 1454 5726 1549 5797; x_wconf 89' lang='lat' dir='ltr'><strong>qui</strong></span> <span class='ocrx_word' id='word_1_634' title='bbox 1589 5725 1777 5780; x_wconf 84' lang='lat' dir='ltr'><strong>decem</strong></span> <span class='ocrx_word' id='word_1_635' title='bbox 1818 5741 1994 5781; x_wconf 89' lang='lat' dir='ltr'><strong>annos</strong></span> 
     </span>
    </p>
   </div>
   <div class='ocr_carea' id='block_1_90' title="bbox 407 5818 1992 5894">
    <p class='ocr_par' dir='ltr' id='par_1_90' title="bbox 407 5818 1992 5894">
     <span class='ocr_line' id='line_1_90' title="bbox 407 5818 1992 5894; baseline -0.001 -17"><span class='ocrx_word' id='word_1_636' title='bbox 407 5820 571 5889; x_wconf 88' lang='lat' dir='ltr'><strong>sedit,</strong></span> <span class='ocrx_word' id='word_1_637' title='bbox 604 5823 729 5881; x_wconf 83' lang='lat' dir='ltr'><strong>dein</strong></span> <span class='ocrx_word' id='word_1_638' title='bbox 760 5833 1014 5880; x_wconf 87' lang='lat' dir='ltr'><strong>mortuus</strong></span> <span class='ocrx_word' id='word_1_639' title='bbox 1038 5831 1144 5893; x_wconf 84' lang='lat' dir='ltr'><strong>est,</strong></span> <span class='ocrx_word' id='word_1_640' title='bbox 1186 5820 1354 5894; x_wconf 89' lang='lat' dir='ltr'><strong>idque</strong></span> <span class='ocrx_word' id='word_1_641' title='bbox 1385 5834 1530 5877; x_wconf 91' lang='lat' dir='ltr'><strong>anno</strong></span> <span class='ocrx_word' id='word_1_642' title='bbox 1562 5819 1778 5893; x_wconf 84' lang='lat' dir='ltr'><strong>imperii</strong></span> <span class='ocrx_word' id='word_1_643' title='bbox 1812 5818 1992 5876; x_wconf 86' lang='lat' dir='ltr'><strong>Zeno-</strong></span> 
     </span>
    </p>
   </div>
   <div class='ocr_carea' id='block_1_91' title="bbox 2071 3239 3664 3315">
    <p class='ocr_par' dir='ltr' id='par_1_91' title="bbox 2071 3239 3664 3315">
     <span class='ocr_line' id='line_1_91' title="bbox 2071 3239 3664 3315; baseline -0.009 -7"><span class='ocrx_word' id='word_1_644' title='bbox 2071 3267 2297 3315; x_wconf 86' lang='lat' dir='ltr'><strong>ccnsus,</strong></span> <span class='ocrx_word' id='word_1_645' title='bbox 2330 3251 2404 3304; x_wconf 90' lang='lat' dir='ltr'><strong>ita</strong></span> <span class='ocrx_word' id='word_1_646' title='bbox 2440 3264 2528 3304; x_wconf 90' lang='lat' dir='ltr'><strong>me</strong></span> <span class='ocrx_word' id='word_1_647' title='bbox 2564 3250 2641 3303; x_wconf 91' lang='lat' dir='ltr'><strong>uti</strong></span> <span class='ocrx_word' id='word_1_648' title='bbox 2673 3247 2831 3303; x_wconf 84' lang='lat' dir='ltr'><strong>vides</strong></span> <span class='ocrx_word' id='word_1_649' title='bbox 2860 3247 3091 3300; x_wconf 88' lang='lat' dir='ltr'><strong>tractari</strong></span> <span class='ocrx_word' id='word_1_650' title='bbox 3116 3242 3303 3315; x_wconf 85' lang='lat' dir='ltr'><strong>jussit,</strong></span> <span class='ocrx_word' id='word_1_651' title='bbox 3368 3242 3519 3298; x_wconf 87' lang='lat' dir='ltr'><strong>illum</strong></span> <span class='ocrx_word' id='word_1_652' title='bbox 3554 3239 3664 3310; x_wconf 78' lang='lat' dir='ltr'><strong>(u-</strong></span> 
     </span>
    </p>
   </div>
   <div class='ocr_carea' id='block_1_92' title="bbox 2071 3333 3666 3416">
    <p class='ocr_par' dir='ltr' id='par_1_92' title="bbox 2071 3333 3666 3416">
     <span class='ocr_line' id='line_1_92' title="bbox 2071 3333 3666 3416; baseline -0.008 -19"><span class='ocrx_word' id='word_1_653' title='bbox 2071 3345 2290 3416; x_wconf 82' lang='lat' dir='ltr'><strong>quiens)</strong></span> <span class='ocrx_word' id='word_1_654' title='bbox 2330 3358 2492 3412; x_wconf 91' lang='lat' dir='ltr'><strong>quem</strong></span> <span class='ocrx_word' id='word_1_655' title='bbox 2536 3349 2825 3411; x_wconf 86' lang='lat' dir='ltr'><strong>tantopere</strong></span> <span class='ocrx_word' id='word_1_656' title='bbox 2860 3340 3053 3394; x_wconf 86' lang='lat' dir='ltr'><strong>laudas</strong></span> <span class='ocrx_word' id='word_1_657' title='bbox 3100 3338 3269 3391; x_wconf 89' lang='lat' dir='ltr'><strong>adeas</strong></span> <span class='ocrx_word' id='word_1_658' title='bbox 3306 3353 3322 3391; x_wconf 89' lang='lat'><strong>:</strong></span> <span class='ocrx_word' id='word_1_659' title='bbox 3355 3333 3666 3390; x_wconf 64' lang='lat' dir='ltr'><strong>accersitis.</strong></span> 
     </span>
    </p>
   </div>
   <div class='ocr_carea' id='block_1_93' title="bbox 2070 3425 3664 3508">
    <p class='ocr_par' dir='ltr' id='par_1_93' title="bbox 2070 3425 3664 3508">
     <span class='ocr_line' id='line_1_93' title="bbox 2070 3425 3664 3508; baseline -0.01 -16"><span class='ocrx_word' id='word_1_660' title='bbox 2070 3453 2178 3508; x_wconf 90' lang='lat' dir='ltr'><strong>que</strong></span> <span class='ocrx_word' id='word_1_661' title='bbox 2206 3453 2239 3492; x_wconf 90' lang='lat' dir='ltr'><strong>e</strong></span> <span class='ocrx_word' id='word_1_662' title='bbox 2268 3436 2536 3490; x_wconf 90' lang='lat' dir='ltr'><strong>militibus</strong></span> <span class='ocrx_word' id='word_1_663' title='bbox 2575 3436 2696 3490; x_wconf 90' lang='lat' dir='ltr'><strong>suis</strong></span> <span class='ocrx_word' id='word_1_664' title='bbox 2728 3431 3059 3502; x_wconf 90' lang='lat' dir='ltr'><strong>quihusdam</strong></span> <span class='ocrx_word' id='word_1_665' title='bbox 3087 3447 3103 3483; x_wconf 87' lang='lat'><strong>:</strong></span> <span class='ocrx_word' id='word_1_666' title='bbox 3150 3426 3392 3483; x_wconf 89' lang='lat' dir='ltr'><strong>Profecti</strong></span> <span class='ocrx_word' id='word_1_667' title='bbox 3444 3425 3616 3496; x_wconf 87' lang='lat' dir='ltr'><strong>(inqui</strong></span> <span class='ocrx_word' id='word_1_668' title='bbox 3646 3426 3664 3492; x_wconf 92' lang='lat'><strong>)</strong></span> 
     </span>
    </p>
   </div>
   <div class='ocr_carea' id='block_1_94' title="bbox 2074 3522 3665 3587">
    <p class='ocr_par' dir='ltr' id='par_1_94' title="bbox 2074 3522 3665 3587">
     <span class='ocr_line' id='line_1_94' title="bbox 2074 3522 3665 3587; baseline -0.008 -1"><span class='ocrx_word' id='word_1_669' title='bbox 2074 3534 2221 3586; x_wconf 89' lang='lat' dir='ltr'><strong>hunc</strong></span> <span class='ocrx_word' id='word_1_670' title='bbox 2253 3528 2320 3584; x_wconf 89' lang='lat' dir='ltr'><strong>ad</strong></span> <span class='ocrx_word' id='word_1_671' title='bbox 2349 3529 2653 3583; x_wconf 80' lang='lat' dir='ltr'><strong>Phiruzum</strong></span> <span class='ocrx_word' id='word_1_672' title='bbox 2684 3524 2918 3583; x_wconf 86' lang='lat' dir='ltr'><strong>deferte.</strong></span> <span class='ocrx_word' id='word_1_673' title='bbox 2966 3522 3400 3578; x_wconf 76' lang='lat' dir='ltr'><strong>Misericordiam</strong></span> <span class='ocrx_word' id='word_1_674' title='bbox 3451 3534 3584 3587; x_wconf 78' lang='lat' dir='ltr'><strong>ergo</strong></span> <span class='ocrx_word' id='word_1_675' title='bbox 3614 3530 3665 3573; x_wconf 80' lang='lat' dir='ltr'><strong>rt</strong></span> 
     </span>
    </p>
   </div>
   <div class='ocr_carea' id='block_1_95' title="bbox 2072 3611 3671 3679">
    <p class='ocr_par' dir='ltr' id='par_1_95' title="bbox 2072 3611 3671 3679">
     <span class='ocr_line' id='line_1_95' title="bbox 2072 3611 3671 3679; baseline -0.01 0"><span class='ocrx_word' id='word_1_676' title='bbox 2072 3625 2421 3679; x_wconf 88' lang='lat' dir='ltr'><strong>clementiam</strong></span> <span class='ocrx_word' id='word_1_677' title='bbox 2480 3630 2627 3676; x_wconf 89' lang='lat' dir='ltr'><strong>tuam</strong></span> <span class='ocrx_word' id='word_1_678' title='bbox 2679 3618 2817 3674; x_wconf 84' lang='lat' dir='ltr'><strong>mihi</strong></span> <span class='ocrx_word' id='word_1_679' title='bbox 2873 3616 3179 3673; x_wconf 79' lang='lat' dir='ltr'><strong>extendens</strong></span> <span class='ocrx_word' id='word_1_680' title='bbox 3222 3628 3309 3668; x_wconf 90' lang='lat' dir='ltr'><strong>me</strong></span> <span class='ocrx_word' id='word_1_681' title='bbox 3347 3624 3522 3667; x_wconf 80' lang='lat' dir='ltr'><strong>tecum</strong></span> <span class='ocrx_word' id='word_1_682' title='bbox 3572 3611 3671 3664; x_wconf 87' lang='lat' dir='ltr'><strong>ab-</strong></span> 
     </span>
    </p>
   </div>
   <div class='ocr_carea' id='block_1_96' title="bbox 2075 3701 3671 3783">
    <p class='ocr_par' dir='ltr' id='par_1_96' title="bbox 2075 3701 3671 3783">
     <span class='ocr_line' id='line_1_96' title="bbox 2075 3701 3671 3783; baseline -0.011 -12"><span class='ocrx_word' id='word_1_683' title='bbox 2075 3718 2201 3771; x_wconf 89' lang='lat' dir='ltr'><strong>duci</strong></span> <span class='ocrx_word' id='word_1_684' title='bbox 2230 3716 2427 3783; x_wconf 85' lang='lat' dir='ltr'><strong>jubeas</strong></span> <span class='ocrx_word' id='word_1_685' title='bbox 2462 3728 2529 3767; x_wconf 90' lang='lat' dir='ltr'><strong>ne</strong></span> <span class='ocrx_word' id='word_1_686' title='bbox 2559 3728 2589 3766; x_wconf 90' lang='lat' dir='ltr'><strong>a</strong></span> <span class='ocrx_word' id='word_1_687' title='bbox 2618 3711 2753 3767; x_wconf 80' lang='lat' dir='ltr'><strong>feris</strong></span> <span class='ocrx_word' id='word_1_688' title='bbox 2786 3710 2886 3765; x_wconf 90' lang='lat' dir='ltr'><strong>hoc</strong></span> <span class='ocrx_word' id='word_1_689' title='bbox 2915 3710 2970 3763; x_wconf 88' lang='lat' dir='ltr'><strong>in</strong></span> <span class='ocrx_word' id='word_1_690' title='bbox 3009 3708 3231 3763; x_wconf 88' lang='lat' dir='ltr'><strong>deserto</strong></span> <span class='ocrx_word' id='word_1_691' title='bbox 3259 3704 3512 3761; x_wconf 89' lang='lat' dir='ltr'><strong>dilauier.</strong></span> <span class='ocrx_word' id='word_1_692' title='bbox 3555 3701 3671 3771; x_wconf 80' lang='lat' dir='ltr'><strong>Ego</strong></span> 
     </span>
    </p>
   </div>
   <div class='ocr_carea' id='block_1_97' title="bbox 2074 3794 3671 3876">
    <p class='ocr_par' dir='ltr' id='par_1_97' title="bbox 2074 3794 3671 3876">
     <span class='ocr_line' id='line_1_97' title="bbox 2074 3794 3671 3876; baseline -0.011 -12"><span class='ocrx_word' id='word_1_693' title='bbox 2074 3808 2224 3864; x_wconf 87' lang='lat' dir='ltr'><strong>enim</strong></span> <span class='ocrx_word' id='word_1_694' title='bbox 2251 3807 2409 3862; x_wconf 88' lang='lat' dir='ltr'><strong>vobis</strong></span> <span class='ocrx_word' id='word_1_695' title='bbox 2434 3801 2788 3876; x_wconf 76' lang='grc'><strong>113-115</strong></span> <span class='ocrx_word' id='word_1_696' title='bbox 2839 3802 2985 3856; x_wconf 86' lang='lat' dir='ltr'><strong>viam</strong></span> <span class='ocrx_word' id='word_1_697' title='bbox 3042 3801 3148 3856; x_wconf 91' lang='lat' dir='ltr'><strong>ista</strong></span> <span class='ocrx_word' id='word_1_698' title='bbox 3188 3798 3496 3853; x_wconf 87' lang='lat' dir='ltr'><strong>breviorem</strong></span> <span class='ocrx_word' id='word_1_699' title='bbox 3528 3794 3671 3850; x_wconf 85' lang='lat' dir='ltr'><strong>indi-</strong></span> 
     </span>
    </p>
   </div>
   <div class='ocr_carea' id='block_1_98' title="bbox 2076 3889 3670 3969">
    <p class='ocr_par' dir='ltr' id='par_1_98' title="bbox 2076 3889 3670 3969">
     <span class='ocr_line' id='line_1_98' title="bbox 2076 3889 3670 3969; baseline -0.009 -14"><span class='ocrx_word' id='word_1_700' title='bbox 2076 3900 2216 3956; x_wconf 89' lang='lat' dir='ltr'><strong>cabo</strong></span> <span class='ocrx_word' id='word_1_701' title='bbox 2244 3913 2353 3969; x_wconf 90' lang='lat' dir='ltr'><strong>qua</strong></span> <span class='ocrx_word' id='word_1_702' title='bbox 2379 3897 2889 3952; x_wconf 83' lang='lat' dir='ltr'><strong>Achashnawarum</strong></span> <span class='ocrx_word' id='word_1_703' title='bbox 2920 3894 2974 3948; x_wconf 92' lang='lat' dir='ltr'><strong>in</strong></span> <span class='ocrx_word' id='word_1_704' title='bbox 3005 3893 3074 3947; x_wconf 91' lang='lat' dir='ltr'><strong>iis</strong></span> <span class='ocrx_word' id='word_1_705' title='bbox 3102 3892 3197 3947; x_wconf 89' lang='lat' dir='ltr'><strong>ubi</strong></span> <span class='ocrx_word' id='word_1_706' title='bbox 3224 3907 3284 3948; x_wconf 91' lang='lat' dir='ltr'><strong>se</strong></span> <span class='ocrx_word' id='word_1_707' title='bbox 3315 3889 3557 3946; x_wconf 86' lang='lat' dir='ltr'><strong>maxime</strong></span> <span class='ocrx_word' id='word_1_708' title='bbox 3587 3897 3670 3942; x_wconf 91' lang='lat' dir='ltr'><strong>tu-</strong></span> 
     </span>
    </p>
   </div>
   <div class='ocr_carea' id='block_1_99' title="bbox 2077 3981 3669 4060">
    <p class='ocr_par' dir='ltr' id='par_1_99' title="bbox 2077 3981 3669 4060">
     <span class='ocr_line' id='line_1_99' title="bbox 2077 3981 3669 4060; baseline -0.007 -16"><span class='ocrx_word' id='word_1_709' title='bbox 2077 4000 2189 4044; x_wconf 91' lang='lat' dir='ltr'><strong>tum</strong></span> <span class='ocrx_word' id='word_1_710' title='bbox 2241 3997 2416 4060; x_wconf 88' lang='lat' dir='ltr'><strong>putat,</strong></span> <span class='ocrx_word' id='word_1_711' title='bbox 2466 3989 2604 4044; x_wconf 90' lang='lat' dir='ltr'><strong>locis</strong></span> <span class='ocrx_word' id='word_1_712' title='bbox 2660 3986 2986 4042; x_wconf 82' lang='lat' dir='ltr'><strong>adoriamini</strong></span> <span class='ocrx_word' id='word_1_713' title='bbox 3045 3992 3106 4040; x_wconf 93' lang='lat' dir='ltr'><strong>ut</strong></span> <span class='ocrx_word' id='word_1_714' title='bbox 3182 3983 3479 4038; x_wconf 86' lang='lat' dir='ltr'><strong>vindictam</strong></span> <span class='ocrx_word' id='word_1_715' title='bbox 3534 3981 3669 4036; x_wconf 88' lang='lat' dir='ltr'><strong>tuihi</strong></span> 
     </span>
    </p>
   </div>
   <div class='ocr_carea' id='block_1_100' title="bbox 2079 4075 3657 4151">
    <p class='ocr_par' dir='ltr' id='par_1_100' title="bbox 2079 4075 3657 4151">
     <span class='ocr_line' id='line_1_100' title="bbox 2079 4075 3657 4151; baseline -0.005 -16"><span class='ocrx_word' id='word_1_716' title='bbox 2079 4082 2225 4136; x_wconf 87' lang='lat' dir='ltr'><strong>Deus</strong></span> <span class='ocrx_word' id='word_1_717' title='bbox 2255 4081 2324 4136; x_wconf 90' lang='lat' dir='ltr'><strong>de</strong></span> <span class='ocrx_word' id='word_1_718' title='bbox 2347 4082 2469 4151; x_wconf 90' lang='lat' dir='ltr'><strong>ipso</strong></span> <span class='ocrx_word' id='word_1_719' title='bbox 2499 4086 2703 4136; x_wconf 87' lang='lat' dir='ltr'><strong>sumat.</strong></span> <span class='ocrx_word' id='word_1_720' title='bbox 2739 4076 2837 4132; x_wconf 85' lang='lat' dir='ltr'><strong>Via</strong></span> <span class='ocrx_word' id='word_1_721' title='bbox 2868 4086 3047 4133; x_wconf 89' lang='lat' dir='ltr'><strong>autem</strong></span> <span class='ocrx_word' id='word_1_722' title='bbox 3086 4092 3250 4147; x_wconf 89' lang='lat' dir='ltr'><strong>quam</strong></span> <span class='ocrx_word' id='word_1_723' title='bbox 3291 4075 3446 4130; x_wconf 80' lang='lat' dir='ltr'><strong>vobis</strong></span> <span class='ocrx_word' id='word_1_724' title='bbox 3475 4082 3657 4130; x_wconf 71' lang='lat' dir='ltr'><strong>osten-</strong></span> 
     </span>
    </p>
   </div>
   <div class='ocr_carea' id='block_1_101' title="bbox 2078 4167 3675 4240">
    <p class='ocr_par' dir='ltr' id='par_1_101' title="bbox 2078 4167 3675 4240">
     <span class='ocr_line' id='line_1_101' title="bbox 2078 4167 3675 4240; baseline -0.004 -14"><span class='ocrx_word' id='word_1_725' title='bbox 2078 4187 2252 4227; x_wconf 86' lang='lat' dir='ltr'><strong>surus</strong></span> <span class='ocrx_word' id='word_1_726' title='bbox 2276 4186 2399 4228; x_wconf 87' lang='lat' dir='ltr'><strong>sum</strong></span> <span class='ocrx_word' id='word_1_727' title='bbox 2426 4171 2578 4226; x_wconf 89' lang='lat' dir='ltr'><strong>bidui</strong></span> <span class='ocrx_word' id='word_1_728' title='bbox 2609 4179 2817 4225; x_wconf 90' lang='lat' dir='ltr'><strong>tantum</strong></span> <span class='ocrx_word' id='word_1_729' title='bbox 2851 4171 2955 4224; x_wconf 88' lang='lat' dir='ltr'><strong>iter</strong></span> <span class='ocrx_word' id='word_1_730' title='bbox 2983 4179 3099 4234; x_wconf 91' lang='lat' dir='ltr'><strong>est,</strong></span> <span class='ocrx_word' id='word_1_731' title='bbox 3123 4184 3235 4240; x_wconf 92' lang='lat' dir='ltr'><strong>quo</strong></span> <span class='ocrx_word' id='word_1_732' title='bbox 3264 4182 3331 4223; x_wconf 90' lang='lat' dir='ltr'><strong>eo</strong></span> <span class='ocrx_word' id='word_1_733' title='bbox 3362 4184 3469 4237; x_wconf 88' lang='lat' dir='ltr'><strong>quo</strong></span> <span class='ocrx_word' id='word_1_734' title='bbox 3508 4167 3675 4221; x_wconf 85' lang='lat' dir='ltr'><strong>vultis</strong></span> 
     </span>
    </p>
   </div>
   <div class='ocr_carea' id='block_1_102' title="bbox 2079 4259 3677 4335">
    <p class='ocr_par' dir='ltr' id='par_1_102' title="bbox 2079 4259 3677 4335">
     <span class='ocr_line' id='line_1_102' title="bbox 2079 4259 3677 4335; baseline -0.006 -15"><span class='ocrx_word' id='word_1_735' title='bbox 2079 4264 2435 4335; x_wconf 84' lang='lat' dir='ltr'><strong>perveniatis.</strong></span> <span class='ocrx_word' id='word_1_736' title='bbox 2470 4261 2598 4318; x_wconf 66' lang='lat' dir='ltr'><strong>Haec</strong></span> <span class='ocrx_word' id='word_1_737' title='bbox 2628 4262 2718 4318; x_wconf 90' lang='lat' dir='ltr'><strong>ubi</strong></span> <span class='ocrx_word' id='word_1_738' title='bbox 2757 4262 3067 4316; x_wconf 88' lang='lat' dir='ltr'><strong>audiissent</strong></span> <span class='ocrx_word' id='word_1_739' title='bbox 3095 4261 3187 4331; x_wconf 89' lang='lat' dir='ltr'><strong>qui</strong></span> <span class='ocrx_word' id='word_1_740' title='bbox 3211 4259 3450 4314; x_wconf 85' lang='lat' dir='ltr'><strong>Phiruzo</strong></span> <span class='ocrx_word' id='word_1_741' title='bbox 3486 4274 3513 4311; x_wconf 93' lang='lat' dir='ltr'><strong>a</strong></span> <span class='ocrx_word' id='word_1_742' title='bbox 3539 4273 3677 4314; x_wconf 78' lang='lat' dir='ltr'><strong>cou-</strong></span> 
     </span>
    </p>
   </div>
   <div class='ocr_carea' id='block_1_103' title="bbox 2081 4355 3678 4421">
    <p class='ocr_par' dir='ltr' id='par_1_103' title="bbox 2081 4355 3678 4421">
     <span class='ocr_line' id='line_1_103' title="bbox 2081 4355 3678 4421; baseline -0.004 -10"><span class='ocrx_word' id='word_1_743' title='bbox 2081 4356 2223 4411; x_wconf 88' lang='lat' dir='ltr'><strong>siliis</strong></span> <span class='ocrx_word' id='word_1_744' title='bbox 2245 4364 2426 4421; x_wconf 90' lang='lat' dir='ltr'><strong>erant,</strong></span> <span class='ocrx_word' id='word_1_745' title='bbox 2455 4355 2646 4410; x_wconf 88' lang='lat' dir='ltr'><strong>dolum</strong></span> <span class='ocrx_word' id='word_1_746' title='bbox 2672 4355 2743 4409; x_wconf 89' lang='lat' dir='ltr'><strong>ah</strong></span> <span class='ocrx_word' id='word_1_747' title='bbox 2770 4355 3191 4410; x_wconf 75' lang='lat' dir='ltr'><strong>Achshanwaro</strong></span> <span class='ocrx_word' id='word_1_748' title='bbox 3239 4362 3513 4407; x_wconf 90' lang='lat' dir='ltr'><strong>structum</strong></span> <span class='ocrx_word' id='word_1_749' title='bbox 3548 4364 3678 4420; x_wconf 84' lang='lat' dir='ltr'><strong>per-</strong></span> 
     </span>
    </p>
   </div>
   <div class='ocr_carea' id='block_1_104' title="bbox 2083 4443 3680 4515">
    <p class='ocr_par' dir='ltr' id='par_1_104' title="bbox 2083 4443 3680 4515">
     <span class='ocr_line' id='line_1_104' title="bbox 2083 4443 3680 4515; baseline -0.004 -17"><span class='ocrx_word' id='word_1_750' title='bbox 2083 4444 2380 4515; x_wconf 83' lang='lat' dir='ltr'><strong>cipientes,</strong></span> <span class='ocrx_word' id='word_1_751' title='bbox 2408 4444 2673 4499; x_wconf 89' lang='lat' dir='ltr'><strong>dixerunt</strong></span> <span class='ocrx_word' id='word_1_752' title='bbox 2705 4444 2809 4514; x_wconf 91' lang='lat' dir='ltr'><strong>ipsi</strong></span> <span class='ocrx_word' id='word_1_753' title='bbox 2852 4462 2867 4499; x_wconf 87' lang='lat'><strong>:</strong></span> <span class='ocrx_word' id='word_1_754' title='bbox 2900 4444 2998 4499; x_wconf 83' lang='lat' dir='ltr'><strong>Vir</strong></span> <span class='ocrx_word' id='word_1_755' title='bbox 3028 4446 3132 4500; x_wconf 89' lang='lat' dir='ltr'><strong>iste</strong></span> <span class='ocrx_word' id='word_1_756' title='bbox 3170 4444 3222 4497; x_wconf 88' lang='lat' dir='ltr'><strong>in</strong></span> <span class='ocrx_word' id='word_1_757' title='bbox 3255 4443 3552 4498; x_wconf 84' lang='lat' dir='ltr'><strong>consilium</strong></span> <span class='ocrx_word' id='word_1_758' title='bbox 3581 4455 3680 4493; x_wconf 86' lang='lat' dir='ltr'><strong>vo-</strong></span> 
     </span>
    </p>
   </div>
   <div class='ocr_carea' id='block_1_105' title="bbox 2083 4533 3680 4607">
    <p class='ocr_par' dir='ltr' id='par_1_105' title="bbox 2083 4533 3680 4607">
     <span class='ocr_line' id='line_1_105' title="bbox 2083 4533 3680 4607; baseline -0.005 -13"><span class='ocrx_word' id='word_1_759' title='bbox 2083 4545 2242 4594; x_wconf 91' lang='lat' dir='ltr'><strong>catus</strong></span> <span class='ocrx_word' id='word_1_760' title='bbox 2286 4552 2386 4607; x_wconf 90' lang='lat' dir='ltr'><strong>pro</strong></span> <span class='ocrx_word' id='word_1_761' title='bbox 2411 4537 2658 4592; x_wconf 89' lang='lat' dir='ltr'><strong>scientiae</strong></span> <span class='ocrx_word' id='word_1_762' title='bbox 2691 4545 2746 4590; x_wconf 93' lang='lat' dir='ltr'><strong>et</strong></span> <span class='ocrx_word' id='word_1_763' title='bbox 2789 4535 3095 4606; x_wconf 63' lang='lat' dir='ltr'><strong>prudentiae</strong></span> <span class='ocrx_word' id='word_1_764' title='bbox 3130 4549 3244 4589; x_wconf 84' lang='lat' dir='ltr'><strong>suae</strong></span> <span class='ocrx_word' id='word_1_765' title='bbox 3274 4533 3458 4599; x_wconf 87' lang='lat' dir='ltr'><strong>modo,</strong></span> <span class='ocrx_word' id='word_1_766' title='bbox 3490 4533 3680 4587; x_wconf 79' lang='lat' dir='ltr'><strong>consi-</strong></span> 
     </span>
    </p>
   </div>
   <div class='ocr_carea' id='block_1_106' title="bbox 2082 4624 3679 4700">
    <p class='ocr_par' dir='ltr' id='par_1_106' title="bbox 2082 4624 3679 4700">
     <span class='ocr_line' id='line_1_106' title="bbox 2082 4624 3679 4700; baseline -0.004 -15"><span class='ocrx_word' id='word_1_767' title='bbox 2082 4631 2216 4686; x_wconf 89' lang='lat' dir='ltr'><strong>lium</strong></span> <span class='ocrx_word' id='word_1_768' title='bbox 2249 4629 2426 4695; x_wconf 87' lang='lat' dir='ltr'><strong>dedit,</strong></span> <span class='ocrx_word' id='word_1_769' title='bbox 2452 4630 2600 4700; x_wconf 90' lang='lat' dir='ltr'><strong>quod</strong></span> <span class='ocrx_word' id='word_1_770' title='bbox 2635 4630 2703 4684; x_wconf 89' lang='lat' dir='ltr'><strong>ab</strong></span> <span class='ocrx_word' id='word_1_771' title='bbox 2732 4629 2855 4700; x_wconf 91' lang='lat' dir='ltr'><strong>ipso</strong></span> <span class='ocrx_word' id='word_1_772' title='bbox 2887 4628 3014 4699; x_wconf 80' lang='lat' dir='ltr'><strong>dolo</strong></span> <span class='ocrx_word' id='word_1_773' title='bbox 3051 4625 3282 4682; x_wconf 80' lang='lat' dir='ltr'><strong>factum.</strong></span> <span class='ocrx_word' id='word_1_774' title='bbox 3334 4625 3489 4692; x_wconf 86' lang='lat' dir='ltr'><strong>Quod</strong></span> <span class='ocrx_word' id='word_1_775' title='bbox 3519 4626 3564 4680; x_wconf 90' lang='lat' dir='ltr'><strong>si</strong></span> <span class='ocrx_word' id='word_1_776' title='bbox 3604 4624 3679 4679; x_wconf 83' lang='lat' dir='ltr'><strong>ita</strong></span> 
     </span>
    </p>
   </div>
   <div class='ocr_carea' id='block_1_107' title="bbox 2085 4717 3682 4786">
    <p class='ocr_par' dir='ltr' id='par_1_107' title="bbox 2085 4717 3682 4786">
     <span class='ocr_line' id='line_1_107' title="bbox 2085 4717 3682 4786; baseline -0.005 -9"><span class='ocrx_word' id='word_1_777' title='bbox 2085 4723 2242 4779; x_wconf 89' lang='lat' dir='ltr'><strong>illum</strong></span> <span class='ocrx_word' id='word_1_778' title='bbox 2288 4720 2630 4775; x_wconf 85' lang='lat' dir='ltr'><strong>Acshanwar</strong></span> <span class='ocrx_word' id='word_1_779' title='bbox 2675 4720 2757 4773; x_wconf 91' lang='lat' dir='ltr'><strong>ira</strong></span> <span class='ocrx_word' id='word_1_780' title='bbox 2790 4727 3101 4774; x_wconf 87' lang='lat' dir='ltr'><strong>commotus</strong></span> <span class='ocrx_word' id='word_1_781' title='bbox 3138 4717 3427 4772; x_wconf 86' lang='lat' dir='ltr'><strong>multasset</strong></span> <span class='ocrx_word' id='word_1_782' title='bbox 3475 4732 3682 4786; x_wconf 85' lang='lat' dir='ltr'><strong>nequa-</strong></span> 
     </span>
    </p>
   </div>
   <div class='ocr_carea' id='block_1_108' title="bbox 2085 4807 3682 4887">
    <p class='ocr_par' dir='ltr' id='par_1_108' title="bbox 2085 4807 3682 4887">
     <span class='ocr_line' id='line_1_108' title="bbox 2085 4807 3682 4887; baseline -0.005 -18"><span class='ocrx_word' id='word_1_783' title='bbox 2085 4829 2248 4887; x_wconf 91' lang='lat' dir='ltr'><strong>quam</strong></span> <span class='ocrx_word' id='word_1_784' title='bbox 2300 4813 2480 4882; x_wconf 91' lang='lat' dir='ltr'><strong>ipsum</strong></span> <span class='ocrx_word' id='word_1_785' title='bbox 2529 4812 2689 4867; x_wconf 91' lang='lat' dir='ltr'><strong>nobis</strong></span> <span class='ocrx_word' id='word_1_786' title='bbox 2725 4811 2782 4866; x_wconf 90' lang='lat' dir='ltr'><strong>in</strong></span> <span class='ocrx_word' id='word_1_787' title='bbox 2823 4811 2928 4866; x_wconf 89' lang='lat' dir='ltr'><strong>hoc</strong></span> <span class='ocrx_word' id='word_1_788' title='bbox 2966 4812 3186 4867; x_wconf 88' lang='lat' dir='ltr'><strong>deserto</strong></span> <span class='ocrx_word' id='word_1_789' title='bbox 3229 4809 3553 4879; x_wconf 83' lang='lat' dir='ltr'><strong>objecisset.</strong></span> <span class='ocrx_word' id='word_1_790' title='bbox 3600 4807 3682 4862; x_wconf 84' lang='lat' dir='ltr'><strong>Ne</strong></span> 
     </span>
    </p>
   </div>
   <div class='ocr_carea' id='block_1_109' title="bbox 2088 4898 3684 4979">
    <p class='ocr_par' dir='ltr' id='par_1_109' title="bbox 2088 4898 3684 4979">
     <span class='ocr_line' id='line_1_109' title="bbox 2088 4898 3684 4979; baseline -0.009 -13"><span class='ocrx_word' id='word_1_791' title='bbox 2088 4908 2262 4979; x_wconf 75' lang='lat' dir='ltr'><strong>igitur</strong></span> <span class='ocrx_word' id='word_1_792' title='bbox 2293 4904 2458 4961; x_wconf 89' lang='lat' dir='ltr'><strong>dictis</strong></span> <span class='ocrx_word' id='word_1_793' title='bbox 2480 4904 2655 4977; x_wconf 88' lang='lat' dir='ltr'><strong>ipsius</strong></span> <span class='ocrx_word' id='word_1_794' title='bbox 2678 4902 2899 4958; x_wconf 87' lang='lat' dir='ltr'><strong>credas.</strong></span> <span class='ocrx_word' id='word_1_795' title='bbox 2951 4902 3031 4957; x_wconf 87' lang='lat' dir='ltr'><strong>Ac</strong></span> <span class='ocrx_word' id='word_1_796' title='bbox 3081 4900 3269 4956; x_wconf 82' lang='lat' dir='ltr'><strong>forsan</strong></span> <span class='ocrx_word' id='word_1_797' title='bbox 3300 4898 3684 4956; x_wconf 76' lang='lat' dir='ltr'><strong>Achshauwar</strong></span> 
     </span>
    </p>
   </div>
   <div class='ocr_carea' id='block_1_110' title="bbox 2088 4992 3684 5063">
    <p class='ocr_par' dir='ltr' id='par_1_110' title="bbox 2088 4992 3684 5063">
     <span class='ocr_line' id='line_1_110' title="bbox 2088 4992 3684 5063; baseline -0.006 -10"><span class='ocrx_word' id='word_1_798' title='bbox 2088 5012 2214 5053; x_wconf 90' lang='lat' dir='ltr'><strong>cum</strong></span> <span class='ocrx_word' id='word_1_799' title='bbox 2238 4996 2509 5053; x_wconf 87' lang='lat' dir='ltr'><strong>comitatu</strong></span> <span class='ocrx_word' id='word_1_800' title='bbox 2541 5010 2644 5050; x_wconf 88' lang='lat' dir='ltr'><strong>suo</strong></span> <span class='ocrx_word' id='word_1_801' title='bbox 2688 4994 2756 5049; x_wconf 90' lang='lat' dir='ltr'><strong>ad</strong></span> <span class='ocrx_word' id='word_1_802' title='bbox 2807 4994 2978 5049; x_wconf 89' lang='lat' dir='ltr'><strong>istum</strong></span> <span class='ocrx_word' id='word_1_803' title='bbox 3028 4993 3210 5049; x_wconf 88' lang='lat' dir='ltr'><strong>locum</strong></span> <span class='ocrx_word' id='word_1_804' title='bbox 3238 4992 3488 5063; x_wconf 87' lang='lat' dir='ltr'><strong>pervenit</strong></span> <span class='ocrx_word' id='word_1_805' title='bbox 3517 5004 3684 5061; x_wconf 88' lang='lat' dir='ltr'><strong>quem</strong></span> 
     </span>
    </p>
   </div>
   <div class='ocr_carea' id='block_1_111' title="bbox 2088 5080 3690 5154">
    <p class='ocr_par' dir='ltr' id='par_1_111' title="bbox 2088 5080 3690 5154">
     <span class='ocr_line' id='line_1_111' title="bbox 2088 5080 3690 5154; baseline -0.006 -12"><span class='ocrx_word' id='word_1_806' title='bbox 2088 5086 2380 5154; x_wconf 82' lang='lat' dir='ltr'><strong>descripsit</strong></span> <span class='ocrx_word' id='word_1_807' title='bbox 2407 5083 2489 5139; x_wconf 89' lang='lat' dir='ltr'><strong>vir</strong></span> <span class='ocrx_word' id='word_1_808' title='bbox 2520 5082 2646 5147; x_wconf 90' lang='lat' dir='ltr'><strong>iste,</strong></span> <span class='ocrx_word' id='word_1_809' title='bbox 2701 5097 2766 5137; x_wconf 90' lang='lat' dir='ltr'><strong>ae</strong></span> <span class='ocrx_word' id='word_1_810' title='bbox 2820 5080 2894 5137; x_wconf 90' lang='lat' dir='ltr'><strong>ibi</strong></span> <span class='ocrx_word' id='word_1_811' title='bbox 2940 5091 3075 5152; x_wconf 90' lang='lat' dir='ltr'><strong>quot</strong></span> <span class='ocrx_word' id='word_1_812' title='bbox 3109 5083 3245 5136; x_wconf 87' lang='lat' dir='ltr'><strong>satis</strong></span> <span class='ocrx_word' id='word_1_813' title='bbox 3299 5080 3430 5147; x_wconf 74' lang='lat' dir='ltr'><strong>sint,</strong></span> <span class='ocrx_word' id='word_1_814' title='bbox 3485 5080 3690 5133; x_wconf 75' lang='lat' dir='ltr'><strong>milites</strong></span> 
     </span>
    </p>
   </div>
   <div class='ocr_carea' id='block_1_112' title="bbox 2090 5171 3689 5249">
    <p class='ocr_par' dir='ltr' id='par_1_112' title="bbox 2090 5171 3689 5249">
     <span class='ocr_line' id='line_1_112' title="bbox 2090 5171 3689 5249; baseline -0.006 -14"><span class='ocrx_word' id='word_1_815' title='bbox 2090 5179 2340 5249; x_wconf 86' lang='lat' dir='ltr'><strong>reliquit.</strong></span> <span class='ocrx_word' id='word_1_816' title='bbox 2392 5175 2582 5231; x_wconf 82' lang='lat' dir='ltr'><strong>Noluit</strong></span> <span class='ocrx_word' id='word_1_817' title='bbox 2638 5183 2826 5229; x_wconf 92' lang='lat' dir='ltr'><strong>autem</strong></span> <span class='ocrx_word' id='word_1_818' title='bbox 2886 5173 3089 5229; x_wconf 79' lang='lat' dir='ltr'><strong>Phiruz</strong></span> <span class='ocrx_word' id='word_1_819' title='bbox 3148 5173 3288 5245; x_wconf 82' lang='lat' dir='ltr'><strong>ipsis</strong></span> <span class='ocrx_word' id='word_1_820' title='bbox 3351 5171 3689 5231; x_wconf 83' lang='lat' dir='ltr'><strong>auscultare.</strong></span> 
     </span>
    </p>
   </div>
   <div class='ocr_carea' id='block_1_113' title="bbox 2094 5265 3688 5339">
    <p class='ocr_par' dir='ltr' id='par_1_113' title="bbox 2094 5265 3688 5339">
     <span class='ocr_line' id='line_1_113' title="bbox 2094 5265 3688 5339; baseline -0.004 -14"><span class='ocrx_word' id='word_1_821' title='bbox 2094 5271 2284 5327; x_wconf 89' lang='lat' dir='ltr'><strong>Secuti</strong></span> <span class='ocrx_word' id='word_1_822' title='bbox 2333 5277 2463 5327; x_wconf 92' lang='lat' dir='ltr'><strong>sunt</strong></span> <span class='ocrx_word' id='word_1_823' title='bbox 2492 5282 2625 5339; x_wconf 79' lang='lat' dir='ltr'><strong>ergo</strong></span> <span class='ocrx_word' id='word_1_824' title='bbox 2657 5269 2836 5323; x_wconf 87' lang='lat' dir='ltr'><strong>virum</strong></span> <span class='ocrx_word' id='word_1_825' title='bbox 2882 5269 3045 5326; x_wconf 85' lang='lat' dir='ltr'><strong>istuut</strong></span> <span class='ocrx_word' id='word_1_826' title='bbox 3090 5283 3201 5338; x_wconf 89' lang='lat' dir='ltr'><strong>qua</strong></span> <span class='ocrx_word' id='word_1_827' title='bbox 3250 5267 3401 5338; x_wconf 87' lang='lat' dir='ltr'><strong>ipsos</strong></span> <span class='ocrx_word' id='word_1_828' title='bbox 3435 5265 3688 5339; x_wconf 84' lang='lat' dir='ltr'><strong>duceret.</strong></span> 
     </span>
    </p>
   </div>
   <div class='ocr_carea' id='block_1_114' title="bbox 2097 5357 3690 5429">
    <p class='ocr_par' dir='ltr' id='par_1_114' title="bbox 2097 5357 3690 5429">
     <span class='ocr_line' id='line_1_114' title="bbox 2097 5357 3690 5429; baseline -0.006 -9"><span class='ocrx_word' id='word_1_829' title='bbox 2097 5364 2288 5429; x_wconf 89' lang='lat' dir='ltr'><strong>biduo,</strong></span> <span class='ocrx_word' id='word_1_830' title='bbox 2317 5361 2551 5418; x_wconf 89' lang='lat' dir='ltr'><strong>necdum</strong></span> <span class='ocrx_word' id='word_1_831' title='bbox 2579 5360 2858 5416; x_wconf 86' lang='lat' dir='ltr'><strong>desertum</strong></span> <span class='ocrx_word' id='word_1_832' title='bbox 2896 5359 3260 5419; x_wconf 82' lang='lat' dir='ltr'><strong>transierunt.</strong></span> <span class='ocrx_word' id='word_1_833' title='bbox 3300 5357 3420 5425; x_wconf 85' lang='lat' dir='ltr'><strong>Qua</strong></span> <span class='ocrx_word' id='word_1_834' title='bbox 3458 5358 3526 5413; x_wconf 89' lang='lat' dir='ltr'><strong>de</strong></span> <span class='ocrx_word' id='word_1_835' title='bbox 3567 5372 3626 5411; x_wconf 91' lang='lat' dir='ltr'><strong>re</strong></span> <span class='ocrx_word' id='word_1_836' title='bbox 3658 5372 3690 5412; x_wconf 86' lang='lat' dir='ltr'><strong>a</strong></span> 
     </span>
    </p>
   </div>
   <div class='ocr_carea' id='block_1_115' title="bbox 2100 5449 3689 5523">
    <p class='ocr_par' dir='ltr' id='par_1_115' title="bbox 2100 5449 3689 5523">
     <span class='ocr_line' id='line_1_115' title="bbox 2100 5449 3689 5523; baseline -0.004 -13"><span class='ocrx_word' id='word_1_837' title='bbox 2100 5455 2340 5511; x_wconf 85' lang='lat' dir='ltr'><strong>Phiruzo</strong></span> <span class='ocrx_word' id='word_1_838' title='bbox 2366 5456 2738 5523; x_wconf 72' lang='lat' dir='ltr'><strong>interrogatus</strong></span> <span class='ocrx_word' id='word_1_839' title='bbox 2764 5467 2785 5506; x_wconf 67' lang='grc' dir='ltr'><strong>ι</strong></span> <span class='ocrx_word' id='word_1_840' title='bbox 2814 5449 3031 5505; x_wconf 82' lang='lat' dir='ltr'><strong>Fefellit</strong></span> <span class='ocrx_word' id='word_1_841' title='bbox 3065 5465 3151 5505; x_wconf 87' lang='lat' dir='ltr'><strong>me</strong></span> <span class='ocrx_word' id='word_1_842' title='bbox 3169 5449 3393 5520; x_wconf 74' lang='lat' dir='ltr'><strong>(inquit)</strong></span> <span class='ocrx_word' id='word_1_843' title='bbox 3425 5449 3526 5505; x_wconf 76' lang='lat' dir='ltr'><strong>vite</strong></span> <span class='ocrx_word' id='word_1_844' title='bbox 3557 5463 3689 5519; x_wconf 85' lang='lat' dir='ltr'><strong>spa-</strong></span> 
     </span>
    </p>
   </div>
   <div class='ocr_carea' id='block_1_116' title="bbox 2096 5534 3690 5615">
    <p class='ocr_par' dir='ltr' id='par_1_116' title="bbox 2096 5534 3690 5615">
     <span class='ocr_line' id='line_1_116' title="bbox 2096 5534 3690 5615; baseline -0.004 -13"><span class='ocrx_word' id='word_1_845' title='bbox 2096 5547 2256 5614; x_wconf 90' lang='lat' dir='ltr'><strong>tium,</strong></span> <span class='ocrx_word' id='word_1_846' title='bbox 2286 5546 2451 5601; x_wconf 91' lang='lat' dir='ltr'><strong>hodie</strong></span> <span class='ocrx_word' id='word_1_847' title='bbox 2491 5534 2674 5599; x_wconf 82' lang='lat' dir='ltr'><strong>autem</strong></span> <span class='ocrx_word' id='word_1_848' title='bbox 2729 5542 2913 5615; x_wconf 82' lang='lat' dir='ltr'><strong>ipsum</strong></span> <span class='ocrx_word' id='word_1_849' title='bbox 2966 5539 3395 5614; x_wconf 86' lang='lat' dir='ltr'><strong>pertransibitis.</strong></span> <span class='ocrx_word' id='word_1_850' title='bbox 3439 5541 3690 5610; x_wconf 85' lang='lat' dir='ltr'><strong>Cumque</strong></span> 
     </span>
    </p>
   </div>
   <div class='ocr_carea' id='block_1_117' title="bbox 2096 5633 3687 5707">
    <p class='ocr_par' dir='ltr' id='par_1_117' title="bbox 2096 5633 3687 5707">
     <span class='ocr_line' id='line_1_117' title="bbox 2096 5633 3687 5707; baseline -0.003 -16"><span class='ocrx_word' id='word_1_851' title='bbox 2096 5636 2455 5707; x_wconf 71' lang='lat' dir='ltr'><strong>prwteriisset</strong></span> <span class='ocrx_word' id='word_1_852' title='bbox 2511 5646 2567 5692; x_wconf 90' lang='lat' dir='ltr'><strong>et</strong></span> <span class='ocrx_word' id='word_1_853' title='bbox 2615 5636 2734 5690; x_wconf 87' lang='lat' dir='ltr'><strong>dies</strong></span> <span class='ocrx_word' id='word_1_854' title='bbox 2824 5636 2952 5699; x_wconf 88' lang='lat' dir='ltr'><strong>iste,</strong></span> <span class='ocrx_word' id='word_1_855' title='bbox 3001 5633 3439 5705; x_wconf 82' lang='lat' dir='ltr'><strong>quotiescunque</strong></span> <span class='ocrx_word' id='word_1_856' title='bbox 3499 5635 3687 5705; x_wconf 83' lang='lat' dir='ltr'><strong>ipsum</strong></span> 
     </span>
    </p>
   </div>
   <div class='ocr_carea' id='block_1_118' title="bbox 2096 5726 3686 5801">
    <p class='ocr_par' dir='ltr' id='par_1_118' title="bbox 2096 5726 3686 5801">
     <span class='ocr_line' id='line_1_118' title="bbox 2096 5726 3686 5801; baseline -0.003 -21"><span class='ocrx_word' id='word_1_857' title='bbox 2096 5738 2366 5801; x_wconf 89' lang='lat' dir='ltr'><strong>quantum</strong></span> <span class='ocrx_word' id='word_1_858' title='bbox 2417 5727 2524 5783; x_wconf 91' lang='lat' dir='ltr'><strong>sibi</strong></span> <span class='ocrx_word' id='word_1_859' title='bbox 2578 5730 2678 5782; x_wconf 79' lang='lat' dir='ltr'><strong>viae</strong></span> <span class='ocrx_word' id='word_1_860' title='bbox 2720 5727 2995 5794; x_wconf 84' lang='lat' dir='ltr'><strong>reliquum</strong></span> <span class='ocrx_word' id='word_1_861' title='bbox 3052 5731 3197 5781; x_wconf 89' lang='lat' dir='ltr'><strong>esset</strong></span> <span class='ocrx_word' id='word_1_862' title='bbox 3256 5726 3686 5797; x_wconf 72' lang='lat' dir='ltr'><strong>interrogarent,</strong></span> 
     </span>
    </p>
   </div>
   <div class='ocr_carea' id='block_1_119' title="bbox 2100 5816 3695 5905">
    <p class='ocr_par' dir='ltr' id='par_1_119' title="bbox 2100 5816 3695 5905">
     <span class='ocr_line' id='line_1_119' title="bbox 2100 5816 3695 5905; baseline -0.002 -27"><span class='ocrx_word' id='word_1_863' title='bbox 2100 5837 2200 5895; x_wconf 87' lang='lat' dir='ltr'><strong>pro</strong></span> <span class='ocrx_word' id='word_1_864' title='bbox 2228 5820 2381 5879; x_wconf 82' lang='lat' dir='ltr'><strong>brevi</strong></span> <span class='ocrx_word' id='word_1_865' title='bbox 2421 5821 2718 5880; x_wconf 84' lang='lat' dir='ltr'><strong>admodum</strong></span> <span class='ocrx_word' id='word_1_866' title='bbox 2749 5835 2813 5905; x_wconf 77' lang='lat' dir='ltr'><strong>ac</strong></span> <span class='ocrx_word' id='word_1_867' title='bbox 2852 5819 3001 5902; x_wconf 78' lang='lat' dir='ltr'><strong>facili</strong></span> <span class='ocrx_word' id='word_1_868' title='bbox 3026 5816 3343 5905; x_wconf 64' lang='lat' dir='ltr'><strong>venditare,</strong></span> <span class='ocrx_word' id='word_1_869' title='bbox 3386 5819 3564 5889; x_wconf 81' lang='lat' dir='ltr'><strong>donec</strong></span> <span class='ocrx_word' id='word_1_870' title='bbox 3598 5822 3695 5877; x_wconf 82' lang='lat' dir='ltr'><strong>ubi</strong></span> 
     </span>
    </p>
   </div>
  </div>
