4116 6402
454 373 592 439 1Ο59

455 493 676 565 penitus
703 485 977 542 defecisse
1010 482 1221 537 videret
1244 475 1512 549 quidquid
1544 474 1685 544 apud
1719 473 1868 542 ipsos
1892 477 2041 524 esset
2069 465 2117 528 A

453 564 640 642 viatici
674 592 728 637 et
760 595 953 650 aquae,
1013 586 1176 645 atque
1211 574 1267 627 in
1321 572 1499 625 locum
1539 566 1854 638 pervenisse
1892 564 2043 632 ipsos

426 678 601 751 _nnde
623 675 803 730 redire
831 670 1145 741 nequirent,
1179 679 1370 720 verum
1404 661 1538 731 ipsis
1572 659 1856 713 fateretur.
1899 653 2040 709 Tum

457 768 676 824 l’hiruzi
702 765 954 828 comites,
974 775 1161 818 verum
1181 754 1506 829 (inquiunt),
1529 767 1562 808 ο
1591 768 1712 819 rex,
1749 749 1912 821 116
1944 746 2041 803 tibi

458 860 730 925 diximus,
757 868 813 912 at
844 870 1031 910 aurem
1063 851 1225 906 nobis
1258 847 1503 920 prtcbere
1532 842 1782 904 noluisti,
1803 841 1916 911 jam
1943 854 2044 893 att-

461 964 570 1008 tem
594 950 889 1007 consilium
913 954 997 1001 est
1024 952 1082 999 ut
1109 949 1255 998 recta
1280 952 1596 1012 pergamus,
1629 934 1816 990 forsan
1846 944 2045 1002 aquam

461 1041 737 1115 repertori
766 1054 982 1097 sumus.
1011 1035 1247 1091 Profecti
1274 1041 1407 1089 sunt
1429 1046 1562 1102 ergo
1599 1029 1951 1085 dextrorsum
1982 1035 2048 1075 ac

460 1136 838 1191 sinistrorsum
883 1129 1116 1200 sparsim
1151 1140 1350 1198 aquam
1390 1122 1684 1194 quzesitum
1720 1162 1736 1186 ,
1785 1115 2051 1171 maxima-

460 1243 569 1297 que
617 1227 864 1296 ipsorum
917 1237 1044 1291 pars
1087 1220 1179 1275 siti
1227 1217 1414 1288 periit,
1480 1212 1630 1268 haud
1688 1207 2051 1266 evadentibus

460 1334 568 1374 una
597 1332 722 1373 cum
749 1314 989 1370 Phiruzo
1024 1311 1273 1381 exceptis
1318 1307 1508 1380 paucis
1536 1305 1750 1375 aliquot
1804 1316 1836 1357 e
1875 1292 2051 1357 comi-

460 1421 572 1465 tum
598 1408 946 1473 fortissimis,
980 1405 1075 1476 qui
1106 1404 1289 1475 ipsum
1327 1399 1580 1456 comitati
1615 1406 1766 1458 sunt,
1788 1393 1964 1449 donec
1981 1390 2053 1445 ab

460 1503 714 1558 hostibus
747 1514 917 1571 prope
949 1498 1231 1561 abessent,
1256 1507 1397 1564 quos
1424 1488 1617 1545 eadem
1654 1495 1839 1549 nocte,
1876 1497 2054 1553 eoque

459 1613 567 1668 quo
599 1602 760 1650 erant
781 1588 1570 1661 statuaggressiﬁuperarunt.
1595 1579 1736 1635 Tum
1762 1578 1877 1634 Ach
1889 1577 2055 1632 shan-

459 1702 694 1750 warum,
730 1681 946 1753 rogavit
967 1679 1167 1734 Pliiruz
1198 1685 1257 1732 ut
1280 1677 1384 1746 ipsi
1415 1683 1470 1730 et
1500 1672 1795 1728 comitibus
1826 1669 1918 1739 qui
1955 1683 2056 1722 su-

461 1784 718 1849 pererant
766 1777 886 1829 suis
943 1771 1177 1842 gratiam
1244 1768 1454 1823 faciens
1506 1767 1661 1836 ipsos
1711 1764 1767 1818 in
1818 1760 2050 1831 patriam

460 1885 618 1926 suam
660 1868 988 1929 dimitteret,
1028 1877 1202 1932 seque
1242 1876 1368 1917 cum
1405 1859 1528 1930 ipso
1559 1857 1742 1913 foedus
1787 1856 2055 1910 initurum
2086 1833 2133 1894 Β

464 1960 611 2014 haud
647 1970 892 2029 unquam
927 1970 988 2012 se
1030 1954 1263 2025 posthac
1293 1951 1423 2006 dum
1458 1951 1665 2005 viveret
1696 1947 1877 2019 ipsum
1913 1943 2056 2001 bello

465 2065 877 2122 aggressurum,
956 2045 1279 2102 constitutio
1331 2043 1474 2097 inter
1533 2041 1683 2112 ipsos
1728 2047 1782 2095 et
1830 2050 2055 2109 regnum

466 2157 625 2197 suum
682 2142 920 2196 termino
967 2154 1132 2209 quem
1173 2150 1458 2206 nunquam
1504 2141 1654 2190 esset
1695 2130 2055 2187 transiturus.

463 2235 565 2289 Cni
612 2249 736 2288 cum
793 2231 1086 2285 annuisset
1115 2228 1518 2291 Achshanwar,
1559 2223 1765 2294 scripto
1803 2222 1908 2277 hoc
1951 2218 2060 2290 ipsi

465 2320 809 2378 confirmavit
834 2320 1039 2375 Phiruz
1098 2318 1291 2374 ascitis
1319 2316 1595 2377 testibus,
1629 2314 2060 2385 juramentoque

466 2429 527 2469 se
570 2413 925 2481 obstringens
969 2410 1179 2466 nullam
1224 2423 1284 2464 se
1329 2407 1408 2462 illi
1447 2405 1698 2461 fraudem
1750 2402 2054 2472 facturum,

467 2519 632 2577 atque
663 2507 737 2560 ita
768 2506 823 2559 in
859 2488 1087 2574 regnum
1114 2516 1278 2557 suum
1309 2513 1566 2556 reversus
1594 2504 1698 2553 est.

546 2599 644 2655 Ubi
678 2607 968 2670 postquam
1006 2596 1075 2652 ad
1132 2605 1349 2665 tempus
1404 2591 1625 2663 aliquod
1680 2587 2056 2654 substitisset,

470 2694 524 2744 in
560 2690 884 2745 memoriam
913 2688 1016 2759 ipsi
1042 2687 1211 2743 subiit
1246 2685 1379 2757 quid
1418 2684 1527 2741 sibi
1558 2684 1626 2739 ab
1652 2680 2067 2737 Aclishamvaro

469 2783 675 2837 dudum
706 2783 1002 2837 evenisset.
1020 2778 1198 2850 Cujus
1231 2793 1357 2833 cum
1389 2776 1546 2831 illum
1571 2775 1820 2846 puderet,
1863 2771 2061 2826 metuit

466 2887 650 2928 tamen
698 2888 822 2928 cum
877 2872 996 2942 ipso
1035 2871 1226 2925 dolose
1259 2882 1440 2939 agere.
1477 2866 1699 2937 Impulit
1722 2880 1851 2935 ergo
1884 2864 2065 2935 ipsum

471 2968 575 3020 hoc
606 2975 665 3019 ut
692 2979 817 3020 eum
846 2976 1043 3017 rursus
1070 2962 1212 3017 bello
1235 2960 1646 3034 aggrederetur.
1682 2956 1952 3013 Dixerunt
1968 2971 2068 3011 au-

469 3068 580 3111 tum
609 3056 709 3127 ipsi
736 3055 1036 3111 consiliarii
1060 3054 1233 3125 ipsius
1258 3071 1273 3108 :
1311 3051 1670 3124 117-119
1699 3050 1905 3107 Foedus
1935 3064 2064 3106 cum

1490 353 1865 420 EUTYCHII
1909 346 2449 411 ALEXANDBINI
2493 345 2719 406 PATR.

2147 464 2369 536 probrio
2411 463 2591 527 cedat,
2649 461 2766 517 sive
2822 464 2877 511 nt
2925 456 3190 510 dicatur:
3241 448 3474 519 Quidam
3532 446 3738 518 aliquid

3584 312 3726 392 mea

2151 573 2445 629 aggressus
2495 556 2572 611 illi
2606 549 2937 623 perfiriendo
2996 561 3106 602 non
3153 544 3277 609 fuit,
3333 540 3509 597 hostis
3555 548 3738 594 autem

2152 653 2328 721 ipsius
2365 651 2486 721 ipso
2516 650 2693 718 iisque
2720 644 2815 717 qui
2866 656 2993 699 cum
3034 642 3155 710 ipso
3185 645 3345 694 erant
3380 634 3634 706 superior
3660 629 3743 686 fa-

2151 758 2274 802 ctus
2299 744 2531 814 gratiam
2567 741 2704 811 ipsis
2728 747 2999 810 praestans
3040 733 3168 789 illos
3197 732 3337 786 inito
3371 736 3531 800 pacto
3579 723 3745 781 dimi-

2153 841 2260 903 sit;
2283 840 2399 893 sive
2423 836 2509 908 [ut
2540 830 2779 904 dicatur]
2813 843 2826 883 :
2858 826 3062 885 Foedus
3098 839 3163 880 ac
3216 828 3431 894 pactum
3493 815 3748 882 violavit,

2154 941 2208 987 et
2235 947 2335 1002 pro
2362 931 2512 985 bono
2533 926 2736 980 malum
2788 921 3059 993 rependit.
3110 918 3331 974 Norunt
3355 923 3539 969 autem
3570 908 3749 964 comi-

2155 1029 2240 1076 tes
2268 1018 2348 1074 tui
2383 1027 2435 1074 te
2475 1017 2626 1087 ipsos
2675 1015 2745 1070 ad
2815 1013 3065 1084 iniquum
3114 1008 3320 1080 aliquid
3373 1003 3747 1076 prmstandum

2157 1113 2399 1184 adigere.
2434 1093 2650 1178 Quibus
2686 1108 2823 1164 adde
2865 1121 2965 1162 nec
2998 1115 3052 1159 te
3084 1102 3331 1159 victoriae
3361 1111 3572 1155 certum
3601 1109 3747 1158 esse,

2159 1207 2256 1262 sed
2280 1203 2556 1275 ejusmodi
2606 1218 2718 1257 rem
2752 1215 2999 1273 sperare,
3058 1213 3180 1269 quae
3206 1205 3260 1251 et
3289 1193 3357 1249 de
3393 1201 3444 1247 te
3473 1199 3749 1260 speretur.

2159 1299 2317 1367 Quod
2353 1299 2399 1355 si
2425 1295 2626 1352 viceris
2653 1310 2752 1351 nec
2792 1295 2935 1349 bona
2966 1291 3071 1347 erit
3112 1289 3259 1345 fama
3292 1296 3408 1351 tua,
3444 1298 3546 1339 nec
3601 1280 3750 1352 quod

2161 1396 2358 1452 feceris
2408 1393 2573 1449 laude
2612 1391 2864 1461 dignum.
2925 1384 3081 1452 Quod
3131 1384 3178 1438 si
3240 1380 3420 1435 victus
3477 1376 3672 1441 fueris,
3697 1382 3752 1427 et

2162 1490 2397 1559 teipsum
2443 1494 2498 1542 et
2528 1484 2808 1541 exercitus
2864 1489 2991 1535 tuos
3038 1474 3274 1531 infames
3313 1469 3519 1527 reddis.
3573 1468 3751 1524 Penes

2161 1597 2293 1653 ergo
2324 1577 2611 1634 arbitrium
2654 1586 2807 1629 tuum
2841 1586 2930 1626 res
2989 1575 3095 1625 est.
3119 1564 3232 1636 Ego
3261 1571 3312 1620 tc
3345 1560 3628 1624 admonui,
3658 1573 3755 1613 ne-

2164 1648 2270 1744 que
2296 1689 2381 1728 me
2402 1670 2471 1726 ad
2501 1670 2619 1724 haec
2642 1683 2764 1739 quae
2804 1664 2964 1720 audis
3020 1662 3255 1717 dicenda
3288 1662 3473 1711 movet
3513 1648 3757 1708 imbecllo

2163 1766 2311 1829 litas,
2342 1763 2504 1832 cujus
2524 1761 2609 1816 vel
2640 1776 2707 1815 ex
2735 1771 2877 1822 mea,
2930 1754 3019 1809 vel
3050 1769 3114 1808 ex
3170 1748 3454 1820 cepiarum
3510 1753 3756 1797 mearum

2168 1868 2327 1931 parte
2370 1857 2634 1911 conscius
2692 1868 2840 1918 sum,
2904 1863 3094 1904 verum
3136 1851 3196 1900 ut
3249 1838 3462 1897 fortiori
3514 1833 3659 1905 apud
3703 1842 3758 1895 te

2169 1960 2294 2006 utar
2329 1955 2678 2019 argumento,
2702 1959 2808 1999 nec
2848 1936 3216 1997 incolumitati
3278 1932 3577 2003 quidquam
3609 1923 3757 1996 quod

2167 2058 2338 2116 penes
2363 2056 2448 2096 me
2476 2048 2561 2095 est
2585 2035 2838 2109 praefero.
2871 2029 3173 2102 ReSpondit
3194 2024 3401 2082 Phirnz
3437 2040 3451 2077 :
3485 2019 3605 2075 Non
3635 2031 3757 2071 sum

2167 2115 2268 2209 ego
2295 2136 2344 2192 is
2366 2132 2715 2205 quemjtninae
2737 2144 2847 2201 prae
2877 2136 3027 2182 metu
3064 2122 3228 2179 abiis
3254 2134 3376 2191 quae
3407 2115 3572 2185 cupio
3602 2127 3760 2166 aver-

2169 2204 2312 2288 tant.
2349 2204 2504 2295 Quod
2533 2225 2579 2282 si
2607 2224 2898 2280 videretur
2947 2216 3082 2273 mihi
3140 2214 3219 2271 illi
3252 2211 3398 2285 quod
3445 2204 3760 2280 aggredior,

2170 2321 2326 2377 fraus
2357 2319 2563 2383 inesse,
2595 2330 2704 2370 non
2739 2313 2886 2368 alius
2940 2307 3076 2365 illud
3132 2303 3309 2375 magis
3342 2300 3561 2369 indigne
3593 2309 3762 2366 quam

2169 2416 2291 2488 ipse
2313 2430 2344 2470 a
2370 2427 2459 2468 me
2481 2424 2606 2482 ego,
2632 2407 2825 2463 ferret.
2882 2403 2994 2473 Ego
3034 2408 3218 2454 autem
3246 2392 3394 2451 haud
3427 2391 3550 2446 aliis
3576 2395 3764 2442 tecum

2171 2484 2584 2565 conditionibus
2606 2499 2785 2557 foedus
2803 2495 2958 2566 121
2973 2489 3156 2563 -123
3175 2484 3422 2560 percussi
3447 2496 3607 2553 quam
3623 2491 3765 2549 quas

2175 2601 2297 2671 ipse
2319 2597 2374 2653 in
2401 2602 2626 2667 pectore
2646 2588 2844 2647 celavi.
2867 2586 2947 2641 Ne
2975 2599 3106 2655 ergo
3127 2590 3181 2636 te
3205 2577 3442 2671 decipiat
3466 2574 3557 2628 illa
3591 2585 3759 2671 quam

2177 2665 2357 2766 primo
2383 2665 2452 2747 de
2473 2686 2635 2743 nobis
2656 2678 2985 2753 concepisti,
3009 2672 3309 2749 paucitatis
3340 2677 3397 2725 et
3426 2665 3768 2736 impotentia:

2177 2754 2367 2858 opinio
2400 2802 2415 2841 :
2445 2795 2637 2838 verum
2662 2777 2810 2834 scias
2842 2788 2929 2829 me
2981 2768 3407 2838 haudquaquam
3466 2771 3520 2816 te
3569 2754 3772 2813 dereli-

2183 2847 2437 2943 cturum,
2465 2875 2644 2931 donec
2671 2868 2806 2926 illud
2834 2866 2903 2923 de
2931 2873 2984 2920 te
3010 2862 3288 2919 obtineant
3316 2853 3464 2927 quod
3493 2861 3553 2907 tu
3582 2847 3652 2905 de
3684 2861 3772 2902 me

2183 2974 2536 3030 obtinueras.
2591 2965 2739 3022 Dixit
2803 2959 3218 3018 Achshantvar:
3274 2950 3356 3007 Ne
3408 2960 3460 3005 te
3509 2943 3769 3015 decipiat,

2182 3065 2322 3123 illud
2347 3079 2458 3136 quo
2508 3068 2565 3117 te
2621 3058 2802 3129 ipsum
2831 3052 3001 3119 fallis,
3033 3050 3163 3107 dum
3191 3058 3381 3102 coram
3414 3051 3477 3136 te
3503 3035 3771 3136 dapidem

468 3148 594 3219 ipso
622 3148 821 3212 iniisti,
846 3148 1149 3203 metuimus
1188 3161 1257 3201 ne
1276 3145 1418 3200 male
1447 3144 1546 3199 tibi
1578 3137 1732 3199 fraus
1762 3150 1817 3199 et
1868 3142 2071 3214 injuria
2103 3191 2150 3253 ο
2184 3132 2512 3231 sesmn—dum
2568 3165 2756 3208 cures.
2792 3145 2962 3201 pacm
3003 3140 3276 3213 siquidem
3305 3143 3360 3193 ει
3406 3132 3642 3198 unde”,
3680 3143 3774 3185 se-

471 3239 795 3296 succedant.
854 3237 1158 3308 Respondit
1204 3238 1314 3292 illis
1363 3235 1566 3291 Phirttz
1617 3252 1633 3294 :
1693 3235 1897 3291 Pactus
1953 3249 2074 3290 sum

472 3348 602 3388 cum
633 3332 753 3401 ipso
778 3346 865 3386 me
897 3330 1129 3400 lapidem
1167 3327 1565 3402 [designatum]
1620 3327 1765 3383 haud
1807 3328 2075 3385 transitu-

482 3440 628 3479 rum.
656 3422 914 3492 Lapidem
948 3437 1078 3493 ergo
1108 3424 1359 3489 plaustro
1394 3419 1708 3490 impositum
1753 3432 1940 3474 coram
1976 3433 2078 3473 no-

475 3518 561 3572 bis
592 3514 788 3580 feram,
825 3529 1003 3585 neque
1031 3528 1060 3568 a
1104 3523 1259 3584 tergo
1313 3526 1553 3582 unquam
1618 3509 1947 3579 relinquam.
2007 3506 2078 3563 At

477 3610 599 3665 illi:
635 3608 840 3664 Fmdus
883 3605 1190 3679 (inquiunt)
1224 3620 1331 3661 non
1367 3613 1529 3676 prout
1572 3613 1627 3659 tu
1679 3604 2076 3673 interpretatus

480 3717 566 3764 es,
594 3701 689 3756 sed
710 3699 869 3769 juxta
899 3699 1253 3754 manifestum
1282 3696 1602 3770 [verborum
1643 3696 1891 3769 sensum]
1916 3698 2079 3754 intel-

471 3792 749 3864 ligendum
766 3800 872 3846 est.
892 3789 1095 3845 Phiruz
1117 3799 1322 3856 autem,
1339 3797 1526 3860 spreto
1552 3789 1800 3860 ipsorum
1820 3791 2074 3856 consilio,

478 3886 548 3940 ad
576 3886 779 3941 bellum
812 3883 1229 3942 Achsltanwaro
1274 3883 1623 3939 inferendum
1659 3884 1942 3954 profectus
1968 3892 2074 3941 est.

476 3977 601 4044 Quo
638 3977 830 4031 audito
864 3988 1201 4048 magnopere
1257 3976 1488 4030 miratus
1524 3974 1922 4044 Achshamvar,
1974 3990 2078 4032 nec

479 4070 745 4126 dubitans
769 4067 968 4124 fraude
1000 4084 1229 4123 usurum
1262 4066 1465 4122 Phiruz
1508 4068 1731 4138 scriptis
1775 4069 1842 4123 ad
1895 4070 2076 4140 ipsum

485 4163 710 4225 litteris,
745 4168 969 4231 pactum
1036 4174 1221 4215 secum
1279 4158 1476 4213 initum
1533 4159 1610 4213 illi
1650 4160 1705 4214 in
1751 4161 2076 4216 memoriam

482 4255 788 4318 revocavit,
820 4267 1023 4322 rogans
1055 4261 1115 4305 ut
1159 4260 1575 4319 reverteretur;
1638 4262 1695 4308 at
1747 4254 1837 4310 ille
1875 4270 2080 4325 nequa-

479 4361 643 4414 quam
683 4346 799 4399 ha:c
820 4352 1069 4398 moratus
1094 4343 1360 4414 perrexit,
1387 4344 1566 4400 donec
1600 4345 1857 4418 Hiyatela
1885 4362 2080 4418 perve-

480 4437 669 4492 niret:
707 4451 945 4506 ctunque
995 4436 1199 4492 vallum
1258 4438 1403 4493 inter
1454 4452 1610 4494 suam
1641 4447 1695 4494 et
1734 4438 1957 4494 Phiruzi
1990 4440 2077 4496 di-

2180 3253 2421 3309 cundum
2459 3245 2756 3303 verborum
2809 3254 3012 3297 sonum
3064 3237 3348 3297 ineantur,
3409 3243 3519 3284 non
3572 3240 3774 3283 secun-

2181 3344 2311 3400 dum
2368 3338 2507 3397 illud
2555 3335 2705 3409 quod
2755 3331 3038 3389 occultum
3105 3327 3423 3383 retinetur:
3476 3330 3775 3386 rerumque

2180 3436 2428 3492 omnium
2456 3430 2842 3504 turpissimum
2890 3432 2974 3482 est
3032 3422 3303 3479 foederum
3371 3430 3426 3476 et
3484 3427 3771 3488 pactorum

2179 3528 2424 3585 violatio.
2456 3525 2555 3582 Ille
2615 3537 2747 3579 vero
2792 3519 2898 3591 ipsi
2970 3516 3288 3574 auscultare
3316 3512 3516 3569 noluit.
3574 3509 3773 3565 Statim

2178 3636 2311 3693 ergo
2361 3616 2572 3675 reversi
2611 3623 2766 3672 sunt.
2805 3611 2954 3667 Dixit
3004 3617 3187 3665 autem
3226 3606 3427 3662 Phiruz
3483 3602 3778 3660 comitibus

2182 3714 2304 3772 suis
2341 3730 2357 3767 :
2400 3711 2527 3766 Erat
2552 3710 2941 3766 Achshanwar
2971 3717 3271 3777 congressu
3303 3702 3596 3771 egregius;
3633 3712 3778 3750 nun-

2179 3821 2344 3879 quam
2393 3814 2579 3860 autem
2642 3801 2754 3856 vidi
2791 3786 2960 3872 equo,
3012 3796 3103 3853 cui
3151 3792 3450 3858 insidebat,
3500 3792 3645 3847 inter
3687 3788 3779 3857 ju-

2181 3907 2363 3955 menta
2391 3896 2651 3954 similem.
2688 3890 2862 3949 Pedes
2887 3889 3038 3947 enim
3081 3887 3227 3943 haud
3292 3884 3524 3940 omnino
3577 3880 3776 3942 movit,

2182 4005 2359 4061 neque
2404 3989 2640 4059 ungulas
2664 3985 2788 4041 loco
2822 3983 3073 4050 sustulit,
3103 3993 3282 4052 neque
3313 3976 3574 4043 hinnivit,
3600 3987 3781 4044 neque

2180 4083 2389 4139 excidit
2416 4081 2523 4154 ipsi
2579 4080 2787 4150 aliquid
2820 4077 2972 4151 quod
3022 4074 3358 4145 colloquium
3410 4073 3781 4139 interrumpe-

2182 4186 2267 4231 ret
2300 4184 2419 4231 toto
2444 4188 2559 4246 quo
2615 4172 2784 4229 simul
2834 4170 3047 4227 fuimus
3078 4162 3781 4246 tempore._Achshantvar

2183 4282 2314 4322 vero
2351 4267 2518 4322 suis:
2558 4263 2830 4332 Conveni,
2880 4269 3050 4334 prout
3093 4258 3231 4315 mihi
3264 4236 3538 4327 vobisque
3596 4255 3778 4309 visum

2182 4370 2290 4425 est,
2322 4359 2623 4414 Pliiruzum
2656 4358 2871 4428 integre
2920 4361 3218 4419 armatum,
3274 4364 3560 4421 nunquam
3594 4357 3781 4402 autem

2183 4469 2243 4509 se
2275 4454 2330 4508 in
2366 4466 2511 4522 equo
2533 4465 2636 4507 suo
2663 4450 2857 4516 movit,
2901 4463 3004 4504 nec
3049 4460 3295 4517 unquam
3334 4446 3529 4516 pedem
3565 4443 3633 4498 de
3660 4452 3782 4497 sta-
3853 4435 3865 4446 ’

482 4533 687 4587 tionem
758 4531 1027 4586 el'foderat
1075 4530 1476 4600 Achshanvrar,
1531 4547 1698 4602 super
1745 4533 1840 4588 illo
1880 4542 2073 4603 pontes
2106 4549 2149 4603 ι)
2181 4546 2317 4619 pede
2356 4544 2641 4607 subduxit,
2667 4557 2846 4612 neque
2893 4548 3108 4612 ιει-ευηι
3142 4538 3371 4604 inquit,
3408 4552 3509 4592 nec
3539 4552 3601 4593 se
3648 4534 3787 4589 dux-

486 4622 892 4693 exstruijussit
920 4623 1152 4691 Phiruz,
1199 4626 1403 4694 quibus
1463 4626 1763 4682 transiret:
1802 4627 2078 4696 impositis

475 4717 642 4770 etiam
704 4717 969 4787 pontibus
1035 4717 1249 4774 vexillis
1298 4732 1421 4789 quae
1494 4716 1747 4773 redeunti
1804 4719 1860 4773 in
1923 4721 2083 4792 signa

474 4815 683 4863 essent.
713 4807 851 4862 Cum
880 4822 1014 4879 ergo
1037 4809 1152 4879 jam
1186 4809 1241 4863 in
1282 4810 1572 4880 procinctu
1597 4820 1781 4867 essent
1802 4811 2080 4866 exercitus

475 4897 702 4953 mittens
733 4899 799 4952 ad
841 4896 1138 4953 Phiruzum
1187 4898 1592 4967 Achshanwar,
1645 4900 1858 4971 rogavit
1894 4908 1955 4955 ut
2013 4899 2082 4955 ad

480 4994 666 5062 ipsum
697 4993 880 5047 medio
906 4994 1049 5048 inter
1070 4994 1349 5050 exercitus
1377 4994 1557 5065 spatio
1617 4994 1686 5049 ad
1738 4995 2076 5067 colloquium

473 5085 743 5155 prodiret.
771 5086 875 5152 Qui
906 5102 1029 5142 cum
1058 5087 1373 5159 prodiisset,
1398 5088 1535 5144 dixit
1561 5089 1638 5143 illi
1659 5088 2037 5145 Aehshanwar
2063 5109 2079 5147 :

475 5175 655 5230 Credo
685 5178 940 5246 equidem
974 5193 1078 5248 ego
1122 5195 1229 5234 non
1276 5180 1424 5233 aliud
1460 5189 1515 5235 te
1566 5179 1633 5236 ad
1679 5181 1861 5236 locum
1910 5180 2077 5236 istum

474 5281 771 5336 evocasse,
802 5283 970 5351 quam
1008 5270 1275 5340 pudorem
1308 5273 1380 5326 ob
1405 5271 1643 5326 reditum
1674 5280 1833 5327 tuum
1874 5287 1940 5328 eo
1970 5288 2082 5344 quo

485 5371 747 5412 reversus
777 5373 838 5414 es
866 5360 1049 5415 modo.
1076 5364 1154 5416 Ac
1192 5376 1289 5431 per
1320 5362 1487 5415 vitam
1525 5376 1703 5416 meam
1757 5362 1805 5417 si
1841 5378 1945 5420 nos
1985 5363 2081 5420 tibi

474 5447 579 5506 hoc
598 5450 761 5506 modo
778 5449 1026 5507 fraudem
1050 5451 1397 5518 fecissemus,
1425 5455 1605 5525 majus
1626 5454 1835 5525 aliquid
1865 5473 1894 5508 a
1919 5455 2080 5513 nobis

477 5547 753 5616 petiisses.
781 5543 1031 5604 Fmderis
1082 5546 1245 5620 120
1276 5561 1458 5605 autem
1498 5565 1528 5604 a
1576 5561 1629 5605 te
1671 5551 1817 5620 pacti
1862 5550 2083 5606 violatio

477 5653 565 5693 res
601 5649 690 5694 est
727 5641 886 5711 cujus
916 5642 1092 5713 magis
1123 5645 1329 5710 pudere
1374 5643 1557 5710 debet,
1587 5659 1752 5713 quam
1790 5644 1910 5713 ejus
1932 5644 2080 5716 quod

480 5730 578 5784 tibi
608 5733 861 5802 contigit.
894 5733 1011 5791 lioc
1056 5752 1190 5807 ergo
1217 5736 1404 5790 animo
1437 5739 1732 5808 perpende,
1769 5752 1932 5810 atque
1968 5745 2083 5797 lure

478 5819 587 5872 duo
621 5819 765 5877 inter
797 5839 857 5880 se
894 5826 1089 5884 confer
1120 5840 1183 5890 ut
1225 5832 1437 5903 videas,
1504 5844 1688 5889 utrum
1742 5835 1942 5908 majori
1985 5851 2080 5892 oo-

2187 4650 2432 4693 trorsum
2469 4632 2552 4687 vel
2593 4631 2983 4687 sinistrorsum
3034 4624 3354 4684 convertit.’
3391 4626 3503 4696 Ego
3559 4624 3782 4680 interim

2185 4727 2387 4797 saepius
2422 4721 2615 4777 femori
2654 4722 2878 4777 innixus
2902 4736 3023 4776 sum
3048 4735 3191 4790 equo
3221 4719 3506 4781 insistens,
3537 4733 3602 4772 ac
3638 4716 3775 4771 sub-

2198 4819 2327 4875 inde
2377 4816 2617 4884 respexi,
2674 4814 2799 4870 dein
2856 4814 3007 4870 inea
3040 4829 3165 4884 quae
3209 4822 3340 4869 ante
3388 4812 3566 4884 posita
3624 4818 3784 4865 erant

2202 4909 2396 4964 oculos
2424 4906 2659 4977 conjeci,
2702 4905 2821 4976 ipso
2851 4906 2960 4968 fixo
2985 4920 3051 4960 ac
3083 4905 3273 4976 quieto
3302 4914 3580 4959 manente.
3621 4900 3784 4974 124Ι

2188 5003 2250 5056 id
2293 5011 2477 5057 autem
2498 5000 2795 5056 voluerunt
2813 4997 3017 5053 Pbirnz
3037 4996 3532 5071 [et]Achshanwar
3549 4997 3784 5052 hisnar-

2188 5093 2400 5158 randis,
2435 5099 2814 5147 utsermones
2848 5090 2939 5145 isti
2979 5107 3076 5162 per
3130 5092 3409 5148 exercitus
3440 5105 3574 5148 suos
3624 5106 3786 5161 spar-

2185 5195 2472 5257 gerentur,
2501 5185 2694 5256 quojiis
2711 5184 2964 5256 occupati
2995 5185 3245 5241 homines
3275 5186 3418 5240 haud
3439 5186 3785 5256 inquirerent

2188 5283 2240 5333 in
2269 5294 2332 5336 ea
2364 5294 2486 5350 qua:
2515 5293 2713 5336 mutuo
2748 5279 3010 5335 collocuti
3057 5279 3299 5336 fuerant.
3332 5280 3491 5337 Mane
3517 5279 3784 5351 ergojam

2188 5374 2330 5428 facto
2378 5375 2753 5444 syngrapham
2812 5387 2978 5443 quam
3049 5372 3157 5445 ipsi
3217 5375 3526 5444 scripserat
3582 5372 3787 5429 Phiruz

2193 5464 2517 5534 preductam
2546 5462 2731 5521 hasta:
2786 5464 3047 5535 imposuit
3097 5466 3498 5532 Acbshanvvar,
3552 5482 3663 5538 quo
3716 5470 3788 5523 ab

2202 5559 2447 5613 exercitu
2503 5561 2945 5629 conspiceretur,
2999 5573 3065 5614 ac
3104 5559 3336 5614 victoria
3378 5561 3431 5615 in
3487 5561 3786 5616 Phiruzuin

2188 5651 2393 5721 potitus
2421 5660 2548 5716 est;
2585 5652 2821 5720 quicum
2869 5651 2923 5705 in
2982 5650 3169 5721 fugam
3236 5668 3537 5709 conversus
3589 5669 3618 5708 a
3664 5653 3787 5708 loco

2188 5743 2497 5811 signorum,
2530 5758 2652 5813 qua:
2682 5742 2748 5797 ad
2805 5752 3001 5812 pontes
3059 5759 3166 5814 qua
3221 5744 3462 5800 eundum
3517 5754 3635 5800 erat
3681 5747 3787 5815 ipsi

2191 5837 2411 5907 fixerat,
2435 5835 2728 5894 abcrrans.
2756 5837 2821 5891 atI
2860 5837 3074 5897 fossam
3120 5853 3179 5896 se
3214 5844 3441 5916 recepit,
3482 5839 3572 5895 ubi
3616 5840 3790 5896 comi-
