4116 6406
426 329 561 393 19-61

1876 333 2242 396 ANNALES.

3559 344 3700 409 1062

424 453 507 499 tes
540 442 712 512 ipsius
744 441 835 498 alii
873 443 928 497 in
957 441 1094 498 alios
1137 444 1444 500 irruerunt.
1476 445 1633 516 (ἒς-υἷι
1678 460 1809 515 ergo
1860 445 2015 499 Acli-
2050 448 2092 501 A
2127 444 2338 499 obitum
2366 446 2539 515 patris
2568 446 2892 501 adversatus
2928 448 3059 505 mihi
3116 451 3286 507 frater
3322 465 3548 522 regnum
3605 472 3701 515 oc-

424 542 685 591 slsanwar
715 535 981 606 quidquid
1004 536 1249 594 Phiruzo
1285 539 1384 593 fuit
1411 554 1514 593 una
1560 554 1682 594 cum
1725 539 1902 608 ipsius
1943 539 2010 592 li-

422 633 593 695 beris,
624 645 870 700 opesque
918 630 1036 701 ejus
1090 633 1363 687 exercitus
1418 632 1653 687 ducibus
1706 630 2007 696 distribuit,

431 723 608 790 iisque
638 721 1052 790 quiPliiruzum
1084 724 1327 779 comitati
1363 732 1531 791 sunt,
1565 725 1743 792 Quare
1785 725 2005 795 (inquit)

423 830 533 869 non
563 813 792 868 dedistis
826 813 1064 869 Phiruzo
1098 814 1391 871 consilium
1425 831 1663 885 eumque
1715 815 2006 870 admonui-

422 905 666 962 stis‘Hlli
696 919 825 960 vero
851 922 863 959 :
894 904 1147 961 Fecimus
1166 906 1410 978 (inquit),
1431 914 1487 961 at
1521 908 1681 963 nobis
1696 907 2007 964 auscultarc

422 1001 622 1056 noluit.

494 1092 940 1148 Praeeratautem
974 1093 1267 1164 Sejestano
1296 1095 1382 1150 vir
1421 1079 1645 1165 q'uidam
1701 1109 1766 1150 ex
1824 1094 2002 1150 Azda-

421 1188 555 1243 sliiri
589 1189 1073 1253 amicis,’uomine
1127 1190 1402 1256 Suchran,
1431 1204 1462 1245 e
1508 1189 1709 1246 Persiae
1757 1188 2006 1260 proceri-

420 1280 549 1345 bus,
588 1280 732 1347 apud
761 1296 925 1350 quem
944 1290 1112 1342 erant
1144 1291 1198 1336 et
1233 1296 1264 1335 e
1297 1282 1534 1337 ducibus
1572 1283 1746 1352 ipsius
1781 1283 2000 1348 amicis,

422 1371 695 1426 nonnulli.
720 1371 825 1426 llic
858 1372 1037 1428 delata
1070 1371 1137 1427 ad
1171 1372 1352 1444 ipsum
1383 1389 1571 1429 eorum
1604 1389 1727 1444 quae
1765 1374 2002 1430 Phiruzo

419 1463 738 1519 acciderant
767 1463 936 1529 fama,
960 1466 1152 1521 statim
1194 1481 1301 1521 una
1361 1481 1487 1522 cum
1558 1467 1851 1523 comitibus
1884 1468 2001 1524 suis

421 1555 723 1628 lliyatulam
748 1573 940 1613 versus
968 1557 1252 1628 profectus
1284 1559 1355 1614 ad
1411 1575 1471 1614 se
1522 1557 1744 1615 Pliiruzi
1812 1562 1999 1632 copias

420 1649 645 1720 colligit,
680 1650 818 1705 adeo
848 1657 906 1704 ut
947 1652 1016 1704 ad
1048 1666 1300 1721 magnam
1360 1653 1661 1721 petentiam
1701 1665 1993 1710 cresceret.

420 1743 566 1798 Cum
626 1758 759 1814 ergo
837 1758 1005 1814 prope
1057 1743 1173 1813 jam
1237 1746 1306 1799 ab
1364 1745 1744 1801 Aclislianwar
1800 1748 1998 1802 castris

419 1840 657 1901 abesset,
690 1828 844 1892 misit
874 1837 967 1907 qui
993 1837 1093 1907 ipsi
1116 1835 1407 1893 dicerent:
1440 1837 1558 1893 Non
1586 1839 1865 1910 ideo,veni
1891 1856 1994 1910 ego

423 1942 479 1983 ut
513 1939 564 1984 te
591 1930 731 1985 bello
757 1931 1023 1986 lacessam
1044 1973 1060 1995 ,
1102 1946 1293 1985 verum
1318 1945 1442 1986 eum
1475 1933 1529 1986 in
1569 1935 1730 1988 linem
1765 1943 1826 1990 ut
1854 1934 1991 1991 illud

416 2020 559 2091 quod
585 2020 653 2076 de
679 2020 1036 2091 125-127
1066 2021 1287 2075 Pliiruzi
1317 2019 1671 2076 facultatibus
1705 2021 1760 2076 in
1793 2038 1990 2079 manus

414 2125 541 2172 tuas
566 2116 832 2185 pervenit,
872 2115 1093 2176 reddas,
1126 2121 1182 2169 et
1210 2115 1304 2184 qui
1331 2114 1478 2184 apud
1506 2122 1566 2170 te
1594 2117 1994 2186 suntcaptivos

418 2207 692 2269 dimittas,
743 2217 803 2259 ut
862 2206 937 2259 sit
991 2205 1096 2259 hoc
1136 2203 1279 2260 inter
1346 2220 1449 2260 nos
1496 2208 1650 2275 pacis
1699 2204 1993 2279 [conditio]

420 2314 633 2369 nosque
656 2313 687 2352 a
715 2307 769 2352 te
808 2297 1069 2367 impetum
1103 2306 1356 2352 nostrum
1389 2307 1735 2367 avet-tamus;
1768 2299 1916 2370 quod
1946 2299 1992 2356 si

417 2392 682 2455 volucris,
706 2391 803 2446 illo
837 2405 866 2443 a
905 2399 957 2444 te
983 2396 1209 2459 accepto
1230 2397 1603 2456 revertemur;
1629 2392 1715 2447 sin
1734 2393 1995 2461 nolueris,

427 2497 619 2538 vereor
634 2498 705 2538 ne
742 2490 795 2536 te
826 2482 1106 2552 poeniteat.
1134 2482 1402 2538 Annuens
1444 2497 1575 2551 ergo
1618 2485 1997 2541 Achshauwar

417 2572 700 2629 Suchrano
721 2573 775 2626 in
798 2587 864 2627 eo
882 2572 1028 2642 quod
1064 2573 1241 2645 petiit,
1272 2575 1522 2644 captivos
1543 2591 1734 2630 eorum
1762 2576 1996 2646 dimisit,

416 2664 705 2734 Spoliaque
730 2663 939 2718 reddita
972 2664 1207 2731 remisit,
1234 2665 1372 2722 adeo
1403 2648 1483 2720 ut.
1506 2667 1649 2722 inter
1704 2669 1880 2737 ipsum
1912 2680 1998 2725 at-

416 2771 525 2825 que
561 2754 694 2811 illos
717 2765 1177 2825 componerentur
1232 2771 1345 2811 res.
1403 2754 1543 2811 Tum
1602 2773 1857 2814 reversus
1910 2769 1998 2815 est

417 2848 667 2902 Sucltran
749 2847 818 2903 ad
892 2849 958 2904 Al
1030 2847 1300 2920 Madyen,
1350 2848 1786 2911 ﬁobservantibus
1860 2851 1996 2908 Per-

415 2938 494 2993 sis
545 2938 808 3007 quidquid
836 2938 1009 3009 petiit,
1036 2939 1249 3009 ipsique
1278 2939 1400 2995 ideo
1426 2941 1631 3010 gratias
1681 2942 1993 3012 agentibus.

493 3030 744 3085 Mortuus
778 3037 863 3086 est
894 3046 1025 3101 ergo
1077 3031 1282 3087 Pliiruz
1327 3046 1451 3088 cum
1485 3042 1766 3104 regnasset
1821 3050 1997 3092 annos

416 3121 612 3189 viginti
645 3130 880 3191 septem.
915 3120 1441 3193 Contenderuntque
1472 3123 1616 3178 inter
1643 3139 1702 3179 se
1731 3124 1798 3180 de
1827 3141 1998 3198 regno

418 3211 715 3282 liliiipsius
762 3212 958 3267 Kobad
1013 3222 1068 3267 et
1125 3211 1376 3281 Balabes,
1428 3213 1605 3269 donec
1648 3213 1878 3273 Balabes
1919 3217 1995 3272 vi-

420 3316 567 3360 ctum
627 3302 913 3358 liobndum
971 3318 1037 3358 eo
1099 3303 1401 3371 abdicaret,
1463 3306 1559 3376 qui
1617 3306 1999 3364 Cliorasanum

420 3415 555 3464 ergo
588 3396 740 3465 petiit
770 3394 1035 3450 auxilium
1083 3409 1114 3451 a
1165 3395 1424 3451 Cbakano
1462 3396 1767 3454 Turcarum
1827 3400 2002 3470 impe-

423 3497 623 3540 tatoi'e-
643 3496 837 3540 contra
868 3483 1093 3539 fratrem
1124 3500 1287 3539 stium
1340 3486 1592 3550 petitunt.
1626 3484 2000 3557 Regnavitque

418 3578 648 3632 Ralabes
686 3576 826 3632 bene
879 3576 1029 3631 sein
1087 3578 1347 3633 omnibus
1389 3594 1610 3650 gerens.
1669 3581 2002 3651 conditaque

315 3708 320 3713 -
420 3672 552 3727 urbe
582 3672 756 3740 ipsam
813 3668 1042 3723 Balasur
1094 3669 1409 3739 appellavit.
1465 3672 1537 3724 At
1587 3687 1712 3726 cum
1764 3684 2001 3742 quatuor

418 3759 593 3818 amnis
620 3769 902 3832 regnasset
938 3760 1050 3815 fato
1091 3757 1313 3815 functus
1342 3770 1448 3827 est,
1501 3760 1665 3831 idque
1694 3776 1840 3817 anno
1897 3763 2001 3816 im-

420 3856 557 3927 perii
621 3852 862 3919 Zenonis
918 3850 1292 3906 Romanorum
1354 3852 1703 3922 imperatoris
1762 3853 1999 3907 decimo.

417 3948 557 4002 Cum
603 3957 787 4000 autent
850 3943 1294 4014 proficisceretur
1362 3943 1549 3998 Kobad
1615 3944 1997 4000 Cliorasanum

425 4043 603 4109 ipsum
628 4037 924 4094 comitatus
945 4043 1029 4091 est
1068 4034 1369 4090 Zormahar
1404 4035 1675 4089 Suchrani
1716 4035 1895 4100 lilius;
1932 4050 2000 4091 co

422 4134 592 4201 igitur
620 4145 745 4185 cum
777 4127 1160 4198 pervenissent
1187 4124 1447 4180 diversati
1480 4131 1604 4179 sunt
1630 4125 1773 4195 apud
1798 4139 2000 4193 quem-

424 4220 850 4277 dameducibus
881 4218 1126 4289 ipsorum
1146 4214 1502 4286 primoribus,
1530 4229 1690 4283 quem
1721 4217 1997 4283 negotium

421 4330 586 4369 suum
643 4312 914 4367 celarunt.
941 4308 1089 4363 Dixit
1139 4316 1321 4362 autem
1371 4305 1706 4361 Zormaharo
1763 4305 1998 4362 Kobad:

418 4406 616 4473 Qua-re
644 4403 806 4473 128
824 4401 956 4456 mihi
980 4400 1215 4469 aliquam
1246 4396 1488 4454 melioris
1505 4398 1671 4453 sortis
1689 4399 1997 4457 mulierem.

2116 538 2383 604 cupavit:
2440 551 2504 591 ac
2546 536 2824 605 pollicitus
2860 538 2942 593 illi
3004 554 3061 593 se
3100 556 3256 610 opem
3308 544 3409 614 ipsi
3461 545 3698 602 laturum

2112 641 2463 698 regnumque
2534 638 3015 697 recuperaturum,
3069 643 3303 701 quatuor
3343 637 3501 692 annis
3556 640 3701 709 apud

2112 717 2264 771 illum
2300 718 2569 783 substitit,
2607 720 2810 789 quibus
2845 721 3026 790 ipsum
3051 721 3287 779 distulit.
3314 726 3508 782 Postea
3530 745 3699 785 exer-

2111 810 2223 864 citu
2268 809 2394 865 forti
2422 812 2603 866 abillo
2634 812 2939 869 instructus
2974 815 3254 884 profectus
3311 816 3499 872 liobad
3524 819 3699 874 donec

2110 903 2559 959 Abialiasalirum
2627 907 2961 975 perveniret,
3023 924 3085 962 ac
3140 907 3334 963 eodem
3389 910 3509 965 loco
3562 910 3699 983 [quo

2107 995 2297 1069 antea]
2346 996 2660 1055 diversatus
2703 998 2770 1063 de
2802 1001 3038 1056 muliere
3081 1001 3184 1055 ista
3227 1004 3545 1059 sciscitatus
3590 1016 3696 1071 est,

2107 1102 2229 1157 quae
2254 1088 2325 1143 ad
2359 1089 2512 1144 illum
2547 1093 2784 1148 accessit
2832 1108 2939 1147 una
2972 1109 3096 1148 cum
3156 1094 3271 1149 filio
3321 1111 3481 1164 quem
3531 1114 3700 1169 pepe-

2109 1178 2391 1250 reratjam
2424 1180 2629 1238 trienni
2661 1183 2838 1252 ipsum
2889 1200 3053 1239 manu
3087 1193 3302 1243 tenens.
3336 1187 3697 1260 Roganteque

2104 1269 2365 1328 Kobado:
2390 1272 2655 1339 Quisnam
2687 1286 2773 1331 est
2803 1277 2888 1332 hic
2910 1281 3083 1348 puer?
3111 1279 3262 1337 Tuus
3293 1283 3513 1353 (inquit)
3549 1285 3695 1341 filius

2103 1375 2209 1419 est.
2230 1363 2444 1421 Certior
2469 1367 2650 1438 129-
2663 1369 2816 1440 131
2831 1386 2961 1442 ergo
2976 1389 3005 1427 a
3024 1372 3360 1431 Zormaharo
3380 1376 3557 1432 factus
3571 1393 3695 1434 esse

2106 1455 2257 1511 illam
2293 1459 2468 1528 patris
2502 1458 2728 1515 familiae
2769 1462 2961 1525 filiam,
2997 1464 3215 1521 laetatus
3242 1475 3348 1533 est,
3405 1468 3694 1539 ipsamque

2103 1563 2211 1604 una
2244 1564 2368 1605 cum
2408 1550 2543 1617 filio,
2585 1553 2678 1608 cui
2711 1568 2911 1610 nomen
2971 1565 3088 1611 erat
3138 1556 3461 1614 Babudacltt
3503 1575 3689 1616 secum

2103 1643 2424 1711 assumpsit.
2459 1641 2594 1698 Cum
2623 1654 2809 1699 autem
2861 1646 2928 1700 Al
3005 1646 3271 1720 lliadayen
3328 1654 3688 1721 pervenisset,

2105 1732 2330 1789 fratrem
2366 1736 2831 1793 suuminteriisse
2887 1741 3117 1809 reperit,
3167 1758 3447 1814 regnoque
3482 1747 3690 1814 potitus

2104 1836 2208 1882 est.
2234 1828 2503 1899 Regnavit
2529 1845 2659 1901 ergo
2684 1829 2872 1887 Kobad
2911 1832 3133 1889 Piiiruzi
3175 1835 3321 1890 illius
3354 1853 3528 1894 annos
3548 1856 3687 1909 qua-

2103 1920 2360 1990 draginta
2395 1929 2533 1987 tres,
2571 1924 2737 1995 idque
2770 1938 2916 1979 anno
2957 1926 3173 1995 imperii
3202 1928 3443 1984 Zenonis
3486 1929 3693 1984 Roma-

2100 2027 2300 2067 norum
2335 2015 2684 2084 imperatoris
2713 2016 2927 2072 decimo
2952 2029 3174 2086 quarto.
3206 2018 3457 2089 Regnum
3499 2034 3685 2079 autem

2107 2103 2407 2159 Suelirano
2466 2106 2691 2177 filioque
2719 2108 2893 2177 ipsius
2928 2108 3266 2165 Zormaiiaro
3297 2111 3691 2170 administran-

2102 2195 2232 2251 dum
2267 2198 2565 2264 commisit,
2611 2199 2916 2271 urbemque
2971 2201 3115 2257 inter
3159 2203 3362 2258 Aanz
3407 2216 3464 2261 et
3508 2206 3689 2264 Persi-

2103 2288 2226 2343 dem
2248 2289 2517 2355 condidit,
2548 2305 2712 2361 quam
2747 2289 2936 2348 Kubad
2966 2293 3185 2349 Cborab
3229 2297 3541 2365 appellavit,
3565 2315 3689 2368 qua:

2102 2388 2156 2434 et
2184 2378 2424 2448 AlRajan
2490 2390 2575 2436 est
2618 2421 2633 2447 ,
2690 2382 2747 2438 in
2807 2399 2916 2454 qua
2973 2386 3219 2456 captivos
3277 2385 3688 2445 Hamdanenses

2102 2472 2415 2538 collocavit,
2445 2473 2637 2528 urbem
2669 2474 2837 2530 etiam
2871 2491 3042 2546 prope
3089 2476 3365 2543 Allllahat,
3430 2496 3549 2549 qua:
3581 2480 3690 2535 lla—

2103 2582 2288 2621 rawan
2313 2567 2646 2637 appellatur,
2679 2583 2782 2624 nec
2818 2585 2929 2625 non
2971 2569 3134 2626 aliam
3177 2571 3232 2625 in
3275 2572 3510 2627 Azdsliir
3541 2573 3689 2627 Clio-

2102 2660 2227 2722 rab,
2261 2675 2384 2729 qum
2414 2659 2614 2715 Kohad
2666 2660 2888 2716 Cliorab
2949 2661 3143 2731 audit;
3205 2664 3516 2734 multasque
3553 2682 3690 2734 prae-

2105 2760 2254 2808 terea
2290 2753 2454 2807 urbes
2499 2753 2760 2823 vicosque
2809 2754 3081 2822 condidit,
3134 2771 3437 2828 amnesque
3473 2757 3687 2827 effudit,

2104 2861 2382 2916 arcusque
2409 2854 2465 2901 et
2488 2855 2681 2916 pontes
2706 2850 3001 2904 exstruxit.

2176 2937 2326 2995 Obiit
2357 2948 2541 2995 autem
2572 2937 2760 3001 Zenon
2791 2939 3165 2995 Romanorum
3203 2941 3503 3012 imperator
3536 2952 3684 3013 post-

2103 3046 2267 3095 quam
2306 3044 2483 3086 aunos
2521 3029 2918 3098 septemdecim
2943 3031 3294 3101 imperasset,
3327 3033 3493 3104 idque
3539 3050 3687 3088 anno

2104 3124 2254 3195 regni
2287 3121 2530 3180 Koliadis
2559 3122 2652 3195 filii
2694 3122 2917 3178 Phiruzi
2955 3124 3100 3192 regis
3150 3122 3446 3180 Persarum
3469 3126 3684 3195 quinto,

2104 3216 2410 3284 insperante
2458 3220 2581 3282 post
2633 3214 2811 3283 ipsum
2851 3213 3117 3269 Romanis
3164 3215 3460 3271 Anastasio
3507 3232 3683 3270 annos

2101 3308 2296 3380 viginti
2361 3316 2599 3378 septem.
2658 3303 2789 3360 Fuit
2837 3305 2927 3361 hic
2975 3305 3250 3368 Jacobita.
3305 3307 3684 3363 Melcliitarum

2102 3400 2373 3455 doctrinae
2420 3399 2727 3463 adversus;
2784 3406 2951 3454 natus
2992 3399 3045 3452 in
3088 3400 3226 3455 urbe
3276 3398 3471 3466 llama,
3522 3417 3683 3469 quam

2100 3493 2366 3550 aedificari
2427 3506 2491 3547 ac
2545 3491 2752 3547 muniri
2805 3491 2998 3561 jussit,
3056 3505 3184 3546 arce
3238 3491 3447 3547 biennii
3507 3493 3686 3561 spatio

2102 3586 2350 3642 condita.
2382 3583 2681 3654 Postquam
2724 3598 2859 3638 vero
2899 3583 3090 3637 decem
3128 3582 3240 3652 jam
3293 3582 3452 3653 annis
3506 3584 3681 3653 impe-

2100 3688 2306 3745 rasset,
2339 3676 2573 3747 contigit
2601 3674 2918 3731 hominibus
2942 3673 2997 3729 in
3021 3675 3246 3730 Oriente
3278 3673 3450 3730 fames
3479 3675 3682 3744 gravis,

2100 3784 2407 3839 magnaque
2437 3768 2786 3823 locustarum
2820 3766 2999 3834 capia.
3033 3765 3204 3820 Porro
3230 3766 3397 3837 132.
3425 3765 3685 3822 Kobades

2100 3859 2394 3915 Persarum
2426 3874 2522 3914 rex
2558 3856 2824 3930 [urbem]
2859 3858 3128 3913 Amedum
3168 3872 3464 3928 aggressus
3501 3860 3679 3928 ipsam

2099 3952 2390 4015 vastavit,'~
2419 3951 2703 4021 missoque
2750 3948 3141 4005 Alexandriam
3196 3952 3441 4005 exercitu
3485 3966 3683 4020 magno

2099 4044 2365 4114 quidquid
2394 4051 2550 4097 extra
2585 4042 2776 4097 urbem
2824 4040 2932 4096 fuit
2966 4040 3235 4098 incendit.
3294 4040 3576 4112 Multaque
3627 4054 3685 4098 et

2101 4134 2289 4204 gravia
2317 4131 2525 4203 praelia,
2551 4145 2859 4203 pugnaque
2890 4127 3238 4197 frequentes,
3267 4128 3410 4183 inter
3443 4126 3687 4184 Kobadis

2104 4225 2256 4295 regis
2289 4223 2583 4280 Persarum
2608 4232 2663 4280 ct
2701 4221 2982 4279 Anastasii
3019 4218 3396 4276 Romanorum
3447 4220 3687 4291 impera-

2103 4318 2240 4373 toris
2270 4318 2503 4373 comites
2538 4316 2886 4373 acciderunt.
2947 4311 3075 4368 Fuit
3121 4319 3307 4370 autem
3343 4312 3687 4369 Alexandria:

2100 4408 2393 4482 praefectus
2414 4423 2478 4463 ex
2504 4416 2662 4479 parte
2683 4407 2972 4462 Anastasii
2997 4403 3353 4474 imperatoris
3381 4400 3682 4459 Eustatius.

425 4498 666 4553 Femina.-
718 4495 863 4548 enim
898 4492 1173 4548 desiderio
1213 4502 1419 4554 teneor,
1469 4498 1654 4545 metuo
1683 4499 1867 4547 autem
1930 4506 1997 4546 ne
2024 4500 2078 4562 Ῑ)
2105 4503 2318 4560 Accidit
2349 4504 2513 4559 etiam
2548 4510 2671 4571 post
2709 4499 2846 4556 illud
2889 4501 2946 4554 in
2978 4498 3310 4555 Alexandria
3355 4506 3409 4552 ει
3451 4496 3685 4569 Egyplo

424 4590 481 4645 in
531 4586 828 4658 ignobilem
874 4584 1111 4654 aliquam
1167 4584 1214 4636 si
1262 4582 1500 4636 incidam
1556 4597 1674 4652 quae
1726 4583 2000 4652 pepererit

427 4675 669 4732 nobisin
709 4673 1063 4744 ignominiam
1098 4670 1274 4725 cedet.
1335 4671 1460 4727 Fuit
1508 4687 1639 4740 ergo
1702 4674 1896 4727 domus
1944 4675 1998 4727 in

425 4784 535 4839 qua
566 4765 827 4822 diversatl
863 4772 992 4821 sunt
1022 4764 1245 4818 domino
1284 4765 1394 4818 ﬁlia
1452 4766 1627 4836 virgo,
1680 4765 1839 4836 cujus
1883 4780 2004 4818 ma-

424 4868 564 4914 trem
589 4858 784 4911 adiens
815 4852 1116 4907 Zurmahar
1173 4850 1349 4921 ipsam
1393 4863 1453 4905 ut
1494 4862 1549 4906 et
1605 4861 1813 4919 patrem
1866 4850 2002 4905 allo-

425 4963 586 5006 cutus
609 4961 712 5014 ρει,
750 4946 952 5017 quibus
982 4961 1106 5000 cum
1142 4946 1384 5015 placeret
1408 4944 1538 4996 illud
1583 4944 1726 5012 quod
1770 4944 1839 4998 ab
1870 4942 2005 5013 ipsis

427 5044 607 5111 petiit,
632 5042 734 5110 ipsi
756 5046 1093 5094 annuerunt.
1138 5036 1485 5093 Pernoctavit
1529 5050 1661 5103 ergo
1706 5043 1891 5103 postea
1931 5036 2006 5088 fe-

427 5137 574 5189 mina
609 5135 714 5187 ista
742 5146 864 5186 cuiu
900 5129 1153 5196 Kobado,
1176 5137 1342 5197 atque
1381 5141 1447 5180 ex
1476 5140 1542 5181 eo
1590 5127 1840 5194 gravida-
1862 5126 2005 5182 facta

428 5235 533 5281 est.
565 5226 793 5292 Quoties
820 5230 1000 5278 autem
1025 5219 1091 5275 ad
1144 5220 1318 5291 ipsam
1352 5217 1617 5274 accedere
1650 5217 1813 5273 vellet
1835 5219 2006 5289 jussit

428 5334 550 5375 eam
606 5326 889 5378 retectam.
923 5327 1066 5368 esse.
1146 5311 1521 5380 lnterrogaute
1593 5319 1775 5366 autem
1830 5318 2008 5366 matre

429 5409 608 5473 ipsius
639 5406 707 5461 de
733 5412 876 5459 statu
910 5401 1145 5466 Kobadi,
1180 5416 1305 5456 cum
1336 5402 1412 5455 illi
1470 5401 1736 5457 indicaret
1799 5400 2005 5458 vidisse

431 5516 491 5555 se
548 5498 827 5554 feuiuralia
889 5499 1060 5567 ipsius
1122 5495 1426 5551 boloserica
1495 5510 1633 5549 auro
1689 5495 2003 5562 intertexta,

429 5590 685 5663 cognovit
719 5601 899 5645 mater
933 5590 1113 5660 ipsum
1146 5603 1178 5644 e
1213 5588 1417 5644 familia
1448 5590 1591 5659 regia
1611 5604 1753 5653 esse,
1787 5604 1852 5644 ac
1910 5588 2003 5643 la:-

432 5698 541 5741 tata
580 5693 684 5740 est.
722 5683 1003 5739 Accedens
1034 5693 1214 5738 autem
1247 5681 1435 5739 Kobad
1476 5684 1542 5739 ad
1592 5683 1949 5741 Cliaclianum
1985 5698 2001 5737 :

330 5805 344 5815 -
434 5777 792 5852 Egotinquit)
830 5776 975 5835 ﬁlius
1030 5793 1152 5835 sum
1201 5779 1347 5849 regis
1405 5776 1716 5846 Persarum,
1769 5785 1824 5832 at
1883 5784 2005 5848 post

2103 4596 2281 4652 fames
2312 4595 2520 4666 gravis,
2555 4594 2697 4650 adeo
2725 4602 2786 4647 ut
2811 4592 2994 4648 inedia
3028 4599 3379 4646 morerentur
3405 4590 3686 4657 homines,

2104 4686 2477 4755 desolataeque
2531 4689 2719 4739 essent
2768 4679 3100 4736 Alexandria
3154 4686 3211 4735 et
3251 4677 3521 4747 Egyptus
3574 4691 3686 4746 prae

2108 4786 2264 4847 peste
2312 4783 2367 4831 et
2410 4781 2587 4829 morte
2617 4787 2739 4842 quae
2771 4771 3022 4825 homines
3068 4769 3290 4824 invasit.
3338 4767 3463 4820 Erat
3502 4775 3682 4820 autem

2106 4866 2458 4922 Alexandriae
2520 4861 2745 4918 Judteus
2811 4862 3038 4932 quidam
3107 4859 3396 4929 opulentus
3460 4858 3683 4914 nomine

2111 4960 2286 5020 Urbib
2328 4958 2446 5031 (qui
2480 4965 2668 5027 postea
2724 4940 3196 5011 cliristianismum
3239 4952 3523 5023 amplexus
3552 4951 3680 5023 est),

2109 5051 2203 5123 qui
2232 5048 2569 5121 pauperibus
2611 5045 2844 5102 mortuis
2892 5045 3178 5101 involucra
3223 5044 3494 5114 pmstitit.
3535 5041 3681 5098 Idem

2106 5143 2195 5199 die
2225 5140 2511 5197 Pascliatis
2542 5137 2826 5194 Dominico
2872 5152 3103 5209 magnas
3134 5136 3418 5194 distribuit
3451 5135 3681 5191 eleemo-

2110 5249 2281 5306 synas
2340 5231 2396 5287 in
2452 5230 2701 5286 Ecclesia
2752 5228 2973 5284 Arcadii
3010 5227 3156 5301 [quo
3209 5225 3489 5299 tempore]
3526 5226 3685 5281 turba

2108 5322 2414 5394 compressi
2456 5321 2659 5377 mortui
2708 5327 2837 5376 sunt
2870 5318 2977 5374 viri
3024 5319 3283 5374 trecenti.
3329 5315 3503 5372 Porro
3538 5330 3686 5370 anno

2108 5413 2327 5485 imperii
2359 5411 2639 5467 Anastasii
2693 5408 3072 5466 Romanorum
3122 5407 3475 5479 imperatoris
3526 5420 3685 5463 sexto

2111 5504 2451 5560 constitutus
2510 5512 2596 5559 est
2664 5501 2906 5558 Joannes
2979 5502 3284 5559 monachus
3368 5502 3685 5572 patriarcha

2109 5592 2536 5657 Alexandrinus,
2566 5592 2659 5662 qui
2684 5590 2934 5646 Jacobita
2993 5590 3095 5646 fuit
3126 5607 3141 5646 :
3173 5591 3317 5647 sedit
3363 5606 3540 5647 annos
3589 5608 3687 5646 no-

2109 5699 2254 5751 vem,
2289 5685 2417 5769 dein
2451 5692 2705 5741 mortuus
2729 5692 2835 5740 est.
2868 5685 3028 5740 Anno
3049 5683 3263 5753 imperii
3304 5683 3547 5755 ejusdem
3583 5684 3684 5738 de-

2109 5777 2250 5877 cim?
2281 5777 2477 5863 quinto
2528 5775 2724 5865 factus
2778 5785 2864 5835 est
2903 5775 3145 5835 Joannes
3178 5775 3315 5834 alter
3368 5774 3682 5847 patriarcha
