4116 6406
434 349 576 415 1063

1453 343 1828 405 EUTYClIlI
1870 338 2416 402 ALEXANDRINI
2450 339 2670 400 PATR.

3571 323 3712 386 106ιὶ

433 455 864 520 Alexandrinus,
895 453 992 524 qui
1049 452 1213 507 etiam
1253 448 1524 515 Jacobita,
1575 461 1629 504 et
1683 463 1807 503 cum
1840 453 2089 509 annosA
2125 463 2268 513 rum,
2306 447 2490 516 ibique
2539 442 2853 515 degentium
2913 447 3081 496 statu.
3148 438 3248 494 llle
3289 450 3423 507 ergo
3474 434 3603 504 ipsi,
3665 441 3720 485 et

429 550 688 607 undecim
722 547 960 604 sedisset
993 551 1246 600 mortuus
1273 551 1377 598 est.
1411 541 1569 597 Anno
1593 541 1836 611 ejusdem
1867 540 2014 594 vice-

431 646 574 698 simo
610 648 769 697 sexto
827 638 1005 694 factus
1048 646 1134 692 est
1197 634 1496 690 Dioscorus
1530 633 1840 702 patriarcha
1892 631 2016 684 Alc-

433 735 759 798 xandrinus,
795 729 1044 785 Jacobita
1093 729 1283 791 etiam,
1338 723 1692 796 133-135
1744 723 1837 794 qui
1885 738 2012 777 cum

434 841 641 880 annum
684 840 852 878 unum
892 821 1128 877 sedisset
1163 832 1414 874 mortuus
1446 826 1550 874 est.
1584 818 1744 870 Anno
1767 813 2013 884 ejusdem

432 916 700 971 vicesimo
729 913 963 984 septimo
997 912 1338 965 constitutus
1370 920 1452 963 est
1473 907 1792 961 Timotheus
1815 905 2016 960 ibidem

433 1009 792 1077 patriarcha:
835 1007 923 1061 hic
978 1005 1142 1060 etiam
1203 1002 1455 1058 Jacobita
1506 1001 1628 1066 fuit,
1673 1001 1810 1055 duos
1844 1013 2020 1054 annos

435 1101 598 1162 sedit,
629 1099 752 1154 dein
781 1098 902 1150 loco
934 1095 1220 1149 abdicatus
1248 1103 1358 1150 est.
1395 1092 1553 1147 Anno
1596 1092 1808 1160 imperii
1841 1090 2016 1160 ipsius

433 1203 633 1263 quarto
677 1190 1010 1245 c0nstitutus
1043 1195 1126 1242 est
1213 1186 1533 1242 Timotheus
1575 1185 1681 1256 (vel
1710 1183 2013 1239 secundum

434 1282 582 1337 aliud
615 1279 894 1349 exemplar
929 1275 1339 1348 Macedonius),
1369 1277 1681 1347 patriarcha
1701 1273 2020 1329 Constanti-

435 1376 791 1444 nopolitanus
829 1391 840 1426 :
872 1388 968 1428 sex
1003 1387 1178 1426 annos
1233 1371 1398 1436 sedit,
1425 1369 1548 1424 dein
1605 1379 1854 1423 mortuus
1909 1375 2013 1424 est.

431 1469 591 1521 Anno
620 1463 864 1534 ejusdem
900 1478 1042 1516 nouo
1070 1463 1408 1515 constitutus
1443 1469 1527 1514 est
1567 1457 1892 1512 Timotheus
1923 1471 2018 1527 pa-

434 1558 676 1611 triarcha
736 1555 1443 1622 Constantinopolitanus,
1504 1551 1596 1622 qui
1668 1567 1762 1606 sex
1843 1565 2016 1606 annos

433 1650 594 1713 sedit,
622 1647 750 1702 dein
810 1657 1058 1700 mortuus
1109 1655 1231 1700 est.
1290 1647 1451 1699 Anno
1499 1643 1743 1714 ejusdem
1804 1641 2020 1696 dvcimo

433 1741 628 1810 quinto
683 1737 861 1793 factus
914 1748 999 1793 est
1055 1735 1300 1791 Joannes
1348 1736 1649 1806 Cappadox
1706 1735 2017 1804 patriarcha

2132 540 2325 593 urbem
2358 549 2412 592 et
2447 539 2538 607 qui
2572 551 2690 591 eam
2731 534 3038 588 incolerent
3066 531 3206 586 bene
3231 545 3291 585 se
3327 528 3528 584 habere
3554 527 3714 581 dixit.

2132 631 2511 686 lllelchitarum
2564 629 2732 685 etiam
2796 625 3104 680 doctrinam
3151 621 3382 692 ejusque
3425 619 3712 674 veritatem

2129 726 2232 796 ipsi
2264 724 2563 796 exposuit;
2598 733 2650 778 et
2676 720 2995 791 quicunque
3030 723 3223 772 contra
3283 713 3518 771 sentiret
3557 727 3714 768 exse-

2130 816 2394 870 crabilem
2451 829 2597 870 esse.
2661 812 2810 867 Dixit
2865 812 3031 866 etiam
3097 810 3248 880 ipsi:
3312 806 3595 875 Negamus
3663 811 3712 856 te

2132 907 2433 964 Ecclesiam
2468 921 2536 960 ne
2572 906 2798 969 turbes;
2853 903 3098 973 quandiu
3127 901 3274 955 enim
3323 899 3380 952 in
3425 912 3557 967 pace
3602 911 3712 946 ma-

2130 1009 2224 1055 net
2267 999 2540 1064 Ecclesia,
2590 1013 2692 1051 nos
2731 996 2897 1051 etiam
2965 992 3367 1063 tranquillitate
3416 988 3652 1042 fruimur
3701 1000 3714 1036 :

2131 1107 2198 1147 ne
2232 1100 2415 1146 autem
2457 1089 2921 1144 heterodoxorum
2955 1085 3282 1141 sententiam
3337 1078 3713 1150 amplectaris.

2127 1184 2339 1237 Annuit.
2364 1196 2493 1250 ergo
2519 1197 2612 1235 rex
2644 1180 2749 1249 ipsi
2780 1180 2832 1233 in
2859 1178 2928 1232 iis
2949 1193 3070 1246 quae
3095 1176 3248 1246 petiit
3275 1172 3710 1238 monachosque,

2131 1275 2358 1331 collatis
2387 1274 2442 1328 in
2470 1273 2624 1344 ipsos
2654 1271 3000 1336 muneribus,
3047 1267 3430 1336 Hierosolyma
3517 1262 3713 1318 reverti

2123 1369 2315 1439 jussit,
2346 1366 2568 1436 scriptis
2599 1365 2662 1420 ad
2695 1365 2863 1418 Eliatn
2903 1362 3273 1434 patriarcham
3314 1356 3714 1426 Hierosalymi-

2131 1469 2320 1515 tanum
2369 1459 2566 1514 litteris
2597 1458 2802 1528 quibus
2873 1458 3048 1526 ipsius
3105 1454 3352 1530 epistolae
3406 1450 3712 1519 respondit.

2134 1553 2334 1608 Sabatn
2397 1560 2580 1606 autem
2639 1550 2783 1620 apud
2835 1565 2894 1603 se
2944 1563 3169 1602 manere
3207 1547 3393 1615 jussit.
3425 1544 3528 1611 Qui
3559 1557 3712 1611 ergo,

2131 1646 2368 1701 reversis
2403 1643 2688 1699 monachis
2715 1641 3112 1710 Hierosolyma,
3140 1640 3212 1694 ibi
3247 1640 3515 1702 substitit,
3538 1637 3714 1691 donec

2133 1745 2256 1805 post
2283 1751 2486 1790 annum
2520 1734 2757 1790 abeundi
2785 1735 3000 1803 copiam
3031 1743 3248 1799 petens,
3279 1731 3575 1791 obtineret,
3601 1738 3715 1782 tra-

434 1832 665 1895 ibidem,
707 1831 801 1900 qni
829 1846 1024 1884 novem
1057 1845 1234 1884 annos
1272 1829 1433 1891 sedit,
1466 1828 1591 1882 dein
1624 1837 1878 1881 mortuus
1913 1835 2018 1880 est.
2055 1814 2096 1867 Β
2127 1831 2390 1900 deretque
2446 1828 2554 1900 ipsi
2611 1828 2911 1897 imperator
2948 1827 3033 1882 bis
3083 1825 3231 1880 mille
3280 1839 3501 1887 aureos,
3551 1821 3716 1876 Utere

432 1929 594 1977 Anno
621 1923 871 1992 ejusdem
911 1922 1180 1976 vicesimo
1219 1931 1419 1990 quarto
1474 1919 1652 1974 factus
1685 1928 1770 1974 est
1813 1919 2022 1989 Anthy-

437 2033 559 2071 ntus
588 2015 899 2086 patriarcha
963 2015 1188 2078 ibidem,
1248 2014 1344 2084 qui
1377 2011 1625 2070 Jacobita
1668 2012 1793 2078 fuit,
1846 2028 2022 2067 annos

433 2113 680 2181 quinque
713 2111 875 2172 sedit,
908 2109 1033 2164 dein
1100 2108 1378 2178 relegatus
1435 2115 1540 2159 est.
1597 2106 1756 2158 Anno
1808 2101 2023 2172 imperii

433 2205 608 2276 ipsius
638 2211 834 2274 quarto
867 2203 1200 2256 constitutus
1236 2208 1320 2254 est
1387 2197 1646 2264 Pelagius
1708 2196 2022 2266 patriarcha

435 2295 852 2363 Romanus,qui
877 2302 1117 2363 quatuor
1169 2306 1346 2346 annos
1398 2291 1563 2353 sedit,
1612 2283 1737 2344 dein
1772 2297 2023 2343 mortuus

431 2398 539 2445 est.
577 2391 734 2442 Anno
769 2387 1014 2457 ejusdem
1047 2393 1245 2439 octavo
1285 2385 1624 2439 constitutus
1665 2393 1748 2436 est
1778 2383 2023 2436 Anasta-

431 2485 551 2535 sius
581 2479 894 2549 patriarcha
923 2476 1231 2556 Romanus,
1262 2477 1354 2546 qui
1387 2492 1513 2529 cum
1549 2491 1754 2528 annum
1790 2475 2026 2530 sedisset

435 2582 687 2628 mortuus
715 2579 820 2626 est.
865 2571 1024 2623 Anno
1060 2568 1307 2639 ejusdem
1337 2584 1484 2622 nono
1525 2567 1708 2627 factus
1734 2575 1817 2622 est
1861 2569 2023 2639 Sym-

435 2660 662 2713 machus
693 2657 894 2712 ibidem
931 2656 1247 2726 patriarcha
1274 2657 1368 2726 qui
1404 2671 1580 2710 annos
1606 2657 2023 2726 quatuordecim

431 2753 596 2814 sedit,
651 2749 781 2806 dein
836 2759 1093 2805 mortuus
1149 2758 1254 2803 est.
1309 2749 1470 2804 Anno
1524 2750 1739 2818 imperii
1779 2750 2023 2818 ejusdem

434 2852 634 2912 quarto
664 2843 1002 2897 constitutus
1028 2852 1112 2896 est
1145 2840 1442 2897 Flavianus
1475 2841 1794 2910 patriarcha
1830 2843 2024 2895 Antio.

435 2936 646 2990 rhenus
699 2936 790 3004 qui
854 2950 1031 2990 annos
1084 2933 1508 3004 quatuordecim
1562 2933 1728 2998 sedit,
1781 2934 1907 2988 dein
1968 2935 2024 2988 in

432 3028 689 3082 exsilium
732 3028 927 3097 pulsus
967 3037 1073 3082 est.
1117 3025 1248 3079 Fuit
1307 3036 1490 3080 autem
1538 3026 1865 3080 Anastasius
1921 3027 2024 3080 im-

435 3125 657 3188 perator
711 3121 996 3175 sententiae
1047 3118 1436 3174 Melchitarum
1497 3119 1784 3184 adversus,
1832 3126 2023 3190 utpote

439 3211 602 3282 136
648 3211 923 3267 Jacobita.
977 3211 1162 3278 Quare
1197 3212 1421 3281 scriptis
1469 3212 1536 3266 ad
1589 3212 1770 3283 ipsum
1822 3212 2021 3267 litteris

439 3300 585 3353 Elius
616 3302 929 3369 patriarcha
958 3301 1496 3372 Hierosolymitanus
1555 3302 1844 3356 veritatem
1893 3316 2024 3356 sen-

439 3394 625 3447 tentia:
662 3391 1040 3447 Melchitarum
1098 3393 1202 3462 ipsi
1260 3393 1538 3462 exposuit,
1586 3401 1641 3448 et
1707 3392 2024 3463 quicunque

437 3486 780 3538 contrarium
836 3483 972 3553 ipsis
1017 3494 1290 3539 assereret
1344 3484 1693 3538 maledictum
1741 3499 1885 3539 esse.
1922 3483 2024 3537 Mi-

440 3575 623 3643 sitque
679 3573 748 3628 ad
802 3573 982 3642 ipsum
1042 3574 1426 3628 ctenobiorum
1481 3574 1832 3644 praepositos,
1886 3575 2028 3629 inter

403 3689 406 3696 -
441 3679 582 3734 quos
624 3673 784 3719 erant
814 3663 1165 3722 Theodosius
1217 3666 1516 3735 praefectus
1553 3667 1883 3722 monasterii
1938 3667 2030 3721 Al-

441 3755 742 3821 dawakesi,
771 3755 1108 3812 Charitanus
1132 3758 1432 3826 praefectus
1469 3758 1688 3814 AlSaiki
1721 3761 1944 3826 veteris,
1975 3770 2031 3815 et

443 3848 589 3904 Saba
622 3848 916 3921 praefectus
945 3850 1012 3904 Al
1046 3849 1203 3906 Saiki
1248 3853 1397 3918 novi,
1433 3854 1527 3923 qui
1551 3854 1809 3911 omnibus
1845 3855 2027 3926 (locis)

444 3944 548 3997 hoc
573 3941 797 3998 nomine
823 3945 1119 4013 appellatis
1155 3954 1412 4016 praeerat,
1451 3955 1506 4000 et
1535 3944 1702 4001 Saiko
1757 3950 1951 4015 veteri,
1979 3951 2027 4004 ei

441 4036 655 4090 scilicet
684 4035 778 4105 qui
805 4034 1092 4091 Charitani
1113 4046 1254 4104 erat,
1287 4053 1411 4094 cum
1445 4041 1636 4095 multis
1668 4055 1698 4095 e
1728 4042 2031 4096 monacho-

444 4143 566 4184 rum
583 4127 882 4197 praefectis,
915 4128 1062 4184 inter
1086 4145 1226 4200 quos
1259 4140 1313 4186 et
1340 4132 1674 4187 sacerdotes.
1704 4131 1828 4187 Haec
1846 4143 2028 4189 autem

449 4217 669 4286 scripsit
698 4236 710 4270 :
735 4215 859 4272 Misi
885 4218 950 4271 ad
971 4227 1025 4272 te
1043 4219 1250 4274 multos
1269 4235 1301 4275 e
1319 4220 1411 4274 Dei
1440 4221 1634 4284 servis,
1659 4231 1713 4277 et
1733 4225 2031 4277 monacho-

448 4323 566 4361 rum
589 4308 790 4362 deserti
808 4309 982 4362 nostri
1003 4309 1312 4379 prtelectos,
1341 4313 1643 4384 interjquos
1667 4323 1724 4369 et
1747 4315 1891 4371 Saba
1915 4317 2033 4370 exi-

449 4405 594 4456 mius
617 4403 707 4457 ille
736 4403 826 4473 qui
854 4405 1133 4458 desertum
1164 4417 1415 4460 nostrum
1447 4408 1498 4461 in
1533 4411 1698 4463 urbes
1729 4409 2026 4476 convertit,

2127 1921 2411 1991 (inquens)
2441 1921 2685 1976 nummis
2718 1921 2842 1975 istis
2871 1920 2936 1973 ad
2971 1916 3306 1973 monasteria
3341 1913 3708 1971 exstruenda.

2125 2012 2270 2068 Saba
2302 2029 2434 2085 ergo
2466 2013 2854 2084 Hierosolyma
2884 2011 3068 2066 rediit.

2199 2107 2372 2161 Porro
2403 2106 2503 2161 fuit
2537 2105 3023 2174 Constantinopoli
3080 2105 3165 2158 vir
3207 2103 3432 2172 quidam
3486 2101 3716 2157 nomine

2129 2195 2422 2260 Severus,’
2452 2197 2544 2266 qui
2584 2196 2832 2252 Dioscori
2859 2203 2911 2250 et
2937 2194 3191 2265 Eutychii
3234 2194 3564 2248 sententiam
3597 2206 3717 2246 aut-

2128 2289 2325 2358 plexns
2379 2299 2485 2352 est,
2541 2305 2705 2342 unam
2767 2303 3024 2343 asserens
3087 2293 3366 2350 naturam,
3423 2299 3714 2355 personam

2127 2395 2313 2443 unam,
2343 2381 2679 2434 voluntatem
2715 2395 2900 2434 unam.
2935 2377 3036 2434 ilic
3063 2378 3130 2432 ad
3161 2377 3517 2434 Anastasium
3543 2377 3720 2446 impe-

2127 2481 2366 2526 ratorem
2403 2473 2699 2537 accedens,
2739 2473 2878 2527 dixit
2928 2472 3035 2542 ipsi
3065 2472 3358 2541 episcopos
3407 2472 3544 2526 istos
3589 2487 3717 2527 sex-

2124 2573 2320 2620 centos
2348 2572 2403 2620 et
2432 2565 2656 2633 triginta
2692 2566 2786 2634 qui
2820 2565 2875 2619 in
2936 2564 3073 2618 urbe
3113 2563 3467 2617 Chalcedone
3507 2578 3714 2618 conve-

2127 2657 2344 2710 nientes
2400 2655 2456 2709 in
2521 2655 2848 2710 Dioscorum
2899 2667 2953 2710 et
3018 2653 3352 2723 Eutychium
3419 2659 3715 2707 anathema

2133 2749 2293 2821 140
2333 2751 2616 2812 dixerunt,
2643 2749 2787 2802 male
2837 2748 2892 2802 in
2925 2749 3028 2801 hoc
3059 2747 3294 2801 fecisse:
3337 2760 3523 2800 veram
3564 2747 3716 2799 stili-

2128 2853 2214 2896 cet
2249 2842 2410 2897 fidem
2467 2857 2593 2897 esse
2631 2856 2794 2911 quam
2848 2838 3087 2909 professi
3139 2849 3270 2895 sunt
3326 2839 3630 2910 Eutychius
3659 2848 3718 2894 et

2129 2934 2446 2990 Dioscorus.
2481 2934 2602 2989 Noli
2636 2949 2766 3004 ergo
2798 2931 3022 3003 (inquit)
3067 2930 3468 2986 monachorum
3493 2931 3589 2999 qui
3644 2930 3715 2984 ad

2128 3034 2180 3080 te
2240 3026 2643 3097 Hierosolymis
2694 3031 2968 3078 venerunt
3021 3023 3360 3076 sententiam
3418 3022 3713 3091 amplecti,

2131 3127 2320 3187 utpote
2344 3134 2468 3188 quae
2495 3118 2632 3173 falsa
2665 3118 2740 3170 sit
2776 3133 2792 3172 :
2837 3130 3030 3171 verum
3073 3114 3396 3185 perscriptis
3427 3114 3494 3168 ad
3521 3129 3716 3169 omnes

2129 3206 2370 3260 ditiones
2422 3218 2545 3260 tuas
2583 3205 2782 3260 litteris
2809 3206 3007 3274 jnbeas
3065 3207 3343 3261 sexcentis
3388 3214 3443 3258 et
3483 3204 3712 3274 triginta

2127 3300 2399 3372 episcopis
2439 3300 2534 3370 qui
2580 3298 2916 3354 Chalcedoni
2970 3308 3352 3354 convenerunt
3410 3299 3706 3353 anathema

2127 3391 2468 3458 denuntiari,
2491 3392 2854 3460 hominesque
2878 3392 3128 3462 impellas
3149 3391 3213 3445 ad
3245 3407 3408 3445 unam
3431 3401 3714 3455 naturam,

2129 3485 2468 3539 voluntatem
2495 3498 2682 3548 unam,
2717 3499 2990 3555 unamque
3018 3500 3309 3554 personam
3331 3484 3714 3555 profitendam.

2131 3575 2190 3630 In
2225 3591 2336 3646 quo
2365 3575 2560 3629 annuit
2621 3577 2722 3646 ipsi
2776 3577 3098 3647 imperator.
3156 3578 3359 3633 Audito
3413 3592 3544 3646 ergo
3579 3575 3713 3646 quid

2135 3672 2318 3724 facere
2344 3670 2625 3724 statuisset
2661 3670 2989 3725 Anastasius
3013 3670 3336 3740 imperator,
3375 3671 3597 3746 scripsit
3645 3671 3715 3724 ad

2133 3766 2313 3834 ipsum
2357 3760 2654 3817 Flavianus
2689 3764 3004 3832 patriarcha
3040 3763 3446 3827 Antiochenus,
3477 3763 3719 3816 suadens

2133 3873 2203 3913 ne
2261 3859 2392 3912 illud
2453 3859 2602 3928 quod
2657 3836 2871 3913 diceret
2931 3858 3168 3913 Severus
3219 3858 3452 3913 faceret.
3513 3856 3720 3912 Verum

2132 3953 2276 4007 enim
2320 3953 2602 4023 amplexos
2639 3968 2766 4007 esse
2821 3953 3115 4023 episcopos
3155 3963 3451 4007 sexcentos
3497 3952 3720 4021 triginta

2131 4047 2227 4117 qui
2259 4044 2598 4101 Chalcedoni
2642 4055 3044 4110 convenerunt,
3085 4053 3139 4099 et
3173 4045 3267 4115 qui
3311 4046 3600 4099 sententia:
3634 4045 3724 4113 ip-

2135 4154 2324 4192 sorum
2359 4137 2768 4192 contradiceret
2809 4137 3203 4195 exsecrabilem
3238 4153 3386 4192 esse.
3415 4137 3499 4190 Ira
3532 4144 3718 4191 autem

2136 4245 2404 4285 accensus
2466 4230 2771 4300 imperator
2827 4226 3329 4302 missis'lnuntiisj
3396 4227 3719 4283 Flavianum

2137 4320 2513 4391 patriarcham
2544 4319 2953 4375 Antiochenum
2985 4319 3240 4374 exsulare
3272 4319 3457 4388 jussit,
3489 4318 3720 4375 suffecto

2137 4411 2257 4468 vice
2286 4413 2462 4484 ipsius
2497 4413 2550 4467 in
2579 4413 3013 4482 patriarchatum
3067 4411 3268 4467 ibidem
3323 4412 3552 4469 Severo.
3584 4412 3722 4466 Cum

447 4509 744 4564 ipsumque
780 4495 1014 4550 habitari
1072 4495 1219 4562 fecit,
1261 4499 1356 4567 qui
1402 4509 1457 4554 et
1511 4498 1819 4555 Palaestinae
1869 4500 2027 4555 stella
2063 4520 2106 4574 ι)
2137 4519 2270 4572 ergo
2319 4504 2587 4559 audiisset
2642 4501 2760 4556 Elia
2791 4503 3128 4573 {patriarcha
3184 4502 3722 4573 Hierosolymitanns

443 4596 556 4640 est.
622 4587 759 4640 Cum
809 4597 993 4642 autem
1052 4588 1589 4661 Constantinopolim
1657 4593 2035 4662 pervenissent

450 4676 709 4731 monachi
744 4679 963 4748 eopiam
1003 4678 1350 4753 (accedendi)
1395 4684 1464 4737 ab
1516 4683 1813 4738 Anastasio
1865 4682 2036 4752 petie-

451 4783 603 4834 runt,
645 4772 741 4843 qui
791 4772 930 4840 ipsis
985 4774 1306 4830 introeundi
1351 4777 1568 4848 veniam
1621 4777 1921 4832 concessit.
1953 4778 2033 4830 Ad

452 4878 634 4932 regem
667 4879 800 4934 ergo
830 4865 1069 4934 ingressi
1102 4876 1256 4923 sunt.
1293 4866 1421 4923 Fuit
1469 4880 1653 4925 autem
1699 4868 1843 4923 Saba
1871 4869 2036 4925 vesti-

455 4956 562 5010 bus
591 4956 735 5010 tritis
759 4957 1003 5022 indutus,
1035 4974 1352 5028 quarecum
1385 4977 1524 5031 pone
1547 4972 1778 5019 caeteros
1795 4977 1854 5018 se
1869 4963 2039 5018 conti-

453 5053 629 5108 nerct,
677 5046 1080 5114 prohibuerunt
1130 5051 1306 5118 ipsum
1338 5053 1550 5106 ostiarii
1611 5053 1680 5108 ab
1745 5056 2034 5124 ingressu.

453 5137 590 5192 Cum
639 5151 774 5206 ergo
833 5139 1059 5209 legisset
1123 5143 1456 5199 Anastasius
1532 5144 1834 5215 imperator
1908 5148 2038 5202 Elin

456 5231 779 5299 patriarcha;
840 5229 1334 5306 llierosolymitani
1391 5237 1709 5306 epistolam,
1768 5239 2034 5305 Quisnam

456 5325 661 5394 (inquit
698 5325 1008 5398 monachis)
1066 5342 1096 5381 e
1154 5329 1313 5382 vobis
1361 5339 1447 5383 est
1502 5329 1642 5384 Saba
1707 5332 1810 5386 iste
1861 5333 1912 5386 in
1953 5334 2038 5388 his

451 5417 658 5473 iitteris
683 5416 982 5475 laudatus?
1014 5419 1092 5472 llli
1143 5421 1653 5492 circumSpicientes
1709 5441 1835 5479 cum
1891 5427 2038 5484 haud

455 5509 654 5566 adesse
716 5510 896 5580 ipsum
953 5512 1226 5579 viderent,
1292 5514 1474 5583 ipsum
1542 5531 1848 5573 accersere.
1899 5521 2038 5575 Cum

453 5609 641 5653 autem
700 5599 766 5654 ad
846 5601 1229 5672 imperatorem
1295 5605 1663 5677 137-139
1757 5609 2041 5680 ingressus

461 5699 631 5754 esset,
667 5691 758 5746 ille
785 5696 848 5748 ad
889 5697 950 5748 se
978 5697 1206 5766 propius
1257 5701 1521 5755 accedere
1570 5700 1813 5771 jussum,
1849 5704 2037 5773 juxta-

463 5792 571 5844 que
603 5795 662 5834 se
691 5783 1039 5852 collocatum,
1097 5789 1453 5862 interrogavit
1506 5791 1572 5849 de
1631 5791 2042 5867 Hierosolymo-

2137 4596 2461 4651 Flavianum
2496 4596 2552 4649 in
2590 4594 2847 4650 exsilium
2877 4595 3094 4664 pulsum
3148 4609 3295 4660 esse,
3352 4609 3417 4649 ac
3456 4596 3723 4650 Severum

2139 4691 2191 4744 in
2223 4691 2402 4743 locum
2437 4689 2612 4757 ipsius
2662 4685 2974 4754 suffectum,
3022 4689 3349 4742 convocavit
3395 4703 3581 4742 coram
3632 4687 3723 4741 Sc-

2140 4779 2330 4848 pulcro
2360 4785 2414 4831 et
2444 4776 2720 4846 Golgotha
2752 4779 3080 4842 monachos,
3122 4778 3216 4846 qui
3255 4777 3309 4830 in
3365 4778 3723 4832 Anastasium

2140 4871 2529 4939 imperatorem
2561 4878 2614 4922 et
2635 4869 2897 4924 Severum
2929 4870 3334 4939 patriarcham,
3367 4879 3422 4924 et
3451 4879 3723 4940 quotquot

2141 4962 2316 5032 ipsius
2354 4963 2688 5016 sententiam
2726 4961 3219 5031 amplecterentur,
3278 4963 3572 5017 anathema
3626 4965 3728 5016 de-

2147 5053 2498 5108 nuntiarunt.
2526 5054 2858 5110 Anastasius
2887 5069 3020 5123 ergo
3051 5055 3351 5125 imperator
3375 5056 3563 5110 audito
3590 5055 3724 5124 quid

2143 5146 2360 5201 fecisset
2393 5146 2508 5201 Elia
2562 5146 2878 5217 patriarcha
2913 5147 3271 5218 141-143
3330 5147 3723 5216 Hierosolymi-

2142 5248 2328 5306 tanus,
2362 5241 2609 5306 mittens,
2640 5239 2822 5311 ipsum
2860 5240 2994 5295 llam
3043 5241 3308 5311 relegavit
3339 5241 3529 5313 (idque
3579 5253 3724 5294 anno

2145 5332 2361 5402 imperii
2424 5331 2706 5387 Anastasii
2764 5331 3036 5387 vicesimo
3097 5332 3308 5402 tertio),
3367 5333 3729 5403 praefecitquc

2143 5423 2538 5496 Hierosolymis
2563 5425 2935 5495 patriarcham
2970 5425 3265 5495 quemdam
3290 5428 3515 5482 nomine
3557 5425 3725 5480 Joan-

2144 5531 2292 5583 nem,
2351 5524 2541 5587 utpote
2593 5515 2686 5586 qui
2745 5516 2849 5587 ipsi
2881 5517 3215 5587 promiserat
3253 5534 3312 5574 se
3343 5519 3398 5572 in
3437 5519 3727 5589 episcopos

2146 5620 2443 5666 sexcentos
2471 5609 2697 5679 triginta
2724 5609 3164 5679 quiChalcedoni
3196 5611 3569 5667 interfuerunt
3597 5627 3725 5665 ana-

2145 5702 2331 5756 thema
2359 5702 2661 5756 dieturum.
2690 5701 2794 5758 Ubi
2820 5717 2950 5773 ergo
2974 5702 3354 5774 Hierosolyma
3377 5707 3725 5769 accessisset,

2143 5785 2569 5889 iconvenientes,
2614 5796 2796 5868 ipsum
2828 5797 3093 5889 monachi
3123 5805 3177 5855 et
3207 5797 3392 5886 .Saba;
3440 5797 3562 5856 Noli
3619 5797 3723 5868 (in-
3791 5785 3802 5793 ’
