4116 6442
391 314 530 379 1065

1829 311 2199 373 ANNALES.

3502 305 3639 372 1066

387 428 607 499 quium)
638 424 824 479 Severi
855 425 1180 480 sententiam
1211 424 1484 496 amplecti,
1532 424 1627 480 sed
1661 424 1957 480 concilium
1992 443 2036 490 Α
2066 423 2335 480 Jacobitis
2372 422 2729 493 respondere,
2758 433 2811 476 et
2838 420 3104 477 doctrina.-
3137 422 3384 492 ipsorum
3427 421 3644 479 falsita-

387 518 836 577 Cbalcedoncnse
848 532 1151 589 propugna:
1171 515 1338 590 [quod
1354 517 1398 572 si
1420 515 1965 589 feceris],nosomnes

387 628 415 667 a
454 611 704 682 partibus
733 611 842 665 tuis
883 610 1175 665 stabimus.
1211 609 1368 676 Quod
1395 609 1486 664 ille
1510 609 1640 678 ipsis
1668 607 1962 678 pollicitus,

388 705 725 761 contrarium
762 705 810 757 ei
879 702 1024 772 quod
1098 703 1201 773 ipsi
1254 694 1609 756 mandaverat
1667 700 1966 769 imperator

389 796 539 851 fecit.
611 793 824 865 Cujus‘
869 794 949 848 rei
1014 795 1217 848 certior
1283 792 1459 846 factus
1543 792 1861 861 imperator,
1936 805 1968 844 e

390 887 629 943 ducibus
677 888 793 941 suis
845 886 1139 956 quemdam
1190 885 1364 949 misit,
1407 885 1497 954 qui
1545 881 1813 939 Joannem
1868 901 1968 957 pa-

390 979 686 1033 triarcham
749 976 1338 1049 Hierosolymitanum,
1394 975 1527 1029 illud
1584 976 1761 1030 facere
1818 983 1965 1048 quod

392 1072 721 1142 promiserat
782 1077 1051 1134 moneret,
1124 1076 1301 1139 utque
1387 1069 1604 1123 concilii
1661 1068 1967 1125 Chalcedo-

393 1165 579 1218 nensis
631 1162 963 1218 mentionem
1011 1159 1197 1214 facere
1251 1159 1565 1223 desisteret,
1619 1161 1703 1215 sin
1754 1161 1967 1233 minus,

392 1252 655 1311 cathedra
698 1252 1002 1308 abdicaret.
1042 1250 1329 1306 Accedens
1353 1266 1485 1321 ergo
1517 1252 1628 1305 dux
1659 1252 1759 1306 iste
1799 1252 1968 1307 Joan-

395 1360 515 1399 nem
544 1342 916 1415 patriarchatn
945 1342 1278 1413 prehensum
1310 1342 1362 1395 in
1394 1356 1672 1395 carcerem
1703 1343 1967 1412 conjecit.

380 1435 563 1503 ,Quem
598 1434 672 1489 ibi
705 1428 1265 1487 adeuntesmonachi
1313 1431 1363 1485 ei
1399 1442 1690 1486 suaserunt
1723 1443 1782 1487 ut
1829 1433 1968 1488 idem

393 1528 520 1584 duci
577 1541 638 1582 se
694 1526 966 1580 iacturum
1017 1525 1393 1595 polliceretur,
1438 1523 1581 1594 quod
1654 1526 1969 1594 imperatori

396 1616 676 1689 pollicitus
709 1616 1055 1680 fuerat,eum
1092 1622 1274 1668 autem
1320 1616 1536 1668 adesset
1597 1630 1788 1668 omnes
1847 1616 1972 1671 illos

393 1707 743 1763 anathemate
783 1706 966 1760 feriret
1010 1720 1149 1776 quos
1192 1704 1794 1759 anathematizaxerant
1857 1722 1975 1762 mo-

396 1800 582 1857 nachi.
611 1798 767 1866 Quod
804 1813 930 1854 cum
969 1797 1211 1864 fecisset,
1248 1798 1638 1853 convenientes
1694 1800 1969 1866 monachi,

398 1909 628 1950 nmnero
651 1893 871 1947 circiter
924 1890 1110 1946 decies
1156 1889 1307 1945 mille
1351 1890 1495 1944 inter
1547 1905 1688 1959 quos
1715 1884 1972 1945 Theodo-

399 1989 542 2053 sius,
570 1986 858 2048 Charitan,
890 1993 943 2038 et
970 1981 1112 2038 Saba
1143 1984 1524 2039 cmuobiortnu
1578 1985 1881 2053 pimpositi,
1920 1986 1973 2037 itt

400 2080 749 2142 Dioscorum,
812 2075 1168 2146 Eutychium,
1223 2073 1485 2129 Severum
1543 2086 1595 2129 et
1661 2075 1976 2144 quicunque

399 2170 695 2227 concilium
755 2168 1204 2224 Chalcedonense
1260 2166 1422 2239 144
1486 2181 1596 2222 non
1674 2168 1974 2243 reciperent

405 2264 697 2318 anathema
765 2261 1050 2315 dixerunt.
1118 2258 1308 2314 Metuit
1385 2269 1568 2314 autem
1632 2242 1978 2328 imperatoris

399 2355 675 2429 legatusa
708 2353 1016 2407 monachis.
1059 2353 1266 2405 Aderat
1327 2351 1491 2403 etiam
1558 2365 1666 2404 una
1742 2349 1979 2420 impera-

400 2450 540 2502 toris
573 2453 866 2515 cognatus,
903 2444 992 2499 cui
1043 2459 1170 2498 cum
1229 2444 1281 2497 id
1318 2458 1484 2513 grave
1525 2450 1693 2505 esset,
1730 2444 1983 2512 promisit

400 2541 518 2610 ipse
554 2538 841 2594 menacbis
870 2550 1224 2592 reversurum
1260 2537 1647 2603 imperatorem
1691 2533 1762 2588 ab
1810 2532 1983 2586 altera

400 2633 508 2688 ista
562 2632 628 2686 ad
667 2631 915 2701 ipsorum
964 2627 1291 2683 sententiam
1323 2637 1375 2680 et
1417 2624 1485 2680 ad
1516 2627 1819 2679 veritatem.
1851 2624 1982 2679 Ctun

400 2738 532 2794 ergo
615 2720 1154 2789 ConstantinOpolim
1207 2717 1560 2789 pervenisset
1634 2716 1986 2786 imperatoris

399 2824 671 2885 cognatus
716 2814 839 2875 iste,
878 2811 1011 2881 quid
1068 2812 1270 2863 iactum
1323 2822 1466 2864 esset
1529 2810 1631 2878 ipsi
1686 2808 1983 2862 nuntiavit.

398 2910 645 2977 Cumque
679 2906 732 2960 in
764 2909 949 2958 animo
987 2904 1214 2957 haberet
1271 2903 1567 2971 imperator
1609 2901 1774 2954 etiam
1820 2898 1986 2954 Joan-

404 3016 525 3056 nem
558 3001 931 3069 patriarehatu
996 2995 1563 3065 llierosolymitanum
1625 2994 1678 3046 in
1729 2992 1987 3047 exsilium

2068 525 2174 572 tem
2198 527 2249 572 et
2275 516 2667 572 absurditatcm
2689 514 3000 569 ostendere.
3034 511 3256 568 Dicatur
3287 514 3392 570 illis
3427 530 3442 569 :
3473 512 3645 572 Dicite

2070 607 2225 664 nobis
2257 606 2411 679 [quid
2439 603 2715 677 sentiatis]
2748 605 2816 660 de
2865 619 3097 672 persona
3129 600 3292 661 Verbi
3345 605 3464 671 Dei,
3522 622 3645 678 qua:

2071 700 2187 755 ﬁeri
2222 716 2331 755 non
2358 707 2555 770 potest,
2586 699 2719 770 quin
2754 698 2835 754 vel
2886 697 3183 766 sumpserit
3228 698 3357 768 quid
3404 699 3470 755 de
3514 700 3650 755 sub-

2071 795 2274 850 stantia
2327 794 2688 849 humanitatis
2744 793 2905 864 eique
2965 792 3119 847 unita
3172 790 3356 855 fuerit,
3403 791 3487 847 vel
3540 807 3648 847 non

2071 884 2386 954 sumpserit.
2432 884 2488 940 Si
2518 883 2775 939 dixeritis
2811 884 2948 939 nihil
2983 884 3286 954 accepisse,
3326 881 3525 937 falsum
3567 893 3652 938 est

2074 990 2362 1059 personam
2387 990 2550 1046 qttam
2571 975 2792 1029 Christo
2820 973 3120 1029 attribuitis
3142 972 3503 1044 compositam
3528 988 3653 1029 esse
3677 1044 3683 1050 _

2074 1084 2138 1122 cx
2173 1068 2459 1122 divinitate
2491 1076 2546 1122 et
2588 1066 2951 1123 humanitate.
2985 1065 3142 1133 Quod
3168 1064 3215 1121 si
3247 1064 3379 1135 quid
3405 1079 3657 1135 sumpse-

2076 1161 2168 1227 rit,
2198 1175 2426 1216 necesse
2470 1169 2551 1215 est
2579 1168 2658 1226 ut,
2690 1159 2834 1228 quod
2865 1166 3143 1228 sumptum
3190 1156 3354 1212 fuerit
3387 1172 3455 1212 es
3486 1155 3658 1212 Marii

2079 1249 2321 1323 Virgine,
2352 1251 2423 1306 sit
2477 1252 2785 1306 substantia
2826 1253 2911 1306 vel
2952 1250 3264 1322 communis
3293 1250 3376 1305 vel
3410 1251 3651 1318 partieu.

2077 1345 2207 1399 laris
2234 1362 2249 1410 ;
2283 1346 2326 1399 si
2363 1344 2675 1399 communis
2709 1341 2896 1409 fuerit,
2929 1342 3054 1397 inde
3086 1348 3347 1411 sequetur
3372 1357 3497 1397 esse
3527 1344 3658 1397 sub-

2078 1437 2338 1491 stantiam
2378 1435 2618 1490 divinam
2653 1443 2708 1489 et
2732 1434 3074 1490 substantias
3115 1434 3404 1499 humanas,
3430 1447 3658 1503 compo-

2077 1531 2249 1595 sitas,
2308 1528 2547 1591 multas;
2618 1525 2765 1597 quod
2832 1525 3175 1596 impossibile
3234 1532 3341 1580 est.
3407 1521 3561 1591 Quod
3610 1525 3655 1577 si

2080 1620 2387 1676 substantia
2426 1618 2777 1689 particularis
2800 1633 2923 1687 qua:
2962 1617 3196 1673 iudicari
3250 1626 3452 1687 potest,
3499 1614 3663 1689 148

2083 1723 2195 1766 tum
2227 1721 2355 1767 sunt
2391 1710 2612 1767 Christo
2644 1710 2975 1767 substantia:
3028 1710 3172 1775 dum,
3222 1710 3408 1765 divina
3463 1723 3660 1779 nempe

2075 1813 2129 1857 et
2158 1804 2418 1868 humana,
2451 1814 2505 1857 at
2534 1804 2894 1860 subsistantia
2932 1818 3062 1865 una,
3094 1812 3149 1858 et
3176 1801 3472 1871 unicuique
3533 1803 3664 1858 sub-

2077 1897 2290 1952 stantia:
2331 1905 2527 1950 natura
2581 1910 2679 1951 sua
2737 1914 2749 1948 :
2802 1907 2964 1965 atque
3013 1894 3096 1950 hae
3145 1893 3269 1949 dua:
3321 1895 3663 1956 substantiw,

2079 1997 2286 2041 natura:
2316 1988 2461 2054 duae,
2505 1986 2865 2042 subsistentia
2905 2003 3031 2052 una,
3081 1997 3136 2042 et
3193 2002 3423 2043 necesse
3472 1987 3577 2042 erit
3611 1999 3669 2040 ut.
3758 2032 3767 2039 .

2078 2078 2206 2132 dum
2236 2081 2403 2133 unitte
2431 2077 2634 2133 fuerint
2655 2077 2774 2132 dum
2806 2078 3150 2145 substantite,
3176 2089 3398 2135 mutatae
3420 2079 3619 2134 fuerint
3651 2101 3663 2133 :

2081 2174 2222 2242 quod
2257 2172 2302 2226 si
2344 2187 2373 2224 a
2412 2170 2721 2227 substantia
2759 2187 2856 2227 sua
2898 2182 3116 2226 mutatae
3149 2173 3369 2238 fuerint,
3409 2172 3526 2227 ﬁeri
3559 2190 3665 2226 non

2085 2274 2264 2333 potest
2299 2263 2432 2332 quin
2467 2272 2526 2318 ut
2565 2263 2645 2318 vel
2703 2272 2911 2318 mutata
2947 2265 3109 2318 fuerit
3141 2262 3456 2320 substantia
3483 2265 3669 2320 divina

2084 2355 2137 2409 in
2189 2354 2552 2409 solistantiam
2603 2354 2920 2420 humanam,
2953 2364 3006 2410 et
3051 2354 3192 2410 facta
3215 2357 3286 2410 sit
3319 2355 3525 2414 homo:
3588 2357 3671 2412 \ct

2086 2445 2395 2501 substantia
2432 2446 2668 2500 humana
2710 2447 2765 2500 in
2793 2445 3058 2509 divinant,
3090 2446 3342 2516 factaque
3381 2447 3453 2502 sit
3480 2446 3665 2509 Deus;

2088 2548 2182 2593 aut
2225 2548 2281 2592 ut
2315 2547 2559 2609 utrmque
2587 2539 2655 2592 ab
2686 2538 2925 2595 essentia
2967 2554 3065 2616 sua
3124 2537 3179 2590 in
3233 2538 3395 2592 aliam
3449 2549 3672 2593 mutat-te

2088 2630 2199 2684 sint
2228 2629 2552 2697 essentiam,
2588 2638 2648 2688 ut
2691 2634 2762 2683 ita
2801 2647 2864 2684 ex
2920 2631 2986 2685 iis
3043 2629 3182 2685 facta
3248 2632 3321 2685 sit
3367 2632 3672 2689 substantia

2087 2721 2214 2789 alia,
2249 2730 2302 2776 et
2328 2731 2521 2775 natura
2555 2722 2682 2777 alia.
2717 2721 2870 2788 Quod
2905 2722 2949 2776 si
2979 2723 3052 2776 ita
3096 2738 3154 2776 sc
3180 2721 3438 2777 habuerit
3470 2738 3580 2790 res,
3613 2734 3670 2780 et

2089 2828 2348 2871 conversa
2380 2811 2545 2868 fuerit
2568 2813 2826 2869 divinitas
2858 2817 2910 2867 in
2943 2814 3360 2880 humanitatem,
3393 2824 3508 2871 tum
3568 2830 3673 2871 ne-

2091 2917 2211 2960 tura
2245 2906 2450 2962 Christi
2489 2907 2653 2961 homo
2685 2917 2797 2974 est,
2841 2922 2952 2962 non
3003 2905 3190 2971 Deus;
3243 2916 3299 2963 et
3358 2910 3673 2964 necessario

2091 3000 2422 3056 attribuetur
2457 3014 2620 3071 pmna
2658 2998 2978 3054 substantiae
3005 2999 3330 3065 dvinitatis,
3370 3009 3424 3056 et
3454 3001 3674 3058 invadet

402 3094 644 3157 mittere,
677 3089 994 3161 congregati
1044 3086 1298 3142 monachi
1342 3095 1396 3141 ct
1426 3086 1670 3156 episcopi
1699 3085 1766 3140 ad
1807 3087 1985 3155 ipsum
2016 3118 2059 3178 ε
2095 3092 2267 3161 ipsam
2297 3094 2620 3162 corruptio;
2676 3092 2780 3145 hoc
2810 3099 2992 3146 autem
3026 3092 3450 3162 impossibilium
3478 3094 3675 3151 absur-

402 3187 775 3255 scripserunt,
806 3199 865 3238 se
899 3181 1085 3237 Severi
1134 3180 1216 3235 vel
1253 3178 1564 3234 heterodoxi
1598 3179 1833 3247 alicujus
1865 3194 1995 3233 sen-

403 3280 633 3333 tentiam
676 3276 1105 3346 haudquaquam
1162 3272 1538 3342 amplexuros,
1593 3272 1813 3325 etiamsi
1863 3285 1992 3325 san-

404 3372 621 3442 guinem
646 3371 888 3437 ipsorum
960 3366 1243 3429 funderet;
1303 3373 1558 3434 rogantes
1585 3364 1750 3417 t-tiam
1778 3364 1984 3434 ipsum,

407 3473 525 3518 uta
560 3463 704 3516 malo
745 3461 882 3531 ipsis
933 3458 1219 3514 inferendo
1270 3457 1583 3513 desisteret.
1635 3455 1770 3511 Cum
1825 3458 1989 3511 etiam

408 3555 679 3609 audiisset
724 3552 1089 3624 Symmachus
1144 3548 1455 3618 patriarcha
1521 3546 1800 3602 Romanus
1862 3546 1994 3615 quid

414 3648 633 3703 iecisset
661 3645 986 3701 Anastasius
1012 3684 1027 3706 ,
1057 3642 1278 3711 scriptis
1314 3643 1381 3695 ad
1417 3640 1595 3710 ipsum
1661 3640 1856 3693 litteris
1903 3638 1988 3691 fa-

408 3749 557 3797 ctum
576 3740 696 3808 ejus
709 3737 1057 3809 vituperavit,
1087 3735 1299 3804 ipsique
1318 3733 1608 3786 anathema
1627 3731 1999 3786 denuntiavit.

481 3832 839 3900 Mortuusque
869 3838 954 3884 est
990 3826 1360 3898 Symmachus
1393 3824 1708 3894 patriarcha
1736 3838 1859 3876 eum
1894 3836 1993 3874 au-

412 3943 516 3983 nos
538 3924 960 3996 quatuordecim
1000 3919 1261 3975 sedisset.
1293 3913 1425 3970 Post
1448 3930 1619 3985 quem
1655 3914 1997 3967 constitutus

410 4032 495 4076 est
529 4019 728 4074 ibidem
786 4014 1102 4086 patriarcha
1152 4010 1467 4074 llormisda,
1503 4008 1596 4077 qui
1644 4005 1847 4060 Severo
1906 4018 1999 4073 pa-

413 4114 673 4168 triarcha:
699 4110 1048 4164 Autiocheuo
1081 4117 1135 4160 et
1180 4109 1458 4173 quotquot
1510 4100 1654 4154 idem
1700 4114 1824 4151 cum
1878 4099 1998 4166 ipso

413 4214 726 4261 asserereut
757 4200 1062 4265 maledixit,
1096 4199 1261 4266 idque
1292 4210 1438 4249 anno
1471 4191 1686 4263 imperii
1723 4188 1994 4244 Anastasii

414 4298 785 4353 Rmuanorum
822 4292 1173 4363 imperatoris
1205 4287 1468 4344 vicesimo
1495 4286 1677 4339 tertio.
1712 4280 1866 4334 Sedit
1894 4295 1994 4332 au—

416 4402 524 4445 tem
560 4385 848 4443 llormisda
878 4384 1189 4454 patriarcha
1230 4379 1509 4432 Romanus
1549 4388 1724 4428 anuos
1754 4380 1991 4440 septem,

2094 3183 2381 3237 dissimum
2415 3192 2517 3239 est.
2545 3183 2641 3237 Sin
2671 3198 2938 3239 conversa
2962 3183 3124 3239 fuerit
3145 3184 3454 3241 substantia
3482 3186 3678 3242 buma-

2095 3276 2287 3331 uitatis
2337 3278 2391 3330 in
2447 3275 2812 3330 substantiam
2880 3275 3203 3339 divinitatis,
3263 3277 3369 3331 erit
3419 3276 3676 3334 Christus

2097 3366 2266 3432 Deus,
2332 3383 2438 3424 non
2493 3368 2682 3434 homo,
2729 3375 2785 3423 et
2843 3369 3096 3438 sequitur
3162 3368 3333 3426 fuisse
3387 3370 3566 3439 ipstun
3610 3371 3678 3426 de

2094 3475 2236 3515 novo
2266 3471 2472 3522 ortum,
2506 3471 2560 3514 et
2596 3458 2800 3514 factum
2835 3474 2958 3514 esse
2990 3471 3279 3527 aeternum,
3318 3462 3469 3533 quod
3496 3472 3552 3518 et
3595 3467 3681 3520 iu-

2096 3563 2177 3609 ter
2203 3554 2575 3624 impossibilia
2627 3568 2844 3608 summe
2897 3555 3194 3609 absurdum
3251 3564 3358 3610 est.
3422 3553 3578 3622 Quod
3629 3560 3678 3611 si

2099 3655 2346 3717 utraeque
2385 3646 2548 3700 simul
2579 3660 2609 3698 a
2636 3644 2946 3700 substantia
2981 3661 3082 3699 sua
3111 3654 3336 3702 mutatas
3364 3647 3592 3709 fuerint,
3625 3636 3680 3702 et

2093 3752 2123 3789 a
2158 3745 2356 3791 natura
2385 3750 2449 3789 ac
2481 3735 2722 3791 essentia
2774 3750 2873 3805 sua
2907 3750 3189 3790 conversas
3220 3737 3275 3790 iu
3309 3738 3675 3792 substantiam

2100 3828 2256 3884 aliain
2299 3842 2363 3881 ac
2404 3834 2659 3888 naturain
2695 3826 2878 3890 aliam,
2918 3824 3031 3895 jam
3088 3826 3347 3884 Christus
3393 3844 3496 3884 nec
3533 3829 3679 3884 Deus

2098 3920 2227 3984 erit,
2261 3935 2360 3974 nec
2391 3921 2576 3985 homo,
2608 3931 2665 3972 nt
2690 3918 3028 3973 orichalcum
3056 3919 3200 3989 quod
3236 3935 3334 3975 nec
3355 3936 3431 3977 tes
3461 3929 3547 3977 est
3579 3938 3679 3976 m-e

2061 4018 2069 4023 '
2098 4012 2406 4081 plumbum,
2438 4019 2534 4063 aut
2560 4020 2756 4064 natura
2785 4011 2917 4064 muli
2949 4027 3072 4081 qua:
3112 4026 3212 4066 nec
3234 4011 3376 4066 asini
3422 4028 3522 4068 nec
3551 4018 3677 4084 equi

2099 4110 2296 4156 natura
2335 4099 2686 4174 159-15],
2738 4109 2841 4156 est.
2903 4102 3060 4169 Quod
3116 4102 3162 4156 si
3211 4112 3417 4158 natura
3464 4103 3605 4160 bina:
3650 4123 3679 4159 a

2098 4194 2405 4249 substantia
2439 4209 2538 4248 sua
2570 4207 2693 4264 pOSI.
2723 4195 2983 4248 unionem
3006 4209 3282 4251 conversae
3315 4209 3425 4251 non
3455 4195 3680 4260 iuerint,

2101 4301 2203 4341 nec
2238 4286 2304 4341 ab
2340 4287 2581 4341 essentia
2615 4300 2714 4341 sua
2751 4295 2995 4352 mutatae,
3023 4286 3117 4341 sed
3143 4295 3371 4358 utraque
3403 4287 3459 4342 in
3482 4296 3678 4346 natura

2106 4397 2170 4435 ac
2200 4381 2507 4436 substantia
2559 4395 2658 4434 sua
2694 4379 2911 4434 stabilis
2967 4388 3286 4449 permaneat
3332 4392 3460 4434 cum
3504 4381 3683 4437 subsi-

416 4482 544 4536 dein
581 4487 831 4533 mortuus
852 4485 957 4530 est.
1002 4473 1194 4535 Porro.
1260 4470 1364 4523 Ιἰιὶι
1426 4465 1633 4522 δεητο
1692 4462 1998 4532 “impun”
2030 4441 2075 4498 θ
2108 4476 2304 4533 stentia
2345 4489 2475 4538 una,
2509 4488 2632 4543 qua
2681 4481 2767 4527 est
2811 4471 3176 4527 subsistentia
3212 4470 3398 4539 Verbi,
3426 4472 3540 4544 jam
3572 4489 3686 4528 ma-

418 4573 644 4628 nomine
672 4571 932 4632 Jacobus,
988 4564 1075 4620 cui
1138 4566 1374 4617 amictus
1423 4567 1542 4613 erat
1590 4573 1621 4612 e
1667 4555 2001 4621 segntinibus

420 4662 713 4719 Albaradei
737 4675 834 4716 scu
860 4656 1198 4711 dorsualiutu
1251 4644 1602 4723 155-157
1639 4660 1761 4720 quae
1788 4645 2001 4713 jumen-

419 4758 492 4813 tis
520 4754 747 4811 insterni
776 4751 954 4806 solent
982 4744 1252 4812 consutis,
1289 4746 1432 4798 unde
1459 4754 1762 4809 cegnomen
1816 4733 2003 4789 Jacobi

421 4848 847 4907 Albatadiensis
904 4842 1140 4912 accepit,
1202 4839 1360 4909 cujus
1417 4841 1669 4890 doctrina
1721 4840 1840 4885 erat
1883 4841 2007 4883 esse

419 4946 646 5003 Christo
679 4953 936 4995 naturam
989 4950 1152 4989 unam
1192 4949 1224 4988 e
1252 4931 1468 4986 duabus
1501 4927 1714 4981 naturis
1762 4925 2006 4995 [compo-

419 5033 635 5108 sitam,|
668 5029 1031 5089 substantiam
1054 5044 1085 5079 c
1109 5021 1436 5080 substantiis
1463 5018 1695 5083 duabus,
1726 5028 1783 5108 et
1812 5014 2007 5069 volun-

423 5143 591 5187 tatem
624 5106 812 5191 unam,
837 5119 1136 5179 secundum
1170 5114 1499 5173 sententiam
1524 5111 1735 5175 Severi,
1761 5106 2006 5161 Dioscuri

420 5232 481 5279 et
525 5202 780 5290 Eutychii
843 5210 1281 5267 maledictorum.
1334 5203 1623 5257 Profectus
1675 5199 1764 5253 hic
1816 5212 2011 5252 versus

424 5287 897 5378 Mempotamiam,
963 5297 1188 5359 Gizam,
1247 5294 1566 5378 Taeritntu,
1624 5287 1903 5344 liaranutn
1954 5296 2009 5342 et

424 5376 743 5457 Armeniam
773 5396 936 5450 iidem
969 5389 1251 5445 hominum
1285 5376 1552 5453 corrupit,
1583 5395 1853 5449 suamque
1886 5379 2009 5433 illos

424 5494 735 5549 doctrinam
788 5484 1041 5558 amplecti
1100 5480 1250 5537 fecit.
1300 5478 1433 5532 lude
1497 5476 1589 5546 qui
1644 5471 1831 5558 Jacobi
1887 5473 2009 5527 tidei

424 5590 851 5643 consenserunt,
877 5553 1131 5644 idemque
1147 5586 1274 5627 cum
1301 5571 1422 5638 ipso
1446 5582 1595 5622 asser
1605 5578 1734 5619 uerc
1748 5553 2012 5619 Jacobita:

428 5678 689 5750 appellati
725 5654 877 5737 sunt,
916 5669 986 5723 ab
1032 5666 1209 5735 ipsius
1261 5661 1484 5719 homine
1540 5659 1770 5714 Jacobo.
1828 5656 2011 5724 lnquit

429 5773 560 5831 Said
587 5770 702 5827 Ebn
724 5765 910 5821 Batrilt
943 5762 1188 5817 medicus
1212 5776 1227 5813 :
1255 5756 1449 5813 Visum
1484 5767 1565 5814 est
1597 5754 1731 5811 mihi
1763 5754 1864 5808 hoc
1890 5753 2010 5808 ioco

750 5866 1020 5927 Panos.
1052 5862 1170 5925 Cn.
1207 5855 1361 5923 CXI.

2112 4565 2365 4621 nifestum
2391 4573 2475 4620 est
2505 4569 2585 4618 ae'
2616 4576 2827 4634 eertum
2873 4561 3152 4615 Cittistum
3205 4576 3330 4617 esse
3392 4577 3623 4632 persona
3641 4582 3686 4617 ιιι

2109 4673 2295 4723 unam,
2344 4656 2483 4711 duas
2533 4653 2846 4727 [habentem
2878 4652 3156 4725 naturas],
3197 4654 3334 4708 duas
3354 4653 3685 4717 voluntates,

2108 4750 2356 4817 duasque
2387 4746 2652 4812 actiones,
2684 4759 2810 4799 cum
2849 4744 3056 4797 unitate
3103 4741 3469 4797 subsistentia:
3500 4743 3683 4805 unius,

2110 4837 2363 4893 videlicet
2414 4833 2785 4890 subsistentia:
2832 4829 2994 4885 Verbi
3021 4831 3166 4901 quod
3198 4840 3282 4886 est
3315 4830 3483 4886 Filius
3528 4842 3687 4886 ηδιον.

2114 4945 2238 4995 nus,
2272 4936 2436 4997 atque
2477 4926 2580 4979 hoc
2622 4923 2783 4977 modo
2833 4921 3100 4977 evertitur
3143 4920 3277 4981 ﬁdes
3314 4918 3689 4975 Jacobitarnut

2112 5017 2456 5095 [dicentium]
2486 5034 2606 5074 esse
2633 5015 2910 5072 Christum
2939 5016 3305 5070 subSIantiam
3335 5029 3495 5069 unam
3516 5026 3574 5069 et
3596 5032 3688 5069 na-

2114 5125 2291 5168 turam
2330 5126 2513 5164 unum.

2186 5202 2406 5259 Dicetur
2435 5201 2598 5256 etiam
2630 5202 2738 5256 illis
2765 5218 2778 5255 :
2809 5201 2982 5256 Dicite
3009 5200 3193 5265 nobis,
3220 5199 3332 5256 hzec
3361 5209 3559 5256 natura
3585 5217 3690 5255 uua

2114 5311 2281 5368 quam
2305 5294 2529 5350 Christo
2561 5292 2828 5356 tribuitis,
2855 5300 3015 5348 estne
3028 5305 3095 5345 ea
3116 5291 3299 5347 divina
3328 5308 3396 5346 an
3418 5292 3695 5347 humana?

2116 5400 2212 5445 aut
2248 5386 2431 5441 divina
2460 5383 2622 5440 simul
2656 5390 2711 5438 et
2739 5380 3016 5435 humana?
3054 5388 3150 5434 aut
3207 5395 3309 5436 nec
3357 5380 3544 5437 divina
3594 5396 3694 5434 nec

2133 5481 2373 5534 humana
2401 5476 2423 5531 τ’
2459 5475 2515 5530 Si
2551 5474 2793 5531 dixerint
2824 5487 2923 5527 nec
2955 5470 3197 5526 divinam
3232 5486 3355 5527 esse
3382 5487 3481 5527 nee
3511 5472 3694 5525 huma-

2116 5586 2267 5636 nam,
2300 5570 2412 5641 jam
2449 5569 2516 5623 ad
2548 5566 2926 5623 inﬁdelitatem
2976 5562 3186 5632 delapsi
3235 5561 3516 5618 Christum
3580 5572 3696 5616 sta-

2118 5671 2339 5717 tuernm
2372 5675 2470 5715 nec
2494 5658 2665 5713 Deum
2693 5670 2818 5713 esse
2841 5670 2941 5711 nec
2969 5655 3270 5719 hominem,
3306 5654 3452 5723 quod
3483 5653 3694 5723 imper

2106 5754 2274 5819 sibile
2305 5763 2392 5809 est
2426 5772 2441 5808 ς
2478 5750 2626 5825 quod
2670 5748 2991 5823 si_divinam
3043 5759 3317 5803 essenon
3376 5745 3698 5807 humanam.

3301 5838 3380 5902 34
