4116 6414
451 349 461 356 δ
502 323 633 383 1067

1517 316 1883 397 Ell'l‘XCHII
1926 309 2461 371 ALEXANDlllNl
2496 309 2714 369 ΡΑΓΗ.

3614 300 3758 380 mea,

491 439 600 508 iatn
650 436 1051 492 humanitatem
1093 443 1400 504 negarunt;
1457 432 1542 486 sin
1601 433 1892 485 humanam
1946 439 2070 482 esse
2099 439 2142 492 Α
2174 423 2346 480 fuisse
2375 439 2441 478 eo
2473 433 2722 494 tempore
2770 421 3038 475 accidisse
3070 417 3537 487 Constantinopoli
3573 419 3745 483 fulgur

493 537 781 584 autument
834 541 942 582 non
1007 526 1271 588 divinam,
1324 524 1663 578 divinitatem
1723 527 1942 590 negant,
2013 529 2067 573 et

491 621 768 676 Christum
799 620 1145 675 constituunt
1177 621 1268 687 qui
1304 619 1446 672 Deus
1490 631 1598 669 non
1625 602 1700 669 εἰ(
1733 633 1743 668 :
1777 615 1820 668 si
1857 628 1985 667 vero
2012 620 2067 664 ct

494 714 792 768 humanam
826 722 880 766 et
920 711 1160 765 divinam
1189 725 1311 764 esse
1363 717 1633 773 asseram,
1673 707 1777 761 hoc
1810 713 1972 776 pacto
2011 713 2067 758 et

496 815 595 856 nos
613 799 884 864 homines,
910 809 962 853 et
991 798 1201 852 Patrem
1228 795 1423 850 Filium
1446 806 1498 850 et
1519 795 1784 865 Spiritum
1814 803 2064 850 sanetum

501 893 667 947 unius
697 899 944 947 statuunt
974 900 1200 944 naturae.
1239 889 1393 954 Quod
1445 889 1491 942 si
1523 889 1765 943 dixerim
1795 890 1934 941 hanc
1966 902 2066 939 na-

499 993 675 1036 turam
729 998 887 1036 unam
921 995 1040 1048 quae
1077 979 1295 1034 Christo
1338 992 1442 1044 est,
1504 993 1601 1034 nec
1652 979 1890 1033 divinam
1947 992 2068 1032 esse

498 1089 598 1128 nec
633 1075 948 1136 humanam,
997 1071 1277 1126 Christum
1309 1070 1520 1141 fingunt
1553 1071 1647 1139 qui
1682 1085 1781 1124 nec
1821 1070 1893 1124 sit
1926 1069 2067 1122 Deus

499 1183 602 1222 nec
633 1167 834 1230 homo;
887 1164 1131 1232 adeoque
1177 1163 1335 1234 152
1373 1164 1643 1218 sententia
1681 1163 1926 1232 ipsorum
1964 1179 2067 1216 utt-

497 1258 659 1327 dique
688 1256 1025 1311 absurditate
1070 1255 1335 1326 cingitur,
1371 1266 1422 1309 et
1455 1256 1810 1325 abnegatione
1837 1255 2065 1310 Christi.

499 1349 716 1404 Dicetur
769 1347 991 1417 insuper
1050 1347 1156 1401 illis
1223 1365 1238 1402 :
1302 1351 1498 1400 Annon
1553 1345 1806 1400 Christus
1871 1353 2065 1399 natura

491 1439 715 1512 atqualis
736 1447 820 1493 est
847 1437 992 1492 Patri
1026 1447 1080 1492 et
1105 1436 1362 1507 Spiritui?
1397 1436 1714 1490 Dieentibus
1735 1434 1840 1488 illis
1872 1451 1886 1487 :
1919 1434 2070 1498 lmo;

493 1542 796 1599 regeretur,
829 1529 999 1583 Dicite
1029 1529 1186 1582 nobis
1213 1547 1224 1584 :
1256 1528 1457 1582 Natura
1511 1528 1612 1582 ista
1664 1542 1769 1596 qua
1822 1525 1969 1578 Patri
2016 1536 2070 1578 et

495 1623 720 1691 Spiritui
753 1623 981 1691 aequalis
1011 1631 1116 1686 est,
1163 1635 1289 1674 num
1331 1629 1384 1676 et
1432 1621 1748 1674 hominibus
1800 1618 2071 1688 aqualis?

494 1714 550 1767 Si
608 1715 832 1768 dicant:
871 1711 1067 1776 Etiam,
1113 1713 1224 1782 jam
1257 1712 1503 1766 homines
1529 1711 1751 1782 quosvis
1780 1723 1825 1764 et
1855 1709 2067 1763 Patrem

495 1815 551 1860 et
583 1806 780 1859 Filium
818 1815 877 1858 et
909 1804 1172 1874 Spiritum
1223 1815 1477 1859 sanctum
1531 1805 1696 1859 unius
1737 1814 1942 1858 natura:
1989 1803 2069 1856 fa-
2103 1793 2142 1848 Β

491 1900 665 1962 ciunt,
692 1911 814 1966 qua:
843 1896 1002 1965 lenge
1031 1894 1351 1964 turpissima
1384 1906 1467 1950 est
1501 1893 1556 1948 in
1591 1892 1782 1956 Deum,
1816 1910 1922 1946 non
1951 1893 2069 1946 sine

493 1989 861 2043 celebratione
895 1986 1310 2041 memorandum
1340 2026 1355 2051 ,
1415 1986 1768 2056 blasphemia.
1824 1984 1975 2051 Quod
2022 1985 2067 2040 si

491 2081 730 2135 dixerint
756 2088 1006 2133 naturam
1037 2096 1142 2148 qua
1169 2080 1390 2148 aequalis
1426 2087 1509 2133 est
1553 2077 1700 2132 Patri
1749 2089 1803 2132 et
1841 2078 2068 2148 Spiritui

493 2181 686 2229 saneto
709 2173 870 2226 aliam
896 2188 1016 2227 esse
1041 2173 1108 2227 ab
1135 2187 1200 2226 ea
1233 2187 1337 2242 qua
1364 2171 1588 2246 aequalis
1613 2184 1694 2226 est
1729 2173 2063 2236 hon‘iinibus,

490 2267 597 2336 jam
633 2276 828 2336 negant
881 2265 1027 2335 quod
1082 2265 1506 2329 aﬁirmaverant,
1542 2271 1595 2317 et
1642 2280 1863 2318 necesse
1895 2272 1978 2318 est
2013 2271 2070 2317 ut

490 2358 675 2411 dicant
723 2356 946 2412 Christo
1004 2356 1141 2410 duas
1190 2370 1311 2410 esse
1363 2367 1611 2419 naturas,
1676 2363 1900 2409 alteram
1961 2370 2068 2423 qua

489 2451 716 2519 aequalis
746 2461 828 2504 est
859 2448 1006 2503 Patri
1031 2457 1084 2503 et
1117 2447 1370 2519 Spiritui,
1415 2448 1640 2501 alteram
1676 2463 1782 2515 qua
1832 2447 2070 2500 homini-

490 2542 594 2595 bus
651 2539 918 2608 aequalis;
961 2539 1202 2606 adeoque
1238 2537 1519 2590 maniftsta
1573 2538 1708 2590 facta
1755 2549 1834 2591 est
1865 2546 1917 2590 et
1946 2553 2066 2589 vera

488 2631 842 2700 comprobata
880 2630 1012 2683 lides
1045 2628 1445 2692 Melchitat'um,
1481 2637 1534 2682 et
1583 2640 1803 2682 ostensa
1860 2627 2071 2682 falsitas

489 2722 606 2791 ejus
629 2720 773 2789 quod
805 2727 1060 2775 asserunt
1089 2718 1371 2774 Jacobitze.

557 2811 676 2866 Jam
711 2827 838 2865 vero
875 2821 933 2865 ut
965 2811 1030 2865 ad
1061 2826 1208 2876 eam,
1246 2810 1296 2864 in
1349 2827 1452 2880 qua
1511 2811 1782 2865 narranda
1842 2811 2065 2877 fuimus.

490 2905 770 2958 historiam
842 2911 1200 2967 revertamur,
1258 2915 1470 2957 mortuo
1516 2905 1717 2959 Severo
1758 2907 2064 2973 patriarcha

488 2995 852 3059 Antiocheno,
882 2995 1210 3049 constitutus
1243 3002 1326 3048 est
1357 3004 1485 3064 post
1516 2995 1692 3064 ipsum
1733 2993 1936 3048 Paulus
1962 2996 2066 3048 ibi-

489 3092 611 3142 dem
667 3088 994 3158 patriarcha,
1044 3088 1138 3157 qui
1173 3102 1297 3140 cum
1330 3088 1571 3156 quinque
1605 3102 1777 3142 annos
1813 3091 2064 3150 sedisset,

490 3190 740 3232 tnortuus
776 3189 907 3242 est;
966 3177 1072 3250 [vel
1127 3177 1430 3232 seeundmn
1487 3178 1718 3233 alterum
1765 3182 2061 3249 exemplar,

488 3284 612 3322 cum
644 3267 847 3338 duos];
882 3269 1168 3336 faelttSque
1208 3278 1290 3322 est
1326 3277 1449 3338 post
1490 3269 1665 3337 ipsum
1714 3268 1910 3322 ibidem
1965 3285 2062 3336 pa-

489 3359 726 3413 triarcha
751 3360 1116 3427 Euphrasius,
1147 3361 1238 3429 qui
1273 3361 1514 3429 quinque
1552 3375 1724 3413 annos
1754 3361 1912 3424 sedit,
1940 3359 2063 3413 dein

493 3465 740 3506 mortuus
764 3451 955 3506 estid
987 3467 1132 3504 anno
1167 3451 1377 3520 imperii
1412 3452 1688 3504 Anastasii
1717 3451 2066 3520 imperatoris

487 3543 857 3598 Rornauornm
909 3543 1167 3596 vicesimo
1222 3554 1393 3598 sexto.
1463 3546 1618 3595 Anno
1667 3543 1872 3611 imperii
1915 3541 2063 3610 ejus-

487 3637 613 3690 dem
666 3635 926 3688 vieesiiuo
967 3635 1126 3689 tertio
1179 3643 1464 3706 postquam
1501 3637 1553 3688 in
1587 3634 1835 3688 exsilium
1875 3636 2062 3702 pulsus

492 3723 866 3798 145447⁸
901 3726 1004 3780 fuit
1031 3725 1143 3780 Elia
1177 3726 1482 3795 patriarcha
1531 3723 2064 3790 Hierosolytnitanus

489 3819 688 3874 accidit
721 3819 773 3872 in
821 3817 1110 3873 Palmstina
1141 3827 1195 3872 et
1223 3817 1620 3887 Hierosolymis
1670 3816 1890 3869 aﬁlictio
1949 3831 2062 3868 ma-

487 3926 615 3980 gna,
653 3925 775 3964 cum
812 3910 984 3974 fame,
1024 3920 1199 3979 peste,
1231 3910 1542 3963 calamitate
1579 3923 1792 3979 magna,
1827 3909 2064 3962 locusta-

487 4019 607 4058 rum
653 4006 833 4073 capia,
865 4011 919 4059 ct
956 4005 1288 4059 mortalitate
1314 4023 1329 4068 ;
1357 4020 1452 4058 nec
1486 4019 1580 4072 per
1607 4007 1876 4073 integrum
1905 4003 2066 4072 quiti-

485 4095 782 4162 quennium
816 4095 954 4164 pluit
983 4113 994 4147 :
1031 4111 1286 4164 annoque
1327 4095 1593 4149 siceitatis
1637 4097 1832 4164 quinte
1863 4109 2057 4164 magna

489 4187 613 4250 fuit,
631 4203 740 4255 prce
755 4201 908 4256 aqua!
927 4187 1131 4255 inopia,
1154 4187 1400 4256 angustia
1421 4185 1828 4256 Hierosolymis,
1849 4187 1985 4241 adeo
2005 4195 2063 4240 ut

487 4281 798 4333 exsiccatus
823 4287 968 4332 esset
999 4279 1122 4333 fons
1159 4279 1437 4342 Silowmii,
1473 4272 1832 4349 bomiiiesque
1860 4279 2062 4349 ubique

489 4372 758 4426 fodientes
784 4386 978 4440 aquam
1019 4380 1199 4424 tamen
1231 4387 1336 4424 non
1381 4372 1705 4426 invenirent.
1739 4369 1861 4425 Fuit
1895 4372 2058 4426 etiam

487 4462 791 4516 Antiochiae
831 4471 987 4517 terra:
1031 4475 1216 4516 motus
1251 4463 1460 4533 ingens,
1508 4479 1615 4532 quo
1646 4464 1900 4532 collapsa:
1925 4471 2053 4518 sunt
2084 4487 2130 4542 ι)

483 4556 625 4610 aedes
659 4555 862 4621 multa},
890 4571 1201 4624 magnaque
1248 4556 1528 4609 hominum
1575 4555 1867 4609 multitudo
1911 4555 2054 4608 occi-

483 4645 581 4698 dit.
616 4646 906 4715 PoSIquam
933 4657 1110 4700 autem
1154 4647 1266 4714 jam
1310 4646 1684 4715 quinquennio
1711 4648 1985 4702 exsulavei
2001 4657 2054 4702 at

484 4739 596 4792 Elia
636 4740 939 4806 patriarcha
977 4738 1510 4808 llierOsolymitanus
1543 4740 1595 4792 in
1641 4739 1776 4793 urbe
1813 4740 1946 4805 llah,
1987 4757 2053 4795 eo

482 4833 546 4885 ad
577 4831 752 4900 ipsum
795 4830 1021 4900 profecti
1056 4841 1182 4886 sunt
1224 4833 1599 4886 coenobiorum
1635 4829 1891 4899 praefecti,
1919 4848 2053 4885 una-

481 4940 587 4992 que
621 4924 788 4980 Saba.
839 4923 989 4989 Quos
1044 4939 1168 4977 cum
1228 4939 1426 4993 magno
1482 4924 1682 4994 gaudio
1744 4925 2052 4991 excepisset

482 5017 617 5084 ipse,
653 5015 728 5068 ibi
761 5018 900 5086 apud
932 5032 1054 5070 cum
1087 5027 1292 5078 septem
1339 5017 1455 5070 dies
1492 5016 1884 5082 substiterunt,
1931 5025 2050 5085 post

479 5121 618 5174 quas
651 5104 788 5158 dixit
822 5109 955 5175 ipsis
985 5125 998 5159 :
1034 5107 1153 5160 1am
1201 5118 1451 5162 mortuus
1484 5119 1558 5162 est
1595 5109 1917 5164 Anastasius
1952 5111 2050 5162 im-

479 5198 1285 5265 peratonegoquepostdeceat
1327 5198 1444 5252 dies
1499 5199 1675 5267 ipsum
1739 5216 1960 5270 sequar,
1995 5209 2049 5253 et

477 5301 663 5340 rorant
697 5286 924 5340 Domino
977 5296 1164 5341 uestro
1192 5287 1439 5351 Christo,
1493 5305 1614 5343 cum
1668 5289 1786 5360 ipso
1839 5290 2046 5358 judicio

477 5377 828 5432 contendam.
863 5377 992 5432 Post
1024 5395 1153 5449 ergo
1195 5380 1383 5434 decem
1417 5381 1534 5436 dies
1566 5383 1899 5437 obdormivit
1929 5383 2044 5436 Elia

476 5470 808 5538 patriarcha,
861 5485 1039 5541 annos
1073 5482 1234 5525 natus
1277 5472 1552 5540 octoginta
1608 5483 1754 5536 octo,
1812 5489 2044 5543 quorum

475 5562 667 5628 viginti
725 5570 963 5631 quatuor
1011 5562 1355 5632 patriarchali
1390 5579 1617 5618 munere
1669 5563 1892 5618 functus
1939 5578 2042 5620 est.

478 5648 676 5702 Ferunt
713 5661 962 5707 sanctum
993 5653 1169 5705 Saban
1199 5653 1485 5707 observato
1515 5662 1775 5721 tempore,
1811 5656 1875 5707 de
1901 5656 2046 5707 Ana-

407 5815 426 5828 .
477 5742 644 5793 stasio
691 5744 1016 5807 imperatore
1072 5746 1410 5810 quaesivisse,
1470 5749 1892 5812 nuntiatumque
1935 5748 2042 5812 ipsi

2168 525 2222 570 et
2252 516 2457 570 tonitru
2499 515 2723 583 grande,
2757 517 2897 567 unde
2932 511 3221 566 Anastasio
3255 508 3572 579 imperatori
3604 509 3742 562 acci-

2168 610 2248 663 dit
2281 611 2336 662 in
2373 609 2599 662 cerebro
2633 605 2875 669 morbus,
2902 604 3039 659 adeo
3070 611 3126 656 ut
3155 618 3316 656 manu
3343 611 3503 670 caput
3534 609 3743 660 tenens.

2170 709 2332 769 atque.
2367 701 2679 754 exclamans
2715 712 2981 766 opemque
3019 694 3200 766 148'
3236 707 3423 765 petens
3447 691 3658 746 adomo
3695 693 3744 744 in

2170 792 2390 844 domttm
2427 791 2658 860 fugeret,
2689 791 2858 843 donec
2888 798 3135 842 assecuta
3172 788 3348 856 ipsum
3390 800 3420 838 a
3449 784 3558 837 Deo
3586 799 3744 852 pecu.)

2172 883 2333 935 vitam
2369 882 2470 950 ipsi
2499 883 2756 950 eriperet.
2802 881 2943 933 Ante
2977 889 3208 932 mortem
3244 891 3398 931 suam
3435 891 3564 930 vero
3605 875 3743 928 scri-

2169 975 2278 1041 ptis
2311 973 2507 1027 litteris
2534 973 2778 1041 jusserat
2801 972 3129 1026 Anastasius
3164 970 3457 1038 imperator
3491 975 3744 1022 sanctum

2175 1063 2547 1118 'l'heodosium
2613 1062 2937 1116 monasterii
3002 1057 3348 1114 Aldawaeesi
3407 1056 3744 1126 praefectum,

2171 1155 2566 1225 Hierosolymis
2618 1155 2767 1224 pelli.
2801 1153 3108 1222 Antequam
3149 1141 3743 1219 antemﬂierosolyma

2170 1250 2540 1320 pertingerent
2584 1247 2795 1310 litterae,
2845 1257 3095 1300 mortuus
3133 1252 3215 1299 est
3263 1243 3602 1312 imperator;
3651 1243 3747 1294 im-

2172 1339 2487 1411 peravitque
2537 1349 2656 1408 post
2712 1339 2890 1407 ipsum
2933 1335 3198 1390 Romanis
3252 1332 3525 1398 Justinus,
3557 1347 3588 1388 e
3625 1347 3738 1402 pro-

2174 1432 2349 1487 vincia
2375 1429 2624 1486 Tbraciat
2651 1429 2940 1493 oriundus,
2973 1443 3146 1482 annos
3177 1443 3396 1492 novem,
3421 1427 3584 1496 idque
3603 1441 3739 1480 anne

2172 1524 2320 1593 regni
2340 1521 2606 1587 Kobadis,
2635 1520 2731 1576 filii
2755 1521 2973 1576 Pltiruzi
3008 1519 3296 1574 Persarum
3316 1520 3737 1588 registricesuxc

2172 1614 2430 1670 secundo.

2243 1753 2367 1808 Fuit
2403 1765 2587 1808 autem
2615 1754 2864 1810 Justinus
2913 1755 3210 1824 imperator
3236 1753 3340 1806 Ide
3381 1751 3738 1811 orthodoxae

2172 1849 2283 1901 veri
2311 1857 2498 1902 tenax.
2524 1847 2696 1904 .Iussit
2725 1863 2859 1917 ergo
2893 1861 3252 1916 quoscunque
3282 1845 3335 1898 in
3371 1845 3618 1898 exsilium
3653 1859 3738 1910 pe-

2171 1941 2404 2010 pulisset
2427 1942 2753 1996 Anastasius
2789 1942 3109 2011 imperator,
3153 1939 3204 1992 in
3244 1938 3359 1992 loca
3412 1952 3509 1992 sua
3543 1936 3739 1992 redire,

2170 2032 2440 2103 ﬁdemque
2465 2049 2619 2087 suam
2647 2035 2840 2088 litteris
2876 2035 3142 2104 signatam
3175 2031 3544 2102 Hierosolyma
3573 2030 3738 2082 misit.

2168 2127 2550 2181 Convenernnt
2605 2143 2736 2196 ergo
2770 2129 3021 2181 tuonaehi
3065 2126 3358 2180 laetahundi
3412 2134 3740 2192 osteusaque

2169 2218 2514 2286 imperatoris
2545 2219 2774 2288 epistola
2812 2219 3010 2272 festum
3049 2218 3258 2271 illustre
3293 2216 3664 2274 celebrarunt,
3691 2222 3742 2268 ct

2169 2313 2463 2366 concilium
2505 2321 2762 2380 quartum
2811 2315 3194 2380 episcoporum
3231 2315 3614 2363 sescentorum
3645 2305 3735 2358 tri-

2170 2405 2341 2475 ginta,
2379 2405 2472 2474 qui
2506 2404 2840 2458 Chalcedoni
2891 2403 3201 2472 congregati
3253 2384 3401 2464 sunt,
3457 2398 3737 2453 confirma-

2170 2505 2317 2550 runt.
2354 2497 2513 2549 Anno
2546 2496 2755 2564 imperii
2795 2493 2994 2548 Justini
3036 2495 3226 2564 quinto
3271 2490 3603 2546 constitutus
3663 2497 3741 2542 est

2165 2589 2401 2643 Joannes
2432 2588 2742 2656 patriarcha
2791 2587 3091 2649 lictnanus,
3117 2586 3362 2656 qui-cum
3396 2584 3616 2638 biennio
3649 2597 3739 2636 se-

2167 2682 2336 2736 disset
2360 2691 2609 2735 mortuus
2635 2690 2736 2734 est.
2777 2682 2936 2736 Anno
2982 2679 3193 2750 imperii
3226 2678 3468 2748 ejusdem
3505 2676 3736 2745 septimo

2167 2787 2386 2829 creatus
2417 2785 2518 2826 est'
2552 2771 2702 2826 Felix
2740 2772 2942 2826 ibidem
2977 2771 3324 2841 patriarcha;
3373 2771 3465 2839 qui
3507 2779 3735 2838 quatuor

2171 2882 2341 2920 annos
2376 2867 2540 2930 sedit,
2573 2865 2700 2918 dein
2735 2873 2986 2918 mortuus
3018 2872 3120 2918 est.
3149 2863 3307 2916 Auno
3352 2862 3566 2930 imperii
3601 2860 3742 2927 νᾶα--

2168 2958 2290 3012 dem
2327 2959 2568 3011 secundo
2600 2957 2932 3010 constitutus
2951 2965 3034 3009 cst
3061 2953 3408 3009 Theodosius
3432 2953 3736 3021 patriarcha

2169 3049 2590 3115 Alexandrinus,
2624 3049 2715 3118 qui
2745 3045 2993 3102 Jacobita
3041 3045 3166 3110 fuit,
3205 3055 3260 3099 et
3302 3047 3562 3115 scriptor.
3606 3043 3741 3099 Tres

2094 3141 2138 3199 C
2171 3155 2346 3194 annos
2381 3140 2542 3204 sedit,
2585 3139 2712 3194 dein
2743 3139 2860 3193 loco
2896 3138 3186 3193 abdicatus
3211 3147 3317 3202 est,
3363 3145 3416 3190 et
3454 3139 3508 3191 in
3563 3138 3736 3190 locum

2168 3233 2342 3300 ipsius
2368 3232 2631 3287 sull‘ectus
2667 3232 2835 3287 Caius
2869 3231 3176 3302 patriarcha
3205 3247 3222 3295 ;
3271 3232 3362 3300 qui
3407 3229 3736 3282 Manieha‘us

2167 3321 2292 3383 fuit,
2329 3333 2380 3376 et
2422 3321 2801 3394 las-151'
2859 3323 3285 3377 archidiaconus
3346 3322 3560 3385 fuerat;
3616 3338 3742 3376 eum

2165 3416 2304 3470 duos
2335 3430 2509 3469 annos
2550 3417 2811 3476 sedisset,
2847 3415 2965 3468 loco
3017 3415 3298 3469 abdicatus
3321 3425 3426 3478 est,
3477 3415 3661 3468 redeo.
3689 3427 3735 3470 te

2167 3505 2506 3572 Theodosio,
2550 3508 2642 3576 qui
2710 3509 2983 3576 relegatus
3041 3509 3241 3572 fuerat,
3298 3507 3362 3560 ad
3401 3508 3734 3567 eatltcdram,

2165 3613 2328 3666 quam
2364 3612 2488 3651 cum
2523 3598 2765 3666 quinque
2788 3614 2962 3651 annos
2988 3607 3321 3665 Occupasset
3349 3598 3604 3651 exsulare
3628 3599 3736 3664 jus-

2159 3702 2258 3741 sus
2297 3696 2548 3742 mortuus
2577 3697 2680 3742 est.
2713 3689 2873 3742 Anno
2899 3689 3114 3758 imperii
3159 3690 3332 3758 ipsius
3382 3689 3580 3757 primo.
3614 3705 3679 3742 cu
3705 3708 3734 3738 ιι

2169 3780 2478 3834 nuntiatum
2519 3781 2621 3850 ipsi
2653 3791 2799 3836 esset
2833 3783 3164 3851 Anthytnum
3197 3782 3564 3850 patriarcham
3594 3784 3734 3834 (Ion-

2166 3869 2715 3939 stantinopolitanum
2749 3869 3058 3924 Jacobitam
3102 3885 3248 3937 esse,
3283 3871 3458 3940 ipsum
3492 3870 3610 3924 loco
3639 3872 3734 3924 ab-

2087 3983 2090 3986 η
2165 3960 2390 4025 dicavit,
2423 3962 2539 4016 vice
2580 3963 2756 4031 ipsius
2791 3964 2845 4016 in
2877 3963 3310 4031 patriarchatum
3342 3964 3732 4018 Constantino.

2165 4050 2467 4117 politannm
2500 4051 2733 4104 suffecto
2787 4051 2980 4106 Menna
3033 4054 3124 4122 qui
3186 4061 3315 4106 octo
3366 4068 3541 4105 annos
3596 4053 3733 4107 sedit

2165 4143 2293 4193 dein
2331 4152 2577 4196 mortuus
2608 4152 2712 4196 est.
2744 4146 2901 4197 Anno
2949 4145 3169 4213 imperii
3223 4143 3466 4211 ejusdem
3520 4145 3734 4210 ιμιὶιιιυ.ι

2166 4235 2504 4290 COllSlilulllS
2541 4245 2627 4289 est
2662 4235 2918 4304 Ephraim
2976 4237 3284 4305 patriarcha
3340 4235 3733 4299 Antiochea-us.

2166 4326 2254 4379 ubi
2283 4327 2583 4382 octodecim
2616 4342 2789 4383 annos
2821 4329 2980 4390 sedit,
3010 4330 3133 4382 dein
3159 4337 3404 4383 inor-tuus
3431 4337 3534 4383 cst.
3573 4329 3638 4381 .lo
3675 4345 3732 4381 n-

2165 4432 2264 4472 nes
2293 4427 2469 4474 autem
2499 4421 2804 4489 patriarcha
2835 4421 3385 4492 Hierosolymitanus,
3418 4424 3512 4491 qui
3565 4423 3616 4474 in
3649 4422 3732 4474 li-

2159 4524 2282 4564 cum
2313 4511 2444 4565 Elia:
2487 4513 2704 4582 relegati
2727 4514 3056 4568 substitutus
3084 4523 3191 4579 est,
3229 4513 3370 4567 sedit
3394 4525 3599 4583 septem
3631 4529 3734 4570 an-

2157 4615 2281 4667 nos,
2317 4602 2444 4657 dein
2477 4613 2727 4662 mortuus
2749 4612 2852 4661 est.
2878 4606 3038 4660 Διιιιο
3074 4588 3204 4673 ergo
3256 4606 3466 4674 imperii
3529 4606 3730 4662 .lostini

2158 4693 2320 4747 tertio
2361 4697 2692 4748 constitutus
2737 4704 2820 4748 est
2857 4696 3052 4751 Petrus
3109 4699 3420 4764 patriarcha
3476 4697 3732 4754 Hieroso-

2158 4786 2474 4855 lymitanus.
2509 4788 2599 4855 qui
2629 4803 2693 4839 ex
2732 4788 2923 4842 incolis
2950 4787 3155 4843 labrini
3189 4790 3312 4854 fuit,
3339 4805 3512 4844 armos
3539 4792 3729 4846 decent

2154 4878 2313 4940 sedit,
2339 4877 2464 4929 dein
2492 4890 2738 4932 mortuus
2766 4889 2848 4933 cst
2882 4878 3008 4950 [ve|,
3043 4883 3344 4935 secundum
3375 4883 3519 4935 aliud
3549 4899 3730 4936 exem-

2153 4969 2293 5035 plar,
2327 4967 2517 5038 viginti
2547 4969 2769 5041 annos.]
2805 4970 2952 5024 Misit
2983 4983 3164 5026 autem
3195 4973 3448 5028 Justinus
3488 4976 3731 5044 impera-

2153 5068 2240 5113 tor
2268 5059 2326 5113 in
2361 5075 2552 5116 omnes
2578 5063 2826 5132 regiones
2848 5062 3069 5133 [j‘ubens
3109 5065 3386 5138 homines]
3433 5070 3668 5122 concilio
3699 5088 3728 5120 ιι

2151 5150 2600 5208 Chalcedonense
2635 5156 2986 5222 conﬁrmare,
3021 5157 3146 5211 dein
3173 5167 3426 5212 mortuus
3457 5157 3729 5213 cstJusri-

2151 5259 2260 5299 nus
2281 5243 2653 5299 Romanorum
2682 5247 3002 5315 imperator,
3055 5249 3361 5318 imperante
3393 5259 3516 5317 post
3547 5251 3726 5318 ipsum

2153 5337 2412 5392 Romanis
2436 5336 2758 5394 Iustiniano
2788 5325 2964 5395 atinos
3000 5343 3225 5411 triginta
3284 5358 3502 5404 novent,
3564 5343 3729 5410 idque

2150 5444 2295 5484 anno
2331 5429 2479 5499 regni
2507 5431 2697 5484 Kobad
2731 5431 2824 5484 filii
2870 5431 3049 5486 Ftruzi
3084 5435 3224 5502 regis
3269 5431 3554 5486 Persarum
3589 5451 3693 5501 qua

2149 5510 2458 5590 dragesimb
2495 5524 2696 5589 primo.
2730 5521 2856 5577 Fuit
2879 5535 3060 5578 autent
3093 5524 3446 5579 Justiniantts
3497 5527 3727 5590 impeia-
3818 5518 3828 5525 ’

2151 5627 2233 5667 tor
2261 5613 2574 5682 imperatori
2604 5613 2822 5669 Justino
2859 5615 3056 5670 aﬂinis.

2217 5746 2556 5806 Jttsliniautts
2590 5766 2736 5804 anno
2764 5750 2977 5812 imperii
3007 5751 3089 5806 sui
3128 5750 3303 5810 primo
3337 5752 3721 5807 Alexandriam
