4116 6490
488 385 616 448 1071

1504 390 1868 450 EUTYCHH
1913 388 2211 448 ALEXAN
2225 388 2443 447 DRlNl
2482 388 2700 447 PATR.

3597 382 3742 446 1072

485 502 706 568 psisset,
768 500 911 554 haud
963 501 1248 570 probavis-
1281 501 1578 570 imperator
1636 499 2062 565 descriptionem
2094 514 2135 567 Α
2167 496 2401 551 ἰΙΙιι-ειιίε
2431 511 2493 551 ac
2519 511 2688 565 aquas
2713 494 2998 549 aedificavit
3025 511 3040 557 ;
3072 502 3126 546 at
3162 492 3427 561 templum
3457 491 3510 545 in
3539 493 3743 546 monais

493 593 678 655 istam,
713 607 813 646 nec
843 593 1115 646 nullatenus
1160 592 1259 662 ipsi
1292 591 1527 662 placuit;
1560 608 1728 659 quare
1761 591 1913 644 valde
1946 590 2047 659 ipsi

489 685 657 738 iratus
696 684 1032 752 :Aeceptus,
1094 684 1297 752 inquit,
1349 698 1600 737 mnumos
1645 682 1743 736 tibi
1789 681 1890 751 ipsi
1920 696 2070 759 con--

484 776 729 844 gessisti,
780 776 1069 829 aedificium
1100 784 1280 830 autem
1309 776 1627 830 exstruxisti
1661 774 1802 828 male
1829 789 2065 843 COItlptl-_

484 873 655 926 ctum,
699 873 751 918 et
782 863 1071 917 ecclesiam
1112 864 1458 917 tenebrosam
1512 861 1824 924 confecisti,
1878 861 2054 914 nulla-
2090 928 2097 933 ί

486 965 647 1008 tenus
693 969 758 1009 ex
807 965 989 1009 mente
1040 969 1157 1009 mea
1213 953 1558 1019 fabricatam,
1609 968 1710 1009 nec
1758 953 2050 1007 consilium

488 1062 668 1101 meum
708 1056 941 1115 secutus
980 1061 1061 1100 es.
1110 1046 1412 1116 Capiteqne
1442 1047 1623 1117 ipsum
1676 1045 1834 1116 plecti
1864 1044 2050 1112 jussit.

488 1138 705 1190 Struxit
739 1137 902 1191 etiam
936 1134 1285 1192 Justinianus
1337 1139 1633 1207 imperator
1663 1138 2061 1193 Constantino:

488 1228 595 1295 poli
664 1226 918 1296 templum
962 1225 1179 1281 Sanctae
1225 1225 1468 1297 Sophim,
1517 1226 1722 1281 fabrica
1761 1224 2055 1281 admodum

485 1318 739 1384 eleganti.

554 1406 723 1462 Porro
774 1418 1030 1466 mortuus
1051 1419 1137 1466 est
1163 1410 1280 1465 Mar
1302 1407 1444 1465 Saba
1481 1423 1654 1463 annos
1687 1418 1848 1463 natus
1881 1424 2057 1463 nona-

484 1503 634 1568 ginta
688 1512 944 1570 quatuor.
1012 1503 1149 1558 Cum
1211 1511 1391 1557 autem
1443 1502 1745 1557 andiissent
1801 1502 2056 1556 monachi

485 1594 685 1649 montis
723 1592 868 1649 Since
901 1595 969 1650 de
1009 1596 1149 1649 bona
1182 1595 1532 1665 imperatoris
1547 1593 1841 1650 Justiniaui
1877 1596 2060 1649 in'ten-

486 1687 652 1749 tione,
696 1701 970 1756 quamque
992 1686 1290 1741 condendis
1322 1686 1572 1742 ecclesiis
1615 1694 1668 1741 et
1714 1687 2062 1741 monasteriis

484 1781 767 1834 struendis
795 1779 1185 1844 delectaretur,
1216 1778 1286 1833 ad
1314 1778 1489 1848 ipsum
1517 1778 1771 1848 profecti,
1813 1793 2060 1847 conque-

2153 591 2359 645 vertiee
2391 603 2556 659 supra
2588 591 2766 644 locum
2800 588 2853 641 in
2887 601 2997 657 quo
3024 584 3206 641 Moses
3269 585 3442 654 legem
3483 586 3737 653 accepit:

2152 699 2352 736 nomen
2381 681 2641 751 praefecto
2676 679 2996 734 monasterii
3025 688 3144 732 erat
3195 677 3387 733 Duula.
3462 676 3743 734 Reversus

2152 784 2333 828 autem
2363 773 2425 827 ad
2449 771 2820 827 Justiuiannm
2873 771 3256 840 imperatorem
3287 769 3500 837 legatus
3551 785 3743 824 narra-

2153 866 2229 918 vit
2274 863 2376 932 ipsi
2409 879 2675 933 quasnam
2719 862 2982 915 ecclesias
3003 869 3063 916 ει
3103 876 3224 929 quae
3270 861 3604 916 tt.0nasteria
3635 877 3736 916 ex-

2152 965 2430 1011 struxerat
2462 971 2476 1020 ;
2519 955 2813 1023 descripsit
2861 956 3026 1007 etiam
3070 953 3171 1022 ipsi
3203 968 3315 1023 quo
3353 954 3514 1009 modo
3544 969 3738 1008 mona-

2153 1047 2379 1102 sterium
2414 1049 2616 1100 montis
2651 1042 2796 1100 Sinae
2823 1044 3207 1101 aedificarent.
3241 1043 3343 1100 Cui
3399 1045 3741 1115 in-perator:

2155 1138 2392 1204 Errasti,
2450 1138 2647 1208 inquit,
2679 1147 2732 1193 et
2764 1139 3051 1193 monachis
3085 1137 3343 1206 injuriam
3375 1136 3577 1199 fecisti.
3599 1154 3742 1207 quos

2156 1234 2210 1287 in
2247 1231 2600 1286 inimicorum
2636 1246 2831 1285 manus
2866 1230 3164 1285 tradidisti.
3195 1229 3377 1296 Quare
3410 1241 3593 1285 autem
3625 1245 3740 1284 non

2157 1321 2212 1376 in
2253 1323 2457 1377 montis
2494 1322 2711 1376 vertice
2748 1324 3139 1377 monasterium
3201 1321 3565 1378 exstruxisti?
3602 1319 3748 1376 Res-
3832 1352 3841 1363 η

2157 1411 2348 1487 pandit
2376 1413 2586 1483 legatus
2631 1430 2644 1466 :
2692 1411 2869 1482 ipsum
2894 1411 3046 1481 juxta
3073 1409 3271 1465 rubum
3294 1422 3348 1465 et
3378 1425 3545 1480 prope
3569 1424 3744 1481 aquas

2158 1506 2312 1577 posui
2339 1522 2353 1572 ;
2384 1506 2529 1576 quod
2557 1505 2602 1561 si
2635 1506 2686 1558 in
2718 1505 2923 1560 montis
2959 1504 3176 1572 fastigio
3199 1512 3541 1559 exstructum
3610 1504 3746 1558 l'uis-

2158 1607 2262 1664 set,
2288 1597 2599 1652 caruissent
2650 1596 2904 1651 monachi
2941 1610 3104 1666 aqua,
3136 1596 3271 1651 adeo
3322 1605 3383 1650 ut
3413 1597 3459 1650 si
3488 1596 3746 1651 obsessis

2159 1690 2451 1760 aliquando
2478 1689 2614 1758 ipsis
2642 1688 2940 1744 interclusa
2993 1696 3144 1743 esset
3174 1703 3340 1757 aqua.
3373 1704 3484 1759 pne
3509 1688 3605 1742 siti
3624 1702 3746 1740 mo-

2163 1789 2415 1834 rerentur
2446 1797 2461 1845 ;
2497 1779 2713 1849 longius
2745 1777 3096 1850 165-167
3123 1778 3347 1848 insuper
3375 1777 3444 1831 ab
3479 1778 3610 1846 ipsis
3643 1778 3747 1831 ab-

500 1872 572 1925 sti
603 1880 730 1927 sunt
785 1871 1312 1925 Arahcslsmaelitas
1362 1871 1496 1942 ipsis
1526 1872 1784 1925 damnum
1837 1870 2060 1936 inferre,
2097 1859 2135 1913 Β
2165 1872 2360 1927 fu'ssct
2432 1873 2621 1927 rubus.
2661 1871 2805 1926 Dixit
2860 1862 3196 1940 imperator:
3255 1867 3578 1938 Equandus
3613 1883 3745 1936 ergo

492 1978 688 2031 penum
714 1963 956 2031 ipsorum
1011 1963 1324 2018 devorando
1355 1963 1581 2032 locaque
1607 1963 1899 2029 diruendo,
1955 1963 2063 2016 eel-

490 2058 677 2123 lasqne
712 2056 1079 2125 ingredientes
1107 2053 1379 2124 quidquid
1407 2053 1482 2107 ibi
1531 2062 1676 2109 esset
1717 2053 1981 2120 diripere,
2011 2062 2065 2107 et

491 2150 544 2201 in
580 2147 844 2201 ecclesias
878 2146 1153 2201 irmentes
1188 2144 1593 2200 Eucharistiam
1620 2144 1913 2214 deglutire.
1944 2145 2054 2198 lio-

487 2246 648 2304 gante
674 2251 804 2306 ergo
835 2236 1182 2304 imperatore,
1235 2235 1365 2305 quid
1398 2235 1615 2297 vellent,
1655 2233 2010 2306 ιρι-163
2047 2249 2060 2285 :

490 2329 786 2400 Rogamus,
841 2328 1120 2397 inquiunt,
1170 2345 1203 2383 ο
1233 2343 1350 2393 rex,
1386 2335 1443 2380 ut
1477 2327 1636 2381 nobis
1669 2328 2063 2380 monasterium

487 2432 741 2477 exstrnas
771 2423 824 2474 in
856 2436 965 2491 quo
993 2421 1321 2475 muniamur.
1368 2417 1577 2490 (Neque
1608 2420 1753 2474 enim
1817 2428 1942 2473 ante
1999 2419 2067 2472 il-

490 2514 583 2569 lod
613 2523 826 2585 tempus
874 2515 1045 2568 ullum
1104 2514 1207 2576 fuit
1267 2514 1321 2565 in
1356 2520 1537 2567 monte
1595 2511 1725 2566 Sina
1755 2510 2065 2567 cmnohium

492 2607 547 2660 in
597 2621 705 2673 quo
761 2605 1119 2659 convenirent
1181 2603 1457 2662 monachi,
1521 2604 1616 2655 sed
1666 2601 1721 2653 in
1793 2599 2068 2654 montibus

492 2710 556 2750 ac
584 2696 811 2750 vallibus
856 2696 1000 2750 circa
1040 2694 1237 2749 rubum
1271 2710 1440 2763 equo
1477 2688 1621 2748 Dens
1650 2691 1839 2747 Mosen
1863 2693 2070 2747 allocu-

490 2797 580 2842 tus
600 2795 707 2851 est,
746 2787 978 2857 sparsim
1010 2785 1302 2857 degerunt.
1326 2782 1454 2838 Fuit
1485 2792 1699 2838 tantmn
1737 2784 1870 2853 ipsis
1899 2798 2066 2853 supra

492 2881 689 2957 rubum
731 2880 896 2936 turris
932 2894 1146 2950 magna,
1171 2882 1378 2948 quze'ct
1411 2877 1568 2932 hodie
1601 2889 1874 2947 superest,
1907 2889 2069 2945 atque

490 2974 544 3026 in
579 2988 641 3029 ea
682 2972 947 3042 templum
979 2972 1193 3027 Sancta:
1228 2970 1433 3036 δίει-ἷξε,
1470 2968 1536 3022 ad
1577 2985 1740 3040 quam
1789 2970 2066 3033 monachi,

491 3065 786 3121 accedente
814 3066 1069 3136 quopiam
1104 3080 1134 3119 a
1162 3080 1274 3134 quo
1335 3064 1612 3124 timerent,
1664 3061 2065 3133 confugientes,

496 3159 551 3213 in
581 3157 771 3213 cadem
834 3157 1050 3211 munire
1097 3172 1156 3210 se
1199 3156 1465 3212 solebant.
1500 3153 1648 3208 Misit
1679 3169 1809 3213 ergo
1834 3155 2068 3213 impera-

1740 3169 1809 3224 go
1834 3169 2068 3223 nopera-
2094 3197 2141 3258 ε
2174 3169 2407 3223 mgypto
2443 3169 2675 3207 annome
2714 3169 2979 3222 quantum
3014 3169 3313 3213 sumceret,
3368 3169 3746 3204 ueterenuum.

1742 3246 2067 3300 tis'iustru-
2126 3235 2140 3246 ’
2170 3243 2306 3298 Cum
2346 3258 2477 3313 ergo
2509 3243 2578 3297 ad
2604 3253 2845 3297 montem
2907 3240 3093 3296 Sinam
3151 3241 3490 3312 pervenisset
3544 3240 3747 3310 legatus

495 3263 579 3305 tor
612 3264 718 3304 una
758 3262 885 3305 eum
932 3249 1067 3318 ipsis
1113 3248 1351 3316 legatum
1403 3247 1598 3316 opibus
1622 3246 2067 3300 multiS‘inslrtt-

490 3350 662 3401 ctum,
687 3338 909 3408 scriptis
936 3338 1101 3392 etiam
1132 3338 1198 3393 ad
1230 3336 1453 3408 .Egypti
1485 3336 1800 3407 praefectum
1838 3336 2062 3399 litteris,

493 3441 552 3483 ιιι
599 3431 771 3485 eidem
805 3440 1072 3499 quantum
1103 3429 1268 3483 vellet
1301 3444 1653 3483 nummorum
1710 3429 1972 3494 traderet,
2005 3446 2069 3483 ac

493 3524 642 3577 viros
698 3522 861 3576 etiam
940 3519 1336 3589 suppeditaret,
1394 3520 1608 3591 ipsique
1664 3534 1937 3574 annonam
2002 3537 2067 3574 ex

491 3612 730 3682 Egypto
758 3613 1105 3667 deferendam
1136 3619 1404 3677 curaret;
1462 3612 1640 3681 legato
1696 3613 1748 3665 iu
1797 3611 2067 3666 mandatis

491 3706 618 3759 dato
656 3713 716 3758 ιιι
746 3703 1036 3760 ecclesiam
1098 3703 1151 3757 in
1183 3701 1405 3758 Kalzem
1472 3711 1800 3765 exstrueret.
1858 3719 2068 3761 necnon

492 3795 880 3848 monasterium
916 3794 1093 3863 Rayae,
1138 3802 1307 3863 utque
1340 3793 1393 3847 in
1439 3801 1626 3848 monte
1691 3793 1823 3848 Sina
1882 3810 2070 3849 mona-

491 3886 717 3948 sterium
753 3882 1076 3947 aedificaret,
1141 3884 1395 3954 idemque
1438 3886 1794 3955 permuniret,
1845 3887 1982 3942 adeo
2011 3895 2070 3940 ιιι

494 3991 601 4030 non
627 3975 753 4029 ahhi
786 3976 840 4029 in
883 3984 998 4030 tcto
1026 3974 1232 4029 mundo
1262 3976 1438 4047 magis
1471 3975 1744 4030 munitum
1798 3978 2072 4046 reperire-

491 4078 579 4118 tur
605 4066 848 4133 adeoque
888 4065 1160 4118 firmatum
1201 4065 1380 4130 daret,
1413 4075 1603 4120 utnon
1654 4066 1852 4122 alicubi
1920 4068 2073 4120 locus

492 4158 691 4226 aliquis
741 4164 888 4210 esset
943 4159 1085 4211 unde
1140 4156 1219 4210 vel
1278 4159 1613 4212 monasterio
1642 4157 1724 4212 vel
1785 4156 2072 4212 monachis

492 4242 757 4301 damnum
788 4246 1129 4301 inferendum
1169 4257 1525 4303 metueretur.
1585 4251 1720 4302 Cum
1779 4247 1911 4318 ergo
1942 4248 2073 4302 Kal.

495 4354 707 4393 zemum
740 4338 1077 4407 pervenisset
1107 4339 1316 4408 legatus
1350 4341 1451 4395 iste
1489 4341 1736 4395 condidit
1764 4343 1836 4395 ibi
1897 4343 2072 4397 cccle-

493 4431 629 4484 siam
653 4432 711 4484 S.
736 4430 1018 4485 Athanasii
1045 4432 1465 4502 ;exstruxitque
1485 4433 1880 4487 monasterium
1910 4432 2074 4504 Rayae

2183 1962 2281 2016 tibi
2315 1977 2439 2014 cum
2483 1971 2625 2015 terra
2670 1959 2767 2015 fuit
2805 1975 2962 2015 mons
3001 1960 3104 2015 iste
3135 1957 3230 2030 qui
3292 1974 3319 2011 a
3372 1958 3746 2028 septentrione

2169 2053 2500 2106 monasterio
2526 2052 2795 2107 imminet.
2839 2048 2940 2103 Cui
2981 2050 3188 2119 legatus
3233 2064 3246 2101 :
3285 2046 3340 2103 Si
3399 2058 3542 2102 totas
3589 2058 3746 2101 teme

2169 2143 2564 2209 nontanorum,
2614 2140 2856 2214 A‘lgypti,
2890 2151 2945 2196 et
2993 2140 3163 2212 Syrize
3223 2157 3355 2211 opes
3384 2132 3746 2209 impendisse-

2170 2251 2310 2297 mus,
2369 2234 2512 2287 haud
2575 2248 2859 2304 possemus
2904 2241 3147 2287 montem
3203 2230 3367 2286 istmn
3433 2230 3744 2285 abSUIVel't'.

2168 2327 2343 2380 Iratus
2378 2342 2508 2395 ergo
2542 2326 2841 2395 imperator
2867 2332 3031 2394 caput
3064 2323 3168 2393 ipsi
3231 2323 3507 2393 amputari
3554 2322 3745 2392 jussit.

2170 2418 2368 2474 Deinde
2398 2419 2562 2472 alium
2597 2417 2745 2472 misit
2798 2416 3058 2487 legatum,
3094 2431 3316 2485 unaque
3370 2429 3495 2469 cum
3544 2414 3687 2483 ipso,
3714 2429 3747 2468 ε

2168 2512 2352 2568 vernis
2381 2511 2752 2566 Romanorum
2790 2525 2899 2581 una
2956 2524 3081 2563 cum
3124 2507 3311 2562 liberis
3359 2516 3416 2562 et
3482 2507 3747 2561 uxoribus

2169 2604 2412 2672 ipsorum
2462 2614 2679 2657 centum
2711 2602 2878 2664 viros,
2906 2601 3109 2672 jnbeus
3142 2600 3303 2653 etiam
3332 2608 3389 2652 ut
3418 2614 3482 2653 ex
3506 2596 3746 2669 Egypto

2168 2695 2306 2750 alios
2334 2705 2555 2749 centum
2596 2708 2702 2746 una
2753 2707 2878 2745 cum
2910 2693 3154 2760 ipsorum
3217 2690 3484 2743 uxoribus
3519 2700 3573 2744 et
3611 2688 3745 2742 libe-

2169 2788 2245 2842 ris
2274 2788 2566 2855 acciperet,
2588 2783 2789 2854 quibus
2830 2793 2985 2837 extra
3019 2791 3264 2835 montem
3301 2780 3493 2835 Sinam
3555 2781 3749 2835 domus

2168 2885 2476 2934 exstrueret
2513 2877 2567 2931 in
2600 2876 2803 2946 quibus
2830 2875 2905 2929 ibi
2954 2875 3237 2945 degerent,
3296 2889 3408 2944 quo
3465 2880 3746 2927 monaste-

2175 2972 2320 3025 rium
2354 2982 2407 3025 et
2461 2972 2766 3026 monachos
2817 2968 3203 3033 custodirent;
3239 2977 3294 3023 et
3351 2969 3552 3022 victum
3615 2965 3747 3035 ipsis

2170 3061 2625 3131 suppeditandum
2655 3070 2898 3125 curaret,
2932 3061 3176 3130 ipsisque
3198 3066 3251 3114 et
3285 3058 3619 3113 monasterio
3679 3071 3744 3109 ex

2174 3152 2407 3223 Egypto
2443 3167 2675 3207 annome
2714 3161 2979 3222 quantum
3014 3148 3313 3213 sufﬁceret,
3368 3148 3757 3204 deferendum;

2170 3348 2325 3390 extra
2360 3335 2756 3390 monasterium
2787 3332 3067 3389 Orientem
3088 3348 3284 3387 versus
3323 3332 3495 3386 multa
3526 3325 3745 3386 exstru-

2170 3428 2249 3482 χιι
2286 3427 2590 3491 domicilia,
2627 3424 2927 3496 eademque
2961 3440 3089 3480 arce
3118 3423 3501 3485 communivit,
3543 3423 3599 3477 in
3623 3424 3747 3492 qui.

2171 3520 2272 3575 bus
2297 3535 2486 3576 servos
2512 3519 2650 3574 istos
2679 3518 2965 3573 collocavit
2998 3534 3109 3588 quo
3139 3517 3530 3572 monasterium
3563 3531 3661 3572 cus
3690 3530 3748 3567 oo

2170 3614 2370 3674 dirent,
2404 3612 2658 3681 idemque
2692 3622 2977 3665 tuerentur
3004 3626 3019 3675 ;
3048 3611 3139 3679 qui
3163 3609 3317 3664 locus
3335 3609 3401 3664 ad
3437 3609 3542 3663 hoc
3576 3623 3747 3675 ιιειιιιε

2172 3713 2391 3775 tempus
2426 3705 2518 3757 Dir
2544 3707 2595 3757 ol
2625 3703 2787 3765 Abid,
2855 3717 2974 3765 seu,
3014 3700 3409 3755 monasterium
3462 3714 3748 3753 servorum

2172 3793 2499 3861 appellatur.
2554 3791 2689 3845 Cum
2727 3806 2853 3845 vero
2885 3790 3089 3860 genitis
3140 3790 3328 3845 liberis
3377 3790 3746 3860 multiplicati,

2171 3882 2260 3934 ditt
2301 3881 2372 3935 ibi
2405 3881 2808 3946 substitissent,
2840 3896 2903 3935 ac
2959 3876 3555 3937 Mohammedanismus
3610 3881 3748 3934 obti.

2171 3983 2325 4028 neret
2349 3973 2515 4043 (quod
2553 3974 2655 4027 sub
2708 3971 2920 4028 Chalifa
2954 3972 3110 4028 Abdil
3147 3971 3320 4027 Malec
3369 3973 3485 4029 Ebn
3516 3972 3746 4028 Merwar

2172 4066 2392 4135 accidit)
2428 4066 2517 4120 alii
2552 4067 2606 4119 in
2647 4067 2789 4123 alios
2825 4067 3098 4121 irruentes
3130 4067 3336 4120 mutuis
3372 4082 3433 4121 se
3497 4067 3751 4122 crdibus

2171 4159 2542 4222 sustulerunt,
2576 4159 2737 4213 caesis
2758 4159 2902 4225 aliis,
2930 4159 3057 4214 aliis
3084 4158 3447 4228 fugientibus,
3475 4159 3601 4216 aliis
3634 4158 3745 4212 Μυ-

2176 4250 2708 4305 hammedanismum
2737 4252 3025 4321 amplexis,
3046 4260 3280 4322 quarum
3318 4252 3473 4307 liberi
3499 4251 3566 4306 ad
3592 4252 3745 4323 168

2173 4343 2324 4396 hunc
2376 4356 2551 4410 usque
2581 4342 2722 4396 diem
2756 4343 2809 4396 in
2839 4345 3211 4407 monasteriis,
3254 4343 3402 4398 illam
3437 4346 3746 4414 religionem

2175 4432 2492 4502 profitentes
2522 4432 2675 4488 Banu
2725 4432 2926 4499 Salchi,
2957 4436 3320 4505 appellantur,
3352 4446 3408 4490 et
3449 4438 3601 4505 pueri
3630 4435 3745 4509 [seu

494 4533 606 4572 tum
639 4520 704 4573 ad
741 4529 979 4576 montem
1023 4521 1212 4575 Sinam
1270 4523 1551 4592 profectus
1583 4523 1655 4576 ibi
1691 4528 1891 4577 rubum
1918 4525 2067 4578 inve-
2103 4543 2147 4597 ι)
2175 4525 2318 4578 servi
2350 4521 2370 4595 ]
2430 4528 2749 4581 monasterii
2789 4525 3022 4581 audiunt
3056 4538 3336 4594 ;suntque
3361 4542 3426 4582 es
3476 4528 3613 4598 ipsis
3642 4526 3744 4581 La-

494 4612 574 4664 nit
633 4613 686 4665 in
728 4611 847 4667 loco
876 4613 1021 4667 inter
1045 4614 1182 4668 duos
1204 4624 1422 4669 montes
1451 4604 1707 4685 angusto,
1746 4614 2064 4686 ibidemque

495 4704 693 4759 turrim
717 4707 885 4774 prope
905 4708 1098 4760 rubum
1120 4715 1477 4773 exstructam,
1500 4722 1710 4762 necnon
1734 4707 1894 4780 Σιϐᾶ,
1913 4724 2068 4778 aqua:

491 4797 681 4857 fontes
702 4810 868 4864 prope
897 4795 1148 4850 eutndem
1208 4796 1598 4862 scatat-iantes,
1653 4804 1708 4849 at
1768 4798 2068 4851 monachos

492 4903 586 4957 per
619 4888 789 4942 valles
820 4887 1121 4956 dispersos.
1178 4887 1235 4940 ln
1259 4889 1446 4943 animo
1480 4903 1611 4957 ergo
1642 4888 1832 4942 habuit
1875 4904 2068 4943 mona-

489 4979 718 5034 sterium
745 4993 910 5048 supra
945 4986 1184 5039 montem
1254 4988 1541 5034 exstruere
1600 4980 1789 5034 relicto
1836 4982 1955 5034 rubi
2015 4991 2069 5036 ct

492 5069 661 5123 turris
696 5067 1012 5132 loco.Quod
1043 5077 1222 5121 tamen
1263 5084 1453 5123 rursus
1478 5083 1635 5138 aquae
1656 5070 1826 5140 gratia
1864 5071 2070 5139 impro-

491 5158 662 5221 bavit,
689 5157 810 5210 idco
841 5158 987 5227 quod
1021 5158 1168 5213 nulla
1207 5170 1357 5214 esset
1386 5175 1550 5228 supra
1595 5158 1833 5214 montem
1902 5176 2067 5230 aqua.

398 5278 413 5283 -
488 5251 773 5325 'lilall'thil
827 5266 956 5321 ergo
1018 5253 1411 5306 monasterium
1471 5252 1627 5319 juxta
1694 5254 1888 5307 rubum
1944 5253 2067 5306 loco

490 5344 682 5410 turris,
715 5345 847 5398 turri
885 5345 938 5397 in
967 5343 1302 5398 Inonasterio
1336 5343 1569 5398 inclusa.
1608 5341 1841 5412 Fuitque
1873 5357 2066 5398 mona-

487 5438 715 5494 sterium
744 5437 885 5490 inter
912 5434 1052 5490 duos
1104 5444 1319 5489 montes
1371 5434 1494 5487 loco
1531 5443 1786 5503 angusto,
1815 5433 1952 5488 adeo
2010 5443 2067 5487 ut

488 5529 533 5581 si
582 5527 709 5597 quis
739 5527 942 5583 mootis
974 5515 1252 5594 fastigium
1301 5524 1735 5595 septentrionale
1786 5538 2064 5580 conscen-

489 5619 1131 5691 denslapidemjaceret,
1169 5615 1222 5671 in
1284 5617 1525 5671 medium
1557 5615 1819 5671 decidens
1873 5620 2096 5670 mum"

490 5714 718 5765 sterium
745 5710 1025 5764 monachis
1055 5683 1295 5763 n‘oceret.
1331 5705 1397 5761 Et
1433 5707 1826 5765 monasterium
1846 5708 2062 5776 quidem

493 5796 545 5853 in
586 5796 705 5848 loco
746 5800 851 5851 isto
881 5807 1113 5867 angusm
1141 5794 1294 5869 juxta
1345 5796 1541 5850 rubum
1600 5806 1655 5850 et
1710 5810 2062 5853 monumenta

2171 4614 2510 4670 chmicnscs.
2562 4613 2860 4670 Diruerunt
2924 4626 3107 4670 autem
3167 4617 3423 4671 monachi
3478 4618 3748 4671 domicilia

2169 4721 2449 4759 servorum
2479 4714 2769 4776 postquam
2830 4704 3223 4762 Mohammedis
3261 4707 3581 4778 religionem
3638 4725 3750 4762 am-

2170 4798 2312 4867 plexi
2342 4806 2470 4851 sunt
2496 4813 2561 4850 ne
2589 4800 2715 4866 quis
2743 4792 2825 4853 ea
2846 4801 3131 4867 incoleret,
3155 4816 3277 4870 qua:
3307 4816 3442 4870 ergo
3472 4814 3529 4856 et
3587 4802 3752 4855 hodie.

2169 4888 2409 4942 desolata
2448 4900 2687 4945 manent.

2242 4980 2411 5036 Porro
2437 4999 2583 5038 anno
2634 4984 2844 5053 imperii
2893 4983 3191 5041 Justiniani
3237 4988 3480 5043 secundo
3547 4988 3754 5043 consti-

2169 5080 2317 5125 tutus
2357 5083 2441 5126 est
2485 5072 2801 5129 Bonifacius
2859 5078 3172 5145 patriarcha
3201 5075 3535 5145 Romanus;
3596 5093 3750 5134 cum-

2168 5180 2274 5233 quc
2303 5165 2443 5220 duos
2475 5181 2652 5221 annos
2681 5167 2913 5223 sedisset
2941 5180 3190 5228 mortuus
3219 5183 3323 5227 est.
3372 5174 3532 5229 Auno
3572 5171 3751 5242 impe-

2171 5255 2237 5310 rii
2267 5257 2508 5324 ejusdem
2548 5268 2744 5328 quarto
2780 5262 3117 5316 constitutus
3149 5272 3235 5318 est
3274 5264 3478 5319 ibidem
3503 5263 3746 5332 patriar-

2170 5350 2273 5401 cha
2314 5346 2575 5413 Joannes,
2607 5352 2700 5420 qui
2731 5358 2785 5405 et
2817 5351 2956 5405 duos
3000 5368 3175 5408 annos
3203 5354 3368 5421 sedit,
3399 5356 3527 5409 dein
3595 5370 3741 5408 mor-

2170 5450 2297 5494 tuus
2328 5451 2433 5494 εει.
2493 5441 2652 5495 Anno
2682 5441 2923 5511 ejusdem
2954 5453 3130 5506 sexto,
3178 5446 3356 5501 factus
3398 5455 3481 5500 est
3543 5447 3749 5502 ibidem

2172 5533 2476 5601 patriarcha
2502 5533 2798 5602 Agapctus,
2834 5537 2926 5604 qui
2963 5552 3087 5589 eum
3122 5554 3287 5590 unum
3316 5554 3518 5593 annum
3559 5538 3746 5592 sedzs-

2171 5635 2253 5677 sct
2310 5633 2560 5679 mortuus
2590 5634 2693 5679 est.
2733 5630 2891 5681 Anno
2922 5628 3041 5697 ejus
3063 5630 3165 5682 lem
3199 5632 3434 5699 septimo
3460 5630 3735 5683 constitu-

2172 5723 2258 5766 tus
2306 5716 2482 5769 cstihi
2541 5717 2852 5784 patriarcha
2890 5718 3209 5789 Sylverius;
3273 5739 3445 5773 arruns
3505 5722 3746 5788 quinque

2170 5806 2329 5873 sedit,
2362 5807 2488 5861 dein
2515 5818 2762 5861 tnurtnus
2793 5822 2893 5864 est.
2933 5813 3088 5864 Anno
3115 5813 3357 5876 eiusdem
3400 5813 3608 5868 decimo
3641 5823 3744 5867 ttro
3774 5806 3781 5809 ’
