4116 6408
390 385 526 449 1073

1811 364 2194 455 Αιιιιιιιιιε.
2250 394 2255 399 ·

3520 394 3658 459 10ῖᾷ

386 500 463 553 tio
516 498 852 556 constitutus
875 508 958 555 est
987 499 1190 556 ibidem
1225 498 1538 571 patriarcha
1568 498 1799 572 Vigilius
1826 517 1841 563 ;
1875 502 1969 570 qui
1997 501 2052 561 Α
2077 500 2150 556 lio
2174 499 2475 573 Eutycltius
2511 501 2821 571 patriarcha
2846 501 3513 572 Constantinopolitauus.
3556 503 3677 557 Non

384 592 690 647 octodecim
726 607 902 648 annos
954 593 1120 660 sedit,
1161 592 1286 651 dein
1345 601 1600 649 mortuus
1654 601 1770 660 est;
1813 593 1973 663 cujus

385 683 721 753 prml'ecttirte
782 702 926 745 anno
991 686 1208 743 decimo
1260 686 1455 755 quinto
1526 684 1628 739 fuit
1680 686 1974 741 concilium

384 776 662 847 quintum.
721 778 879 833 Anno
908 777 1120 848 imperii
1154 777 1400 848 ejusdem
1454 774 1771 842 (Iustiniani
1823 776 1975 832 scili-

332 878 343 896 ⁸
384 870 514 935 cet.)
549 868 785 936 decimo,
814 872 1150 927 constitutus
1185 878 1270 926 est
1299 869 1636 939 Epiphanius
1668 870 1890 939 patriart
1911 869 1978 925 ha

383 963 1045 1032 (loustautitmpolitanus,
1082 963 1175 1036 qui
1198 961 1449 1018 Jacobita
1482 960 1622 1015 fuit:
1659 960 1803 1016 sedit
1857 980 1960 1015 uno

385 1070 488 1109 nos
510 1070 634 1115 sex.
666 1054 791 1109 dein
825 1065 1077 1110 mortuus
1123 1063 1229 1111 est.
1283 1052 1519 1123 Scripsit
1570 1038 1755 1109 autem
1804 1051 1980 1107 Justi-

384 1146 581 1202 nianns
627 1148 929 1218 imperator
995 1147 1293 1217 epistolam
1343 1145 1596 1218 magnum
1670 1162 1794 1215 qua:
1850 1147 1975 1216 jura

383 1239 558 1295 multa
591 1249 644 1296 et
678 1241 825 1311 leges
868 1240 1202 1296 contineret.
1245 1239 1405 1295 Anno
1462 1239 1674 1309 imperii
1731 1240 1976 1311 ejusdem

379 1332 600 1389 decium
659 1332 895 1403 septimo
948 1332 1130 1387 factus
1176 1339 1262 1388 est
1306 1331 1609 1401 Eutychius
1670 1332 1978 1401 patriarcha

380 1425 1029 1496 Constantitmpolitanns
1063 1443 1079 1492 ;
1109 1426 1201 1494 qui
1241 1432 1530 1494 postquam
1569 1424 1856 1482 duodecim
1880 1440 1981 1479 au-

385 1534 489 1575 nos
544 1518 777 1574 sedisset
839 1518 893 1573 in
932 1517 1285 1591 169-171
1320 1515 1576 1573 exsilium
1613 1517 1817 1573 missus
1870 1526 1976 1573 est.

382 1608 544 1667 Anno
609 1600 1117 1682 praefectur.e'_ejtts
1176 1613 1465 1669 undecimo
1519 1612 1626 1667 fuit
1671 1610 1971 1668 concilium

382 1703 666 1772 quintum.
704 1702 861 1758 Anno
895 1703 1110 1772 imperii
1170 1701 1469 1759 Iustiniani
1502 1704 1720 1759 decimo
1779 1712 1976 1771 quarto

382 1796 719 1853 constitutus
762 1804 850 1852 est
898 1794 1177 1852 Macarius
1215 1797 1527 1868 patriarcha
1579 1795 1973 1867 llierosolyzni-

2087 593 2265 650 adfuit
2312 596 2532 665 quidem
2576 597 2892 667 patriarcha
2957 595 3515 668 llierosolymitanns,
3582 603 3678 652 sed

2088 687 2383 757 deputatos
2420 706 2551 746 suos
2579 691 2750 773 misit.
2784 692 2863 746 Ita
2900 707 3002 746 nec
3056 690 3307 746 interfurit
3368 689 3683 760 patriarcha

2088 779 2394 844 Romanus,
2423 797 2520 835 nec
2551 780 2655 836 l‘uit
2685 783 2790 851 ipsi
2817 783 3115 853 deputatus
3147 799 3165 851 ;
3198 797 3324 839 cum
3391 783 3527 852 ipsis
3598 796 3683 836 tu-

2089 883 2212 926 tnen
2263 873 2570 935 consensit,
2642 887 2946 946 eorumque
2998 875 3330 931 sententiam
3382 875 3666 943 amplexus

2085 972 2193 1018 est.
2241 962 2592 1035 173-175
2619 964 2854 1035 Fuitqne
2886 981 3155 1024 numerus
3179 952 3568 1038 episcoporum
3588 983 3663 1037 qu

2089 1054 2144 1107 in
2180 1053 2284 1109 hoc
2340 1055 2575 1110 concilio
2605 1057 2802 1126 quinto
2835 1065 3223 1123 convenerunt
3265 1067 3489 1115 centum
3525 1054 3654 1114 sera

2084 1143 2237 1214 ginta
2274 1156 2671 1217 quatuor,an
2711 1147 2765 1203 in
2786 1150 3079 1220 episcopos
3115 1149 3254 1208 istos
3280 1162 3336 1207 et
3365 1167 3560 1209 omnes
3584 1155 3680 1222 qui

2096 1235 2240 1292 idem
2299 1254 2422 1294 cum
2469 1240 2604 1308 ipsis
2637 1255 2961 1299 assererem
3021 1244 3311 1301 anathema
3371 1246 3678 1301 dixerunt:

2086 1329 2321 1392 (scilicet
2381 1331 2433 1386 in
2492 1331 2784 1404 Origenem
2846 1337 3192 1407 episcopum,
3235 1335 3678 1412 Μτιηιιιιεριιςριιι,

2088 1420 2422 1479 Thaddaznnt
2447 1425 2770 1497 episcopum
2820 1426 3252 1492 Massisiensem.
3280 1430 3425 1487 Ibam
3464 1434 3675 1502 episca-

2086 1530 2215 1585 pum
2251 1515 2569 1573 liohensenr
2595 1526 2653 1575 et
2676 1518 3066 1577 Theodoritnm
3111 1524 3434 1593 episcopum
3494 1527 3674 1597 Ancy-

2085 1609 2326 1664 ritanum
2357 1626 2373 1664 :
2412 1618 2727 1668 astruentes
2765 1628 2967 1684 corpus
3006 1614 3210 1672 Christi
3247 1615 3465 1671 D‘nmini
3491 1621 3672 1673 nostri

2088 1715 2278 1756 verum
2314 1701 2510 1769 fuisse,
2543 1719 2657 1760 non
2688 1706 3102 1776 phantasticnm
3138 1726 3154 1775 ;
3201 1723 3434 1779 esseque
3500 1710 3680 1781 ipsum

2089 1790 2256 1847 Deum
2305 1797 2634 1863 perfectura,
2665 1807 2721 1853 et
2766 1799 3038 1853 Immineat
3098 1800 3427 1870 perfectum,
3456 1801 3676 1855 naturis

385 1898 552 1945 tanus
581 1904 597 1953 ;
629 1890 722 1959 qui
758 1888 898 1944 duos
932 1903 1109 1944 annos
1170 1890 1339 1951 sedit.
1368 1890 1497 1944 dein
1555 1901 1809 1945 tuortuus
1875 1900 1981 1944 est.
2016 1870 2058 1925 Β
2089 1885 2328 1952 duabus,
2397 1886 2781 1943 rolunutibus
2831 1890 3070 1951 duabus,
3125 1890 3360 1946 duorum
3417 1905 3677 1959 generum

385 1983 547 2036 Auno
587 1981 804 2046 imperii
850 1979 1103 2050 ejusdem
1138 1981 1353 2036 deciate
1394 1983 1633 2053 septimo
1673 1982 1856 2037 factus
1886 1990 1974 2038 est

384 2073 691 2147 Eutychios
731 2072 1042 2144 patriarcha
1088 2074 1645 2147 Itierosolymitanns,
1706 2076 1798 2146 qui
1832 2074 1978 2130 duo-

385 2165 565 2221 decim
601 2179 776 2221 annos
805 2163 970 2227 sedit,
996 2164 1121 2220 dein
1158 2175 1410 2219 mortuus
1458 2174 1544 2222 est
1580 2183 1593 2219 :
1634 2166 1796 2235 cujus
1843 2181 1984 2235 pra:-

386 2258 614 2314 t'ectnrze
640 2272 785 2312 anno
821 2257 1116 2315 undecimo
1164 2259 1271 2312 fuit
1339 2258 1635 2314 concilium
1701 2259 1980 2327 quintmu.

362 2350 546 2406 .Anno
577 2350 790 2419 imperii
851 2348 1103 2418 ejusdem
1160 2351 1377 2406 decimo
1425 2351 1619 2422 quinto
1673 2350 1852 2429 t‘attus
1902 2360 1986 2406 est

387 2441 635 2499 Domnus
691 2443 1001 2512 patriarcha
1036 2444 1452 2510 Antiochenns,
1490 2445 1583 2515 qui
1643 2445 1981 2512 qttattlnt'de-

386 2534 704 2591 rimanttos
765 2536 933 2600 sedit,
986 2536 1110 2591 dein
1150 2544 1405 2592 mortuus
1436 2545 1540 2592 est.
1608 2536 1739 2606 lijus
1798 2536 1987 2607 pratic-

386 2637 559 2683 cturae
584 2643 730 2684 anno
771 2629 985 2685 det-imo
1027 2630 1190 2685 tertio
1221 2629 1324 2684 fuit
1362 2630 1661 2685 concilium
1699 2631 1979 2699 quintum.

388 2723 562 2781 Porro
590 2735 839 2795 tempore
882 2725 1178 2782 Iustiniani
1211 2728 1562 2800 imperatoris
1601 2732 1859 2798 apparuit
1925 2730 1979 2780 in

387 2820 531 2901 enato
554 2820 709 2876 stella
738 2834 935 2891 magna
961 2837 1084 2891 qua:
1114 2822 1533 2886 quatuordecim
1566 2822 1686 2876 dies
1721 2822 1941 2876 duravit
1966 2835 1979 2874 :

388 2926 451 2967 ac
484 2919 670 2983 postea
703 2915 957 2982 apparuit
991 2914 1043 2968 in
1079 2915 1220 2969 coelo
1275 2917 1431 2970 hasta
1465 2917 1624 2986 ignea
1678 2930 1801 2983 quae
1859 2915 1980 2969 dies

389 3004 595 3073 aliquot
653 3006 878 3061 mansit.
933 3004 1057 3060 Fuit
1125 3007 1291 3062 etiam
1353 3018 1600 3078 tempore
1679 3007 1979 3064 Iustiniani

389 3096 649 3165 Origenes
678 3100 970 3167 episcopus
1011 3098 1395 3170 Manhagensis
1421 3101 1513 3170 qui
1543 3101 1986 3173 metempsyt-ho-

389 3188 476 3243 sin
499 3190 759 3253 asseruit,
782 3193 1244 3263 resurrectionem
1269 3209 1495 3265 negans.
1531 3192 1780 3249 Fuerunt
1805 3197 1975 3250 etiam

391 3278 517 3336 itas
546 3280 840 3350 episcopus
868 3280 1166 3350 Rohensis,
1195 3284 1498 3341 Thaddzeus
1515 3286 1808 3356 episcopus
1846 3286 1986 3342 Mas-

391 3372 642 3439 sisensis,
700 3384 754 3428 et
808 3373 1180 3434 Tlteodoritus
1252 3379 1550 3448 episcopus
1626 3380 1984 3449 Ancyrensis,

391 3465 487 3534 qui
547 3475 908 3522 asseruerunt
942 3483 1167 3540 .rorpus
1222 3470 1436 3525 Domini
1511 3472 1684 3524 nostri
1747 3469 1981 3535 Christi,

392 3558 803 3626 phantasticum
854 3561 1046 3638 fuisse.
1080 3562 1218 3617 nihil
1264 3565 1317 3616 in
1349 3580 1408 3619 se
1437 3564 1552 3618 veri
1591 3564 1826 3635 habens:
1853 3579 1986 3634 quo-

393 3666 515 3707 rum
586 3654 861 3708 sententia
926 3654 1136 3714 audita.
1196 3656 1419 3710 mittens
1495 3657 1792 3725 imperator
1836 3657 1985 3727 ipsos

393 3740 932 3813 Constantinopolim
961 3744 1272 3811 accersivit,
1315 3745 1452 3815 ipsis
1480 3760 1547 3801 ac
1584 3746 1851 3816 Eutycltio
1887 3764 1985 3817 pa-

394 3832 632 3887 triarcha
648 3832 1252 3904 ConstantinOpolitano
1265 3837 1559 3891 convenire
1572 3835 1762 3904 jussis.
1778 3835 1986 3903 Quib-ts

398 3923 915 4009 172lpatriarcha,
946 3926 1002 3982 Si
1058 3925 1223 3982 fuerit
1259 3926 1489 3997 (inquit)
1530 3942 1735 3997 corpus
1776 3927 1982 3984 Cltristi

397 4019 706 4089 phantasia,
733 4020 829 4089 (uti
862 4022 1169 4076 autumatis
1208 4022 1350 4090 vos.)
1386 4029 1552 4076 erunt
1588 4023 1755 4077 etiam
1792 4023 1970 4077 actio-

398 4127 495 4166 nes
526 4120 580 4167 et
606 4126 786 4168 sermo
818 4112 993 4182 ipsius
1037 4112 1350 4183 phantasia,
1394 4126 1458 4168 ac
1489 4113 1721 4182 proinde
1751 4115 1985 4183 quodvis

396 4218 599 4275 corpus
615 4203 757 4274 quod
777 4203 939 4259 alicui
972 4203 1256 4260 hominum
1280 4203 1594 4271 tribuimus,
1631 4214 1725 4259 aut
1751 4204 1980 4271 tactum,

397 4304 491 4349 aut
525 4294 757 4361 dictum,
787 4295 984 4351 eodem
1022 4294 1189 4351 modo
1221 4310 1280 4352 se
1319 4295 1565 4352 habebit.
1638 4294 1784 4351 Dixit
1818 4296 1925 4351 rtia
1952 4315 1982 4350 ιι

398 4387 657 4458 episcopo
696 4384 1096 4458 Manbagensl:
1155 4386 1410 4443 Surrexit
1480 4385 1748 4444 Dom'nns
1800 4396 1985 4444 noster

397 4476 654 4534 Christus
710 4494 740 4531 a
787 4480 1044 4544 mortuis,
1098 4480 1401 4548 colemque
1450 4479 1615 4532 modo
1648 4479 1980 4535 scimusdie

2086 1978 2423 2044 actionibus,
2455 1989 2511 2034 at
2541 1996 2791 2049 persona
2816 1997 2926 2037 una
2960 1984 3229 2054 agn’tum.
3264 1983 3681 2038 Conﬁrmarnnt

2087 2072 2256 2129 etiam
2309 2075 2639 2130 sententiam
2688 2084 2926 2146 quatuor
2966 2075 3332 2131 conciliorum
3361 2075 3699 2147 prteceden-'

2086 2164 2245 2228 tium,
2299 2180 2534 2236 esseque
2582 2166 2845 2221 mundum
2879 2168 3026 2223 hunc
3075 2169 3366 2235 caducum,
3412 2179 3467 2226 et
3495 2186 3680 2229 resur-

2086 2257 2386 2313 rectionem
2430 2259 2744 2332 necessario
2801 2259 3066 2323 futuram,
3119 2270 3526 2333 venturumque
3581 2264 3682 2316 Uo-
3748 2310 3757 2321 ,

2089 2349 2299 2405 tninnm
2335 2358 2585 2404 nostrum
2632 2352 2915 2406 Christum
2975 2369 3101 2408 cum
3135 2353 3305 2423 gloria
3345 2370 3565 2426 magna,
3627 2364 3683 2409 et

2083 2443 2460 2509 jndiratttrum
2482 2443 2639 2498 vivos
2667 2451 2720 2498 et
2748 2455 2997 2499 mortuos
3028 2446 3492 2514 quemadmodum
3530 2447 3678 2502 allir-

2089 2536 2573 2595 marunLtrecenti
2605 2534 2912 2590 octodecim
2969 2535 3397 2617 |Patt'esl.,Dcin
3426 2540 3679 2595 honorati

2086 2634 2396 2689 redierunt.

2155 2724 2273 2780 lam
2310 2742 2340 2780 a
2372 2726 2612 2783 concilio
2651 2735 2850 2796 quarto
2879 2734 3269 2782 sescentorum
3307 2728 3529 2797 triginta
3574 2742 3675 2781 eo-

2090 2835 2210 2872 rum
2248 2818 2343 2885 qui
2385 2819 2724 2876 Chalcedoni
2755 2827 3157 2883 convenerunt,
3192 2835 3257 2873 ac
3295 2821 3589 2875 anathema
3629 2821 3681 2875 in

2084 2908 2369 2967 Jacobitas
2415 2912 2835 2973 denuntiarunt.
2880 2912 2947 2965 ad
2994 2911 3292 2967 concilium
3340 2910 3488 2966 istud
3524 2911 3684 2981 quin—

2087 3015 2203 3059 tum
2254 3014 2476 3059 Centum
2523 3002 2803 3073 sexaginta
2851 3014 3091 3074 quatuor
3130 3004 3541 3077 episcoporum,
3590 3006 3684 3069 qui

2080 3080 2568 3167 Constantinopoli
2595 3105 2996 3161 convenerunt,
3027 3096 3155 3151 anni
3197 3105 3329 3153 sunt
3360 3104 3583 3152 centum
3622 3109 3678 3150 ct

2090 3198 2242 3252 tres;
2285 3189 2496 3259 fuitque
2536 3188 2639 3244 hoc
2674 3204 2822 3244 anno
2855 3189 3067 3258 imperii
3103 3188 3406 3245 Iustiniani
3446 3182 3684 3258 impera-

2092 3281 2227 3337 toris
2264 3280 2643 3337 ltomanorutn
2675 3282 2941 3338 vicesimo
2984 3283 3244 3353 septimo.
3276 3282 3434 3349 Quod
3479 3282 3544 3336 ad
3571 3281 3681 3337 Ko-

2090 3376 2286 3431 badem
2344 3375 2569 3431 Phiruzi
2640 3376 2811 3430 tilium
2874 3374 3168 3431 Persarum
3227 3392 3452 3447 regem,
3505 3376 3681 3445 ipsmu

2091 3469 2327 3522 aversati
2366 3468 2617 3523 homines
2643 3482 2673 3524 e
2706 3468 2887 3523 medio
2916 3468 3107 3523 tollere
3141 3469 3493 3532 studuerunt,
3528 3467 3689 3538 176

2089 3558 2198 3614 nisi
2233 3559 2380 3630 quod
2412 3575 2443 3614 a
2485 3560 2695 3614 vicario
2724 3559 2899 3629 ipsius
2929 3558 3215 3615 Soachero
3253 3560 3533 3615 timerent.
3566 3558 3684 3612 Non

2088 3652 2420 3705 destiterunt
2449 3665 2582 3721 ergo
2615 3652 2793 3720 ipsum
2821 3664 3015 3704 contra
3047 3649 3317 3704 vicarium
3360 3665 3519 3703 suum
3552 3650 3687 3703 Sea-

2089 3743 2320 3796 cherum
2376 3744 2504 3797 dolo
2565 3743 2798 3799 incitare
2851 3744 3027 3798 donec
3075 3742 3256 3814 ipsum
3311 3742 3687 3808 interﬁceret;

2087 3849 2248 3902 quem
2279 3834 2368 3888 nhi
2401 3835 2791 3901 interfecisset,
2817 3848 3108 3907 aggressus
3137 3836 3316 3905 ipsum
3342 3835 3563 3906 quidam
3589 3848 3688 3891 no-

2090 3922 2238 3977 mine
2280 3922 2501 3980 Mazdek
2530 3920 2658 3979 cum
2697 3927 2870 3982 sociis
2915 3929 3058 3989 suis,
3105 3925 3245 3981 dixit
3278 3926 3379 3995 ipsi
3425 3925 3688 3981 :Consti.

2090 4015 2193 4069 tttit
2249 4015 2392 4072 Deus
2439 4015 2776 4089 [hominum]
2818 4018 3072 4076 dimensa
3113 4019 3167 4074 in
3211 4027 3355 4075 terra
3408 4030 3469 4074 ut
3515 4028 3572 4074 tu
3623 4034 3685 4075 ea

2086 4104 2374 4176 aequaliter
2427 4108 2565 4179 ipsis
2625 4111 2966 4175 distributis,
3020 4126 3091 4166 ne
3148 4111 3221 4166 sit
3271 4110 3510 4182 cuipiam
3563 4112 3686 4181 plus

2089 4215 2253 4269 quam
2313 4201 2522 4269 alteri;
2583 4217 2776 4258 verum
2838 4204 3094 4259 homines
3154 4203 3363 4274 injuria
3427 4205 3570 4259 inter
3629 4219 3689 4260 se

2090 4301 2283 4363 agunt,
2336 4308 2669 4365 unoquoque
2716 4310 2776 4350 se
2826 4297 2983 4351 t‘ratri
3034 4311 3136 4353 suo
3168 4296 3544 4367 praeferente:
3588 4315 3705 4353 Itos~

2090 4397 2225 4453 ergo
2250 4385 2356 4440 hac
2398 4386 2467 4441 de
2512 4401 2572 4441 re
2604 4386 2987 4455 dispicientes,
3021 4390 3359 4460 pauperibus
3394 4388 3625 4463 [debita]
3658 4409 3685 4445 ιι

2091 4475 2358 4533 divitibus
2411 4479 2778 4549 accipiemus,
2813 4489 2867 4536 et
2917 4480 2988 4536 ab
3038 4481 3105 4537 iis
3155 4483 3355 4552 quibus
3391 4482 3514 4554 plus
3553 4485 3688 4538 satis

399 4566 586 4635 iudicii
621 4566 871 4624 homines
926 4579 1367 4625 resurrecturus.
1408 4569 1556 4625 Dixit
1612 4571 1760 4626 enim
1820 4571 1983 4626 nobis
2012 4578 2175 4638 post
2218 4568 2542 4643 [detracta]
2592 4572 2964 4643 indigentibus
3017 4574 3350 4642 reddemus;
3405 4588 3459 4631 et
3510 4577 3556 4631 si
3596 4578 3684 4631 cui

398 4664 452 4717 in
514 4661 807 4733 Evangelio
881 4678 985 4719 suo
1029 4674 1269 4718 saneto:
1335 4662 1526 4718 Veniet
1585 4665 1717 4719 hora
1762 4665 1986 4734 quando

399 4772 591 4811 omnes
619 4755 716 4826 qui
748 4763 879 4811 sunt
919 4756 973 4809 in
1024 4756 1292 4825 sepulcris
1348 4756 1637 4814 audientes
1668 4756 1985 4814 voccnrlﬁ-

399 4849 451 4902 lii
498 4845 591 4901 Dei
631 4848 828 4903 victuri
859 4849 991 4902 sint.
1014 4845 1307 4914 Quomodo
1344 4863 1476 4916 ergo
1508 4848 1696 4904 dicitis
1727 4865 1835 4903 non
1857 4848 1985 4928 λιι-

401 4954 578 4996 turam
630 4937 1136 4995 resurrectionem?
1185 4939 1370 5006 Quare
1398 4940 1550 5005 ipsos
1603 4943 1986 4997 excounuuni-

398 5032 542 5089 cavit
588 5041 641 5087 et
671 5031 1026 5087 anathemate
1060 5032 1302 5088 devovit.
1343 5032 1522 5089 Jussit
1551 5034 1717 5089 etiam
1755 5036 1991 5106 impera-

397 5141 481 5179 tor
548 5125 714 5182 iudici
763 5125 898 5191 ipsis
949 5125 1276 5187 concilium,
1344 5125 1398 5179 in
1467 5141 1579 5195 quo
1634 5127 1992 5184 anathemate

397 5216 717 5274 (orirentur.
780 5214 1015 5288 Scriptis
1071 5230 1204 5287 ergo
1231 5216 1297 5270 ad
1352 5226 1591 5286 quatuor
1646 5220 1992 5287 patriarchas

399 5305 601 5362 litteris
638 5321 734 5363 eos
766 5306 1064 5363 convenire
1088 5306 1290 5376 jussit;
1345 5306 1602 5361 videlicet
1648 5307 1716 5360 ad
1787 5310 1993 5379 Apolli-

405 5399 617 5454 narium
648 5399 1019 5472 patriarcham
1065 5398 1526 5462 Alexandrinum,
1568 5398 1836 5454 Domuum
1892 5417 1988 5469 pa-

406 5492 703 5548 triarcham
735 5492 1172 5552 Antiochenum,
1213 5489 1547 5561 Eutychitnn
1612 5493 1986 5560 patriarcham

407 5584 986 5656 Iliorosolyntitaaum,
1034 5572 1088 5636 et
1154 5581 1410 5652 Vigiliuut
1458 5582 1831 5652 p'ttriareham
1882 5584 1990 5642 lto-

409 5693 627 5732 ntanntn
656 5695 672 5743 ;
701 5686 760 5733 ut
802 5675 1344 5747 Constantinopolim
1377 5676 1727 5737 accederent,
1763 5677 1856 5745 qui
1902 5678 1981 5732 is-

410 5777 587 5823 torum
643 5769 1029 5840 episcoporum
1085 5767 1639 5848 anatln-ntatizationl
1707 5769 1987 5825 adessent.

411 5862 511 5926 Qui
561 5877 690 5932 ergo
742 5868 1116 5918 accesserunt.
1154 5859 1405 5916 Interfuit
1434 5862 1599 5918 etiam
1629 5860 1755 5917 huic
1792 5862 1989 5919 conci-

2096 4663 2221 4732 plus
2249 4677 2414 4733 quam
2463 4678 2561 4733 par
2594 4675 2682 4720 est
2726 4667 2895 4721 fuerit
2928 4681 3116 4737 apum,
3153 4670 3467 4737 mulierum,
3502 4686 3686 4726 servo-

2096 4771 2243 4819 rum,
2297 4765 2353 4809 et
2400 4755 2787 4825 supellectilis,
2845 4759 2976 4813 iltml
3045 4760 3147 4831 ipsi
3194 4752 3513 4830 eripietnus,
3576 4778 3687 4831 quo

2098 4846 2278 4917 ipsum
2324 4856 2380 4902 et
2429 4848 2567 4902 alios
2619 4849 2763 4905 inter
2794 4864 2853 4905 sc
2888 4865 3049 4920 pares
3094 4850 3384 4917 faciamus,
3418 4868 3519 4908 nec
3560 4854 3686 4923 quis

2099 4955 2212 5010 pra
2256 4940 2380 4995 aliis
2425 4941 2493 4993 ad
2547 4956 2661 4996 rem
2707 4942 2949 5012 aliquam
2982 4944 3075 5013 jus
3123 4942 3343 4998 haheat.
3389 4943 3688 5016 Coeperunt

2098 5034 2266 5105 igitur
2306 5034 2587 5089 hominum
2627 5034 2842 5101 domos,
2870 5037 3127 5093 mulieres
3156 5045 3211 5091 et
3242 5051 3373 5106 opes
3403 5037 3684 5093 invadere.

2097 5126 2347 5196 Cumque
2400 5126 2787 5193 invaluissent,
2814 5127 3073 5183 Kohaden
3114 5126 3335 5183 Phiruzl
3372 5129 3542 5184 tilium
3566 5131 3699 5186 loco

2099 5217 2338 5288 quodam
2376 5217 2724 5273 iucludentes
2758 5221 2848 5274 ubi
2896 5221 3098 5274 nemini
3152 5219 3331 5291 ipsum
3379 5221 3530 5277 adire
3561 5238 3686 5291 per-

2101 5309 2355 5371 missum.
2383 5310 2675 5378 quemdam
2718 5311 2941 5366 nomine
2969 5310 3251 5381 Ramasph
3298 5312 3475 5381 ipsius
3519 5328 3691 5368 avun—

2099 5401 2285 5454 culum
2327 5400 2381 5452 in
2431 5400 2609 5455 locum
2662 5400 2782 5467 ejus
2816 5400 3175 5456 sutl‘ecerunt.
3224 5400 3346 5467 Quo
3390 5412 3690 5473 conspecto

2101 5477 2250 5560 ipsos
2294 5492 2519 5547 adortus
2569 5492 2905 5548 Bazarmahr
2952 5508 3076 5548 cum
3126 5495 3336 5562 aliquot
3390 5495 3682 5550 Persarum

2101 5585 2405 5650 nobilibus,
2451 5586 2636 5640 multis
2674 5584 2977 5653 e‘Mazdeki
3014 5586 3309 5641 comitibus
3361 5588 3687 5651 interiectis,

2100 5676 2356 5731 Kobaden
2393 5675 2616 5731 l’hiruzi
2671 5678 2842 5731 tilium
2881 5678 3002 5732 loco
3059 5693 3341 5748 regnoque
3390 5692 3493 5733 suo
3525 5680 3689 5735 resti-

2103 5772 2228 5827 tuit.
2263 5768 2441 5839 ejecto
2472 5770 2796 5839 ltamaspho.
2832 5770 2896 5822 At
2934 5785 3038 5825 non
3091 5770 3419 5825 destiterunt
3467 5772 3560 5841 qui
3597 5788 3692 5826 sui

2103 5854 2355 5931 pt'iCl‘illll
2400 5876 2427 5914 c
2468 5860 2839 5918 Manli-hiatus
2887 5862 3140 5916 Κοιιςιιίιιιι
3184 5862 3460 5927 pcllzcrtc.
3506 5861 3685 5916 donec
