  <div class='ocr_page' id='page_1' title='image "/cluster/home/n/w/nwhite01/storage/ocr_20150623/111/coo.31924054870153/545.png"; bbox 0 0 4116 6448; ppageno 0'>
   <div class='ocr_carea' id='block_1_1' title="bbox 458 386 597 450">
    <p class='ocr_par' dir='ltr' id='par_1_1' title="bbox 458 386 597 450">
     <span class='ocr_line' id='line_1_1' title="bbox 458 386 597 450; baseline -0.007 0"><span class='ocrx_word' id='word_1_1' title='bbox 458 386 597 450; x_wconf 80' lang='grc'>1075</span> 
     </span>
    </p>
   </div>
   <div class='ocr_carea' id='block_1_2' title="bbox 1488 388 2682 451">
    <p class='ocr_par' dir='ltr' id='par_1_2' title="bbox 1488 388 2682 451">
     <span class='ocr_line' id='line_1_2' title="bbox 1488 388 2682 451; baseline -0.001 -3"><span class='ocrx_word' id='word_1_2' title='bbox 1488 388 1856 451; x_wconf 81' lang='lat' dir='ltr'><strong>EUTYCHII</strong></span> <span class='ocrx_word' id='word_1_3' title='bbox 1893 388 2427 451; x_wconf 69' lang='lat' dir='ltr'><strong>ALEXANDRINI</strong></span> <span class='ocrx_word' id='word_1_4' title='bbox 2468 390 2682 451; x_wconf 67' lang='lat' dir='ltr'><strong>PATR.</strong></span> 
     </span>
    </p>
   </div>
   <div class='ocr_carea' id='block_1_3' title="bbox 3582 382 3719 449">
    <p class='ocr_par' dir='ltr' id='par_1_3' title="bbox 3582 382 3719 449">
     <span class='ocr_line' id='line_1_3' title="bbox 3582 382 3719 449; baseline -0.051 0"><span class='ocrx_word' id='word_1_5' title='bbox 3582 382 3719 449; x_wconf 78' lang='lat'><strong>1075</strong></span> 
     </span>
    </p>
   </div>
   <div class='ocr_carea' id='block_1_4' title="bbox 454 498 3747 573">
    <p class='ocr_par' dir='ltr' id='par_1_4' title="bbox 454 498 3747 573">
     <span class='ocr_line' id='line_1_4' title="bbox 454 498 3747 573; baseline 0.002 -22"><span class='ocrx_word' id='word_1_6' title='bbox 454 499 627 554; x_wconf 84' lang='lat' dir='ltr'><strong>Bazar</strong></span> <span class='ocrx_word' id='word_1_7' title='bbox 671 498 919 555; x_wconf 79' lang='lat' dir='ltr'><strong>Mahrum</strong></span> <span class='ocrx_word' id='word_1_8' title='bbox 954 511 1129 555; x_wconf 85' lang='lat' dir='ltr'><strong>morte</strong></span> <span class='ocrx_word' id='word_1_9' title='bbox 1172 502 1480 559; x_wconf 68' lang='lat' dir='ltr'><strong>multasst-t.</strong></span> <span class='ocrx_word' id='word_1_10' title='bbox 1520 503 1653 559; x_wconf 85' lang='lat' dir='ltr'><strong>Inde</strong></span> <span class='ocrx_word' id='word_1_11' title='bbox 1694 516 2032 561; x_wconf 90' lang='lat' dir='ltr'><strong>eommotmu</strong></span> <span class='ocrx_word' id='word_1_12' title='bbox 2064 521 2105 571; x_wconf 72' lang='grc' dir='ltr'><strong>Α</strong></span> <span class='ocrx_word' id='word_1_13' title='bbox 2140 504 2398 560; x_wconf 87' lang='lat' dir='ltr'><strong>tiochiam</strong></span> <span class='ocrx_word' id='word_1_14' title='bbox 2431 502 2795 571; x_wconf 71' lang='lat' dir='ltr'><strong>discrepantia</strong></span> <span class='ocrx_word' id='word_1_15' title='bbox 2828 508 2970 555; x_wconf 82' lang='lat' dir='ltr'><strong>esset</strong></span> <span class='ocrx_word' id='word_1_16' title='bbox 3004 517 3128 573; x_wconf 82' lang='lat' dir='ltr'><strong>quae</strong></span> <span class='ocrx_word' id='word_1_17' title='bbox 3156 501 3317 557; x_wconf 91' lang='lat' dir='ltr'><strong>oculo</strong></span> <span class='ocrx_word' id='word_1_18' title='bbox 3347 502 3553 572; x_wconf 82' lang='lat' dir='ltr'><strong>percipi</strong></span> <span class='ocrx_word' id='word_1_19' title='bbox 3590 518 3747 573; x_wconf 74' lang='grc' dir='ltr'><strong>ρος-ι</strong></span> 
     </span>
    </p>
   </div>
   <div class='ocr_carea' id='block_1_5' title="bbox 450 591 2034 668">
    <p class='ocr_par' dir='ltr' id='par_1_5' title="bbox 450 591 2034 668">
     <span class='ocr_line' id='line_1_5' title="bbox 450 591 2034 668; baseline 0.007 -25"><span class='ocrx_word' id='word_1_20' title='bbox 450 601 529 643; x_wconf 84' lang='lat' dir='ltr'><strong>est</strong></span> <span class='ocrx_word' id='word_1_21' title='bbox 571 600 765 644; x_wconf 81' lang='lat' dir='ltr'><strong>contra</strong></span> <span class='ocrx_word' id='word_1_22' title='bbox 818 591 1181 663; x_wconf 80' lang='lat'><strong>177-179</strong></span> <span class='ocrx_word' id='word_1_23' title='bbox 1219 594 1401 666; x_wconf 87' lang='lat' dir='ltr'><strong>ipsum</strong></span> <span class='ocrx_word' id='word_1_24' title='bbox 1457 611 1684 668; x_wconf 77' lang='lat' dir='ltr'><strong>regnum</strong></span> <span class='ocrx_word' id='word_1_25' title='bbox 1734 598 1928 667; x_wconf 81' lang='lat' dir='ltr'><strong>ipsius.</strong></span> <span class='ocrx_word' id='word_1_26' title='bbox 1978 609 2034 656; x_wconf 84' lang='lat' dir='ltr'><strong>ct</strong></span> 
     </span>
    </p>
   </div>
   <div class='ocr_carea' id='block_1_6' title="bbox 451 681 2033 762">
    <p class='ocr_par' dir='ltr' id='par_1_6' title="bbox 451 681 2033 762">
     <span class='ocr_line' id='line_1_6' title="bbox 451 681 2033 762; baseline 0.008 -28"><span class='ocrx_word' id='word_1_27' title='bbox 451 681 775 749; x_wconf 89' lang='lat' dir='ltr'><strong>prodierunt</strong></span> <span class='ocrx_word' id='word_1_28' title='bbox 806 682 900 753; x_wconf 95' lang='lat' dir='ltr'><strong>qui</strong></span> <span class='ocrx_word' id='word_1_29' title='bbox 938 683 1291 745; x_wconf 74' lang='lat' dir='ltr'><strong>rebellionem</strong></span> <span class='ocrx_word' id='word_1_30' title='bbox 1328 688 1694 744; x_wconf 75' lang='lat' dir='ltr'><strong>concitarent.</strong></span> <span class='ocrx_word' id='word_1_31' title='bbox 1736 689 1872 746; x_wconf 88' lang='lat' dir='ltr'><strong>Cum</strong></span> <span class='ocrx_word' id='word_1_32' title='bbox 1902 707 2033 762; x_wconf 87' lang='lat' dir='ltr'><strong>ergo</strong></span> 
     </span>
    </p>
   </div>
   <div class='ocr_carea' id='block_1_7' title="bbox 450 774 2034 851">
    <p class='ocr_par' dir='ltr' id='par_1_7' title="bbox 450 774 2034 851">
     <span class='ocr_line' id='line_1_7' title="bbox 450 774 2034 851; baseline 0.012 -30"><span class='ocrx_word' id='word_1_33' title='bbox 450 774 802 843; x_wconf 78' lang='lat' dir='ltr'><strong>videretque</strong></span> <span class='ocrx_word' id='word_1_34' title='bbox 854 777 1226 845; x_wconf 85' lang='lat' dir='ltr'><strong>pervenissent</strong></span> <span class='ocrx_word' id='word_1_35' title='bbox 1266 794 1355 835; x_wconf 87' lang='lat' dir='ltr'><strong>res</strong></span> <span class='ocrx_word' id='word_1_36' title='bbox 1398 796 1531 845; x_wconf 59' lang='lat' dir='ltr'><strong>sua,</strong></span> <span class='ocrx_word' id='word_1_37' title='bbox 1569 785 1911 851; x_wconf 74' lang='lat' dir='ltr'><strong>.ptenitentia</strong></span> <span class='ocrx_word' id='word_1_38' title='bbox 1962 785 2034 840; x_wconf 93' lang='lat' dir='ltr'><strong>ob</strong></span> 
     </span>
    </p>
   </div>
   <div class='ocr_carea' id='block_1_8' title="bbox 450 861 2031 937">
    <p class='ocr_par' dir='ltr' id='par_1_8' title="bbox 450 861 2031 937">
     <span class='ocr_line' id='line_1_8' title="bbox 450 861 2031 937; baseline 0.008 -19"><span class='ocrx_word' id='word_1_39' title='bbox 450 861 788 921; x_wconf 85' lang='lat' dir='ltr'><strong>Soacberem</strong></span> <span class='ocrx_word' id='word_1_40' title='bbox 828 868 1037 937; x_wconf 85' lang='lat' dir='ltr'><strong>liliique</strong></span> <span class='ocrx_word' id='word_1_41' title='bbox 1071 869 1243 937; x_wconf 81' lang='lat' dir='ltr'><strong>ipsius</strong></span> <span class='ocrx_word' id='word_1_42' title='bbox 1283 871 1483 925; x_wconf 80' lang='lat' dir='ltr'><strong>caedem</strong></span> <span class='ocrx_word' id='word_1_43' title='bbox 1521 874 1723 932; x_wconf 89' lang='lat' dir='ltr'><strong>ductus</strong></span> <span class='ocrx_word' id='word_1_44' title='bbox 1755 887 1861 930; x_wconf 91' lang='lat' dir='ltr'><strong>est.</strong></span> <span class='ocrx_word' id='word_1_45' title='bbox 1899 876 2031 931; x_wconf 92' lang='lat' dir='ltr'><strong>Dein</strong></span> 
     </span>
    </p>
   </div>
   <div class='ocr_carea' id='block_1_9' title="bbox 452 959 2032 1038">
    <p class='ocr_par' dir='ltr' id='par_1_9' title="bbox 452 959 2032 1038">
     <span class='ocr_line' id='line_1_9' title="bbox 452 959 2032 1038; baseline 0.01 -30"><span class='ocrx_word' id='word_1_46' title='bbox 452 970 705 1014; x_wconf 90' lang='lat' dir='ltr'><strong>mortuus</strong></span> <span class='ocrx_word' id='word_1_47' title='bbox 727 972 807 1014; x_wconf 89' lang='lat' dir='ltr'><strong>est</strong></span> <span class='ocrx_word' id='word_1_48' title='bbox 833 959 1102 1025; x_wconf 81' lang='lat' dir='ltr'><strong>Kobadcs,</strong></span> <span class='ocrx_word' id='word_1_49' title='bbox 1127 979 1251 1018; x_wconf 88' lang='lat' dir='ltr'><strong>cum</strong></span> <span class='ocrx_word' id='word_1_50' title='bbox 1277 974 1421 1020; x_wconf 81' lang='lat' dir='ltr'><strong>esset</strong></span> <span class='ocrx_word' id='word_1_51' title='bbox 1447 973 1629 1021; x_wconf 85' lang='lat' dir='ltr'><strong>totum</strong></span> <span class='ocrx_word' id='word_1_52' title='bbox 1651 984 1762 1038; x_wconf 88' lang='lat' dir='ltr'><strong>quo</strong></span> <span class='ocrx_word' id='word_1_53' title='bbox 1788 970 2032 1038; x_wconf 86' lang='lat' dir='ltr'><strong>regnavit</strong></span> 
     </span>
    </p>
   </div>
   <div class='ocr_carea' id='block_1_10' title="bbox 451 1051 2034 1132">
    <p class='ocr_par' dir='ltr' id='par_1_10' title="bbox 451 1051 2034 1132">
     <span class='ocr_line' id='line_1_10' title="bbox 451 1051 2034 1132; baseline 0.009 -30"><span class='ocrx_word' id='word_1_54' title='bbox 451 1051 715 1120; x_wconf 75' lang='lat' dir='ltr'><strong>spatium,</strong></span> <span class='ocrx_word' id='word_1_55' title='bbox 750 1068 856 1107; x_wconf 89' lang='lat' dir='ltr'><strong>una</strong></span> <span class='ocrx_word' id='word_1_56' title='bbox 890 1070 1013 1108; x_wconf 87' lang='lat' dir='ltr'><strong>cum</strong></span> <span class='ocrx_word' id='word_1_57' title='bbox 1045 1056 1209 1111; x_wconf 86' lang='lat' dir='ltr'><strong>annis</strong></span> <span class='ocrx_word' id='word_1_58' title='bbox 1240 1057 1442 1125; x_wconf 86' lang='lat' dir='ltr'><strong>quibus</strong></span> <span class='ocrx_word' id='word_1_59' title='bbox 1487 1075 1714 1129; x_wconf 86' lang='lat' dir='ltr'><strong>regnum</strong></span> <span class='ocrx_word' id='word_1_60' title='bbox 1744 1064 2034 1132; x_wconf 79' lang='lat' dir='ltr'><strong>occupavit</strong></span> 
     </span>
    </p>
   </div>
   <div class='ocr_carea' id='block_1_11' title="bbox 455 1139 2033 1218">
    <p class='ocr_par' dir='ltr' id='par_1_11' title="bbox 455 1139 2033 1218">
     <span class='ocr_line' id='line_1_11' title="bbox 455 1139 2033 1218; baseline 0.013 -27"><span class='ocrx_word' id='word_1_61' title='bbox 455 1139 751 1212; x_wconf 75' lang='lat' dir='ltr'><strong>ltamasph,</strong></span> <span class='ocrx_word' id='word_1_62' title='bbox 799 1159 1066 1200; x_wconf 89' lang='lat' dir='ltr'><strong>annorum</strong></span> <span class='ocrx_word' id='word_1_63' title='bbox 1118 1147 1479 1218; x_wconf 75' lang='lat' dir='ltr'><strong>quadraginta</strong></span> <span class='ocrx_word' id='word_1_64' title='bbox 1518 1152 1708 1207; x_wconf 91' lang='lat' dir='ltr'><strong>trium.</strong></span> <span class='ocrx_word' id='word_1_65' title='bbox 1754 1153 2033 1211; x_wconf 81' lang='lat' dir='ltr'><strong>Successit</strong></span> 
     </span>
    </p>
   </div>
   <div class='ocr_carea' id='block_1_12' title="bbox 452 1233 2033 1318">
    <p class='ocr_par' dir='ltr' id='par_1_12' title="bbox 452 1233 2033 1318">
     <span class='ocr_line' id='line_1_12' title="bbox 452 1233 2033 1318; baseline 0.01 -32"><span class='ocrx_word' id='word_1_66' title='bbox 452 1233 552 1303; x_wconf 92' lang='lat' dir='ltr'><strong>ipsi</strong></span> <span class='ocrx_word' id='word_1_67' title='bbox 586 1235 728 1290; x_wconf 82' lang='lat' dir='ltr'><strong>filius</strong></span> <span class='ocrx_word' id='word_1_68' title='bbox 765 1236 938 1305; x_wconf 83' lang='lat' dir='ltr'><strong>ipsius</strong></span> <span class='ocrx_word' id='word_1_69' title='bbox 973 1238 1140 1294; x_wconf 86' lang='lat' dir='ltr'><strong>Cesra</strong></span> <span class='ocrx_word' id='word_1_70' title='bbox 1171 1240 1411 1298; x_wconf 82' lang='lat' dir='ltr'><strong>Kobadis</strong></span> <span class='ocrx_word' id='word_1_71' title='bbox 1454 1243 1598 1301; x_wconf 70' lang='lat' dir='ltr'><strong>[ilius</strong></span> <span class='ocrx_word' id='word_1_72' title='bbox 1629 1244 1773 1301; x_wconf 90' lang='lat' dir='ltr'><strong>idem</strong></span> <span class='ocrx_word' id='word_1_73' title='bbox 1804 1247 1896 1317; x_wconf 88' lang='lat' dir='ltr'><strong>qui</strong></span> <span class='ocrx_word' id='word_1_74' title='bbox 1935 1263 2033 1318; x_wconf 85' lang='lat' dir='ltr'><strong>ap-</strong></span> 
     </span>
    </p>
   </div>
   <div class='ocr_carea' id='block_1_13' title="bbox 451 1324 2032 1409">
    <p class='ocr_par' dir='ltr' id='par_1_13' title="bbox 451 1324 2032 1409">
     <span class='ocr_line' id='line_1_13' title="bbox 451 1324 2032 1409; baseline 0.011 -34"><span class='ocrx_word' id='word_1_75' title='bbox 451 1324 682 1393; x_wconf 88' lang='lat' dir='ltr'><strong>pellatus</strong></span> <span class='ocrx_word' id='word_1_76' title='bbox 730 1337 815 1381; x_wconf 88' lang='lat' dir='ltr'><strong>est</strong></span> <span class='ocrx_word' id='word_1_77' title='bbox 853 1329 1021 1384; x_wconf 86' lang='lat' dir='ltr'><strong>etiam</strong></span> <span class='ocrx_word' id='word_1_78' title='bbox 1068 1332 1498 1400; x_wconf 81' lang='lat' dir='ltr'><strong>Anusherwan;</strong></span> <span class='ocrx_word' id='word_1_79' title='bbox 1539 1336 1633 1407; x_wconf 91' lang='lat' dir='ltr'><strong>qui</strong></span> <span class='ocrx_word' id='word_1_80' title='bbox 1683 1352 1861 1393; x_wconf 89' lang='lat' dir='ltr'><strong>annos</strong></span> <span class='ocrx_word' id='word_1_81' title='bbox 1895 1353 2032 1409; x_wconf 87' lang='lat' dir='ltr'><strong>qua-</strong></span> 
     </span>
    </p>
   </div>
   <div class='ocr_carea' id='block_1_14' title="bbox 449 1416 2033 1502">
    <p class='ocr_par' dir='ltr' id='par_1_14' title="bbox 449 1416 2033 1502">
     <span class='ocr_line' id='line_1_14' title="bbox 449 1416 2033 1502; baseline 0.012 -33"><span class='ocrx_word' id='word_1_82' title='bbox 449 1416 701 1486; x_wconf 78' lang='lat' dir='ltr'><strong>draginta</strong></span> <span class='ocrx_word' id='word_1_83' title='bbox 741 1431 953 1492; x_wconf 90' lang='lat' dir='ltr'><strong>septem</strong></span> <span class='ocrx_word' id='word_1_84' title='bbox 1001 1434 1057 1480; x_wconf 83' lang='lat' dir='ltr'><strong>rt</strong></span> <span class='ocrx_word' id='word_1_85' title='bbox 1100 1418 1197 1481; x_wconf 58' lang='lat' dir='ltr'><strong>se’x</strong></span> <span class='ocrx_word' id='word_1_86' title='bbox 1255 1444 1475 1484; x_wconf 91' lang='lat' dir='ltr'><strong>menses</strong></span> <span class='ocrx_word' id='word_1_87' title='bbox 1524 1432 1813 1501; x_wconf 75' lang='lat' dir='ltr'><strong>regnavit;</strong></span> <span class='ocrx_word' id='word_1_88' title='bbox 1868 1432 2033 1502; x_wconf 88' lang='lat' dir='ltr'><strong>idque</strong></span> 
     </span>
    </p>
   </div>
   <div class='ocr_carea' id='block_1_15' title="bbox 449 1514 2029 1594">
    <p class='ocr_par' dir='ltr' id='par_1_15' title="bbox 449 1514 2029 1594">
     <span class='ocr_line' id='line_1_15' title="bbox 449 1514 2029 1594; baseline 0.008 -29"><span class='ocrx_word' id='word_1_89' title='bbox 449 1527 592 1568; x_wconf 87' lang='lat' dir='ltr'><strong>anno</strong></span> <span class='ocrx_word' id='word_1_90' title='bbox 638 1514 850 1585; x_wconf 90' lang='lat' dir='ltr'><strong>imperii</strong></span> <span class='ocrx_word' id='word_1_91' title='bbox 898 1517 1194 1575; x_wconf 82' lang='lat' dir='ltr'><strong>Justiniani</strong></span> <span class='ocrx_word' id='word_1_92' title='bbox 1254 1519 1628 1578; x_wconf 83' lang='lat' dir='ltr'><strong>Romanorum</strong></span> <span class='ocrx_word' id='word_1_93' title='bbox 1676 1525 2029 1594; x_wconf 65' lang='lat' dir='ltr'><strong>imperatoris</strong></span> 
     </span>
    </p>
   </div>
   <div class='ocr_carea' id='block_1_16' title="bbox 447 1594 2030 1686">
    <p class='ocr_par' dir='ltr' id='par_1_16' title="bbox 447 1594 2030 1686">
     <span class='ocr_line' id='line_1_16' title="bbox 447 1594 2030 1686; baseline 0.01 -30"><span class='ocrx_word' id='word_1_94' title='bbox 447 1614 667 1672; x_wconf 85' lang='lat' dir='ltr'><strong>quarto.</strong></span> <span class='ocrx_word' id='word_1_95' title='bbox 707 1606 876 1664; x_wconf 83' lang='lat' dir='ltr'><strong>Cesra</strong></span> <span class='ocrx_word' id='word_1_96' title='bbox 929 1621 1112 1666; x_wconf 89' lang='lat' dir='ltr'><strong>autem</strong></span> <span class='ocrx_word' id='word_1_97' title='bbox 1162 1612 1644 1670; x_wconf 76' lang='lat' dir='ltr'><strong>Mazdekianurum</strong></span> <span class='ocrx_word' id='word_1_98' title='bbox 1687 1594 2030 1686; x_wconf 79' lang='lat' dir='ltr'><strong>principibus</strong></span> 
     </span>
    </p>
   </div>
   <div class='ocr_carea' id='block_1_17' title="bbox 448 1702 2031 1776">
    <p class='ocr_par' dir='ltr' id='par_1_17' title="bbox 448 1702 2031 1776">
     <span class='ocr_line' id='line_1_17' title="bbox 448 1702 2031 1776; baseline 0.008 -28"><span class='ocrx_word' id='word_1_99' title='bbox 448 1711 618 1768; x_wconf 82' lang='lat' dir='ltr'><strong>regno</strong></span> <span class='ocrx_word' id='word_1_100' title='bbox 648 1714 748 1754; x_wconf 91' lang='lat' dir='ltr'><strong>suo</strong></span> <span class='ocrx_word' id='word_1_101' title='bbox 800 1702 994 1771; x_wconf 89' lang='lat' dir='ltr'><strong>pulsis,</strong></span> <span class='ocrx_word' id='word_1_102' title='bbox 1039 1719 1174 1773; x_wconf 88' lang='lat' dir='ltr'><strong>opes</strong></span> <span class='ocrx_word' id='word_1_103' title='bbox 1220 1721 1360 1774; x_wconf 89' lang='lat' dir='ltr'><strong>quas</strong></span> <span class='ocrx_word' id='word_1_104' title='bbox 1401 1706 1451 1761; x_wconf 83' lang='lat' dir='ltr'><strong>vi</strong></span> <span class='ocrx_word' id='word_1_105' title='bbox 1496 1706 1839 1776; x_wconf 81' lang='lat' dir='ltr'><strong>eripuerant,</strong></span> <span class='ocrx_word' id='word_1_106' title='bbox 1882 1707 2031 1761; x_wconf 87' lang='lat' dir='ltr'><strong>acci-</strong></span> 
     </span>
    </p>
   </div>
   <div class='ocr_carea' id='block_1_18' title="bbox 440 1781 2031 1867">
    <p class='ocr_par' dir='ltr' id='par_1_18' title="bbox 440 1781 2031 1867">
     <span class='ocr_line' id='line_1_18' title="bbox 440 1781 2031 1867; baseline 0.008 -28"><span class='ocrx_word' id='word_1_107' title='bbox 440 1781 602 1858; x_wconf 76' lang='lat' dir='ltr'><strong>‘piens</strong></span> <span class='ocrx_word' id='word_1_108' title='bbox 640 1790 881 1849; x_wconf 90' lang='lat' dir='ltr'><strong>dominis</strong></span> <span class='ocrx_word' id='word_1_109' title='bbox 915 1794 1154 1851; x_wconf 81' lang='lat' dir='ltr'><strong>reddidit</strong></span> <span class='ocrx_word' id='word_1_110' title='bbox 1184 1812 1200 1862; x_wconf 90' lang='lat'><strong>;</strong></span> <span class='ocrx_word' id='word_1_111' title='bbox 1243 1805 1299 1852; x_wconf 91' lang='lat' dir='ltr'><strong>et</strong></span> <span class='ocrx_word' id='word_1_112' title='bbox 1342 1796 1389 1852; x_wconf 76' lang='lat' dir='ltr'><strong>si</strong></span> <span class='ocrx_word' id='word_1_113' title='bbox 1419 1797 1661 1867; x_wconf 83' lang='lat' dir='ltr'><strong>cuipiam</strong></span> <span class='ocrx_word' id='word_1_114' title='bbox 1700 1812 1808 1853; x_wconf 92' lang='lat' dir='ltr'><strong>non</strong></span> <span class='ocrx_word' id='word_1_115' title='bbox 1837 1812 2031 1865; x_wconf 84' lang='lat' dir='ltr'><strong>super-</strong></span> 
     </span>
    </p>
   </div>
   <div class='ocr_carea' id='block_1_19' title="bbox 2135 588 3733 664">
    <p class='ocr_par' dir='ltr' id='par_1_19' title="bbox 2135 588 3733 664">
     <span class='ocr_line' id='line_1_19' title="bbox 2135 588 3733 664; baseline -0.003 -11"><span class='ocrx_word' id='word_1_116' title='bbox 2135 610 2220 653; x_wconf 90' lang='lat' dir='ltr'><strong>set</strong></span> <span class='ocrx_word' id='word_1_117' title='bbox 2266 615 2279 650; x_wconf 93' lang='lat'>:</span> <span class='ocrx_word' id='word_1_118' title='bbox 2337 595 2518 664; x_wconf 80' lang='lat' dir='ltr'><strong>qualis</strong></span> <span class='ocrx_word' id='word_1_119' title='bbox 2564 595 2658 650; x_wconf 89' lang='lat' dir='ltr'><strong>ubi</strong></span> <span class='ocrx_word' id='word_1_120' title='bbox 2716 588 2996 656; x_wconf 69' lang='lat' dir='ltr'><strong>exatructa</strong></span> <span class='ocrx_word' id='word_1_121' title='bbox 3043 603 3188 647; x_wconf 80' lang='lat' dir='ltr'><strong>esset</strong></span> <span class='ocrx_word' id='word_1_122' title='bbox 3238 590 3410 662; x_wconf 91' lang='lat' dir='ltr'><strong>ipsam</strong></span> <span class='ocrx_word' id='word_1_123' title='bbox 3463 593 3733 653; x_wconf 76' lang='lat' dir='ltr'><strong>Romiam,’</strong></span> 
     </span>
    </p>
   </div>
   <div class='ocr_carea' id='block_1_20' title="bbox 2136 684 3718 759">
    <p class='ocr_par' dir='ltr' id='par_1_20' title="bbox 2136 684 3718 759">
     <span class='ocr_line' id='line_1_20' title="bbox 2136 684 3718 759; baseline -0.001 -18"><span class='ocrx_word' id='word_1_124' title='bbox 2136 688 2453 759; x_wconf 84' lang='lat' dir='ltr'><strong>appellavit,</strong></span> <span class='ocrx_word' id='word_1_125' title='bbox 2486 702 2661 757; x_wconf 89' lang='lat' dir='ltr'><strong>eoque</strong></span> <span class='ocrx_word' id='word_1_126' title='bbox 2705 686 3012 741; x_wconf 72' lang='lat' dir='ltr'><strong>Antiochia:</strong></span> <span class='ocrx_word' id='word_1_127' title='bbox 3051 684 3262 740; x_wconf 82' lang='lat' dir='ltr'><strong>incolas</strong></span> <span class='ocrx_word' id='word_1_128' title='bbox 3303 684 3609 749; x_wconf 90' lang='lat' dir='ltr'><strong>transtulit,</strong></span> <span class='ocrx_word' id='word_1_129' title='bbox 3647 686 3718 752; x_wconf 60' lang='lat' dir='ltr'><strong>ad,</strong></span> 
     </span>
    </p>
   </div>
   <div class='ocr_carea' id='block_1_21' title="bbox 2134 777 3749 847">
    <p class='ocr_par' dir='ltr' id='par_1_21' title="bbox 2134 777 3749 847">
     <span class='ocr_line' id='line_1_21' title="bbox 2134 777 3749 847; baseline -0.004 -12"><span class='ocrx_word' id='word_1_130' title='bbox 2134 796 2253 835; x_wconf 89' lang='lat' dir='ltr'><strong>eam</strong></span> <span class='ocrx_word' id='word_1_131' title='bbox 2302 780 2668 835; x_wconf 88' lang='lat' dir='ltr'><strong>incolendam.</strong></span> <span class='ocrx_word' id='word_1_132' title='bbox 2713 779 2815 845; x_wconf 78' lang='lat' dir='ltr'><strong>Qui</strong></span> <span class='ocrx_word' id='word_1_133' title='bbox 2851 778 2941 833; x_wconf 87' lang='lat' dir='ltr'><strong>ubi</strong></span> <span class='ocrx_word' id='word_1_134' title='bbox 2992 777 3057 832; x_wconf 90' lang='lat' dir='ltr'><strong>ad</strong></span> <span class='ocrx_word' id='word_1_135' title='bbox 3110 778 3285 847; x_wconf 83' lang='lat' dir='ltr'><strong>ipsam</strong></span> <span class='ocrx_word' id='word_1_136' title='bbox 3330 778 3749 847; x_wconf 67' lang='lat' dir='ltr'><strong>pervenientes.</strong></span> 
     </span>
    </p>
   </div>
   <div class='ocr_carea' id='block_1_22' title="bbox 2137 869 3710 942">
    <p class='ocr_par' dir='ltr' id='par_1_22' title="bbox 2137 869 3710 942">
     <span class='ocr_line' id='line_1_22' title="bbox 2137 869 3710 942; baseline -0.002 -17"><span class='ocrx_word' id='word_1_137' title='bbox 2137 874 2286 926; x_wconf 87' lang='lat' dir='ltr'><strong>urbis</strong></span> <span class='ocrx_word' id='word_1_138' title='bbox 2322 881 2536 942; x_wconf 86' lang='lat' dir='ltr'><strong>portam</strong></span> <span class='ocrx_word' id='word_1_139' title='bbox 2570 871 2803 939; x_wconf 87' lang='lat' dir='ltr'><strong>ingressi</strong></span> <span class='ocrx_word' id='word_1_140' title='bbox 2837 878 3046 933; x_wconf 88' lang='lat' dir='ltr'><strong>essent,</strong></span> <span class='ocrx_word' id='word_1_141' title='bbox 3076 870 3333 924; x_wconf 87' lang='lat' dir='ltr'><strong>abierunt</strong></span> <span class='ocrx_word' id='word_1_142' title='bbox 3364 869 3596 936; x_wconf 69' lang='lat' dir='ltr'><strong>singula:</strong></span> <span class='ocrx_word' id='word_1_143' title='bbox 3631 870 3710 922; x_wconf 89' lang='lat' dir='ltr'><strong>fa-</strong></span> 
     </span>
    </p>
   </div>
   <div class='ocr_carea' id='block_1_23' title="bbox 2135 959 3713 1030">
    <p class='ocr_par' dir='ltr' id='par_1_23' title="bbox 2135 959 3713 1030">
     <span class='ocr_line' id='line_1_23' title="bbox 2135 959 3713 1030; baseline -0.004 -13"><span class='ocrx_word' id='word_1_144' title='bbox 2135 962 2298 1017; x_wconf 85' lang='lat' dir='ltr'><strong>miliae</strong></span> <span class='ocrx_word' id='word_1_145' title='bbox 2336 963 2395 1016; x_wconf 91' lang='lat' dir='ltr'><strong>in</strong></span> <span class='ocrx_word' id='word_1_146' title='bbox 2428 963 2572 1017; x_wconf 64' lang='lat' dir='ltr'><strong>aedes</strong></span> <span class='ocrx_word' id='word_1_147' title='bbox 2604 961 2720 1015; x_wconf 91' lang='lat' dir='ltr'><strong>suis</strong></span> <span class='ocrx_word' id='word_1_148' title='bbox 2747 960 2974 1024; x_wconf 88' lang='lat' dir='ltr'><strong>similes,</strong></span> <span class='ocrx_word' id='word_1_149' title='bbox 3011 976 3075 1016; x_wconf 92' lang='lat' dir='ltr'><strong>ac</strong></span> <span class='ocrx_word' id='word_1_150' title='bbox 3113 960 3157 1015; x_wconf 87' lang='lat' dir='ltr'><strong>si</strong></span> <span class='ocrx_word' id='word_1_151' title='bbox 3191 959 3475 1014; x_wconf 77' lang='lat' dir='ltr'><strong>Antiochia</strong></span> <span class='ocrx_word' id='word_1_152' title='bbox 3506 959 3713 1030; x_wconf 76' lang='lat' dir='ltr'><strong>egressi</strong></span> 
     </span>
    </p>
   </div>
   <div class='ocr_carea' id='block_1_24' title="bbox 2135 1052 2947 1109">
    <p class='ocr_par' dir='ltr' id='par_1_24' title="bbox 2135 1052 2947 1109">
     <span class='ocr_line' id='line_1_24' title="bbox 2135 1052 2947 1109; baseline 0.001 -3"><span class='ocrx_word' id='word_1_153' title='bbox 2135 1053 2189 1107; x_wconf 91' lang='lat' dir='ltr'><strong>in</strong></span> <span class='ocrx_word' id='word_1_154' title='bbox 2222 1054 2470 1109; x_wconf 86' lang='lat' dir='ltr'><strong>eamdem</strong></span> <span class='ocrx_word' id='word_1_155' title='bbox 2507 1052 2708 1108; x_wconf 78' lang='lat' dir='ltr'><strong>reversi</strong></span> <span class='ocrx_word' id='word_1_156' title='bbox 2739 1060 2947 1107; x_wconf 90' lang='lat' dir='ltr'><strong>essent.</strong></span> 
     </span>
    </p>
   </div>
   <div class='ocr_carea' id='block_1_25' title="bbox 2208 1139 3718 1215">
    <p class='ocr_par' dir='ltr' id='par_1_25' title="bbox 2208 1139 3718 1215">
     <span class='ocr_line' id='line_1_25' title="bbox 2208 1139 3718 1215; baseline -0.007 -14"><span class='ocrx_word' id='word_1_157' title='bbox 2208 1144 2379 1201; x_wconf 80' lang='lat' dir='ltr'><strong>Porro</strong></span> <span class='ocrx_word' id='word_1_158' title='bbox 2405 1159 2551 1200; x_wconf 91' lang='lat' dir='ltr'><strong>anno</strong></span> <span class='ocrx_word' id='word_1_159' title='bbox 2591 1143 2803 1215; x_wconf 88' lang='lat' dir='ltr'><strong>imperii</strong></span> <span class='ocrx_word' id='word_1_160' title='bbox 2826 1139 3142 1204; x_wconf 39' lang='lat' dir='ltr'><strong>,Justiniaui</strong></span> <span class='ocrx_word' id='word_1_161' title='bbox 3196 1141 3572 1195; x_wconf 83' lang='lat' dir='ltr'><strong>Romanorum</strong></span> <span class='ocrx_word' id='word_1_162' title='bbox 3610 1141 3718 1193; x_wconf 91' lang='lat' dir='ltr'><strong>im-</strong></span> 
     </span>
    </p>
   </div>
   <div class='ocr_carea' id='block_1_26' title="bbox 2132 1233 3718 1310">
    <p class='ocr_par' dir='ltr' id='par_1_26' title="bbox 2132 1233 3718 1310">
     <span class='ocr_line' id='line_1_26' title="bbox 2132 1233 3718 1310; baseline -0.006 -17"><span class='ocrx_word' id='word_1_163' title='bbox 2132 1254 2248 1310; x_wconf 87' lang='lat' dir='ltr'><strong>per.</strong></span> <span class='ocrx_word' id='word_1_164' title='bbox 2283 1237 2559 1292; x_wconf 89' lang='lat' dir='ltr'><strong>tricesimo</strong></span> <span class='ocrx_word' id='word_1_165' title='bbox 2590 1237 2766 1306; x_wconf 92' lang='lat' dir='ltr'><strong>primo</strong></span> <span class='ocrx_word' id='word_1_166' title='bbox 2786 1236 3121 1290; x_wconf 88' lang='lat' dir='ltr'><strong>constitutus</strong></span> <span class='ocrx_word' id='word_1_167' title='bbox 3169 1244 3254 1289; x_wconf 89' lang='lat' dir='ltr'><strong>est</strong></span> <span class='ocrx_word' id='word_1_168' title='bbox 3305 1233 3562 1304; x_wconf 82' lang='lat' dir='ltr'><strong>Pelagius</strong></span> <span class='ocrx_word' id='word_1_169' title='bbox 3618 1247 3718 1300; x_wconf 77' lang='lat' dir='ltr'><strong>pa-</strong></span> 
     </span>
    </p>
   </div>
   <div class='ocr_carea' id='block_1_27' title="bbox 2134 1325 3717 1398">
    <p class='ocr_par' dir='ltr' id='par_1_27' title="bbox 2134 1325 3717 1398">
     <span class='ocr_line' id='line_1_27' title="bbox 2134 1325 3717 1398; baseline -0.004 -15"><span class='ocrx_word' id='word_1_170' title='bbox 2134 1329 2372 1385; x_wconf 85' lang='lat' dir='ltr'><strong>triarcha</strong></span> <span class='ocrx_word' id='word_1_171' title='bbox 2415 1327 2718 1390; x_wconf 79' lang='lat' dir='ltr'><strong>Romanus,</strong></span> <span class='ocrx_word' id='word_1_172' title='bbox 2751 1329 2846 1398; x_wconf 90' lang='lat' dir='ltr'><strong>qui</strong></span> <span class='ocrx_word' id='word_1_173' title='bbox 2895 1343 3019 1382; x_wconf 91' lang='lat' dir='ltr'><strong>cum</strong></span> <span class='ocrx_word' id='word_1_174' title='bbox 3054 1336 3290 1397; x_wconf 86' lang='lat' dir='ltr'><strong>quatuor</strong></span> <span class='ocrx_word' id='word_1_175' title='bbox 3329 1340 3506 1381; x_wconf 86' lang='lat' dir='ltr'><strong>annos</strong></span> <span class='ocrx_word' id='word_1_176' title='bbox 3544 1325 3717 1380; x_wconf 78' lang='lat' dir='ltr'><strong>sedis—</strong></span> 
     </span>
    </p>
   </div>
   <div class='ocr_carea' id='block_1_28' title="bbox 2132 1419 3717 1490">
    <p class='ocr_par' dir='ltr' id='par_1_28' title="bbox 2132 1419 3717 1490">
     <span class='ocr_line' id='line_1_28' title="bbox 2132 1419 3717 1490; baseline -0.006 -14"><span class='ocrx_word' id='word_1_177' title='bbox 2132 1429 2215 1476; x_wconf 86' lang='lat' dir='ltr'><strong>set</strong></span> <span class='ocrx_word' id='word_1_178' title='bbox 2255 1429 2506 1475; x_wconf 85' lang='lat' dir='ltr'><strong>mertnus</strong></span> <span class='ocrx_word' id='word_1_179' title='bbox 2533 1429 2640 1477; x_wconf 84' lang='lat' dir='ltr'><strong>est.</strong></span> <span class='ocrx_word' id='word_1_180' title='bbox 2681 1421 2841 1475; x_wconf 79' lang='lat' dir='ltr'><strong>Anno</strong></span> <span class='ocrx_word' id='word_1_181' title='bbox 2880 1419 3099 1490; x_wconf 88' lang='lat' dir='ltr'><strong>imperii</strong></span> <span class='ocrx_word' id='word_1_182' title='bbox 3142 1420 3392 1489; x_wconf 82' lang='lat' dir='ltr'><strong>ejusdem</strong></span> <span class='ocrx_word' id='word_1_183' title='bbox 3438 1419 3717 1472; x_wconf 81' lang='lat' dir='ltr'><strong>tricesimo</strong></span> 
     </span>
    </p>
   </div>
   <div class='ocr_carea' id='block_1_29' title="bbox 2131 1508 3713 1584">
    <p class='ocr_par' dir='ltr' id='par_1_29' title="bbox 2131 1508 3713 1584">
     <span class='ocr_line' id='line_1_29' title="bbox 2131 1508 3713 1584; baseline 0 -17"><span class='ocrx_word' id='word_1_184' title='bbox 2131 1514 2324 1584; x_wconf 90' lang='lat' dir='ltr'><strong>quinto</strong></span> <span class='ocrx_word' id='word_1_185' title='bbox 2342 1513 2679 1567; x_wconf 86' lang='lat' dir='ltr'><strong>constitutus</strong></span> <span class='ocrx_word' id='word_1_186' title='bbox 2695 1521 2779 1567; x_wconf 80' lang='lat' dir='ltr'><strong>est</strong></span> <span class='ocrx_word' id='word_1_187' title='bbox 2804 1508 3043 1569; x_wconf 77' lang='lat' dir='ltr'><strong>Joannes</strong></span> <span class='ocrx_word' id='word_1_188' title='bbox 3071 1510 3384 1581; x_wconf 90' lang='lat' dir='ltr'><strong>patriarcha</strong></span> <span class='ocrx_word' id='word_1_189' title='bbox 3409 1510 3713 1567; x_wconf 68' lang='lat' dir='ltr'><strong>Romanus.</strong></span> 
     </span>
    </p>
   </div>
   <div class='ocr_carea' id='block_1_30' title="bbox 2129 1603 3699 1670">
    <p class='ocr_par' dir='ltr' id='par_1_30' title="bbox 2129 1603 3699 1670">
     <span class='ocr_line' id='line_1_30' title="bbox 2129 1603 3699 1670; baseline -0.005 -9"><span class='ocrx_word' id='word_1_190' title='bbox 2129 1606 2418 1662; x_wconf 83' lang='lat' dir='ltr'><strong>duodecim</strong></span> <span class='ocrx_word' id='word_1_191' title='bbox 2440 1620 2615 1660; x_wconf 88' lang='lat' dir='ltr'><strong>annos</strong></span> <span class='ocrx_word' id='word_1_192' title='bbox 2644 1605 2806 1670; x_wconf 86' lang='lat' dir='ltr'><strong>sedit,</strong></span> <span class='ocrx_word' id='word_1_193' title='bbox 2843 1606 2966 1660; x_wconf 88' lang='lat' dir='ltr'><strong>dein</strong></span> <span class='ocrx_word' id='word_1_194' title='bbox 2996 1616 3250 1659; x_wconf 87' lang='lat' dir='ltr'><strong>mortuus</strong></span> <span class='ocrx_word' id='word_1_195' title='bbox 3282 1609 3387 1659; x_wconf 85' lang='lat' dir='ltr'><strong>est.</strong></span> <span class='ocrx_word' id='word_1_196' title='bbox 3414 1606 3575 1656; x_wconf 81' lang='lat' dir='ltr'><strong>Anno</strong></span> <span class='ocrx_word' id='word_1_197' title='bbox 3603 1603 3699 1654; x_wconf 65' lang='lat' dir='ltr'><strong>imo</strong></span> 
     </span>
    </p>
   </div>
   <div class='ocr_carea' id='block_1_31' title="bbox 2131 1695 3716 1768">
    <p class='ocr_par' dir='ltr' id='par_1_31' title="bbox 2131 1695 3716 1768">
     <span class='ocr_line' id='line_1_31' title="bbox 2131 1695 3716 1768; baseline -0.005 -15"><span class='ocrx_word' id='word_1_198' title='bbox 2131 1698 2267 1768; x_wconf 88' lang='lat' dir='ltr'><strong>perii</strong></span> <span class='ocrx_word' id='word_1_199' title='bbox 2322 1698 2498 1767; x_wconf 88' lang='lat' dir='ltr'><strong>ipsius</strong></span> <span class='ocrx_word' id='word_1_200' title='bbox 2549 1697 2828 1753; x_wconf 84' lang='lat' dir='ltr'><strong>tricesimo</strong></span> <span class='ocrx_word' id='word_1_201' title='bbox 2872 1697 3217 1766; x_wconf 81' lang='lat' dir='ltr'><strong>constitutus</strong></span> <span class='ocrx_word' id='word_1_202' title='bbox 3243 1703 3332 1750; x_wconf 89' lang='lat' dir='ltr'><strong>est</strong></span> <span class='ocrx_word' id='word_1_203' title='bbox 3387 1695 3716 1749; x_wconf 80' lang='lat' dir='ltr'><strong>Anastasius</strong></span> 
     </span>
    </p>
   </div>
   <div class='ocr_carea' id='block_1_32' title="bbox 2132 1788 3716 1861">
    <p class='ocr_par' dir='ltr' id='par_1_32' title="bbox 2132 1788 3716 1861">
     <span class='ocr_line' id='line_1_32' title="bbox 2132 1788 3716 1861; baseline -0.005 -15"><span class='ocrx_word' id='word_1_204' title='bbox 2132 1806 2363 1860; x_wconf 85' lang='lat' dir='ltr'><strong>magnus</strong></span> <span class='ocrx_word' id='word_1_205' title='bbox 2398 1792 2710 1861; x_wconf 84' lang='lat' dir='ltr'><strong>patriarcha</strong></span> <span class='ocrx_word' id='word_1_206' title='bbox 2743 1789 3143 1851; x_wconf 83' lang='lat' dir='ltr'><strong>Antiochenus,</strong></span> <span class='ocrx_word' id='word_1_207' title='bbox 3182 1788 3277 1859; x_wconf 92' lang='lat' dir='ltr'><strong>qui</strong></span> <span class='ocrx_word' id='word_1_208' title='bbox 3315 1802 3438 1843; x_wconf 89' lang='lat' dir='ltr'><strong>eum</strong></span> <span class='ocrx_word' id='word_1_209' title='bbox 3473 1801 3566 1841; x_wconf 81' lang='lat' dir='ltr'><strong>sex</strong></span> <span class='ocrx_word' id='word_1_210' title='bbox 3614 1799 3716 1839; x_wconf 87' lang='lat' dir='ltr'><strong>an-</strong></span> 
     </span>
    </p>
   </div>
   <div class='ocr_carea' id='block_1_33' title="bbox 447 1881 3708 1962">
    <p class='ocr_par' dir='ltr' id='par_1_33' title="bbox 447 1881 3708 1962">
     <span class='ocr_line' id='line_1_33' title="bbox 447 1881 3708 1962; baseline -0.002 -26"><span class='ocrx_word' id='word_1_211' title='bbox 447 1889 591 1937; x_wconf 77' lang='lat' dir='ltr'><strong>ssset</strong></span> <span class='ocrx_word' id='word_1_212' title='bbox 629 1882 804 1939; x_wconf 81' lang='lat' dir='ltr'><strong>haeres</strong></span> <span class='ocrx_word' id='word_1_213' title='bbox 851 1883 963 1957; x_wconf 90' lang='lat' dir='ltr'><strong>[cui</strong></span> <span class='ocrx_word' id='word_1_214' title='bbox 990 1888 1371 1962; x_wconf 86' lang='lat' dir='ltr'><strong>redderentur]</strong></span> <span class='ocrx_word' id='word_1_215' title='bbox 1408 1904 1504 1945; x_wconf 86' lang='lat' dir='ltr'><strong>eas</strong></span> <span class='ocrx_word' id='word_1_216' title='bbox 1529 1892 1671 1961; x_wconf 89' lang='lat' dir='ltr'><strong>apud</strong></span> <span class='ocrx_word' id='word_1_217' title='bbox 1704 1907 1763 1947; x_wconf 92' lang='lat' dir='ltr'><strong>se</strong></span> <span class='ocrx_word' id='word_1_218' title='bbox 1792 1891 2025 1946; x_wconf 89' lang='lat' dir='ltr'><strong>detinuit</strong></span> <span class='ocrx_word' id='word_1_219' title='bbox 2060 1892 2101 1951; x_wconf 83' lang='grc' dir='ltr'><strong><em>Β</em></strong></span> <span class='ocrx_word' id='word_1_220' title='bbox 2132 1898 2230 1939; x_wconf 88' lang='lat' dir='ltr'><strong>nos</strong></span> <span class='ocrx_word' id='word_1_221' title='bbox 2262 1883 2497 1938; x_wconf 88' lang='lat' dir='ltr'><strong>sedisset</strong></span> <span class='ocrx_word' id='word_1_222' title='bbox 2540 1883 2609 1937; x_wconf 91' lang='lat' dir='ltr'><strong>ab</strong></span> <span class='ocrx_word' id='word_1_223' title='bbox 2643 1882 3001 1937; x_wconf 83' lang='lat' dir='ltr'><strong>Antiochenis</strong></span> <span class='ocrx_word' id='word_1_224' title='bbox 3033 1881 3208 1951; x_wconf 89' lang='lat' dir='ltr'><strong>stupri</strong></span> <span class='ocrx_word' id='word_1_225' title='bbox 3268 1887 3560 1935; x_wconf 80' lang='lat' dir='ltr'><strong>accusatus</strong></span> <span class='ocrx_word' id='word_1_226' title='bbox 3600 1889 3708 1932; x_wconf 90' lang='lat' dir='ltr'><strong>est.</strong></span> 
     </span>
    </p>
   </div>
   <div class='ocr_carea' id='block_1_34' title="bbox 448 1972 2031 2050">
    <p class='ocr_par' dir='ltr' id='par_1_34' title="bbox 448 1972 2031 2050">
     <span class='ocr_line' id='line_1_34' title="bbox 448 1972 2031 2050; baseline 0.009 -26"><span class='ocrx_word' id='word_1_227' title='bbox 448 1972 510 2028; x_wconf 86' lang='lat' dir='ltr'><strong>ad</strong></span> <span class='ocrx_word' id='word_1_228' title='bbox 560 1976 922 2044; x_wconf 88' lang='lat' dir='ltr'><strong>reparandum</strong></span> <span class='ocrx_word' id='word_1_229' title='bbox 969 1981 1116 2045; x_wconf 90' lang='lat' dir='ltr'><strong>quod</strong></span> <span class='ocrx_word' id='word_1_230' title='bbox 1169 1990 1517 2050; x_wconf 81' lang='lat' dir='ltr'><strong>corruptum,</strong></span> <span class='ocrx_word' id='word_1_231' title='bbox 1550 1992 1604 2037; x_wconf 89' lang='lat' dir='ltr'><strong>et</strong></span> <span class='ocrx_word' id='word_1_232' title='bbox 1651 1983 2031 2039; x_wconf 62' lang='lat' dir='ltr'><strong>adificandnm</strong></span> 
     </span>
    </p>
   </div>
   <div class='ocr_carea' id='block_1_35' title="bbox 449 2066 2034 2133">
    <p class='ocr_par' dir='ltr' id='par_1_35' title="bbox 449 2066 2034 2133">
     <span class='ocr_line' id='line_1_35' title="bbox 449 2066 2034 2133; baseline 0.009 -16"><span class='ocrx_word' id='word_1_233' title='bbox 449 2066 588 2133; x_wconf 86' lang='lat' dir='ltr'><strong>quod</strong></span> <span class='ocrx_word' id='word_1_234' title='bbox 644 2068 885 2124; x_wconf 91' lang='lat' dir='ltr'><strong>dirutum</strong></span> <span class='ocrx_word' id='word_1_235' title='bbox 940 2070 1139 2131; x_wconf 89' lang='lat' dir='ltr'><strong>fuerat.</strong></span> <span class='ocrx_word' id='word_1_236' title='bbox 1193 2074 1259 2129; x_wconf 88' lang='lat' dir='ltr'><strong>Et</strong></span> <span class='ocrx_word' id='word_1_237' title='bbox 1310 2075 1484 2131; x_wconf 90' lang='lat' dir='ltr'><strong>sicui</strong></span> <span class='ocrx_word' id='word_1_238' title='bbox 1525 2077 1574 2130; x_wconf 87' lang='lat' dir='ltr'><strong>vi</strong></span> <span class='ocrx_word' id='word_1_239' title='bbox 1629 2077 1807 2131; x_wconf 88' lang='lat' dir='ltr'><strong>ablata</strong></span> <span class='ocrx_word' id='word_1_240' title='bbox 1858 2077 2034 2133; x_wconf 79' lang='lat' dir='ltr'><strong>fuerat</strong></span> 
     </span>
    </p>
   </div>
   <div class='ocr_carea' id='block_1_36' title="bbox 449 2159 2032 2241">
    <p class='ocr_par' dir='ltr' id='par_1_36' title="bbox 449 2159 2032 2241">
     <span class='ocr_line' id='line_1_36' title="bbox 449 2159 2032 2241; baseline 0.011 -31"><span class='ocrx_word' id='word_1_241' title='bbox 449 2159 667 2219; x_wconf 89' lang='lat' dir='ltr'><strong>domus.</strong></span> <span class='ocrx_word' id='word_1_242' title='bbox 701 2162 785 2217; x_wconf 87' lang='lat' dir='ltr'><strong>vel</strong></span> <span class='ocrx_word' id='word_1_243' title='bbox 825 2178 974 2234; x_wconf 85' lang='lat' dir='ltr'><strong>ager,</strong></span> <span class='ocrx_word' id='word_1_244' title='bbox 1030 2182 1091 2221; x_wconf 91' lang='lat' dir='ltr'><strong>re</strong></span> <span class='ocrx_word' id='word_1_245' title='bbox 1144 2178 1435 2238; x_wconf 83' lang='lat' dir='ltr'><strong>perspecta</strong></span> <span class='ocrx_word' id='word_1_246' title='bbox 1479 2185 1544 2225; x_wconf 89' lang='lat' dir='ltr'><strong>ea</strong></span> <span class='ocrx_word' id='word_1_247' title='bbox 1598 2170 1701 2241; x_wconf 90' lang='lat' dir='ltr'><strong>ipsi</strong></span> <span class='ocrx_word' id='word_1_248' title='bbox 1750 2171 2032 2238; x_wconf 86' lang='lat' dir='ltr'><strong>restituit;</strong></span> 
     </span>
    </p>
   </div>
   <div class='ocr_carea' id='block_1_37' title="bbox 448 2251 2031 2337">
    <p class='ocr_par' dir='ltr' id='par_1_37' title="bbox 448 2251 2031 2337">
     <span class='ocr_line' id='line_1_37' title="bbox 448 2251 2031 2337; baseline 0.01 -35"><span class='ocrx_word' id='word_1_249' title='bbox 448 2262 507 2304; x_wconf 79' lang='lat' dir='ltr'><strong>ac</strong></span> <span class='ocrx_word' id='word_1_250' title='bbox 553 2251 600 2305; x_wconf 90' lang='lat' dir='ltr'><strong>si</strong></span> <span class='ocrx_word' id='word_1_251' title='bbox 631 2253 758 2323; x_wconf 88' lang='lat' dir='ltr'><strong>quis</strong></span> <span class='ocrx_word' id='word_1_252' title='bbox 789 2255 1077 2313; x_wconf 88' lang='lat' dir='ltr'><strong>mulierem</strong></span> <span class='ocrx_word' id='word_1_253' title='bbox 1110 2258 1217 2314; x_wconf 90' lang='lat' dir='ltr'><strong>sibi</strong></span> <span class='ocrx_word' id='word_1_254' title='bbox 1260 2261 1311 2314; x_wconf 77' lang='lat' dir='ltr'><strong>vi</strong></span> <span class='ocrx_word' id='word_1_255' title='bbox 1345 2272 1593 2337; x_wconf 85' lang='lat' dir='ltr'><strong>ceperat,</strong></span> <span class='ocrx_word' id='word_1_256' title='bbox 1640 2262 1890 2318; x_wconf 89' lang='lat' dir='ltr'><strong>eamdem</strong></span> <span class='ocrx_word' id='word_1_257' title='bbox 1928 2263 2031 2332; x_wconf 89' lang='lat' dir='ltr'><strong>ipsi</strong></span> 
     </span>
    </p>
   </div>
   <div class='ocr_carea' id='block_1_38' title="bbox 448 2342 2032 2427">
    <p class='ocr_par' dir='ltr' id='par_1_38' title="bbox 448 2342 2032 2427">
     <span class='ocr_line' id='line_1_38' title="bbox 448 2342 2032 2427; baseline 0.009 -32"><span class='ocrx_word' id='word_1_258' title='bbox 448 2342 705 2401; x_wconf 74' lang='lat' dir='ltr'><strong>auferens</strong></span> <span class='ocrx_word' id='word_1_259' title='bbox 742 2347 927 2404; x_wconf 88' lang='lat' dir='ltr'><strong>dotem</strong></span> <span class='ocrx_word' id='word_1_260' title='bbox 976 2367 1106 2415; x_wconf 90' lang='lat' dir='ltr'><strong>una,</strong></span> <span class='ocrx_word' id='word_1_261' title='bbox 1149 2352 1320 2423; x_wconf 88' lang='lat' dir='ltr'><strong>duplo</strong></span> <span class='ocrx_word' id='word_1_262' title='bbox 1364 2354 1493 2410; x_wconf 89' lang='lat' dir='ltr'><strong>dote</strong></span> <span class='ocrx_word' id='word_1_263' title='bbox 1536 2356 1710 2427; x_wconf 90' lang='lat' dir='ltr'><strong>ipsius</strong></span> <span class='ocrx_word' id='word_1_264' title='bbox 1743 2356 2032 2427; x_wconf 86' lang='lat' dir='ltr'><strong>majorem,</strong></span> 
     </span>
    </p>
   </div>
   <div class='ocr_carea' id='block_1_39' title="bbox 447 2437 2033 2520">
    <p class='ocr_par' dir='ltr' id='par_1_39' title="bbox 447 2437 2033 2520">
     <span class='ocr_line' id='line_1_39' title="bbox 447 2437 2033 2520; baseline 0.011 -33"><span class='ocrx_word' id='word_1_265' title='bbox 447 2437 701 2506; x_wconf 77' lang='lat' dir='ltr'><strong>sumpsit,</strong></span> <span class='ocrx_word' id='word_1_266' title='bbox 740 2439 846 2495; x_wconf 90' lang='lat' dir='ltr'><strong>nisi</strong></span> <span class='ocrx_word' id='word_1_267' title='bbox 871 2456 996 2497; x_wconf 92' lang='lat' dir='ltr'><strong>cum</strong></span> <span class='ocrx_word' id='word_1_268' title='bbox 1035 2442 1084 2499; x_wconf 91' lang='lat' dir='ltr'><strong>ei</strong></span> <span class='ocrx_word' id='word_1_269' title='bbox 1117 2459 1215 2513; x_wconf 89' lang='lat' dir='ltr'><strong>par</strong></span> <span class='ocrx_word' id='word_1_270' title='bbox 1251 2457 1419 2511; x_wconf 88' lang='lat' dir='ltr'><strong>esset,</strong></span> <span class='ocrx_word' id='word_1_271' title='bbox 1451 2464 1685 2518; x_wconf 88' lang='lat' dir='ltr'><strong>eamque</strong></span> <span class='ocrx_word' id='word_1_272' title='bbox 1726 2451 1795 2504; x_wconf 89' lang='lat' dir='ltr'><strong>ab</strong></span> <span class='ocrx_word' id='word_1_273' title='bbox 1826 2451 1946 2520; x_wconf 87' lang='lat' dir='ltr'><strong>ipso</strong></span> <span class='ocrx_word' id='word_1_274' title='bbox 1980 2452 2033 2504; x_wconf 91' lang='lat' dir='ltr'><strong>in</strong></span> 
     </span>
    </p>
   </div>
   <div class='ocr_carea' id='block_1_40' title="bbox 447 2533 2035 2609">
    <p class='ocr_par' dir='ltr' id='par_1_40' title="bbox 447 2533 2035 2609">
     <span class='ocr_line' id='line_1_40' title="bbox 447 2533 2035 2609; baseline 0.008 -26"><span class='ocrx_word' id='word_1_275' title='bbox 447 2544 672 2585; x_wconf 73' lang='lat' dir='ltr'><strong>uxorem</strong></span> <span class='ocrx_word' id='word_1_276' title='bbox 698 2533 972 2591; x_wconf 86' lang='lat' dir='ltr'><strong>obtineret</strong></span> <span class='ocrx_word' id='word_1_277' title='bbox 997 2555 1010 2591; x_wconf 91' lang='lat'>:</span> <span class='ocrx_word' id='word_1_278' title='bbox 1039 2539 1189 2607; x_wconf 90' lang='lat' dir='ltr'><strong>quod</strong></span> <span class='ocrx_word' id='word_1_279' title='bbox 1220 2540 1265 2594; x_wconf 91' lang='lat' dir='ltr'><strong>si</strong></span> <span class='ocrx_word' id='word_1_280' title='bbox 1292 2542 1341 2595; x_wconf 94' lang='lat' dir='ltr'><strong>ei</strong></span> <span class='ocrx_word' id='word_1_281' title='bbox 1375 2547 1613 2598; x_wconf 89' lang='lat' dir='ltr'><strong>maritus</strong></span> <span class='ocrx_word' id='word_1_282' title='bbox 1635 2550 1804 2609; x_wconf 85' lang='lat' dir='ltr'><strong>esset,</strong></span> <span class='ocrx_word' id='word_1_283' title='bbox 1838 2542 2035 2596; x_wconf 89' lang='lat' dir='ltr'><strong>marito</strong></span> 
     </span>
    </p>
   </div>
   <div class='ocr_carea' id='block_1_41' title="bbox 448 2617 2035 2704">
    <p class='ocr_par' dir='ltr' id='par_1_41' title="bbox 448 2617 2035 2704">
     <span class='ocr_line' id='line_1_41' title="bbox 448 2617 2035 2704; baseline 0.009 -32"><span class='ocrx_word' id='word_1_284' title='bbox 448 2617 592 2674; x_wconf 69' lang='lat' dir='ltr'><strong>dotis</strong></span> <span class='ocrx_word' id='word_1_285' title='bbox 639 2630 873 2690; x_wconf 88' lang='lat' dir='ltr'><strong>tantum,</strong></span> <span class='ocrx_word' id='word_1_286' title='bbox 918 2636 1211 2697; x_wconf 88' lang='lat' dir='ltr'><strong>quantum,</strong></span> <span class='ocrx_word' id='word_1_287' title='bbox 1251 2646 1375 2687; x_wconf 90' lang='lat' dir='ltr'><strong>cum</strong></span> <span class='ocrx_word' id='word_1_288' title='bbox 1423 2648 1543 2688; x_wconf 88' lang='lat' dir='ltr'><strong>eam</strong></span> <span class='ocrx_word' id='word_1_289' title='bbox 1596 2635 1774 2704; x_wconf 90' lang='lat' dir='ltr'><strong>primo</strong></span> <span class='ocrx_word' id='word_1_290' title='bbox 1806 2635 2035 2691; x_wconf 84' lang='lat' dir='ltr'><strong>duceret</strong></span> 
     </span>
    </p>
   </div>
   <div class='ocr_carea' id='block_1_42' title="bbox 446 2717 2036 2796">
    <p class='ocr_par' dir='ltr' id='par_1_42' title="bbox 446 2717 2036 2796">
     <span class='ocr_line' id='line_1_42' title="bbox 446 2717 2036 2796; baseline 0.009 -30"><span class='ocrx_word' id='word_1_291' title='bbox 446 2724 755 2783; x_wconf 86' lang='lat' dir='ltr'><strong>acceperat.</strong></span> <span class='ocrx_word' id='word_1_292' title='bbox 790 2717 942 2771; x_wconf 89' lang='lat' dir='ltr'><strong>dedit</strong></span> <span class='ocrx_word' id='word_1_293' title='bbox 971 2735 989 2784; x_wconf 87' lang='lat'><strong>;</strong></span> <span class='ocrx_word' id='word_1_294' title='bbox 1020 2735 1256 2792; x_wconf 86' lang='lat' dir='ltr'><strong>eamque</strong></span> <span class='ocrx_word' id='word_1_295' title='bbox 1294 2725 1549 2788; x_wconf 87' lang='lat' dir='ltr'><strong>maritus,</strong></span> <span class='ocrx_word' id='word_1_296' title='bbox 1585 2725 1631 2780; x_wconf 91' lang='lat' dir='ltr'><strong>si</strong></span> <span class='ocrx_word' id='word_1_297' title='bbox 1671 2741 1734 2781; x_wconf 90' lang='lat' dir='ltr'><strong>ea</strong></span> <span class='ocrx_word' id='word_1_298' title='bbox 1765 2726 1866 2796; x_wconf 86' lang='lat' dir='ltr'><strong>ipsi</strong></span> <span class='ocrx_word' id='word_1_299' title='bbox 1895 2741 2036 2796; x_wconf 86' lang='lat' dir='ltr'><strong>opus</strong></span> 
     </span>
    </p>
   </div>
   <div class='ocr_carea' id='block_1_43' title="bbox 445 2808 2038 2890">
    <p class='ocr_par' dir='ltr' id='par_1_43' title="bbox 445 2808 2038 2890">
     <span class='ocr_line' id='line_1_43' title="bbox 445 2808 2038 2890; baseline 0.01 -31"><span class='ocrx_word' id='word_1_300' title='bbox 445 2816 611 2871; x_wconf 90' lang='lat' dir='ltr'><strong>esset,</strong></span> <span class='ocrx_word' id='word_1_301' title='bbox 651 2808 756 2863; x_wconf 88' lang='lat' dir='ltr'><strong>sibi</strong></span> <span class='ocrx_word' id='word_1_302' title='bbox 805 2810 1016 2867; x_wconf 88' lang='lat' dir='ltr'><strong>habuit.</strong></span> <span class='ocrx_word' id='word_1_303' title='bbox 1055 2813 1187 2869; x_wconf 81' lang='lat' dir='ltr'><strong>illud</strong></span> <span class='ocrx_word' id='word_1_304' title='bbox 1238 2826 1422 2872; x_wconf 87' lang='lat' dir='ltr'><strong>autem</strong></span> <span class='ocrx_word' id='word_1_305' title='bbox 1459 2820 1602 2889; x_wconf 91' lang='lat' dir='ltr'><strong>quod</strong></span> <span class='ocrx_word' id='word_1_306' title='bbox 1649 2820 1827 2890; x_wconf 87' lang='lat' dir='ltr'><strong>ipsum</strong></span> <span class='ocrx_word' id='word_1_307' title='bbox 1869 2821 2038 2875; x_wconf 88' lang='lat' dir='ltr'><strong>movit.</strong></span> 
     </span>
    </p>
   </div>
   <div class='ocr_carea' id='block_1_44' title="bbox 453 2902 2037 2980">
    <p class='ocr_par' dir='ltr' id='par_1_44' title="bbox 453 2902 2037 2980">
     <span class='ocr_line' id='line_1_44' title="bbox 453 2902 2037 2980; baseline 0.012 -32"><span class='ocrx_word' id='word_1_308' title='bbox 453 2902 750 2968; x_wconf 80' lang='lat' dir='ltr'><strong>qucminus</strong></span> <span class='ocrx_word' id='word_1_309' title='bbox 786 2905 1113 2974; x_wconf 88' lang='lat' dir='ltr'><strong>supplicium</strong></span> <span class='ocrx_word' id='word_1_310' title='bbox 1163 2909 1230 2966; x_wconf 89' lang='lat' dir='ltr'><strong>iis</strong></span> <span class='ocrx_word' id='word_1_311' title='bbox 1276 2911 1368 2980; x_wconf 91' lang='lat' dir='ltr'><strong>qui</strong></span> <span class='ocrx_word' id='word_1_312' title='bbox 1402 2912 1611 2967; x_wconf 85' lang='lat' dir='ltr'><strong>nefaria</strong></span> <span class='ocrx_word' id='word_1_313' title='bbox 1642 2913 2037 2967; x_wconf 88' lang='lat' dir='ltr'><strong>commiserant</strong></span> 
     </span>
    </p>
   </div>
   <div class='ocr_carea' id='block_1_45' title="bbox 445 2989 2032 3072">
    <p class='ocr_par' dir='ltr' id='par_1_45' title="bbox 445 2989 2032 3072">
     <span class='ocr_line' id='line_1_45' title="bbox 445 2989 2032 3072; baseline 0.011 -32"><span class='ocrx_word' id='word_1_314' title='bbox 445 2989 695 3056; x_wconf 72' lang='lat' dir='ltr'><strong>inferret,</strong></span> <span class='ocrx_word' id='word_1_315' title='bbox 737 2994 861 3061; x_wconf 90' lang='lat' dir='ltr'><strong>fuit,</strong></span> <span class='ocrx_word' id='word_1_316' title='bbox 905 2998 1050 3068; x_wconf 88' lang='lat' dir='ltr'><strong>quod</strong></span> <span class='ocrx_word' id='word_1_317' title='bbox 1093 3002 1279 3070; x_wconf 90' lang='lat' dir='ltr'><strong>populi</strong></span> <span class='ocrx_word' id='word_1_318' title='bbox 1333 3001 1497 3072; x_wconf 67' lang='lat'><strong>180</strong></span> <span class='ocrx_word' id='word_1_319' title='bbox 1543 3018 1734 3058; x_wconf 87' lang='lat' dir='ltr'><strong>curam</strong></span> <span class='ocrx_word' id='word_1_320' title='bbox 1789 3003 2032 3068; x_wconf 79' lang='lat' dir='ltr'><strong>haberet,</strong></span> 
     </span>
    </p>
   </div>
   <div class='ocr_carea' id='block_1_46' title="bbox 446 3086 2030 3158">
    <p class='ocr_par' dir='ltr' id='par_1_46' title="bbox 446 3086 2030 3158">
     <span class='ocr_line' id='line_1_46' title="bbox 446 3086 2030 3158; baseline 0.008 -22"><span class='ocrx_word' id='word_1_321' title='bbox 446 3099 600 3152; x_wconf 76' lang='lat' dir='ltr'><strong>quem</strong></span> <span class='ocrx_word' id='word_1_322' title='bbox 625 3086 842 3155; x_wconf 89' lang='lat' dir='ltr'><strong>penitus</strong></span> <span class='ocrx_word' id='word_1_323' title='bbox 871 3091 1099 3158; x_wconf 79' lang='lat' dir='ltr'><strong>perdere</strong></span> <span class='ocrx_word' id='word_1_324' title='bbox 1134 3094 1332 3149; x_wconf 90' lang='lat' dir='ltr'><strong>noluit.</strong></span> <span class='ocrx_word' id='word_1_325' title='bbox 1367 3092 1539 3149; x_wconf 82' lang='lat' dir='ltr'><strong>Jussit</strong></span> <span class='ocrx_word' id='word_1_326' title='bbox 1561 3095 1730 3149; x_wconf 89' lang='lat' dir='ltr'><strong>etiam</strong></span> <span class='ocrx_word' id='word_1_327' title='bbox 1754 3094 2030 3149; x_wconf 88' lang='lat' dir='ltr'><strong>numerari</strong></span> 
     </span>
    </p>
   </div>
   <div class='ocr_carea' id='block_1_47' title="bbox 445 3176 2033 3257">
    <p class='ocr_par' dir='ltr' id='par_1_47' title="bbox 445 3176 2033 3257">
     <span class='ocr_line' id='line_1_47' title="bbox 445 3176 2033 3257; baseline 0.009 -28"><span class='ocrx_word' id='word_1_328' title='bbox 445 3176 643 3233; x_wconf 89' lang='lat' dir='ltr'><strong>liberos</strong></span> <span class='ocrx_word' id='word_1_329' title='bbox 662 3180 1123 3248; x_wconf 78' lang='lat' dir='ltr'><strong>patrumfamilias</strong></span> <span class='ocrx_word' id='word_1_330' title='bbox 1161 3197 1214 3241; x_wconf 90' lang='lat' dir='ltr'><strong>et</strong></span> <span class='ocrx_word' id='word_1_331' title='bbox 1239 3185 1501 3241; x_wconf 89' lang='lat' dir='ltr'><strong>nobilium</strong></span> <span class='ocrx_word' id='word_1_332' title='bbox 1533 3188 1648 3256; x_wconf 91' lang='lat' dir='ltr'><strong>qui,</strong></span> <span class='ocrx_word' id='word_1_333' title='bbox 1679 3202 1803 3243; x_wconf 87' lang='lat' dir='ltr'><strong>eum</strong></span> <span class='ocrx_word' id='word_1_334' title='bbox 1838 3190 2033 3257; x_wconf 84' lang='lat' dir='ltr'><strong>periis-</strong></span> 
     </span>
    </p>
   </div>
   <div class='ocr_carea' id='block_1_48' title="bbox 370 3271 2026 3349">
    <p class='ocr_par' dir='ltr' id='par_1_48' title="bbox 370 3271 2026 3349">
     <span class='ocr_line' id='line_1_48' title="bbox 370 3271 2026 3349; baseline 0.008 -29"><span class='ocrx_word' id='word_1_335' title='bbox 370 3324 381 3331; x_wconf 61' lang='grc'>,</span> <span class='ocrx_word' id='word_1_336' title='bbox 445 3271 880 3349; x_wconf 72' lang='lat' dir='ltr'><strong>sentquieorum</strong></span> <span class='ocrx_word' id='word_1_337' title='bbox 912 3288 1102 3330; x_wconf 83' lang='lat' dir='ltr'><strong>curam</strong></span> <span class='ocrx_word' id='word_1_338' title='bbox 1138 3292 1330 3347; x_wconf 79' lang='lat' dir='ltr'><strong>gerere</strong></span> <span class='ocrx_word' id='word_1_339' title='bbox 1365 3277 1652 3343; x_wconf 83' lang='lat' dir='ltr'><strong>deberent,</strong></span> <span class='ocrx_word' id='word_1_340' title='bbox 1684 3281 1750 3332; x_wconf 87' lang='lat' dir='ltr'><strong>ad</strong></span> <span class='ocrx_word' id='word_1_341' title='bbox 1785 3277 2026 3349; x_wconf 87' lang='lat' dir='ltr'><strong>inopiam</strong></span> 
     </span>
    </p>
   </div>
   <div class='ocr_carea' id='block_1_49' title="bbox 447 3356 2028 3439">
    <p class='ocr_par' dir='ltr' id='par_1_49' title="bbox 447 3356 2028 3439">
     <span class='ocr_line' id='line_1_49' title="bbox 447 3356 2028 3439; baseline 0.011 -29"><span class='ocrx_word' id='word_1_342' title='bbox 447 3356 652 3413; x_wconf 88' lang='lat' dir='ltr'><strong>redacti</strong></span> <span class='ocrx_word' id='word_1_343' title='bbox 685 3372 836 3428; x_wconf 89' lang='lat' dir='ltr'><strong>sunt,</strong></span> <span class='ocrx_word' id='word_1_344' title='bbox 874 3374 929 3419; x_wconf 88' lang='lat' dir='ltr'><strong>et</strong></span> <span class='ocrx_word' id='word_1_345' title='bbox 961 3365 1014 3418; x_wconf 93' lang='lat' dir='ltr'><strong>in</strong></span> <span class='ocrx_word' id='word_1_346' title='bbox 1052 3367 1293 3437; x_wconf 89' lang='lat' dir='ltr'><strong>ipsorum</strong></span> <span class='ocrx_word' id='word_1_347' title='bbox 1326 3369 1610 3436; x_wconf 88' lang='lat' dir='ltr'><strong>orphanos</strong></span> <span class='ocrx_word' id='word_1_348' title='bbox 1640 3369 1733 3438; x_wconf 92' lang='lat' dir='ltr'><strong>qui</strong></span> <span class='ocrx_word' id='word_1_349' title='bbox 1771 3385 2028 3439; x_wconf 84' lang='lat' dir='ltr'><strong>superes-</strong></span> 
     </span>
    </p>
   </div>
   <div class='ocr_carea' id='block_1_50' title="bbox 445 3454 2022 3531">
    <p class='ocr_par' dir='ltr' id='par_1_50' title="bbox 445 3454 2022 3531">
     <span class='ocr_line' id='line_1_50' title="bbox 445 3454 2022 3531; baseline 0.006 -24"><span class='ocrx_word' id='word_1_350' title='bbox 445 3461 572 3508; x_wconf 74' lang='lat' dir='ltr'><strong>sent</strong></span> <span class='ocrx_word' id='word_1_351' title='bbox 598 3462 652 3507; x_wconf 92' lang='lat' dir='ltr'><strong>et</strong></span> <span class='ocrx_word' id='word_1_352' title='bbox 703 3454 895 3511; x_wconf 78' lang='lat' dir='ltr'><strong>viduas</strong></span> <span class='ocrx_word' id='word_1_353' title='bbox 946 3455 1224 3531; x_wconf 82' lang='lat' dir='ltr'><strong>[inquiri],</strong></span> <span class='ocrx_word' id='word_1_354' title='bbox 1265 3459 1515 3531; x_wconf 89' lang='lat' dir='ltr'><strong>ipsisque</strong></span> <span class='ocrx_word' id='word_1_355' title='bbox 1564 3465 1711 3531; x_wconf 87' lang='lat' dir='ltr'><strong>quod</strong></span> <span class='ocrx_word' id='word_1_356' title='bbox 1756 3461 2022 3517; x_wconf 78' lang='lat' dir='ltr'><strong>suﬂiceret</strong></span> 
     </span>
    </p>
   </div>
   <div class='ocr_carea' id='block_1_51' title="bbox 446 3545 2028 3623">
    <p class='ocr_par' dir='ltr' id='par_1_51' title="bbox 446 3545 2028 3623">
     <span class='ocr_line' id='line_1_51' title="bbox 446 3545 2028 3623; baseline 0.006 -24"><span class='ocrx_word' id='word_1_357' title='bbox 446 3545 805 3615; x_wconf 82' lang='lat' dir='ltr'><strong>suppeditari,</strong></span> <span class='ocrx_word' id='word_1_358' title='bbox 857 3564 957 3605; x_wconf 89' lang='lat' dir='ltr'><strong>nec</strong></span> <span class='ocrx_word' id='word_1_359' title='bbox 1002 3566 1112 3605; x_wconf 90' lang='lat' dir='ltr'><strong>non</strong></span> <span class='ocrx_word' id='word_1_360' title='bbox 1149 3551 1371 3606; x_wconf 86' lang='lat' dir='ltr'><strong>edoceri</strong></span> <span class='ocrx_word' id='word_1_361' title='bbox 1415 3553 1560 3608; x_wconf 80' lang='lat' dir='ltr'><strong>ﬁlios</strong></span> <span class='ocrx_word' id='word_1_362' title='bbox 1598 3554 1841 3623; x_wconf 86' lang='lat' dir='ltr'><strong>ipsorum</strong></span> <span class='ocrx_word' id='word_1_363' title='bbox 1878 3564 2028 3609; x_wconf 80' lang='lat' dir='ltr'><strong>artes</strong></span> 
     </span>
    </p>
   </div>
   <div class='ocr_carea' id='block_1_52' title="bbox 410 3636 2028 3709">
    <p class='ocr_par' dir='ltr' id='par_1_52' title="bbox 410 3636 2028 3709">
     <span class='ocr_line' id='line_1_52' title="bbox 410 3636 2028 3709; baseline 0.006 -20"><span class='ocrx_word' id='word_1_364' title='bbox 410 3636 641 3707; x_wconf 30' lang='lat' dir='ltr'><strong>.quibus</strong></span> <span class='ocrx_word' id='word_1_365' title='bbox 683 3636 861 3693; x_wconf 87' lang='lat' dir='ltr'><strong>idonei</strong></span> <span class='ocrx_word' id='word_1_366' title='bbox 899 3650 1107 3704; x_wconf 86' lang='lat' dir='ltr'><strong>essent,</strong></span> <span class='ocrx_word' id='word_1_367' title='bbox 1144 3639 1285 3694; x_wconf 83' lang='lat' dir='ltr'><strong>filias</strong></span> <span class='ocrx_word' id='word_1_368' title='bbox 1331 3648 1515 3695; x_wconf 87' lang='lat' dir='ltr'><strong>autem</strong></span> <span class='ocrx_word' id='word_1_369' title='bbox 1562 3642 1796 3709; x_wconf 66' lang='lat' dir='ltr'><strong>paribus</strong></span> <span class='ocrx_word' id='word_1_370' title='bbox 1848 3643 1964 3698; x_wconf 90' lang='lat' dir='ltr'><strong>suis</strong></span> <span class='ocrx_word' id='word_1_371' title='bbox 1997 3658 2028 3698; x_wconf 87' lang='lat' dir='ltr'><strong>e</strong></span> 
     </span>
    </p>
   </div>
   <div class='ocr_carea' id='block_1_53' title="bbox 444 3727 2026 3802">
    <p class='ocr_par' dir='ltr' id='par_1_53' title="bbox 444 3727 2026 3802">
     <span class='ocr_line' id='line_1_53' title="bbox 444 3727 2026 3802; baseline 0.006 -22"><span class='ocrx_word' id='word_1_372' title='bbox 444 3727 740 3785; x_wconf 85' lang='lat' dir='ltr'><strong>ditioribus</strong></span> <span class='ocrx_word' id='word_1_373' title='bbox 768 3742 997 3797; x_wconf 87' lang='lat' dir='ltr'><strong>nuptum</strong></span> <span class='ocrx_word' id='word_1_374' title='bbox 1023 3731 1165 3787; x_wconf 87' lang='lat' dir='ltr'><strong>dari.</strong></span> <span class='ocrx_word' id='word_1_375' title='bbox 1189 3731 1363 3788; x_wconf 83' lang='lat' dir='ltr'><strong>Jussit</strong></span> <span class='ocrx_word' id='word_1_376' title='bbox 1386 3734 1553 3789; x_wconf 89' lang='lat' dir='ltr'><strong>etiam</strong></span> <span class='ocrx_word' id='word_1_377' title='bbox 1591 3734 1794 3802; x_wconf 89' lang='lat' dir='ltr'><strong>inquiri</strong></span> <span class='ocrx_word' id='word_1_378' title='bbox 1824 3733 1880 3789; x_wconf 88' lang='lat' dir='ltr'><strong>in</strong></span> <span class='ocrx_word' id='word_1_379' title='bbox 1907 3734 2026 3789; x_wconf 88' lang='lat' dir='ltr'><strong>loca</strong></span> 
     </span>
    </p>
   </div>
   <div class='ocr_carea' id='block_1_54' title="bbox 443 3822 2029 3899">
    <p class='ocr_par' dir='ltr' id='par_1_54' title="bbox 443 3822 2029 3899">
     <span class='ocr_line' id='line_1_54' title="bbox 443 3822 2029 3899; baseline 0.004 -23"><span class='ocrx_word' id='word_1_380' title='bbox 443 3831 493 3876; x_wconf 86' lang='lat' dir='ltr'><strong>et</strong></span> <span class='ocrx_word' id='word_1_381' title='bbox 536 3822 735 3892; x_wconf 77' lang='lat' dir='ltr'><strong>praedia</strong></span> <span class='ocrx_word' id='word_1_382' title='bbox 797 3840 1035 3895; x_wconf 91' lang='lat' dir='ltr'><strong>quorum</strong></span> <span class='ocrx_word' id='word_1_383' title='bbox 1087 3823 1304 3880; x_wconf 90' lang='lat' dir='ltr'><strong>Domini</strong></span> <span class='ocrx_word' id='word_1_384' title='bbox 1358 3841 1484 3899; x_wconf 84' lang='lat' dir='ltr'><strong>curn</strong></span> <span class='ocrx_word' id='word_1_385' title='bbox 1534 3827 1802 3883; x_wconf 86' lang='lat' dir='ltr'><strong>tenuioris</strong></span> <span class='ocrx_word' id='word_1_386' title='bbox 1860 3828 2029 3894; x_wconf 76' lang='lat' dir='ltr'><strong>stu-tis</strong></span> 
     </span>
    </p>
   </div>
   <div class='ocr_carea' id='block_1_55' title="bbox 442 3918 2028 3985">
    <p class='ocr_par' dir='ltr' id='par_1_55' title="bbox 442 3918 2028 3985">
     <span class='ocr_line' id='line_1_55' title="bbox 442 3918 2028 3985; baseline 0.003 -15"><span class='ocrx_word' id='word_1_387' title='bbox 442 3927 621 3971; x_wconf 87' lang='lat' dir='ltr'><strong>essent</strong></span> <span class='ocrx_word' id='word_1_388' title='bbox 658 3918 724 3973; x_wconf 91' lang='lat' dir='ltr'><strong>iis</strong></span> <span class='ocrx_word' id='word_1_389' title='bbox 755 3918 999 3973; x_wconf 72' lang='lat' dir='ltr'><strong>colendis</strong></span> <span class='ocrx_word' id='word_1_390' title='bbox 1051 3935 1164 3974; x_wconf 90' lang='lat' dir='ltr'><strong>non</strong></span> <span class='ocrx_word' id='word_1_391' title='bbox 1200 3929 1379 3985; x_wconf 89' lang='lat' dir='ltr'><strong>erant,</strong></span> <span class='ocrx_word' id='word_1_392' title='bbox 1418 3930 1476 3975; x_wconf 90' lang='lat' dir='ltr'><strong>ut</strong></span> <span class='ocrx_word' id='word_1_393' title='bbox 1524 3920 1745 3977; x_wconf 78' lang='lat' dir='ltr'><strong>ellossis</strong></span> <span class='ocrx_word' id='word_1_394' title='bbox 1775 3920 1947 3975; x_wconf 87' lang='lat' dir='ltr'><strong>alveis</strong></span> <span class='ocrx_word' id='word_1_395' title='bbox 1974 3930 2028 3975; x_wconf 90' lang='lat' dir='ltr'><strong>et</strong></span> 
     </span>
    </p>
   </div>
   <div class='ocr_carea' id='block_1_56' title="bbox 442 4008 2026 4084">
    <p class='ocr_par' dir='ltr' id='par_1_56' title="bbox 442 4008 2026 4084">
     <span class='ocr_line' id='line_1_56' title="bbox 442 4008 2026 4084; baseline 0.005 -24"><span class='ocrx_word' id='word_1_396' title='bbox 442 4008 725 4064; x_wconf 82' lang='lat' dir='ltr'><strong>canalibus</strong></span> <span class='ocrx_word' id='word_1_397' title='bbox 775 4011 1166 4068; x_wconf 80' lang='lat' dir='ltr'><strong>derivarentur</strong></span> <span class='ocrx_word' id='word_1_398' title='bbox 1212 4012 1280 4068; x_wconf 89' lang='lat' dir='ltr'><strong>ad</strong></span> <span class='ocrx_word' id='word_1_399' title='bbox 1329 4029 1391 4069; x_wconf 84' lang='lat' dir='ltr'><strong>ea</strong></span> <span class='ocrx_word' id='word_1_400' title='bbox 1447 4014 1621 4080; x_wconf 79' lang='lat' dir='ltr'><strong>fluvii,</strong></span> <span class='ocrx_word' id='word_1_401' title='bbox 1670 4015 2026 4084; x_wconf 89' lang='lat' dir='ltr'><strong>ipsorumque</strong></span> 
     </span>
    </p>
   </div>
   <div class='ocr_carea' id='block_1_57' title="bbox 442 4086 2034 4176">
    <p class='ocr_par' dir='ltr' id='par_1_57' title="bbox 442 4086 2034 4176">
     <span class='ocr_line' id='line_1_57' title="bbox 442 4086 2034 4176; baseline 0.008 -25"><span class='ocrx_word' id='word_1_402' title='bbox 442 4086 685 4157; x_wconf 78' lang='lat' dir='ltr'><strong>dominis</strong></span> <span class='ocrx_word' id='word_1_403' title='bbox 710 4104 1048 4173; x_wconf 83' lang='lat' dir='ltr'><strong>suppeditari</strong></span> <span class='ocrx_word' id='word_1_404' title='bbox 1079 4105 1225 4174; x_wconf 87' lang='lat' dir='ltr'><strong>quod</strong></span> <span class='ocrx_word' id='word_1_405' title='bbox 1258 4114 1550 4176; x_wconf 85' lang='lat' dir='ltr'><strong>erogarent</strong></span> <span class='ocrx_word' id='word_1_406' title='bbox 1582 4105 1637 4162; x_wconf 89' lang='lat' dir='ltr'><strong>in</strong></span> <span class='ocrx_word' id='word_1_407' title='bbox 1666 4106 1813 4175; x_wconf 83' lang='lat' dir='ltr'><strong>agris</strong></span> <span class='ocrx_word' id='word_1_408' title='bbox 1842 4100 2034 4163; x_wconf 48' lang='lat' dir='ltr'><strong>serene</strong></span> 
     </span>
    </p>
   </div>
   <div class='ocr_carea' id='block_1_58' title="bbox 443 4194 2030 4263">
    <p class='ocr_par' dir='ltr' id='par_1_58' title="bbox 443 4194 2030 4263">
     <span class='ocr_line' id='line_1_58' title="bbox 443 4194 2030 4263; baseline 0.004 -18"><span class='ocrx_word' id='word_1_409' title='bbox 443 4194 524 4249; x_wconf 87' lang='lat' dir='ltr'><strong>dis</strong></span> <span class='ocrx_word' id='word_1_410' title='bbox 547 4210 610 4249; x_wconf 88' lang='lat' dir='ltr'><strong>ac</strong></span> <span class='ocrx_word' id='word_1_411' title='bbox 643 4210 843 4263; x_wconf 85' lang='lat' dir='ltr'><strong>pecore</strong></span> <span class='ocrx_word' id='word_1_412' title='bbox 866 4196 1138 4261; x_wconf 79' lang='lat' dir='ltr'><strong>curando.</strong></span> <span class='ocrx_word' id='word_1_413' title='bbox 1166 4197 1436 4253; x_wconf 86' lang='lat' dir='ltr'><strong>rationem</strong></span> <span class='ocrx_word' id='word_1_414' title='bbox 1466 4199 1633 4254; x_wconf 83' lang='lat' dir='ltr'><strong>etiam</strong></span> <span class='ocrx_word' id='word_1_415' title='bbox 1662 4199 1848 4254; x_wconf 83' lang='lat' dir='ltr'><strong>haberi</strong></span> <span class='ocrx_word' id='word_1_416' title='bbox 1882 4199 2030 4253; x_wconf 79' lang='lat' dir='ltr'><strong>vico-</strong></span> 
     </span>
    </p>
   </div>
   <div class='ocr_carea' id='block_1_59' title="bbox 443 4285 2031 4354">
    <p class='ocr_par' dir='ltr' id='par_1_59' title="bbox 443 4285 2031 4354">
     <span class='ocr_line' id='line_1_59' title="bbox 443 4285 2031 4354; baseline 0.005 -19"><span class='ocrx_word' id='word_1_417' title='bbox 443 4301 559 4339; x_wconf 85' lang='lat' dir='ltr'><strong>rum</strong></span> <span class='ocrx_word' id='word_1_418' title='bbox 607 4286 702 4354; x_wconf 86' lang='lat' dir='ltr'><strong>qui</strong></span> <span class='ocrx_word' id='word_1_419' title='bbox 742 4285 973 4340; x_wconf 85' lang='lat' dir='ltr'><strong>desolati</strong></span> <span class='ocrx_word' id='word_1_420' title='bbox 1016 4286 1272 4353; x_wconf 86' lang='lat' dir='ltr'><strong>fuerant;</strong></span> <span class='ocrx_word' id='word_1_421' title='bbox 1310 4303 1376 4342; x_wconf 88' lang='lat' dir='ltr'><strong>ac</strong></span> <span class='ocrx_word' id='word_1_422' title='bbox 1422 4289 1633 4345; x_wconf 82' lang='lat' dir='ltr'><strong>exstrui</strong></span> <span class='ocrx_word' id='word_1_423' title='bbox 1679 4294 1835 4344; x_wconf 84' lang='lat' dir='ltr'><strong>arces</strong></span> <span class='ocrx_word' id='word_1_424' title='bbox 1881 4291 2031 4344; x_wconf 85' lang='lat' dir='ltr'><strong>unde</strong></span> 
     </span>
    </p>
   </div>
   <div class='ocr_carea' id='block_1_60' title="bbox 444 4379 2028 4450">
    <p class='ocr_par' dir='ltr' id='par_1_60' title="bbox 444 4379 2028 4450">
     <span class='ocr_line' id='line_1_60' title="bbox 444 4379 2028 4450; baseline 0.005 -23"><span class='ocrx_word' id='word_1_425' title='bbox 444 4384 623 4431; x_wconf 87' lang='lat' dir='ltr'><strong>metus</strong></span> <span class='ocrx_word' id='word_1_426' title='bbox 655 4391 776 4431; x_wconf 81' lang='lat' dir='ltr'><strong>esse</strong></span> <span class='ocrx_word' id='word_1_427' title='bbox 815 4386 1027 4447; x_wconf 84' lang='lat' dir='ltr'><strong>posset.</strong></span> <span class='ocrx_word' id='word_1_428' title='bbox 1053 4379 1190 4431; x_wconf 88' lang='lat' dir='ltr'><strong>Tum</strong></span> <span class='ocrx_word' id='word_1_429' title='bbox 1220 4380 1592 4443; x_wconf 87' lang='lat' dir='ltr'><strong>consiliarios,</strong></span> <span class='ocrx_word' id='word_1_430' title='bbox 1626 4381 1916 4450; x_wconf 63' lang='lat' dir='ltr'><strong>praefectos</strong></span> <span class='ocrx_word' id='word_1_431' title='bbox 1974 4391 2028 4435; x_wconf 83' lang='lat' dir='ltr'><strong>et</strong></span> 
     </span>
    </p>
   </div>
   <div class='ocr_carea' id='block_1_61' title="bbox 444 4466 2025 4540">
    <p class='ocr_par' dir='ltr' id='par_1_61' title="bbox 444 4466 2025 4540">
     <span class='ocr_line' id='line_1_61' title="bbox 444 4466 2025 4540; baseline 0.004 -20"><span class='ocrx_word' id='word_1_432' title='bbox 444 4467 656 4535; x_wconf 64' lang='lat' dir='ltr'><strong>iudices</strong></span> <span class='ocrx_word' id='word_1_433' title='bbox 687 4466 893 4525; x_wconf 86' lang='lat' dir='ltr'><strong>electos</strong></span> <span class='ocrx_word' id='word_1_434' title='bbox 923 4471 974 4524; x_wconf 88' lang='lat' dir='ltr'><strong>in</strong></span> <span class='ocrx_word' id='word_1_435' title='bbox 1014 4473 1315 4540; x_wconf 86' lang='lat' dir='ltr'><strong>provinciis</strong></span> <span class='ocrx_word' id='word_1_436' title='bbox 1344 4473 1658 4528; x_wconf 79' lang='lat' dir='ltr'><strong>collocavit.</strong></span> <span class='ocrx_word' id='word_1_437' title='bbox 1697 4474 1751 4527; x_wconf 87' lang='lat' dir='ltr'><strong>In</strong></span> <span class='ocrx_word' id='word_1_438' title='bbox 1788 4474 2025 4529; x_wconf 90' lang='lat' dir='ltr'><strong>medium</strong></span> 
     </span>
    </p>
   </div>
   <div class='ocr_carea' id='block_1_62' title="bbox 2059 3243 2103 3300">
    <p class='ocr_par' dir='ltr' id='par_1_62' title="bbox 2059 3243 2103 3300">
     <span class='ocr_line' id='line_1_62' title="bbox 2059 3243 2103 3300; baseline 0 0"><span class='ocrx_word' id='word_1_439' title='bbox 2059 3243 2103 3300; x_wconf 85' lang='lat' dir='ltr'><strong><em>C</em></strong></span> 
     </span>
    </p>
   </div>
   <div class='ocr_carea' id='block_1_63' title="bbox 2136 1971 3718 2047">
    <p class='ocr_par' dir='ltr' id='par_1_63' title="bbox 2136 1971 3718 2047">
     <span class='ocr_line' id='line_1_63' title="bbox 2136 1971 3718 2047; baseline -0.005 -18"><span class='ocrx_word' id='word_1_440' title='bbox 2136 1974 2287 2046; x_wconf 84' lang='lat' dir='ltr'><strong>Fuga</strong></span> <span class='ocrx_word' id='word_1_441' title='bbox 2343 1990 2474 2047; x_wconf 88' lang='lat' dir='ltr'><strong>ergo</strong></span> <span class='ocrx_word' id='word_1_442' title='bbox 2524 1990 2585 2031; x_wconf 88' lang='lat' dir='ltr'><strong>se</strong></span> <span class='ocrx_word' id='word_1_443' title='bbox 2626 1975 2700 2030; x_wconf 89' lang='lat' dir='ltr'><strong>ab</strong></span> <span class='ocrx_word' id='word_1_444' title='bbox 2744 1975 2853 2029; x_wconf 89' lang='lat' dir='ltr'><strong>illis</strong></span> <span class='ocrx_word' id='word_1_445' title='bbox 2898 1973 3218 2043; x_wconf 82' lang='lat' dir='ltr'><strong>subripiens</strong></span> <span class='ocrx_word' id='word_1_446' title='bbox 3280 1982 3459 2027; x_wconf 83' lang='lat' dir='ltr'><strong>vestes</strong></span> <span class='ocrx_word' id='word_1_447' title='bbox 3514 1971 3718 2040; x_wconf 83' lang='lat' dir='ltr'><strong>quibus</strong></span> 
     </span>
    </p>
   </div>
   <div class='ocr_carea' id='block_1_64' title="bbox 2136 2061 3719 2137">
    <p class='ocr_par' dir='ltr' id='par_1_64' title="bbox 2136 2061 3719 2137">
     <span class='ocr_line' id='line_1_64' title="bbox 2136 2061 3719 2137; baseline -0.007 -15"><span class='ocrx_word' id='word_1_448' title='bbox 2136 2081 2293 2122; x_wconf 87' lang='lat' dir='ltr'><strong>saera</strong></span> <span class='ocrx_word' id='word_1_449' title='bbox 2330 2083 2592 2137; x_wconf 82' lang='lat' dir='ltr'><strong>peragere</strong></span> <span class='ocrx_word' id='word_1_450' title='bbox 2634 2066 2832 2122; x_wconf 72' lang='lat' dir='ltr'><strong>solitus</strong></span> <span class='ocrx_word' id='word_1_451' title='bbox 2884 2067 3083 2127; x_wconf 88' lang='lat' dir='ltr'><strong>fuerat,</strong></span> <span class='ocrx_word' id='word_1_452' title='bbox 3122 2063 3396 2134; x_wconf 60' lang='lat' dir='ltr'><strong>sepelivit,</strong></span> <span class='ocrx_word' id='word_1_453' title='bbox 3448 2076 3515 2117; x_wconf 88' lang='lat' dir='ltr'><strong>ac</strong></span> <span class='ocrx_word' id='word_1_454' title='bbox 3556 2061 3719 2115; x_wconf 85' lang='lat' dir='ltr'><strong>dissi-</strong></span> 
     </span>
    </p>
   </div>
   <div class='ocr_carea' id='block_1_65' title="bbox 2137 2151 3718 2230">
    <p class='ocr_par' dir='ltr' id='par_1_65' title="bbox 2137 2151 3718 2230">
     <span class='ocr_line' id='line_1_65' title="bbox 2137 2151 3718 2230; baseline -0.008 -16"><span class='ocrx_word' id='word_1_455' title='bbox 2137 2159 2346 2216; x_wconf 85' lang='lat' dir='ltr'><strong>mulato</strong></span> <span class='ocrx_word' id='word_1_456' title='bbox 2385 2159 2575 2213; x_wconf 88' lang='lat' dir='ltr'><strong>habitu</strong></span> <span class='ocrx_word' id='word_1_457' title='bbox 2610 2158 2995 2230; x_wconf 78' lang='lat' dir='ltr'><strong>Hierosolyma</strong></span> <span class='ocrx_word' id='word_1_458' title='bbox 3035 2156 3312 2227; x_wconf 87' lang='lat' dir='ltr'><strong>profectus</strong></span> <span class='ocrx_word' id='word_1_459' title='bbox 3358 2163 3486 2219; x_wconf 83' lang='lat' dir='ltr'><strong>est;</strong></span> <span class='ocrx_word' id='word_1_460' title='bbox 3528 2153 3620 2207; x_wconf 92' lang='lat' dir='ltr'><strong>ubi</strong></span> <span class='ocrx_word' id='word_1_461' title='bbox 3663 2151 3718 2203; x_wconf 84' lang='lat' dir='ltr'><strong>iu</strong></span> 
     </span>
    </p>
   </div>
   <div class='ocr_carea' id='block_1_66' title="bbox 2137 2246 3718 2321">
    <p class='ocr_par' dir='ltr' id='par_1_66' title="bbox 2137 2246 3718 2321">
     <span class='ocr_line' id='line_1_66' title="bbox 2137 2246 3718 2321; baseline -0.004 -16"><span class='ocrx_word' id='word_1_462' title='bbox 2137 2251 2340 2321; x_wconf 90' lang='lat' dir='ltr'><strong>templo</strong></span> <span class='ocrx_word' id='word_1_463' title='bbox 2381 2249 2830 2306; x_wconf 80' lang='lat' dir='ltr'><strong>Resurrectionis</strong></span> <span class='ocrx_word' id='word_1_464' title='bbox 2865 2249 3190 2318; x_wconf 85' lang='lat' dir='ltr'><strong>candelapta</strong></span> <span class='ocrx_word' id='word_1_465' title='bbox 3227 2249 3426 2309; x_wconf 88' lang='lat' dir='ltr'><strong>factus,</strong></span> <span class='ocrx_word' id='word_1_466' title='bbox 3459 2246 3718 2299; x_wconf 88' lang='lat' dir='ltr'><strong>lucernas</strong></span> 
     </span>
    </p>
   </div>
   <div class='ocr_carea' id='block_1_67' title="bbox 2139 2337 3718 2413">
    <p class='ocr_par' dir='ltr' id='par_1_67' title="bbox 2139 2337 3718 2413">
     <span class='ocr_line' id='line_1_67' title="bbox 2139 2337 3718 2413; baseline -0.001 -19"><span class='ocrx_word' id='word_1_467' title='bbox 2139 2343 2438 2407; x_wconf 87' lang='lat' dir='ltr'><strong>accendit;</strong></span> <span class='ocrx_word' id='word_1_468' title='bbox 2489 2358 2667 2413; x_wconf 89' lang='lat' dir='ltr'><strong>eoque</strong></span> <span class='ocrx_word' id='word_1_469' title='bbox 2728 2358 2959 2397; x_wconf 91' lang='lat' dir='ltr'><strong>munere</strong></span> <span class='ocrx_word' id='word_1_470' title='bbox 3017 2340 3213 2412; x_wconf 79' lang='lat' dir='ltr'><strong>viginti</strong></span> <span class='ocrx_word' id='word_1_471' title='bbox 3263 2347 3500 2409; x_wconf 85' lang='lat' dir='ltr'><strong>quatuor</strong></span> <span class='ocrx_word' id='word_1_472' title='bbox 3556 2337 3718 2392; x_wconf 88' lang='lat' dir='ltr'><strong>anuis</strong></span> 
     </span>
    </p>
   </div>
   <div class='ocr_carea' id='block_1_68' title="bbox 2139 2431 3718 2507">
    <p class='ocr_par' dir='ltr' id='par_1_68' title="bbox 2139 2431 3718 2507">
     <span class='ocr_line' id='line_1_68' title="bbox 2139 2431 3718 2507; baseline -0.006 -17"><span class='ocrx_word' id='word_1_473' title='bbox 2139 2436 2359 2493; x_wconf 84' lang='lat' dir='ltr'><strong>functus</strong></span> <span class='ocrx_word' id='word_1_474' title='bbox 2389 2444 2495 2504; x_wconf 87' lang='lat' dir='ltr'><strong>est,</strong></span> <span class='ocrx_word' id='word_1_475' title='bbox 2525 2434 2788 2491; x_wconf 72' lang='lat' dir='ltr'><strong>Ecclesia:</strong></span> <span class='ocrx_word' id='word_1_476' title='bbox 2828 2435 2916 2489; x_wconf 88' lang='lat' dir='ltr'><strong>isti</strong></span> <span class='ocrx_word' id='word_1_477' title='bbox 2956 2434 3119 2507; x_wconf 65' lang='grc'><strong>184</strong></span> <span class='ocrx_word' id='word_1_478' title='bbox 3152 2434 3482 2493; x_wconf 88' lang='lat' dir='ltr'><strong>inserviens,</strong></span> <span class='ocrx_word' id='word_1_479' title='bbox 3538 2431 3718 2484; x_wconf 85' lang='lat' dir='ltr'><strong>lucer-</strong></span> 
     </span>
    </p>
   </div>
   <div class='ocr_carea' id='block_1_69' title="bbox 2139 2526 3718 2599">
    <p class='ocr_par' dir='ltr' id='par_1_69' title="bbox 2139 2526 3718 2599">
     <span class='ocr_line' id='line_1_69' title="bbox 2139 2526 3718 2599; baseline -0.006 -15"><span class='ocrx_word' id='word_1_480' title='bbox 2139 2547 2236 2586; x_wconf 88' lang='lat' dir='ltr'><strong>nas</strong></span> <span class='ocrx_word' id='word_1_481' title='bbox 2299 2531 2356 2585; x_wconf 91' lang='lat' dir='ltr'><strong>in</strong></span> <span class='ocrx_word' id='word_1_482' title='bbox 2408 2530 2526 2599; x_wconf 78' lang='lat' dir='ltr'><strong>ipsa</strong></span> <span class='ocrx_word' id='word_1_483' title='bbox 2581 2528 2955 2591; x_wconf 83' lang='lat' dir='ltr'><strong>accendendo,</strong></span> <span class='ocrx_word' id='word_1_484' title='bbox 3001 2528 3221 2582; x_wconf 91' lang='lat' dir='ltr'><strong>nemine</strong></span> <span class='ocrx_word' id='word_1_485' title='bbox 3269 2526 3485 2581; x_wconf 80' lang='lat' dir='ltr'><strong>infer-im</strong></span> <span class='ocrx_word' id='word_1_486' title='bbox 3539 2526 3718 2595; x_wconf 72' lang='lat' dir='ltr'><strong>ipsum</strong></span> 
     </span>
    </p>
   </div>
   <div class='ocr_carea' id='block_1_70' title="bbox 2139 2620 3718 2696">
    <p class='ocr_par' dir='ltr' id='par_1_70' title="bbox 2139 2620 3718 2696">
     <span class='ocr_line' id='line_1_70' title="bbox 2139 2620 3718 2696; baseline -0.006 -15"><span class='ocrx_word' id='word_1_487' title='bbox 2139 2624 2516 2696; x_wconf 85' lang='lat' dir='ltr'><strong>patriarchatu</strong></span> <span class='ocrx_word' id='word_1_488' title='bbox 2557 2623 2801 2679; x_wconf 90' lang='lat' dir='ltr'><strong>functum</strong></span> <span class='ocrx_word' id='word_1_489' title='bbox 2839 2638 2966 2678; x_wconf 89' lang='lat' dir='ltr'><strong>esse</strong></span> <span class='ocrx_word' id='word_1_490' title='bbox 3009 2622 3414 2691; x_wconf 83' lang='lat' dir='ltr'><strong>dignoscente:</strong></span> <span class='ocrx_word' id='word_1_491' title='bbox 3453 2621 3505 2674; x_wconf 91' lang='lat' dir='ltr'><strong>in</strong></span> <span class='ocrx_word' id='word_1_492' title='bbox 3539 2620 3718 2671; x_wconf 88' lang='lat' dir='ltr'><strong>locum</strong></span> 
     </span>
    </p>
   </div>
   <div class='ocr_carea' id='block_1_71' title="bbox 2136 2712 3718 2795">
    <p class='ocr_par' dir='ltr' id='par_1_71' title="bbox 2136 2712 3718 2795">
     <span class='ocr_line' id='line_1_71' title="bbox 2136 2712 3718 2795; baseline -0.008 -23"><span class='ocrx_word' id='word_1_493' title='bbox 2136 2728 2320 2774; x_wconf 86' lang='lat' dir='ltr'><strong>autem</strong></span> <span class='ocrx_word' id='word_1_494' title='bbox 2358 2718 2546 2795; x_wconf 81' lang='lat' dir='ltr'><strong>ipsius</strong></span> <span class='ocrx_word' id='word_1_495' title='bbox 2580 2716 2917 2773; x_wconf 88' lang='lat' dir='ltr'><strong>substitutus</strong></span> <span class='ocrx_word' id='word_1_496' title='bbox 2954 2723 3038 2770; x_wconf 88' lang='lat' dir='ltr'><strong>est</strong></span> <span class='ocrx_word' id='word_1_497' title='bbox 3068 2713 3367 2784; x_wconf 84' lang='lat' dir='ltr'><strong>Gre‘gorius</strong></span> <span class='ocrx_word' id='word_1_498' title='bbox 3408 2712 3718 2781; x_wconf 83' lang='lat' dir='ltr'><strong>patriarcha</strong></span> 
     </span>
    </p>
   </div>
   <div class='ocr_carea' id='block_1_72' title="bbox 2136 2804 3718 2880">
    <p class='ocr_par' dir='ltr' id='par_1_72' title="bbox 2136 2804 3718 2880">
     <span class='ocr_line' id='line_1_72' title="bbox 2136 2804 3718 2880; baseline -0.009 -11"><span class='ocrx_word' id='word_1_499' title='bbox 2136 2810 2540 2873; x_wconf 88' lang='lat' dir='ltr'><strong>Autiochenus,</strong></span> <span class='ocrx_word' id='word_1_500' title='bbox 2565 2810 2662 2880; x_wconf 90' lang='lat' dir='ltr'><strong>qui</strong></span> <span class='ocrx_word' id='word_1_501' title='bbox 2698 2809 2890 2879; x_wconf 88' lang='lat' dir='ltr'><strong>viginti</strong></span> <span class='ocrx_word' id='word_1_502' title='bbox 2921 2819 3159 2878; x_wconf 86' lang='lat' dir='ltr'><strong>quatuor</strong></span> <span class='ocrx_word' id='word_1_503' title='bbox 3193 2821 3370 2861; x_wconf 86' lang='lat' dir='ltr'><strong>annos</strong></span> <span class='ocrx_word' id='word_1_504' title='bbox 3396 2805 3561 2867; x_wconf 87' lang='lat' dir='ltr'><strong>sedit,</strong></span> <span class='ocrx_word' id='word_1_505' title='bbox 3593 2804 3718 2875; x_wconf 89' lang='lat' dir='ltr'><strong>dein</strong></span> 
     </span>
    </p>
   </div>
   <div class='ocr_carea' id='block_1_73' title="bbox 2137 2894 3719 2968">
    <p class='ocr_par' dir='ltr' id='par_1_73' title="bbox 2137 2894 3719 2968">
     <span class='ocr_line' id='line_1_73' title="bbox 2137 2894 3719 2968; baseline -0.005 -11"><span class='ocrx_word' id='word_1_506' title='bbox 2137 2912 2389 2959; x_wconf 87' lang='lat' dir='ltr'><strong>mortuus</strong></span> <span class='ocrx_word' id='word_1_507' title='bbox 2431 2909 2536 2957; x_wconf 87' lang='lat' dir='ltr'><strong>est.</strong></span> <span class='ocrx_word' id='word_1_508' title='bbox 2572 2902 2734 2955; x_wconf 84' lang='lat' dir='ltr'><strong>Anno</strong></span> <span class='ocrx_word' id='word_1_509' title='bbox 2764 2910 2948 2956; x_wconf 89' lang='lat' dir='ltr'><strong>autem</strong></span> <span class='ocrx_word' id='word_1_510' title='bbox 2988 2899 3204 2968; x_wconf 89' lang='lat' dir='ltr'><strong>imperii</strong></span> <span class='ocrx_word' id='word_1_511' title='bbox 3249 2897 3542 2953; x_wconf 80' lang='lat' dir='ltr'><strong>Justiniani</strong></span> <span class='ocrx_word' id='word_1_512' title='bbox 3577 2894 3719 2950; x_wconf 77' lang='lat' dir='ltr'><strong>vice-</strong></span> 
     </span>
    </p>
   </div>
   <div class='ocr_carea' id='block_1_74' title="bbox 2137 2992 3720 3058">
    <p class='ocr_par' dir='ltr' id='par_1_74' title="bbox 2137 2992 3720 3058">
     <span class='ocr_line' id='line_1_74' title="bbox 2137 2992 3720 3058; baseline -0.009 -3"><span class='ocrx_word' id='word_1_513' title='bbox 2137 3000 2278 3055; x_wconf 86' lang='lat' dir='ltr'><strong>simo</strong></span> <span class='ocrx_word' id='word_1_514' title='bbox 2313 3014 2459 3053; x_wconf 92' lang='lat' dir='ltr'><strong>nono</strong></span> <span class='ocrx_word' id='word_1_515' title='bbox 2499 2997 2837 3054; x_wconf 87' lang='lat' dir='ltr'><strong>constitutus</strong></span> <span class='ocrx_word' id='word_1_516' title='bbox 2882 3005 2968 3051; x_wconf 91' lang='lat' dir='ltr'><strong>est</strong></span> <span class='ocrx_word' id='word_1_517' title='bbox 3001 2994 3274 3049; x_wconf 78' lang='lat' dir='ltr'><strong>Macarius</strong></span> <span class='ocrx_word' id='word_1_518' title='bbox 3317 2992 3592 3049; x_wconf 87' lang='lat' dir='ltr'><strong>secundus</strong></span> <span class='ocrx_word' id='word_1_519' title='bbox 3634 3005 3720 3058; x_wconf 76' lang='lat' dir='ltr'><strong>pa~</strong></span> 
     </span>
    </p>
   </div>
   <div class='ocr_carea' id='block_1_75' title="bbox 2137 3087 3719 3160">
    <p class='ocr_par' dir='ltr' id='par_1_75' title="bbox 2137 3087 3719 3160">
     <span class='ocr_line' id='line_1_75' title="bbox 2137 3087 3719 3160; baseline -0.006 -15"><span class='ocrx_word' id='word_1_520' title='bbox 2137 3093 2379 3147; x_wconf 82' lang='lat' dir='ltr'><strong>triarcha</strong></span> <span class='ocrx_word' id='word_1_521' title='bbox 2416 3089 2970 3160; x_wconf 80' lang='lat' dir='ltr'><strong>Hierosolymitanus,</strong></span> <span class='ocrx_word' id='word_1_522' title='bbox 3002 3087 3094 3158; x_wconf 92' lang='lat' dir='ltr'><strong>qui</strong></span> <span class='ocrx_word' id='word_1_523' title='bbox 3142 3095 3380 3153; x_wconf 83' lang='lat' dir='ltr'><strong>quatuor</strong></span> <span class='ocrx_word' id='word_1_524' title='bbox 3414 3098 3589 3137; x_wconf 89' lang='lat' dir='ltr'><strong>annos</strong></span> <span class='ocrx_word' id='word_1_525' title='bbox 3638 3097 3719 3136; x_wconf 87' lang='lat' dir='ltr'><strong>sc-</strong></span> 
     </span>
    </p>
   </div>
   <div class='ocr_carea' id='block_1_76' title="bbox 2137 3170 3719 3246">
    <p class='ocr_par' dir='ltr' id='par_1_76' title="bbox 2137 3170 3719 3246">
     <span class='ocr_line' id='line_1_76' title="bbox 2137 3170 3719 3246; baseline -0.007 -12"><span class='ocrx_word' id='word_1_526' title='bbox 2137 3179 2241 3246; x_wconf 84' lang='lat' dir='ltr'><strong>dit,</strong></span> <span class='ocrx_word' id='word_1_527' title='bbox 2277 3180 2403 3237; x_wconf 88' lang='lat' dir='ltr'><strong>dein</strong></span> <span class='ocrx_word' id='word_1_528' title='bbox 2432 3188 2685 3236; x_wconf 88' lang='lat' dir='ltr'><strong>mortuus</strong></span> <span class='ocrx_word' id='word_1_529' title='bbox 2707 3190 2812 3234; x_wconf 85' lang='lat' dir='ltr'><strong>est.</strong></span> <span class='ocrx_word' id='word_1_530' title='bbox 2845 3178 3004 3233; x_wconf 87' lang='lat' dir='ltr'><strong>Anno</strong></span> <span class='ocrx_word' id='word_1_531' title='bbox 3039 3176 3251 3245; x_wconf 79' lang='lat' dir='ltr'><strong>imperii</strong></span> <span class='ocrx_word' id='word_1_532' title='bbox 3281 3174 3526 3242; x_wconf 76' lang='lat' dir='ltr'><strong>ejusdem</strong></span> <span class='ocrx_word' id='word_1_533' title='bbox 3558 3170 3719 3224; x_wconf 86' lang='lat' dir='ltr'><strong>trice-</strong></span> 
     </span>
    </p>
   </div>
   <div class='ocr_carea' id='block_1_77' title="bbox 2135 3267 3719 3338">
    <p class='ocr_par' dir='ltr' id='par_1_77' title="bbox 2135 3267 3719 3338">
     <span class='ocr_line' id='line_1_77' title="bbox 2135 3267 3719 3338; baseline -0.006 -7"><span class='ocrx_word' id='word_1_534' title='bbox 2135 3278 2277 3332; x_wconf 85' lang='lat' dir='ltr'><strong>simo</strong></span> <span class='ocrx_word' id='word_1_535' title='bbox 2346 3279 2510 3331; x_wconf 85' lang='lat' dir='ltr'><strong>tertio</strong></span> <span class='ocrx_word' id='word_1_536' title='bbox 2574 3277 2913 3332; x_wconf 80' lang='lat' dir='ltr'><strong>constitutus</strong></span> <span class='ocrx_word' id='word_1_537' title='bbox 2976 3284 3060 3330; x_wconf 87' lang='lat' dir='ltr'><strong>est</strong></span> <span class='ocrx_word' id='word_1_538' title='bbox 3133 3272 3336 3327; x_wconf 87' lang='lat' dir='ltr'><strong>ibidem</strong></span> <span class='ocrx_word' id='word_1_539' title='bbox 3407 3267 3719 3338; x_wconf 81' lang='lat' dir='ltr'><strong>patriarcha</strong></span> 
     </span>
    </p>
   </div>
   <div class='ocr_carea' id='block_1_78' title="bbox 2128 3365 3721 3439">
    <p class='ocr_par' dir='ltr' id='par_1_78' title="bbox 2128 3365 3721 3439">
     <span class='ocr_line' id='line_1_78' title="bbox 2128 3365 3721 3439; baseline -0.01 -13"><span class='ocrx_word' id='word_1_540' title='bbox 2128 3368 2394 3435; x_wconf 81' lang='lat' dir='ltr'><strong>Joannes,</strong></span> <span class='ocrx_word' id='word_1_541' title='bbox 2448 3372 2541 3439; x_wconf 91' lang='lat' dir='ltr'><strong>qui</strong></span> <span class='ocrx_word' id='word_1_542' title='bbox 2602 3373 2790 3426; x_wconf 86' lang='lat' dir='ltr'><strong>decem</strong></span> <span class='ocrx_word' id='word_1_543' title='bbox 2844 3383 3022 3423; x_wconf 80' lang='lat' dir='ltr'><strong>attnos</strong></span> <span class='ocrx_word' id='word_1_544' title='bbox 3074 3367 3236 3431; x_wconf 89' lang='lat' dir='ltr'><strong>sedit,</strong></span> <span class='ocrx_word' id='word_1_545' title='bbox 3290 3365 3417 3418; x_wconf 87' lang='lat' dir='ltr'><strong>dein</strong></span> <span class='ocrx_word' id='word_1_546' title='bbox 3468 3369 3721 3416; x_wconf 88' lang='lat' dir='ltr'><strong>mortuus</strong></span> 
     </span>
    </p>
   </div>
   <div class='ocr_carea' id='block_1_79' title="bbox 2129 3456 3719 3533">
    <p class='ocr_par' dir='ltr' id='par_1_79' title="bbox 2129 3456 3719 3533">
     <span class='ocr_line' id='line_1_79' title="bbox 2129 3456 3719 3533; baseline -0.006 -14"><span class='ocrx_word' id='word_1_547' title='bbox 2129 3472 2236 3520; x_wconf 88' lang='lat' dir='ltr'><strong>est.</strong></span> <span class='ocrx_word' id='word_1_548' title='bbox 2266 3466 2427 3518; x_wconf 81' lang='lat' dir='ltr'><strong>Auno</strong></span> <span class='ocrx_word' id='word_1_549' title='bbox 2451 3480 2585 3518; x_wconf 83' lang='lat' dir='ltr'><strong>vero</strong></span> <span class='ocrx_word' id='word_1_550' title='bbox 2628 3461 2847 3533; x_wconf 90' lang='lat' dir='ltr'><strong>imperii</strong></span> <span class='ocrx_word' id='word_1_551' title='bbox 2880 3462 2967 3516; x_wconf 86' lang='lat' dir='ltr'><strong>sui</strong></span> <span class='ocrx_word' id='word_1_552' title='bbox 2996 3460 3263 3515; x_wconf 82' lang='lat' dir='ltr'><strong>vicesimo</strong></span> <span class='ocrx_word' id='word_1_553' title='bbox 3291 3465 3491 3513; x_wconf 89' lang='lat' dir='ltr'><strong>octavo</strong></span> <span class='ocrx_word' id='word_1_554' title='bbox 3518 3456 3719 3510; x_wconf 82' lang='lat' dir='ltr'><strong>certior</strong></span> 
     </span>
    </p>
   </div>
   <div class='ocr_carea' id='block_1_80' title="bbox 2132 3547 3720 3625">
    <p class='ocr_par' dir='ltr' id='par_1_80' title="bbox 2132 3547 3720 3625">
     <span class='ocr_line' id='line_1_80' title="bbox 2132 3547 3720 3625; baseline -0.006 -16"><span class='ocrx_word' id='word_1_555' title='bbox 2132 3555 2312 3611; x_wconf 85' lang='lat' dir='ltr'><strong>factus</strong></span> <span class='ocrx_word' id='word_1_556' title='bbox 2346 3555 2679 3625; x_wconf 85' lang='lat' dir='ltr'><strong>Eutychium</strong></span> <span class='ocrx_word' id='word_1_557' title='bbox 2732 3555 3101 3625; x_wconf 84' lang='lat' dir='ltr'><strong>patriarcham</strong></span> <span class='ocrx_word' id='word_1_558' title='bbox 3150 3547 3720 3617; x_wconf 81' lang='lat' dir='ltr'><strong>Constantinopolita-</strong></span> 
     </span>
    </p>
   </div>
   <div class='ocr_carea' id='block_1_81' title="bbox 2130 3644 3719 3708">
    <p class='ocr_par' dir='ltr' id='par_1_81' title="bbox 2130 3644 3719 3708">
     <span class='ocr_line' id='line_1_81' title="bbox 2130 3644 3719 3708; baseline -0.008 -3"><span class='ocrx_word' id='word_1_559' title='bbox 2130 3665 2261 3708; x_wconf 89' lang='lat' dir='ltr'><strong>num</strong></span> <span class='ocrx_word' id='word_1_560' title='bbox 2286 3649 2504 3706; x_wconf 87' lang='lat' dir='ltr'><strong>veritati</strong></span> <span class='ocrx_word' id='word_1_561' title='bbox 2521 3644 2905 3704; x_wconf 82' lang='lat' dir='ltr'><strong>contradicere</strong></span> <span class='ocrx_word' id='word_1_562' title='bbox 2926 3663 2991 3702; x_wconf 88' lang='lat' dir='ltr'><strong>ac</strong></span> <span class='ocrx_word' id='word_1_563' title='bbox 3008 3646 3312 3702; x_wconf 85' lang='lat' dir='ltr'><strong>Jaeobitam</strong></span> <span class='ocrx_word' id='word_1_564' title='bbox 3343 3645 3547 3698; x_wconf 89' lang='lat' dir='ltr'><strong>factum</strong></span> <span class='ocrx_word' id='word_1_565' title='bbox 3573 3656 3719 3706; x_wconf 79' lang='lat' dir='ltr'><strong>esse,</strong></span> 
     </span>
    </p>
   </div>
   <div class='ocr_carea' id='block_1_82' title="bbox 2132 3735 3721 3812">
    <p class='ocr_par' dir='ltr' id='par_1_82' title="bbox 2132 3735 3721 3812">
     <span class='ocr_line' id='line_1_82' title="bbox 2132 3735 3721 3812; baseline -0.007 -13"><span class='ocrx_word' id='word_1_566' title='bbox 2132 3745 2310 3812; x_wconf 88' lang='lat' dir='ltr'><strong>ipsum</strong></span> <span class='ocrx_word' id='word_1_567' title='bbox 2346 3743 2399 3798; x_wconf 92' lang='lat' dir='ltr'><strong>in</strong></span> <span class='ocrx_word' id='word_1_568' title='bbox 2447 3742 2703 3797; x_wconf 68' lang='lat' dir='ltr'><strong>exsilium</strong></span> <span class='ocrx_word' id='word_1_569' title='bbox 2729 3739 2913 3807; x_wconf 76' lang='lat' dir='ltr'><strong>eiecit,</strong></span> <span class='ocrx_word' id='word_1_570' title='bbox 2947 3740 3109 3809; x_wconf 89' lang='lat' dir='ltr'><strong>cujus</strong></span> <span class='ocrx_word' id='word_1_571' title='bbox 3155 3738 3209 3792; x_wconf 91' lang='lat' dir='ltr'><strong>in</strong></span> <span class='ocrx_word' id='word_1_572' title='bbox 3244 3738 3423 3793; x_wconf 87' lang='lat' dir='ltr'><strong>locum</strong></span> <span class='ocrx_word' id='word_1_573' title='bbox 3457 3735 3721 3791; x_wconf 76' lang='lat' dir='ltr'><strong>suffectus</strong></span> 
     </span>
    </p>
   </div>
   <div class='ocr_carea' id='block_1_83' title="bbox 2130 3827 3719 3905">
    <p class='ocr_par' dir='ltr' id='par_1_83' title="bbox 2130 3827 3719 3905">
     <span class='ocr_line' id='line_1_83' title="bbox 2130 3827 3719 3905; baseline -0.008 -14"><span class='ocrx_word' id='word_1_574' title='bbox 2130 3844 2215 3891; x_wconf 89' lang='lat' dir='ltr'><strong>est</strong></span> <span class='ocrx_word' id='word_1_575' title='bbox 2245 3836 2317 3890; x_wconf 91' lang='lat' dir='ltr'><strong>ibi</strong></span> <span class='ocrx_word' id='word_1_576' title='bbox 2365 3834 2611 3891; x_wconf 87' lang='lat' dir='ltr'><strong>Joannes</strong></span> <span class='ocrx_word' id='word_1_577' title='bbox 2656 3843 2718 3889; x_wconf 90' lang='lat' dir='ltr'><strong>ut</strong></span> <span class='ocrx_word' id='word_1_578' title='bbox 2768 3834 3179 3905; x_wconf 87' lang='lat' dir='ltr'><strong>patriarchatus</strong></span> <span class='ocrx_word' id='word_1_579' title='bbox 3208 3827 3719 3896; x_wconf 74' lang='lat' dir='ltr'><strong>Constantinopoli-</strong></span> 
     </span>
    </p>
   </div>
   <div class='ocr_carea' id='block_1_84' title="bbox 2134 3920 3718 3998">
    <p class='ocr_par' dir='ltr' id='par_1_84' title="bbox 2134 3920 3718 3998">
     <span class='ocr_line' id='line_1_84' title="bbox 2134 3920 3718 3998; baseline -0.005 -17"><span class='ocrx_word' id='word_1_580' title='bbox 2134 3929 2245 3982; x_wconf 85' lang='lat' dir='ltr'><strong>tani</strong></span> <span class='ocrx_word' id='word_1_581' title='bbox 2301 3943 2534 3984; x_wconf 88' lang='lat' dir='ltr'><strong>munere</strong></span> <span class='ocrx_word' id='word_1_582' title='bbox 2569 3928 2925 3998; x_wconf 74' lang='lat' dir='ltr'><strong>fungeretur,</strong></span> <span class='ocrx_word' id='word_1_583' title='bbox 2964 3926 3059 3992; x_wconf 92' lang='lat' dir='ltr'><strong>qui</strong></span> <span class='ocrx_word' id='word_1_584' title='bbox 3104 3932 3313 3995; x_wconf 86' lang='lat' dir='ltr'><strong>septem</strong></span> <span class='ocrx_word' id='word_1_585' title='bbox 3363 3938 3539 3976; x_wconf 86' lang='lat' dir='ltr'><strong>annos</strong></span> <span class='ocrx_word' id='word_1_586' title='bbox 3577 3920 3718 3976; x_wconf 83' lang='lat' dir='ltr'><strong>sedit</strong></span> 
     </span>
    </p>
   </div>
   <div class='ocr_carea' id='block_1_85' title="bbox 2130 4014 3720 4090">
    <p class='ocr_par' dir='ltr' id='par_1_85' title="bbox 2130 4014 3720 4090">
     <span class='ocr_line' id='line_1_85' title="bbox 2130 4014 3720 4090; baseline -0.004 -14"><span class='ocrx_word' id='word_1_587' title='bbox 2130 4023 2256 4077; x_wconf 87' lang='lat' dir='ltr'><strong>dein</strong></span> <span class='ocrx_word' id='word_1_588' title='bbox 2300 4033 2556 4077; x_wconf 89' lang='lat' dir='ltr'><strong>mortuus</strong></span> <span class='ocrx_word' id='word_1_589' title='bbox 2584 4033 2689 4078; x_wconf 87' lang='lat' dir='ltr'><strong>est.</strong></span> <span class='ocrx_word' id='word_1_590' title='bbox 2725 4020 2866 4075; x_wconf 89' lang='lat' dir='ltr'><strong>Tum</strong></span> <span class='ocrx_word' id='word_1_591' title='bbox 2900 4020 3200 4090; x_wconf 84' lang='lat' dir='ltr'><strong>Eutychius</strong></span> <span class='ocrx_word' id='word_1_592' title='bbox 3230 4017 3544 4089; x_wconf 86' lang='lat' dir='ltr'><strong>patriarcha</strong></span> <span class='ocrx_word' id='word_1_593' title='bbox 3580 4014 3720 4070; x_wconf 77' lang='lat' dir='ltr'><strong>re‘e-</strong></span> 
     </span>
    </p>
   </div>
   <div class='ocr_carea' id='block_1_86' title="bbox 2130 4109 3718 4183">
    <p class='ocr_par' dir='ltr' id='par_1_86' title="bbox 2130 4109 3718 4183">
     <span class='ocr_line' id='line_1_86' title="bbox 2130 4109 3718 4183; baseline -0.002 -19"><span class='ocrx_word' id='word_1_594' title='bbox 2130 4123 2289 4181; x_wconf 86' lang='lat' dir='ltr'><strong>gatus</strong></span> <span class='ocrx_word' id='word_1_595' title='bbox 2322 4116 2714 4181; x_wconf 88' lang='lat' dir='ltr'><strong>imperatorem</strong></span> <span class='ocrx_word' id='word_1_596' title='bbox 2758 4127 3053 4183; x_wconf 74' lang='lat' dir='ltr'><strong>aggressus</strong></span> <span class='ocrx_word' id='word_1_597' title='bbox 3097 4119 3181 4166; x_wconf 89' lang='lat' dir='ltr'><strong>est</strong></span> <span class='ocrx_word' id='word_1_598' title='bbox 3228 4125 3332 4181; x_wconf 85' lang='lat' dir='ltr'><strong>ope</strong></span> <span class='ocrx_word' id='word_1_599' title='bbox 3364 4109 3718 4165; x_wconf 88' lang='lat' dir='ltr'><strong>consiliario-</strong></span> 
     </span>
    </p>
   </div>
   <div class='ocr_carea' id='block_1_87' title="bbox 2133 4200 3717 4274">
    <p class='ocr_par' dir='ltr' id='par_1_87' title="bbox 2133 4200 3717 4274">
     <span class='ocr_line' id='line_1_87' title="bbox 2133 4200 3717 4274; baseline -0.006 -16"><span class='ocrx_word' id='word_1_600' title='bbox 2133 4221 2251 4258; x_wconf 86' lang='lat' dir='ltr'><strong>rum</strong></span> <span class='ocrx_word' id='word_1_601' title='bbox 2279 4213 2333 4258; x_wconf 86' lang='lat' dir='ltr'><strong>et</strong></span> <span class='ocrx_word' id='word_1_602' title='bbox 2357 4205 2584 4266; x_wconf 89' lang='lat' dir='ltr'><strong>dueum,</strong></span> <span class='ocrx_word' id='word_1_603' title='bbox 2625 4205 2717 4274; x_wconf 92' lang='lat' dir='ltr'><strong>qui</strong></span> <span class='ocrx_word' id='word_1_604' title='bbox 2752 4205 2932 4272; x_wconf 87' lang='lat' dir='ltr'><strong>ipsum</strong></span> <span class='ocrx_word' id='word_1_605' title='bbox 2974 4211 3244 4273; x_wconf 84' lang='lat' dir='ltr'><strong>rogarunt</strong></span> <span class='ocrx_word' id='word_1_606' title='bbox 3276 4213 3335 4256; x_wconf 89' lang='lat' dir='ltr'><strong>ut</strong></span> <span class='ocrx_word' id='word_1_607' title='bbox 3369 4217 3491 4255; x_wconf 87' lang='lat' dir='ltr'><strong>eum</strong></span> <span class='ocrx_word' id='word_1_608' title='bbox 3527 4200 3717 4254; x_wconf 64' lang='lat' dir='ltr'><strong>cathe.</strong></span> 
     </span>
    </p>
   </div>
   <div class='ocr_carea' id='block_1_88' title="bbox 2130 4290 3717 4365">
    <p class='ocr_par' dir='ltr' id='par_1_88' title="bbox 2130 4290 3717 4365">
     <span class='ocr_line' id='line_1_88' title="bbox 2130 4290 3717 4365; baseline -0.003 -17"><span class='ocrx_word' id='word_1_609' title='bbox 2130 4296 2244 4351; x_wconf 80' lang='lat' dir='ltr'><strong>drae</strong></span> <span class='ocrx_word' id='word_1_610' title='bbox 2268 4298 2607 4360; x_wconf 90' lang='lat' dir='ltr'><strong>restitueret,</strong></span> <span class='ocrx_word' id='word_1_611' title='bbox 2638 4295 2906 4365; x_wconf 91' lang='lat' dir='ltr'><strong>siquidem</strong></span> <span class='ocrx_word' id='word_1_612' title='bbox 2943 4294 3135 4349; x_wconf 87' lang='lat' dir='ltr'><strong>falsum</strong></span> <span class='ocrx_word' id='word_1_613' title='bbox 3177 4293 3349 4349; x_wconf 91' lang='lat' dir='ltr'><strong>fuisse</strong></span> <span class='ocrx_word' id='word_1_614' title='bbox 3374 4292 3520 4362; x_wconf 89' lang='lat' dir='ltr'><strong>quod</strong></span> <span class='ocrx_word' id='word_1_615' title='bbox 3554 4290 3621 4345; x_wconf 91' lang='lat' dir='ltr'><strong>de</strong></span> <span class='ocrx_word' id='word_1_616' title='bbox 3652 4304 3717 4344; x_wconf 89' lang='lat' dir='ltr'><strong>eo</strong></span> 
     </span>
    </p>
   </div>
   <div class='ocr_carea' id='block_1_89' title="bbox 2131 4382 3715 4455">
    <p class='ocr_par' dir='ltr' id='par_1_89' title="bbox 2131 4382 3715 4455">
     <span class='ocr_line' id='line_1_89' title="bbox 2131 4382 3715 4455; baseline -0.005 -11"><span class='ocrx_word' id='word_1_617' title='bbox 2131 4390 2338 4444; x_wconf 88' lang='lat' dir='ltr'><strong>dictum</strong></span> <span class='ocrx_word' id='word_1_618' title='bbox 2384 4390 2588 4444; x_wconf 83' lang='lat' dir='ltr'><strong>fuerat.</strong></span> <span class='ocrx_word' id='word_1_619' title='bbox 2622 4385 2909 4444; x_wconf 70' lang='lat' dir='ltr'><strong>Cathedraa</strong></span> <span class='ocrx_word' id='word_1_620' title='bbox 2935 4402 3067 4455; x_wconf 79' lang='lat' dir='ltr'><strong>ergo</strong></span> <span class='ocrx_word' id='word_1_621' title='bbox 3095 4386 3163 4440; x_wconf 82' lang='lat' dir='ltr'><strong>ab</strong></span> <span class='ocrx_word' id='word_1_622' title='bbox 3197 4384 3528 4455; x_wconf 79' lang='lat' dir='ltr'><strong>imperatore</strong></span> <span class='ocrx_word' id='word_1_623' title='bbox 3560 4382 3715 4437; x_wconf 82' lang='lat' dir='ltr'><strong>resti-</strong></span> 
     </span>
    </p>
   </div>
   <div class='ocr_carea' id='block_1_90' title="bbox 2133 4470 3715 4549">
    <p class='ocr_par' dir='ltr' id='par_1_90' title="bbox 2133 4470 3715 4549">
     <span class='ocr_line' id='line_1_90' title="bbox 2133 4470 3715 4549; baseline -0.003 -16"><span class='ocrx_word' id='word_1_624' title='bbox 2133 4490 2285 4537; x_wconf 88' lang='lat' dir='ltr'><strong>tutus</strong></span> <span class='ocrx_word' id='word_1_625' title='bbox 2338 4489 2463 4546; x_wconf 76' lang='lat' dir='ltr'><strong>est;</strong></span> <span class='ocrx_word' id='word_1_626' title='bbox 2518 4473 2709 4549; x_wconf 52' lang='lat' dir='ltr'><strong>quam‘</strong></span> <span class='ocrx_word' id='word_1_627' title='bbox 2744 4496 2868 4534; x_wconf 90' lang='lat' dir='ltr'><strong>eum</strong></span> <span class='ocrx_word' id='word_1_628' title='bbox 2930 4470 3295 4549; x_wconf 80' lang='lat' dir='ltr'><strong>quadriennio</strong></span> <span class='ocrx_word' id='word_1_629' title='bbox 3349 4484 3715 4544; x_wconf 83' lang='lat' dir='ltr'><strong>occupaverat</strong></span> 
     </span>
    </p>
   </div>
   <div class='ocr_carea' id='block_1_91' title="bbox 444 4561 3714 4645">
    <p class='ocr_par' dir='ltr' id='par_1_91' title="bbox 444 4561 3714 4645">
     <span class='ocr_line' id='line_1_91' title="bbox 444 4561 3714 4645; baseline 0.002 -30"><span class='ocrx_word' id='word_1_630' title='bbox 444 4562 613 4615; x_wconf 84' lang='lat' dir='ltr'><strong>etiam</strong></span> <span class='ocrx_word' id='word_1_631' title='bbox 657 4561 885 4629; x_wconf 84' lang='lat' dir='ltr'><strong>prolatis</strong></span> <span class='ocrx_word' id='word_1_632' title='bbox 932 4562 1188 4617; x_wconf 80' lang='lat' dir='ltr'><strong>Azdshiri</strong></span> <span class='ocrx_word' id='word_1_633' title='bbox 1229 4564 1387 4621; x_wconf 82' lang='lat' dir='ltr'><strong>libris</strong></span> <span class='ocrx_word' id='word_1_634' title='bbox 1418 4567 1513 4635; x_wconf 91' lang='lat' dir='ltr'><strong>qui</strong></span> <span class='ocrx_word' id='word_1_635' title='bbox 1562 4566 1735 4637; x_wconf 86' lang='lat' dir='ltr'><strong>ipsius</strong></span> <span class='ocrx_word' id='word_1_636' title='bbox 1774 4567 2026 4622; x_wconf 73' lang='lat' dir='ltr'><strong>instituta</strong></span> <span class='ocrx_word' id='word_1_637' title='bbox 2060 4591 2102 4645; x_wconf 75' lang='grc' dir='ltr'>υ</span> <span class='ocrx_word' id='word_1_638' title='bbox 2132 4582 2382 4628; x_wconf 88' lang='lat' dir='ltr'><strong>mortttus</strong></span> <span class='ocrx_word' id='word_1_639' title='bbox 2412 4582 2519 4629; x_wconf 89' lang='lat' dir='ltr'><strong>es&#39;.</strong></span> <span class='ocrx_word' id='word_1_640' title='bbox 2570 4572 2731 4626; x_wconf 81' lang='lat' dir='ltr'><strong>Anno</strong></span> <span class='ocrx_word' id='word_1_641' title='bbox 2761 4572 3009 4641; x_wconf 85' lang='lat' dir='ltr'><strong>ejusdem</strong></span> <span class='ocrx_word' id='word_1_642' title='bbox 3040 4570 3327 4625; x_wconf 84' lang='lat' dir='ltr'><strong>tricesimo</strong></span> <span class='ocrx_word' id='word_1_643' title='bbox 3376 4583 3546 4629; x_wconf 90' lang='lat' dir='ltr'><strong>nono,</strong></span> <span class='ocrx_word' id='word_1_644' title='bbox 3585 4582 3714 4621; x_wconf 82' lang='lat' dir='ltr'><strong>cnn-</strong></span> 
     </span>
    </p>
   </div>
   <div class='ocr_carea' id='block_1_92' title="bbox 443 4653 2025 4724">
    <p class='ocr_par' dir='ltr' id='par_1_92' title="bbox 443 4653 2025 4724">
     <span class='ocr_line' id='line_1_92' title="bbox 443 4653 2025 4724; baseline 0.005 -20"><span class='ocrx_word' id='word_1_645' title='bbox 443 4668 563 4724; x_wconf 72' lang='lat' dir='ltr'><strong>quae</strong></span> <span class='ocrx_word' id='word_1_646' title='bbox 595 4653 892 4709; x_wconf 85' lang='lat' dir='ltr'><strong>observare</strong></span> <span class='ocrx_word' id='word_1_647' title='bbox 933 4654 1144 4709; x_wconf 85' lang='lat' dir='ltr'><strong>solebat</strong></span> <span class='ocrx_word' id='word_1_648' title='bbox 1181 4657 1553 4719; x_wconf 86' lang='lat' dir='ltr'><strong>continerent.</strong></span> <span class='ocrx_word' id='word_1_649' title='bbox 1605 4660 1672 4715; x_wconf 88' lang='lat' dir='ltr'><strong>ad</strong></span> <span class='ocrx_word' id='word_1_650' title='bbox 1720 4675 1785 4715; x_wconf 86' lang='lat' dir='ltr'><strong>ea</strong></span> <span class='ocrx_word' id='word_1_651' title='bbox 1831 4659 2025 4715; x_wconf 84' lang='lat' dir='ltr'><strong>obser-</strong></span> 
     </span>
    </p>
   </div>
   <div class='ocr_carea' id='block_1_93' title="bbox 443 4744 2027 4820">
    <p class='ocr_par' dir='ltr' id='par_1_93' title="bbox 443 4744 2027 4820">
     <span class='ocr_line' id='line_1_93' title="bbox 443 4744 2027 4820; baseline 0.004 -22"><span class='ocrx_word' id='word_1_652' title='bbox 443 4744 621 4799; x_wconf 82' lang='lat' dir='ltr'><strong>vanda</strong></span> <span class='ocrx_word' id='word_1_653' title='bbox 674 4745 928 4799; x_wconf 86' lang='lat' dir='ltr'><strong>homines</strong></span> <span class='ocrx_word' id='word_1_654' title='bbox 980 4744 1184 4813; x_wconf 83' lang='lat' dir='ltr'><strong>adegit,</strong></span> <span class='ocrx_word' id='word_1_655' title='bbox 1241 4747 1406 4817; x_wconf 87' lang='lat' dir='ltr'><strong>idque</strong></span> <span class='ocrx_word' id='word_1_656' title='bbox 1464 4750 1676 4819; x_wconf 83' lang='lat' dir='ltr'><strong>scripto</strong></span> <span class='ocrx_word' id='word_1_657' title='bbox 1724 4749 2027 4820; x_wconf 88' lang='lat' dir='ltr'><strong>provinciis</strong></span> 
     </span>
    </p>
   </div>
   <div class='ocr_carea' id='block_1_94' title="bbox 443 4836 2024 4912">
    <p class='ocr_par' dir='ltr' id='par_1_94' title="bbox 443 4836 2024 4912">
     <span class='ocr_line' id='line_1_94' title="bbox 443 4836 2024 4912; baseline 0.005 -23"><span class='ocrx_word' id='word_1_658' title='bbox 443 4836 788 4907; x_wconf 83' lang='lat' dir='ltr'><strong>significavit.</strong></span> <span class='ocrx_word' id='word_1_659' title='bbox 812 4836 1020 4894; x_wconf 89' lang='lat' dir='ltr'><strong>Deinde</strong></span> <span class='ocrx_word' id='word_1_660' title='bbox 1049 4849 1340 4909; x_wconf 85' lang='lat' dir='ltr'><strong>postquam</strong></span> <span class='ocrx_word' id='word_1_661' title='bbox 1365 4856 1563 4896; x_wconf 82' lang='lat' dir='ltr'><strong>novem</strong></span> <span class='ocrx_word' id='word_1_662' title='bbox 1593 4857 1769 4898; x_wconf 87' lang='lat' dir='ltr'><strong>annos</strong></span> <span class='ocrx_word' id='word_1_663' title='bbox 1801 4856 2024 4912; x_wconf 86' lang='lat' dir='ltr'><strong>regnas-</strong></span> 
     </span>
    </p>
   </div>
   <div class='ocr_carea' id='block_1_95' title="bbox 442 4929 2022 4999">
    <p class='ocr_par' dir='ltr' id='par_1_95' title="bbox 442 4929 2022 4999">
     <span class='ocr_line' id='line_1_95' title="bbox 442 4929 2022 4999; baseline 0.003 -16"><span class='ocrx_word' id='word_1_664' title='bbox 442 4939 540 4992; x_wconf 76' lang='lat' dir='ltr'><strong>set,</strong></span> <span class='ocrx_word' id='word_1_665' title='bbox 572 4944 829 4999; x_wconf 86' lang='lat' dir='ltr'><strong>annoque</strong></span> <span class='ocrx_word' id='word_1_666' title='bbox 872 4929 1090 4997; x_wconf 88' lang='lat' dir='ltr'><strong>imperii</strong></span> <span class='ocrx_word' id='word_1_667' title='bbox 1142 4929 1446 4989; x_wconf 79' lang='lat' dir='ltr'><strong>Justiniani</strong></span> <span class='ocrx_word' id='word_1_668' title='bbox 1500 4932 1879 4988; x_wconf 79' lang='lat' dir='ltr'><strong>Romanorum</strong></span> <span class='ocrx_word' id='word_1_669' title='bbox 1915 4935 2022 4988; x_wconf 68' lang='lat' dir='ltr'><strong>imo</strong></span> 
     </span>
    </p>
   </div>
   <div class='ocr_carea' id='block_1_96' title="bbox 442 5023 2022 5095">
    <p class='ocr_par' dir='ltr' id='par_1_96' title="bbox 442 5023 2022 5095">
     <span class='ocr_line' id='line_1_96' title="bbox 442 5023 2022 5095; baseline 0.004 -23"><span class='ocrx_word' id='word_1_670' title='bbox 442 5024 706 5088; x_wconf 54' lang='lat' dir='ltr'><strong>paraturis</strong></span> <span class='ocrx_word' id='word_1_671' title='bbox 738 5023 1091 5086; x_wconf 83' lang='lat' dir='ltr'><strong>duodecimo.</strong></span> <span class='ocrx_word' id='word_1_672' title='bbox 1124 5025 1313 5095; x_wconf 83' lang='lat' dir='ltr'><strong>copias</strong></span> <span class='ocrx_word' id='word_1_673' title='bbox 1344 5040 1475 5083; x_wconf 82' lang='lat' dir='ltr'><strong>suas</strong></span> <span class='ocrx_word' id='word_1_674' title='bbox 1507 5027 1863 5081; x_wconf 81' lang='lat' dir='ltr'><strong>Antiochiam</strong></span> <span class='ocrx_word' id='word_1_675' title='bbox 1904 5042 2022 5082; x_wconf 82' lang='lat' dir='ltr'><strong>ver-</strong></span> 
     </span>
    </p>
   </div>
   <div class='ocr_carea' id='block_1_97' title="bbox 443 5114 2019 5176">
    <p class='ocr_par' dir='ltr' id='par_1_97' title="bbox 443 5114 2019 5176">
     <span class='ocr_line' id='line_1_97' title="bbox 443 5114 2019 5176; baseline 0.001 -8"><span class='ocrx_word' id='word_1_676' title='bbox 443 5130 532 5168; x_wconf 67' lang='lat' dir='ltr'><strong>sus</strong></span> <span class='ocrx_word' id='word_1_677' title='bbox 593 5114 819 5176; x_wconf 76' lang='lat' dir='ltr'><strong>eduxit,</strong></span> <span class='ocrx_word' id='word_1_678' title='bbox 891 5115 980 5168; x_wconf 88' lang='lat' dir='ltr'><strong>ubi</strong></span> <span class='ocrx_word' id='word_1_679' title='bbox 1046 5114 1343 5170; x_wconf 76' lang='lat' dir='ltr'><strong>Iustiniani</strong></span> <span class='ocrx_word' id='word_1_680' title='bbox 1415 5117 1721 5172; x_wconf 80' lang='lat' dir='ltr'><strong>exercitum</strong></span> <span class='ocrx_word' id='word_1_681' title='bbox 1794 5116 2019 5172; x_wconf 88' lang='lat' dir='ltr'><strong>obvium</strong></span> 
     </span>
    </p>
   </div>
   <div class='ocr_carea' id='block_1_98' title="bbox 352 5206 2021 5278">
    <p class='ocr_par' dir='ltr' id='par_1_98' title="bbox 352 5206 2021 5278">
     <span class='ocr_line' id='line_1_98' title="bbox 352 5206 2021 5278; baseline 0.004 -20"><span class='ocrx_word' id='word_1_682' title='bbox 352 5262 361 5267; x_wconf 35' lang='grc' dir='ltr'><em>ι</em></span> <span class='ocrx_word' id='word_1_683' title='bbox 442 5207 672 5273; x_wconf 86' lang='lat' dir='ltr'><strong>habens,</strong></span> <span class='ocrx_word' id='word_1_684' title='bbox 733 5206 922 5276; x_wconf 68' lang='lat' dir='ltr'><strong>prtelio</strong></span> <span class='ocrx_word' id='word_1_685' title='bbox 974 5223 1100 5262; x_wconf 86' lang='lat' dir='ltr'><strong>cum</strong></span> <span class='ocrx_word' id='word_1_686' title='bbox 1157 5209 1287 5278; x_wconf 83' lang='lat' dir='ltr'><strong>ipsis</strong></span> <span class='ocrx_word' id='word_1_687' title='bbox 1343 5210 1666 5274; x_wconf 79' lang='lat' dir='ltr'><strong>decertavit,</strong></span> <span class='ocrx_word' id='word_1_688' title='bbox 1722 5211 2021 5278; x_wconf 88' lang='lat' dir='ltr'><strong>urbemque</strong></span> 
     </span>
    </p>
   </div>
   <div class='ocr_carea' id='block_1_99' title="bbox 442 5296 2017 5370">
    <p class='ocr_par' dir='ltr' id='par_1_99' title="bbox 442 5296 2017 5370">
     <span class='ocr_line' id='line_1_99' title="bbox 442 5296 2017 5370; baseline 0.004 -21"><span class='ocrx_word' id='word_1_689' title='bbox 442 5298 580 5366; x_wconf 72' lang='lat' dir='ltr'><strong>repit</strong></span> <span class='ocrx_word' id='word_1_690' title='bbox 629 5315 643 5352; x_wconf 91' lang='lat'><strong>:</strong></span> <span class='ocrx_word' id='word_1_691' title='bbox 685 5296 998 5368; x_wconf 85' lang='lat' dir='ltr'><strong>jnhcnsque</strong></span> <span class='ocrx_word' id='word_1_692' title='bbox 1051 5300 1265 5370; x_wconf 84' lang='lat' dir='ltr'><strong>depingi</strong></span> <span class='ocrx_word' id='word_1_693' title='bbox 1319 5302 1423 5356; x_wconf 88' lang='lat' dir='ltr'><strong>sibi</strong></span> <span class='ocrx_word' id='word_1_694' title='bbox 1479 5303 1670 5356; x_wconf 87' lang='lat' dir='ltr'><strong>urbem</strong></span> <span class='ocrx_word' id='word_1_695' title='bbox 1712 5300 2017 5357; x_wconf 74' lang='lat' dir='ltr'><strong>secundum</strong></span> 
     </span>
    </p>
   </div>
   <div class='ocr_carea' id='block_1_100' title="bbox 442 5392 2020 5466">
    <p class='ocr_par' dir='ltr' id='par_1_100' title="bbox 442 5392 2020 5466">
     <span class='ocr_line' id='line_1_100' title="bbox 442 5392 2020 5466; baseline 0.003 -24"><span class='ocrx_word' id='word_1_696' title='bbox 442 5406 747 5444; x_wconf 81' lang='lat' dir='ltr'><strong>mensuram</strong></span> <span class='ocrx_word' id='word_1_697' title='bbox 777 5406 932 5444; x_wconf 84' lang='lat' dir='ltr'><strong>suam</strong></span> <span class='ocrx_word' id='word_1_698' title='bbox 966 5406 1030 5444; x_wconf 89' lang='lat' dir='ltr'><strong>ac</strong></span> <span class='ocrx_word' id='word_1_699' title='bbox 1055 5392 1453 5448; x_wconf 88' lang='lat' dir='ltr'><strong>domiciliorum</strong></span> <span class='ocrx_word' id='word_1_700' title='bbox 1491 5410 1802 5458; x_wconf 83' lang='lat' dir='ltr'><strong>numerum,</strong></span> <span class='ocrx_word' id='word_1_701' title='bbox 1830 5395 2020 5466; x_wconf 74' lang='lat'><strong>181-</strong></span> 
     </span>
    </p>
   </div>
   <div class='ocr_carea' id='block_1_101' title="bbox 441 5471 2022 5558">
    <p class='ocr_par' dir='ltr' id='par_1_101' title="bbox 441 5471 2022 5558">
     <span class='ocr_line' id='line_1_101' title="bbox 441 5471 2022 5558; baseline 0.004 -22"><span class='ocrx_word' id='word_1_702' title='bbox 441 5483 601 5554; x_wconf 71' lang='grc'><strong>183</strong></span> <span class='ocrx_word' id='word_1_703' title='bbox 631 5493 740 5537; x_wconf 89' lang='lat' dir='ltr'><strong>tam</strong></span> <span class='ocrx_word' id='word_1_704' title='bbox 779 5485 1030 5553; x_wconf 89' lang='lat' dir='ltr'><strong>superius</strong></span> <span class='ocrx_word' id='word_1_705' title='bbox 1074 5501 1238 5553; x_wconf 85' lang='lat' dir='ltr'><strong>quam</strong></span> <span class='ocrx_word' id='word_1_706' title='bbox 1277 5486 1530 5554; x_wconf 89' lang='lat' dir='ltr'><strong>inferius,</strong></span> <span class='ocrx_word' id='word_1_707' title='bbox 1573 5488 1863 5558; x_wconf 85' lang='lat' dir='ltr'><strong>ipsiusque</strong></span> <span class='ocrx_word' id='word_1_708' title='bbox 1903 5471 2022 5543; x_wconf 76' lang='lat' dir='ltr'><strong>vias</strong></span> 
     </span>
    </p>
   </div>
   <div class='ocr_carea' id='block_1_102' title="bbox 440 5577 2019 5650">
    <p class='ocr_par' dir='ltr' id='par_1_102' title="bbox 440 5577 2019 5650">
     <span class='ocr_line' id='line_1_102' title="bbox 440 5577 2019 5650; baseline 0.004 -20"><span class='ocrx_word' id='word_1_709' title='bbox 440 5591 500 5630; x_wconf 90' lang='lat' dir='ltr'><strong>ac</strong></span> <span class='ocrx_word' id='word_1_710' title='bbox 527 5577 710 5632; x_wconf 85' lang='lat' dir='ltr'><strong>omnia</strong></span> <span class='ocrx_word' id='word_1_711' title='bbox 739 5594 862 5648; x_wconf 66' lang='lat' dir='ltr'><strong>qua:</strong></span> <span class='ocrx_word' id='word_1_712' title='bbox 889 5579 941 5631; x_wconf 91' lang='lat' dir='ltr'><strong>in</strong></span> <span class='ocrx_word' id='word_1_713' title='bbox 976 5579 1093 5649; x_wconf 87' lang='lat' dir='ltr'><strong>ipsa</strong></span> <span class='ocrx_word' id='word_1_714' title='bbox 1124 5588 1333 5643; x_wconf 87' lang='lat' dir='ltr'><strong>essent,</strong></span> <span class='ocrx_word' id='word_1_715' title='bbox 1376 5581 1602 5650; x_wconf 74' lang='lat' dir='ltr'><strong>ﬁguram</strong></span> <span class='ocrx_word' id='word_1_716' title='bbox 1636 5582 1793 5647; x_wconf 80' lang='lat' dir='ltr'><strong>istam</strong></span> <span class='ocrx_word' id='word_1_717' title='bbox 1829 5583 1896 5636; x_wconf 88' lang='lat' dir='ltr'><strong>ad</strong></span> <span class='ocrx_word' id='word_1_718' title='bbox 1926 5581 2019 5637; x_wconf 88' lang='lat' dir='ltr'><strong>de-</strong></span> 
     </span>
    </p>
   </div>
   <div class='ocr_carea' id='block_1_103' title="bbox 441 5669 2016 5741">
    <p class='ocr_par' dir='ltr' id='par_1_103' title="bbox 441 5669 2016 5741">
     <span class='ocr_line' id='line_1_103' title="bbox 441 5669 2016 5741; baseline 0.005 -23"><span class='ocrx_word' id='word_1_719' title='bbox 441 5674 689 5733; x_wconf 89' lang='lat' dir='ltr'><strong>putatum</strong></span> <span class='ocrx_word' id='word_1_720' title='bbox 731 5686 893 5725; x_wconf 88' lang='lat' dir='ltr'><strong>suum</strong></span> <span class='ocrx_word' id='word_1_721' title='bbox 923 5672 978 5725; x_wconf 93' lang='lat' dir='ltr'><strong>in</strong></span> <span class='ocrx_word' id='word_1_722' title='bbox 1011 5671 1078 5725; x_wconf 82' lang='lat' dir='ltr'><strong>Al</strong></span> <span class='ocrx_word' id='word_1_723' title='bbox 1113 5669 1657 5741; x_wconf 67' lang='lat' dir='ltr'><strong>Madayenmittens,</strong></span> <span class='ocrx_word' id='word_1_724' title='bbox 1691 5672 1861 5741; x_wconf 84' lang='lat' dir='ltr'><strong>jussit</strong></span> <span class='ocrx_word' id='word_1_725' title='bbox 1889 5688 2016 5727; x_wconf 89' lang='lat' dir='ltr'><strong>eum</strong></span> 
     </span>
    </p>
   </div>
   <div class='ocr_carea' id='block_1_104' title="bbox 442 5755 2014 5834">
    <p class='ocr_par' dir='ltr' id='par_1_104' title="bbox 442 5755 2014 5834">
     <span class='ocr_line' id='line_1_104' title="bbox 442 5755 2014 5834; baseline 0.008 -28"><span class='ocrx_word' id='word_1_726' title='bbox 442 5755 627 5811; x_wconf 85' lang='lat' dir='ltr'><strong>urbem</strong></span> <span class='ocrx_word' id='word_1_727' title='bbox 672 5759 780 5813; x_wconf 88' lang='lat' dir='ltr'><strong>sibi</strong></span> <span class='ocrx_word' id='word_1_728' title='bbox 831 5761 897 5815; x_wconf 90' lang='lat' dir='ltr'><strong>ad</strong></span> <span class='ocrx_word' id='word_1_729' title='bbox 929 5776 1055 5816; x_wconf 85' lang='lat' dir='ltr'><strong>eam</strong></span> <span class='ocrx_word' id='word_1_730' title='bbox 1090 5776 1319 5832; x_wconf 85' lang='lat' dir='ltr'><strong>prorsus</strong></span> <span class='ocrx_word' id='word_1_731' title='bbox 1363 5763 1593 5817; x_wconf 88' lang='lat' dir='ltr'><strong>formam</strong></span> <span class='ocrx_word' id='word_1_732' title='bbox 1644 5772 1698 5834; x_wconf 66' lang='lat' dir='ltr'><strong>et</strong></span> <span class='ocrx_word' id='word_1_733' title='bbox 1742 5766 2014 5820; x_wconf 80' lang='lat' dir='ltr'><strong>rationem</strong></span> 
     </span>
    </p>
   </div>
   <div class='ocr_carea' id='block_1_105' title="bbox 446 5844 2009 5914">
    <p class='ocr_par' dir='ltr' id='par_1_105' title="bbox 446 5844 2009 5914">
     <span class='ocr_line' id='line_1_105' title="bbox 446 5844 2009 5914; baseline 0.008 -15"><span class='ocrx_word' id='word_1_734' title='bbox 446 5844 694 5914; x_wconf 81' lang='lat' dir='ltr'><strong>:ondere,</strong></span> <span class='ocrx_word' id='word_1_735' title='bbox 744 5849 879 5905; x_wconf 86' lang='lat' dir='ltr'><strong>adeo</strong></span> <span class='ocrx_word' id='word_1_736' title='bbox 933 5860 999 5907; x_wconf 82' lang='lat' dir='ltr'><strong>ut:</strong></span> <span class='ocrx_word' id='word_1_737' title='bbox 1049 5854 1196 5910; x_wconf 89' lang='lat' dir='ltr'><strong>nulla</strong></span> <span class='ocrx_word' id='word_1_738' title='bbox 1227 5855 1453 5911; x_wconf 90' lang='lat' dir='ltr'><strong>omnino</strong></span> <span class='ocrx_word' id='word_1_739' title='bbox 1486 5855 1628 5911; x_wconf 79' lang='lat' dir='ltr'><strong>inter</strong></span> <span class='ocrx_word' id='word_1_740' title='bbox 1664 5872 1781 5911; x_wconf 85' lang='lat' dir='ltr'><strong>eam</strong></span> <span class='ocrx_word' id='word_1_741' title='bbox 1815 5866 1870 5913; x_wconf 88' lang='lat' dir='ltr'><strong>et</strong></span> <span class='ocrx_word' id='word_1_742' title='bbox 1896 5857 2009 5911; x_wconf 83' lang='lat' dir='ltr'><strong>An-</strong></span> 
     </span>
    </p>
   </div>
   <div class='ocr_carea' id='block_1_106' title="bbox 2131 4661 3713 4736">
    <p class='ocr_par' dir='ltr' id='par_1_106' title="bbox 2131 4661 3713 4736">
     <span class='ocr_line' id='line_1_106' title="bbox 2131 4661 3713 4736; baseline -0.005 -14"><span class='ocrx_word' id='word_1_743' title='bbox 2131 4668 2360 4723; x_wconf 88' lang='lat' dir='ltr'><strong>stitntus</strong></span> <span class='ocrx_word' id='word_1_744' title='bbox 2407 4678 2494 4722; x_wconf 84' lang='lat' dir='ltr'><strong>est</strong></span> <span class='ocrx_word' id='word_1_745' title='bbox 2535 4667 2784 4721; x_wconf 85' lang='lat' dir='ltr'><strong>Joannes</strong></span> <span class='ocrx_word' id='word_1_746' title='bbox 2837 4667 3148 4736; x_wconf 84' lang='lat' dir='ltr'><strong>patriarcha</strong></span> <span class='ocrx_word' id='word_1_747' title='bbox 3201 4661 3713 4731; x_wconf 86' lang='lat' dir='ltr'><strong>Constantinopoli-</strong></span> 
     </span>
    </p>
   </div>
   <div class='ocr_carea' id='block_1_107' title="bbox 2130 4754 3713 4815">
    <p class='ocr_par' dir='ltr' id='par_1_107' title="bbox 2130 4754 3713 4815">
     <span class='ocr_line' id='line_1_107' title="bbox 2130 4754 3713 4815; baseline -0.007 -5"><span class='ocrx_word' id='word_1_748' title='bbox 2130 4768 2291 4811; x_wconf 83' lang='lat' dir='ltr'><strong>tanus</strong></span> <span class='ocrx_word' id='word_1_749' title='bbox 2345 4772 2360 4807; x_wconf 88' lang='lat'><strong>:</strong></span> <span class='ocrx_word' id='word_1_750' title='bbox 2413 4770 2594 4809; x_wconf 84' lang='lat' dir='ltr'><strong>annos</strong></span> <span class='ocrx_word' id='word_1_751' title='bbox 2629 4754 2889 4809; x_wconf 87' lang='lat' dir='ltr'><strong>tredecim</strong></span> <span class='ocrx_word' id='word_1_752' title='bbox 2940 4755 3107 4815; x_wconf 72' lang='lat' dir='ltr'><strong>sedit,</strong></span> <span class='ocrx_word' id='word_1_753' title='bbox 3137 4754 3263 4807; x_wconf 85' lang='lat' dir='ltr'><strong>dein</strong></span> <span class='ocrx_word' id='word_1_754' title='bbox 3306 4762 3559 4806; x_wconf 89' lang='lat' dir='ltr'><strong>mortuus</strong></span> <span class='ocrx_word' id='word_1_755' title='bbox 3610 4756 3713 4801; x_wconf 82' lang='lat' dir='ltr'><strong>est.</strong></span> 
     </span>
    </p>
   </div>
   <div class='ocr_carea' id='block_1_108' title="bbox 2127 4834 3712 4914">
    <p class='ocr_par' dir='ltr' id='par_1_108' title="bbox 2127 4834 3712 4914">
     <span class='ocr_line' id='line_1_108' title="bbox 2127 4834 3712 4914; baseline -0.009 -13"><span class='ocrx_word' id='word_1_756' title='bbox 2127 4846 2278 4901; x_wconf 83' lang='lat' dir='ltr'><strong>Obiit</strong></span> <span class='ocrx_word' id='word_1_757' title='bbox 2327 4857 2506 4900; x_wconf 88' lang='lat' dir='ltr'><strong>autem</strong></span> <span class='ocrx_word' id='word_1_758' title='bbox 2556 4843 2934 4914; x_wconf 84' lang='lat' dir='ltr'><strong>Apollinarius</strong></span> <span class='ocrx_word' id='word_1_759' title='bbox 2989 4840 3349 4913; x_wconf 74' lang='lat'><strong>185-187</strong></span> <span class='ocrx_word' id='word_1_760' title='bbox 3403 4834 3712 4909; x_wconf 82' lang='lat' dir='ltr'><strong>patriarcha</strong></span> 
     </span>
    </p>
   </div>
   <div class='ocr_carea' id='block_1_109' title="bbox 2126 4928 3713 4993">
    <p class='ocr_par' dir='ltr' id='par_1_109' title="bbox 2126 4928 3713 4993">
     <span class='ocr_line' id='line_1_109' title="bbox 2126 4928 3713 4993; baseline -0.009 0"><span class='ocrx_word' id='word_1_761' title='bbox 2126 4937 2538 4993; x_wconf 79' lang='lat' dir='ltr'><strong>Alexandrinus</strong></span> <span class='ocrx_word' id='word_1_762' title='bbox 2570 4953 2695 4993; x_wconf 92' lang='lat' dir='ltr'><strong>cum</strong></span> <span class='ocrx_word' id='word_1_763' title='bbox 2731 4934 3110 4990; x_wconf 85' lang='lat' dir='ltr'><strong>novemdeeim</strong></span> <span class='ocrx_word' id='word_1_764' title='bbox 3145 4948 3322 4989; x_wconf 85' lang='lat' dir='ltr'><strong>annos</strong></span> <span class='ocrx_word' id='word_1_765' title='bbox 3357 4945 3585 4984; x_wconf 86' lang='lat' dir='ltr'><strong>munere</strong></span> <span class='ocrx_word' id='word_1_766' title='bbox 3622 4928 3713 4980; x_wconf 92' lang='lat' dir='ltr'><strong>illo</strong></span> 
     </span>
    </p>
   </div>
   <div class='ocr_carea' id='block_1_110' title="bbox 2128 5014 3711 5098">
    <p class='ocr_par' dir='ltr' id='par_1_110' title="bbox 2128 5014 3711 5098">
     <span class='ocr_line' id='line_1_110' title="bbox 2128 5014 3711 5098; baseline -0.009 -12"><span class='ocrx_word' id='word_1_767' title='bbox 2128 5032 2351 5086; x_wconf 81' lang='lat' dir='ltr'><strong>functus</strong></span> <span class='ocrx_word' id='word_1_768' title='bbox 2406 5030 2625 5097; x_wconf 90' lang='lat' dir='ltr'><strong>fuerat,</strong></span> <span class='ocrx_word' id='word_1_769' title='bbox 2684 5032 2845 5098; x_wconf 87' lang='lat' dir='ltr'><strong>cujus</strong></span> <span class='ocrx_word' id='word_1_770' title='bbox 2904 5025 3241 5098; x_wconf 65' lang='lat' dir='ltr'><strong>praefectura:</strong></span> <span class='ocrx_word' id='word_1_771' title='bbox 3294 5037 3445 5079; x_wconf 85' lang='lat' dir='ltr'><strong>anno</strong></span> <span class='ocrx_word' id='word_1_772' title='bbox 3498 5014 3711 5075; x_wconf 68' lang='lat' dir='ltr'><strong>decimo</strong></span> 
     </span>
    </p>
   </div>
   <div class='ocr_carea' id='block_1_111' title="bbox 2128 5113 3710 5186">
    <p class='ocr_par' dir='ltr' id='par_1_111' title="bbox 2128 5113 3710 5186">
     <span class='ocr_line' id='line_1_111' title="bbox 2128 5113 3710 5186; baseline -0.009 -7"><span class='ocrx_word' id='word_1_773' title='bbox 2128 5125 2290 5179; x_wconf 78' lang='lat' dir='ltr'><strong>tertio</strong></span> <span class='ocrx_word' id='word_1_774' title='bbox 2329 5124 2669 5179; x_wconf 82' lang='lat' dir='ltr'><strong>celebratum</strong></span> <span class='ocrx_word' id='word_1_775' title='bbox 2718 5132 2802 5178; x_wconf 82' lang='lat' dir='ltr'><strong>est</strong></span> <span class='ocrx_word' id='word_1_776' title='bbox 2851 5119 3146 5176; x_wconf 85' lang='lat' dir='ltr'><strong>concilium</strong></span> <span class='ocrx_word' id='word_1_777' title='bbox 3195 5117 3473 5186; x_wconf 86' lang='lat' dir='ltr'><strong>quintum.</strong></span> <span class='ocrx_word' id='word_1_778' title='bbox 3507 5115 3609 5169; x_wconf 89' lang='lat' dir='ltr'><strong>Cui</strong></span> <span class='ocrx_word' id='word_1_779' title='bbox 3659 5113 3710 5165; x_wconf 91' lang='lat' dir='ltr'><strong>in</strong></span> 
     </span>
    </p>
   </div>
   <div class='ocr_carea' id='block_1_112' title="bbox 2129 5203 3707 5281">
    <p class='ocr_par' dir='ltr' id='par_1_112' title="bbox 2129 5203 3707 5281">
     <span class='ocr_line' id='line_1_112' title="bbox 2129 5203 3707 5281; baseline -0.008 -15"><span class='ocrx_word' id='word_1_780' title='bbox 2129 5214 2505 5281; x_wconf 84' lang='lat' dir='ltr'><strong>patriarchatu</strong></span> <span class='ocrx_word' id='word_1_781' title='bbox 2556 5211 2930 5269; x_wconf 79' lang='lat' dir='ltr'><strong>Alexandrino</strong></span> <span class='ocrx_word' id='word_1_782' title='bbox 2977 5209 3251 5263; x_wconf 82' lang='lat' dir='ltr'><strong>successit</strong></span> <span class='ocrx_word' id='word_1_783' title='bbox 3298 5206 3562 5265; x_wconf 69' lang='lat' dir='ltr'><strong>Joannes,</strong></span> <span class='ocrx_word' id='word_1_784' title='bbox 3616 5203 3707 5272; x_wconf 89' lang='lat' dir='ltr'><strong>qui</strong></span> 
     </span>
    </p>
   </div>
   <div class='ocr_carea' id='block_1_113' title="bbox 2131 5299 3707 5371">
    <p class='ocr_par' dir='ltr' id='par_1_113' title="bbox 2131 5299 3707 5371">
     <span class='ocr_line' id='line_1_113' title="bbox 2131 5299 3707 5371; baseline -0.005 -15"><span class='ocrx_word' id='word_1_785' title='bbox 2131 5303 2465 5359; x_wconf 67' lang='lat' dir='ltr'><strong>Manichacus</strong></span> <span class='ocrx_word' id='word_1_786' title='bbox 2498 5304 2620 5365; x_wconf 88' lang='lat' dir='ltr'><strong>fuit,</strong></span> <span class='ocrx_word' id='word_1_787' title='bbox 2654 5317 2942 5371; x_wconf 88' lang='lat' dir='ltr'><strong>annosque</strong></span> <span class='ocrx_word' id='word_1_788' title='bbox 2979 5311 3094 5356; x_wconf 88' lang='lat' dir='ltr'><strong>tres</strong></span> <span class='ocrx_word' id='word_1_789' title='bbox 3125 5300 3268 5356; x_wconf 89' lang='lat' dir='ltr'><strong>sedit</strong></span> <span class='ocrx_word' id='word_1_790' title='bbox 3299 5299 3425 5353; x_wconf 89' lang='lat' dir='ltr'><strong>dein</strong></span> <span class='ocrx_word' id='word_1_791' title='bbox 3460 5307 3707 5351; x_wconf 89' lang='lat' dir='ltr'><strong>mortuus</strong></span> 
     </span>
    </p>
   </div>
   <div class='ocr_carea' id='block_1_114' title="bbox 2125 5393 3705 5466">
    <p class='ocr_par' dir='ltr' id='par_1_114' title="bbox 2125 5393 3705 5466">
     <span class='ocr_line' id='line_1_114' title="bbox 2125 5393 3705 5466; baseline -0.006 -16"><span class='ocrx_word' id='word_1_792' title='bbox 2125 5406 2231 5453; x_wconf 92' lang='lat' dir='ltr'><strong>est.</strong></span> <span class='ocrx_word' id='word_1_793' title='bbox 2258 5400 2421 5453; x_wconf 91' lang='lat' dir='ltr'><strong>Anno</strong></span> <span class='ocrx_word' id='word_1_794' title='bbox 2452 5398 2663 5466; x_wconf 88' lang='lat' dir='ltr'><strong>imperii</strong></span> <span class='ocrx_word' id='word_1_795' title='bbox 2697 5395 2944 5465; x_wconf 87' lang='lat' dir='ltr'><strong>ejusdem</strong></span> <span class='ocrx_word' id='word_1_796' title='bbox 2973 5394 3271 5449; x_wconf 81' lang='lat' dir='ltr'><strong>Justiniani</strong></span> <span class='ocrx_word' id='word_1_797' title='bbox 3310 5393 3592 5446; x_wconf 82' lang='lat' dir='ltr'><strong>tricesimo</strong></span> <span class='ocrx_word' id='word_1_798' title='bbox 3619 5405 3705 5444; x_wconf 88' lang='lat' dir='ltr'><strong>se-</strong></span> 
     </span>
    </p>
   </div>
   <div class='ocr_carea' id='block_1_115' title="bbox 2125 5483 3705 5558">
    <p class='ocr_par' dir='ltr' id='par_1_115' title="bbox 2125 5483 3705 5558">
     <span class='ocr_line' id='line_1_115' title="bbox 2125 5483 3705 5558; baseline -0.008 -15"><span class='ocrx_word' id='word_1_799' title='bbox 2125 5491 2298 5558; x_wconf 89' lang='lat' dir='ltr'><strong>ptimo</strong></span> <span class='ocrx_word' id='word_1_800' title='bbox 2347 5490 2687 5543; x_wconf 87' lang='lat' dir='ltr'><strong>constitutus</strong></span> <span class='ocrx_word' id='word_1_801' title='bbox 2733 5497 2817 5543; x_wconf 84' lang='lat' dir='ltr'><strong>est</strong></span> <span class='ocrx_word' id='word_1_802' title='bbox 2865 5486 3066 5543; x_wconf 86' lang='lat' dir='ltr'><strong>Petrus</strong></span> <span class='ocrx_word' id='word_1_803' title='bbox 3114 5486 3424 5555; x_wconf 85' lang='lat' dir='ltr'><strong>patriarcha</strong></span> <span class='ocrx_word' id='word_1_804' title='bbox 3480 5483 3705 5543; x_wconf 86' lang='lat' dir='ltr'><strong>ibidem,</strong></span> 
     </span>
    </p>
   </div>
   <div class='ocr_carea' id='block_1_116' title="bbox 2122 5574 3705 5648">
    <p class='ocr_par' dir='ltr' id='par_1_116' title="bbox 2122 5574 3705 5648">
     <span class='ocr_line' id='line_1_116' title="bbox 2122 5574 3705 5648; baseline -0.006 -13"><span class='ocrx_word' id='word_1_805' title='bbox 2122 5582 2217 5648; x_wconf 89' lang='lat' dir='ltr'><strong>qui</strong></span> <span class='ocrx_word' id='word_1_806' title='bbox 2267 5579 2516 5636; x_wconf 85' lang='lat' dir='ltr'><strong>Jacohita</strong></span> <span class='ocrx_word' id='word_1_807' title='bbox 2566 5582 2689 5636; x_wconf 91' lang='lat' dir='ltr'><strong>fuit.</strong></span> <span class='ocrx_word' id='word_1_808' title='bbox 2741 5583 2929 5635; x_wconf 81' lang='lat' dir='ltr'><strong>Annos</strong></span> <span class='ocrx_word' id='word_1_809' title='bbox 2978 5580 3118 5634; x_wconf 87' lang='lat' dir='ltr'><strong>duos</strong></span> <span class='ocrx_word' id='word_1_810' title='bbox 3170 5577 3333 5639; x_wconf 83' lang='lat' dir='ltr'><strong>sedit,</strong></span> <span class='ocrx_word' id='word_1_811' title='bbox 3385 5577 3511 5629; x_wconf 79' lang='lat' dir='ltr'><strong>dein</strong></span> <span class='ocrx_word' id='word_1_812' title='bbox 3549 5574 3705 5625; x_wconf 87' lang='lat' dir='ltr'><strong>obiit.</strong></span> 
     </span>
    </p>
   </div>
   <div class='ocr_carea' id='block_1_117' title="bbox 2124 5668 3704 5741">
    <p class='ocr_par' dir='ltr' id='par_1_117' title="bbox 2124 5668 3704 5741">
     <span class='ocr_line' id='line_1_117' title="bbox 2124 5668 3704 5741; baseline -0.007 -14"><span class='ocrx_word' id='word_1_813' title='bbox 2124 5673 2248 5727; x_wconf 80' lang='lat' dir='ltr'><strong>Fuit</strong></span> <span class='ocrx_word' id='word_1_814' title='bbox 2280 5684 2459 5733; x_wconf 71' lang='lat' dir='ltr'><strong>autem</strong></span> <span class='ocrx_word' id='word_1_815' title='bbox 2495 5673 2836 5728; x_wconf 70' lang='lat' dir='ltr'><strong>Iustinianus</strong></span> <span class='ocrx_word' id='word_1_816' title='bbox 2882 5673 3178 5741; x_wconf 80' lang='lat' dir='ltr'><strong>imperator</strong></span> <span class='ocrx_word' id='word_1_817' title='bbox 3208 5670 3313 5722; x_wconf 80' lang='lat' dir='ltr'><strong>fide.</strong></span> <span class='ocrx_word' id='word_1_818' title='bbox 3342 5668 3704 5729; x_wconf 74' lang='lat' dir='ltr'><strong>orthodoxus,</strong></span> 
     </span>
    </p>
   </div>
   <div class='ocr_carea' id='block_1_118' title="bbox 2123 5762 3702 5827">
    <p class='ocr_par' dir='ltr' id='par_1_118' title="bbox 2123 5762 3702 5827">
     <span class='ocr_line' id='line_1_118' title="bbox 2123 5762 3702 5827; baseline -0.006 -8"><span class='ocrx_word' id='word_1_819' title='bbox 2123 5766 2253 5821; x_wconf 85' lang='lat' dir='ltr'><strong>boui</strong></span> <span class='ocrx_word' id='word_1_820' title='bbox 2283 5781 2499 5827; x_wconf 79' lang='lat' dir='ltr'><strong>amans.</strong></span> <span class='ocrx_word' id='word_1_821' title='bbox 2548 5765 2921 5825; x_wconf 79' lang='lat' dir='ltr'><strong>Jacohitartuu</strong></span> <span class='ocrx_word' id='word_1_822' title='bbox 2956 5764 3222 5817; x_wconf 66' lang='lat' dir='ltr'><strong>doctrina!</strong></span> <span class='ocrx_word' id='word_1_823' title='bbox 3271 5762 3526 5817; x_wconf 69' lang='lat' dir='ltr'><strong>infestus.</strong></span> <span class='ocrx_word' id='word_1_824' title='bbox 3583 5774 3702 5819; x_wconf 76' lang='lat' dir='ltr'><strong>seu-</strong></span> 
     </span>
    </p>
   </div>
   <div class='ocr_carea' id='block_1_119' title="bbox 2125 5855 3700 5920">
    <p class='ocr_par' dir='ltr' id='par_1_119' title="bbox 2125 5855 3700 5920">
     <span class='ocr_line' id='line_1_119' title="bbox 2125 5855 3700 5920; baseline -0.007 -9"><span class='ocrx_word' id='word_1_825' title='bbox 2125 5859 2307 5914; x_wconf 64' lang='lat' dir='ltr'><strong>tentia‘.</strong></span> <span class='ocrx_word' id='word_1_826' title='bbox 2334 5857 2455 5914; x_wconf 73' lang='lat' dir='ltr'><strong>MCit</strong></span> <span class='ocrx_word' id='word_1_827' title='bbox 2475 5858 2713 5913; x_wconf 82' lang='lat' dir='ltr'><strong>hilarum</strong></span> <span class='ocrx_word' id='word_1_828' title='bbox 2749 5864 3141 5920; x_wconf 74' lang='lat' dir='ltr'><strong>propugnator.</strong></span> <span class='ocrx_word' id='word_1_829' title='bbox 3173 5855 3417 5909; x_wconf 75' lang='lat' dir='ltr'><strong>Mortuus</strong></span> <span class='ocrx_word' id='word_1_830' title='bbox 3448 5862 3529 5907; x_wconf 84' lang='lat' dir='ltr'><strong>cst</strong></span> <span class='ocrx_word' id='word_1_831' title='bbox 3558 5859 3700 5917; x_wconf 57' lang='lat' dir='ltr'><strong>[303l-</strong></span> 
     </span>
    </p>
   </div>
  </div>
