4116 6408
373 409 511 473 1077

1810 381 2181 474 ΑΝΝΑιΕεῘ

3494 417 3634 483 1078

365 540 532 594 quam
567 523 857 594 imperium
889 539 1064 578 annos
1102 523 1329 593 triginta
1371 540 1566 579 novem
1595 540 1950 592 occupasset.
1981 526 2032 588 Α
2062 526 2360 582 monachus
2431 529 2652 598 quidam
2711 531 2934 586 nomine
2985 530 3194 600 Maron,
3256 536 3346 604 qui
3406 539 3644 592 asseruit

441 617 570 670 Post
621 617 800 684 ipsum
837 613 1100 671 Romanis
1139 615 1431 686 imperavit
1476 616 1728 673 Justinus
1754 617 1950 673 Junior

367 719 543 761 annos
569 706 852 782 tredecim,
888 707 1053 776 idque
1083 722 1228 762 anno
1264 711 1417 778 regni
1447 710 1632 766 Cesrve
1659 711 1733 765 ῆι.
1765 711 1952 768 Koba-

366 799 454 851 dis
490 797 639 864 regis
688 797 983 854 Persarum
1011 799 1293 855 tricesimo
1335 803 1593 871 septimo.
1626 801 1753 857 Fuit
1782 804 1948 859 etiam

313 896 320 902 '
365 889 621 945 Justinus
643 888 839 946 Iunior
865 892 968 948 (ide
996 893 1373 959 orthodoxus,
1415 895 1664 952 bonitate
1695 898 1948 968 insignis,

366 981 552 1035 animo
583 979 636 1034 in
667 978 1040 1036 Jacobitarum
1067 991 1124 1036 et
1149 979 1601 1038 Nestorianorum
1639 983 1948 1040 doctrinam

367 1070 612 1137 infenso,
655 1071 708 1125 in
740 1070 1122 1126 Melcbitarum
1166 1088 1296 1128 vero
1326 1089 1620 1146 propenso.
1656 1077 1813 1131 Anno
1846 1078 1951 1132 im-

366 1163 514 1232 perii
555 1163 728 1234 ipsius
760 1163 942 1235 primo
982 1164 1322 1221 constitutus
1353 1176 1436 1222 est
1482 1166 1818 1225 Athanasius
1855 1185 1950 1238 pa-

362 1257 608 1310 triarcha
660 1253 1064 1310 Alexandrinus
1094 1255 1188 1325 qui
1235 1254 1574 1314 Manichacus
1605 1257 1746 1325 fuit;
1782 1261 1951 1329 quiu-

362 1361 474 1415 que
503 1361 681 1402 annos
720 1347 886 1412 sedit,
921 1347 1047 1402 dein
1100 1357 1354 1405 mortuus
1393 1358 1499 1406 est.
1535 1351 1694 1408 Anno
1736 1353 1948 1424 imperii

364 1439 611 1507 ejusdem
656 1449 815 1496 sexto
860 1442 1198 1496 constitutus
1243 1451 1328 1498 est
1378 1443 1580 1500 ibidem
1636 1447 1950 1516 patriarcha

363 1530 630 1596 Joannes,
684 1532 1077 1598 orthodoxus;
1120 1534 1213 1603 qui
1267 1535 1527 1591 undecim
1567 1554 1744 1592 annos
1788 1538 1949 1604 sedit,

364 1623 496 1676 dein
538 1631 789 1680 mortuus
819 1633 927 1680 est.
961 1624 1122 1678 Anno
1153 1625 1394 1693 ejusdem
1428 1639 1624 1684 octavo
1658 1629 1832 1685 lactus
1866 1637 1951 1686 est

363 1715 700 1771 Benedictus
737 1717 1049 1786 patriarcha
1086 1717 1392 1783 Romanus,
1439 1721 1532 1789 qui
1561 1732 1682 1774 cum
1714 1732 1952 1792 quatuor

364 1822 544 1862 annos
584 1808 840 1876 sedisset,
887 1819 1144 1864 mortuus
1171 1821 1277 1866 est.
1314 1812 1476 1867 Anno
1515 1814 1764 1882 ejusdem
1813 1817 1952 1870 duo»-

363 1898 582 1954 decimo
631 1899 806 1953 fartus
851 1910 936 1956 cst
987 1901 1237 1970 Pelagius
1284 1903 1599 1972 patriarcha
1645 1902 1950 1971 Romanus,
1989 1888 2030 1942 Β

361 1991 460 2058 qui
496 2006 591 2046 sex
628 2007 806 2048 annos
825 1994 994 2054 sedit,
1024 1995 1146 2050 dein
1179 2007 1428 2051 mortuus
1461 1997 1626 2068 188
1649 2005 1754 2053 est.
1780 1996 1955 2054 Porro

361 2082 533 2139 Cesra
568 2085 645 2138 lii.
676 2084 916 2142 Kobadis
940 2085 1228 2142 Persaru-n
1267 2104 1390 2152 rex,
1435 2089 1527 2156 qui
1572 2090 1952 2146 Anusherwan

363 2178 675 2246 appellatus
711 2190 815 2244 εει,
851 2181 1040 2250 copias
1071 2196 1203 2236 suas
1226 2197 1420 2238 versus
1454 2180 1746 2239 Hiatelitas
1776 2185 1952 2249 duxit,

364 2269 663 2326 vindictam
694 2271 762 2326 de
793 2273 928 2342 ipsis
961 2274 1030 2328 ob
1071 2290 1234 2328 avum
1266 2292 1430 2330 suum
1459 2275 1760 2331 Phiruzum
1799 2293 1952 2332 sum-

363 2363 731 2430 pturusJum
767 2381 898 2419 vero
924 2368 1156 2422 antehac
1187 2383 1318 2422 cum
1341 2369 1611 2424 Chakano
1640 2369 1952 2424 atiinitatem

362 2465 736 2512 contraxerat.
796 2457 1029 2528 Scriptis
1081 2476 1209 2529 ergo
1264 2463 1328 2513 ad
1383 2461 1702 2516 Chaiiamim
1757 2463 1954 2518 litteris

359 2563 600 2617 eumque
648 2551 916 2606 adventus
964 2553 1054 2608 sui
1099 2555 1396 2609 certiorem
1457 2554 1691 2622 iaciens,
1744 2549 1955 2627 rogavit

366 2651 429 2694 ut
467 2637 758 2697 Hiatelitas
798 2643 1210 2715 aggrederetur,
1245 2655 1535 2715 antequam
1581 2647 1696 2718 ipse
1738 2663 1804 2703 eo
1832 2665 1957 2718 per-

363 2733 599 2787 veniret.
635 2733 714 2788 Ad
747 2735 897 2804 ipsus
925 2736 1092 2808 igitur
1116 2736 1444 2807 perveniens
1476 2753 1658 2807 regem
1692 2740 1940 2808 ipsorum

360 2823 661 2894 interfecit,
694 2829 1008 2897 traditaque
1041 2831 1470 2888 Anusherwano
1506 2831 1707 2887 Belcha
1739 2848 1862 2887 cum
1890 2846 1954 2886 ca

361 2920 676 2976 Cltorasani
709 2931 864 2990 parte
900 2937 1022 2990 quae
1054 2931 1107 2976 et
1139 2923 1194 2976 in
1225 2923 1341 2991 ipsa
1381 2935 1436 2978 et
1467 2939 1608 2993 pone
1635 2925 1811 2993 ipsam
1834 2933 1954 2989 est;

361 3014 463 3081 qui
513 3013 568 3066 in
625 3011 908 3076 Phargana
961 3023 1148 3068 castra
1225 3030 1438 3082 ponens
1496 3014 1662 3068 tiliam
1708 3012 1954 3069 Chakani

363 3105 587 3160 Maximi
628 3107 684 3160 in
720 3121 946 3160 tutorem
999 3105 1172 3161 duxit.
1219 3107 1355 3161 Cum
1402 3115 1588 3161 autem
1627 3106 1953 3162 Chorasano

2062 616 2293 672 Domino
2326 629 2518 674 nostro
2571 621 2797 676 Christo
2827 621 2964 677 duas
3014 637 3137 678 esse
3188 631 3412 680 naturas
3441 636 3494 680 et
3533 641 3644 678 vo-

2059 710 2326 766 luntatem
2362 727 2552 777 unam,
2601 715 2982 783 operationem
3038 722 3094 768 et
3125 730 3423 785 personam
3454 735 3638 776 unam.

2062 801 2332 872 iidemque
2384 803 2664 859 hominum
2723 808 2992 873 corrupit.
3033 804 3268 860 Maxima
3324 817 3502 861 autem
3548 789 3662 890 co-

2062 907 2179 945 rum
2215 892 2309 962 qui
2336 894 2646 949 doctrinam
2677 895 2854 963 ipsius
2891 896 3128 964 amplexi
3162 904 3217 952 et
3247 912 3306 952 se
3337 898 3658 970 discipulusl

2059 981 2136 1034 ilii
2185 983 2498 1050 praebentes
2548 985 2797 1040 eamdem
2849 987 3084 1056 professi
3143 998 3290 1051 sunt,
3329 1004 3459 1058 pars
3488 978 3654 1043 eram'

2061 1072 2248 1128 incoho
2275 1075 2426 1130 urbis
2445 1076 2655 1130 Hamah
2682 1085 2736 1130 et
2759 1078 3071 1134 Kennesrin
3127 1089 3182 1134 et
3211 1081 3486 1142 Awasem,
3518 1098 3645 1137 eum

2060 1163 2430 1223 Romanorum
2485 1169 2812 1235 nonnullis;
2871 1172 3240 1241 appellatique
3292 1185 3420 1229 sunt
3469 1176 3646 1244 ipsius

2061 1260 2301 1323 asseclae,
2357 1262 2451 1330 qui
2504 1261 2654 1316 idem
2693 1276 2819 1316 eum
2872 1264 2992 1332 ipso
3023 1272 3360 1331 assererem,
3404 1266 3645 1321 Maroni-

2061 1361 2145 1418 ta»,
2203 1354 2424 1409 nomine
2476 1355 2546 1408 ab
2601 1355 2770 1425 ipsius
2827 1357 3052 1410 nomine
3104 1356 3326 1412 Marone
3380 1360 3638 1415 deducto.

2059 1445 2384 1518 liortuoque
2407 1449 2528 1520 ipso
2550 1449 2741 1504 incola:
2771 1447 2970 1520 [urbis]
2998 1450 3204 1505 Hamah
3248 1454 3640 1506 monasterium

2057 1537 2131 1614 ibi
2167 1549 2511 1601 exstructum
2562 1539 2656 1594 Dir
2690 1539 2885 1595 Marun
2912 1539 3334 1613 [monasterium
3373 1543 3639 1614 Maronis}

2059 1630 2424 1699 appellarunt.
2478 1631 2712 1701 ejusque
2762 1631 2923 1686 (idem
2980 1631 3214 1702 professi
3277 1644 3423 1689 sunt.
3483 1637 3642 1689 Anno

2057 1720 2277 1790 imperii
2313 1723 2563 1778 Mauricii
2598 1724 2822 1794 quinto,
2850 1725 3085 1794 contigit
3137 1724 3441 1781 Antiochia
3478 1726 3641 1798 192

2060 1818 2220 1864 terra:
2259 1820 2442 1867 motus
2474 1811 2670 1881 ingens
2697 1829 2806 1882 quo
2837 1814 3018 1868 diruta
3070 1824 3156 1870 est
3211 1815 3454 1869 maxima
3487 1817 3642 1872 trhis

2059 1917 2210 1972 pars,
2267 1903 2624 1970 pereuntibus
2679 1905 2899 1959 incolis.
2954 1906 3114 1958 Anno
3147 1905 3394 1975 ejusdem
3426 1908 3644 1963 decimo

2056 2010 2205 2048 nouo
2233 1995 2334 2050 fuit
2361 1995 2524 2050 etiam
2550 2005 2708 2050 terra:
2743 2007 2931 2052 ructus
2966 1998 3148 2066 gravis
3197 1997 3250 2051 in
3289 1999 3506 2067 regium:
3533 1999 3646 2054 ito-

2057 2101 2348 2142 manorum
2401 2097 2458 2142 et
2485 2087 2644 2157 Syria
2683 2087 3021 2143 Damascena
3055 2089 3280 2145 circiter
3311 2091 3508 2154 horam
3538 2093 3643 2146 diei

2057 2179 2298 2242 tertiam,
2337 2195 2449 2249 quo
2476 2189 2813 2235 corruerunt
2849 2181 2904 2235 in
2944 2179 3104 2251 Syria
3162 2191 3215 2236 et
3269 2181 3644 2238 Barcanorum

2056 2271 2266 2326 ditione
2304 2272 2470 2326 urbes
2513 2272 2723 2337 multa,
2763 2271 3154 2342 perieruntque
3219 2274 3473 2329 homines
3499 2324 3504 2330 .
3534 2291 3645 2330 non

2059 2362 2240 2431 pauci.
2275 2363 2433 2416 Auno
2464 2361 2677 2431 imperii
2718 2361 2972 2428 ejusdem
3005 2362 3244 2431 septimo
3297 2365 3642 2416 constitutus

2056 2459 2140 2504 est
2171 2450 2390 2504 lsaacus
2420 2449 2736 2520 patriarcha
2788 2450 3348 2522 liierosolymitaaus,
3392 2453 3490 2521 qui
3516 2465 3646 2509 octo
3684 2458 3689 2464 '

2058 2557 2231 2596 annos
2259 2540 2421 2606 sedit,
2456 2541 2582 2596 dein
2632 2551 2889 2596 mortuus
2916 2551 3027 2598 est.
3059 2544 3260 2596 Eodem
3297 2559 3450 2598 anno
3495 2561 3644 2598 mor-

2060 2648 2188 2694 tuus
2210 2649 2290 2693 est
2309 2638 2606 2708 Gregorius
2637 2639 2954 2708 patriarcha
2982 2640 3379 2697 Antiochenus.
3409 2641 3646 2696 Profecti

2057 2747 2198 2801 ergo
2257 2730 2586 2785 Antiochen-i
2654 2729 3048 2801 Hierosolyma-
3115 2733 3294 2786 virurn
3368 2734 3648 2802 petierunt

2058 2839 2226 2892 quem
2280 2823 2386 2880 sibi
2438 2825 2810 2894 patriarcham
2864 2825 3226 2894 praeficerem.
3289 2825 3437 2880 Dixit
3479 2829 3646 2897 igitur

2062 2916 2198 2984 ipsis
2224 2913 2444 2971 lsaacus
2494 2917 2803 2985 patriarcha
2864 2915 3427 2987 llierosulymitauus:
3476 2919 3644 2972 Com-

2062 3006 2257 3060 mendo
2287 3006 2438 3061 vobis
2475 3021 2661 3062 senem
2687 3008 2847 3061 istum
2873 3005 3242 3075 Cundelapten
3268 3009 3362 3077 qui
3388 3009 3642 3064 ecclesia!

2063 3096 2508 3152 Resurrectionis
2538 3099 2787 3153 inservit.
2816 3097 2990 3164 Quem
3023 3114 3162 3170 ergo
3187 3101 3491 3170 probantes
3519 3116 3644 3155 rum

361 3215 620 3262 reversus
647 3209 820 3262 esset,
846 3199 1116 3255 act-edens
1143 3199 1210 3254 ad
1238 3200 1416 3270 ipsum
1447 3199 1568 3254 Sail'
1595 3199 1740 3256 ﬁlius
1769 3199 1948 3270 Dyya-
1977 3229 2020 3289 ρ
2059 3189 2428 3289 “eripis-“tellit
2460 3190 2728 3289 υι-ξβευηὶ
2782 3192 3130 3289 Ᾱίιιῖοςῑι-ῖίιςη
3164 3194 3642 3289 :kdﬁce'fmvhdi-

360 3305 460 3342 τῆς·
499 3287 838 3360 Hamyarita,
888 3288 1324 3344 Yamanensium
1370 3290 1650 3360 princeps,
1685 3290 1949 3344 auxilium

361 3387 434 3438 ab
471 3384 592 3454 ipso
627 3392 819 3437 contra
855 3382 1145 3453 Aithiopes
1193 3383 1386 3453 petiit;
1422 3398 1654 3450 quorum
1685 3398 1810 3438 cum
1849 3383 1954 3439 du-

364 3491 484 3530 cem
526 3491 554 3530 e
601 3476 716 3528 suis
747 3475 1038 3544 quemdam
1087 3490 1218 3530 cum
1259 3475 1502 3530 exercitu
1550 3491 1582 3530 e
1613 3474 1823 3528 Diiumo
1854 3475 1957 3530 nti-

365 3567 550 3630 sisset,
589 3566 668 3620 illi
705 3566 955 3621 Yamano
989 3575 1156 3636 capto
1193 3566 1274 3620 ibi
1301 3567 1691 3621 subSIiterunt.
1726 3568 1957 3636 Semper

366 3668 551 3714 autem
579 3675 910 3730 quocunque
941 3660 1220 3714 exercitus
1247 3674 1380 3715 suos
1408 3661 1650 3714 mitteret
1675 3658 1956 3716 Anusher-

365 3769 490 3807 utan
546 3753 964 3822 prosperitate’m
1015 3759 1072 3805 et
1124 3752 1408 3806 victoriam
1464 3763 1804 3806 consecutus
1849 3761 1955 3818 est,

365 3846 510 3901 adeo
531 3855 591 3900 ut
620 3847 672 3900 in
704 3847 973 3914 optiinum
1000 3855 1201 3899 statum
1227 3843 1574 3899 subditorum
1606 3858 1835 3899 suorum
1869 3860 1960 3899 res

369 3939 662 4010 redigeret.
695 3939 942 4008 Caurique
1001 3937 1069 3991 ad
1119 3938 1240 3991 vitae
1282 3935 1397 4001 jam
1435 3935 1735 3990 terminum
1770 3950 1960 4004 perve-

367 4034 562 4095 nisset,
596 4047 783 4086 rerum
812 4047 947 4086 cura
981 4031 1093 4084 lilio
1128 4045 1232 4084 suo
1269 4028 1548 4084 Hormon
1585 4029 1784 4100 legata,
1813 4029 1956 4084 diem

368 4124 530 4180 obiit.
563 4119 692 4178 Fuit
737 4130 922 4177 autem
957 4122 1111 4191 regni
1141 4121 1546 4177 Anusherwani
1581 4121 1823 4190 spatium
1861 4136 1960 4176 an-

371 4231 572 4272 norum
597 4215 960 4286 quadraginta
988 4223 1198 4284 septem
1220 4223 1274 4268 et
1297 4229 1391 4269 sex
1419 4210 1717 4267 mensium.
1743 4211 1960 4281 Regna-
1996 4243 2008 4256 -

369 4311 450 4367 vit
473 4319 599 4380 post
618 4310 795 4379 ipsum
817 4308 963 4363 [ilius
983 4307 1159 4378 ipsius
1181 4305 1418 4362 liormoz
1441 4307 1514 4362 iii.
1538 4302 1958 4365 Auusherwani,

371 4417 550 4456 annos
571 4401 825 4456 undecim
854 4409 910 4455 et
947 4415 1041 4454 sex
1078 4413 1341 4464 menses;
1376 4398 1542 4469 idque
1569 4413 1715 4452 anno
1741 4395 1959 4465 imperii

368 4494 576 4552 Justini
610 4495 982 4548 [tertianorum
1019 4492 1372 4561 imperatoris
1403 4490 1756 4545 duodecimo.

2062 3285 2134 3336 xit
2180 3284 2295 3352 ipse
2327 3283 2476 3336 illis:
2522 3281 2678 3337 Mene
2720 3285 3109 3352 cognnscitis?
3162 3284 3644 3357 Respondentibus

2061 3374 2192 3439 illis,
2223 3374 2340 3428 Non
2369 3393 2384 3428 :
2414 3375 2555 3430 dixit
2586 3393 2599 3429 :
2646 3375 2781 3431 Sum
2831 3392 2936 3446 ego
2993 3378 3326 3432 Anastasius
3356 3380 3448 3445 qui
3483 3379 3643 3449 patri-

2061 3467 2228 3520 archa
2271 3477 2452 3522 vester
2478 3467 2577 3531 fui,
2604 3475 2658 3520 at
2707 3483 2832 3522 eum
2892 3484 2978 3523 me
3031 3469 3212 3538 stupri
3243 3471 3581 3522 arcusarcus
3617 3485 3646 3522 ει

2059 3556 2217 3612 vobis
2244 3555 2370 3621 fuga
2401 3572 2490 3611 me
2519 3557 2857 3612 subtrahens
2888 3573 2952 3611 es
2985 3572 3053 3611 eo
3103 3567 3352 3626 tempore
3398 3558 3645 3613 ecclesiae

2062 3647 2507 3704 Resurrectionis
2532 3663 2727 3704 servus
2759 3648 2836 3700 fui
2865 3666 2878 3700 :
2914 3657 3096 3702 vestes
3124 3660 3305 3702 autem
3347 3665 3494 3704 meas
3527 3651 3644 3705 ioco

2060 3739 2156 3793 tali
2189 3741 2245 3793 in
2275 3737 2572 3793 Antiochia
2607 3738 2858 3808 sepelivi.
2897 3738 3246 3793 Antiochiam
3278 3756 3411 3808 ergo
3464 3741 3534 3796 ab
3562 3741 3644 3810 ip-

2063 3831 2141 3885 sis
2171 3829 2457 3894 deductus,
2490 3829 2648 3884 duxit
2679 3815 2830 3900 ipsos
2881 3830 2950 3883 ad
3010 3829 3192 3884 locum
3233 3831 3290 3885 in
3325 3847 3435 3900 quo
3467 3841 3645 3887 vestes

2063 3934 2196 3974 suas
2229 3919 2548 3988 sepelierat,
2579 3917 2784 3987 quibus
2820 3919 3090 3975 extractis
3133 3920 3315 3988 ipsum
3369 3923 3646 3978 cathedra;-

2063 4009 2422 4064 restitncrunt
2453 4028 2470 4076 ;
2500 4024 2737 4078 cumque
2765 4025 2962 4065 novem
2995 4026 3174 4067 annos
3229 4013 3370 4082 ipsis
3396 4016 3646 4085 pretiis-

2063 4111 2166 4166 set,
2200 4098 2344 4158 diem
2375 4103 2532 4158 obiit.
2571 4104 2728 4156 Almo
2777 4111 2964 4157 autem
3015 4104 3230 4175 imperii
3266 4104 3520 4161 Mauricii
3550 4107 3646 4162 de-

2062 4195 2207 4249 cimo
2262 4195 2498 4264 septimo
2575 4196 2912 4250 constitutus
2980 4204 3064 4250 est
3119 4197 3449 4254 Anastasius
3514 4199 3649 4254 alter

2065 4287 2378 4358 patriarcha
2409 4287 2788 4343 Antiochenus
2818 4288 2911 4358 qui
2959 4303 3052 4345 sex
3088 4289 3444 4363 193-195
3477 4306 3648 4348 annos

2067 4380 2229 4447 sedit,
2266 4381 2394 4437 dein
2434 4391 2686 4438 mortuus
2740 4393 2844 4438 est.
2886 4381 3020 4438 Post
3081 4383 3206 4453 ejus
3261 4392 3494 4440 mortem
3527 4389 3652 4442 abs.

2067 4487 2177 4540 que
2240 4471 2558 4542 patriarcha~
2591 4472 2796 4526 mansit
2844 4473 3108 4527 cathedra
3162 4473 3503 4530 Antiocheua
3551 4492 3650 4531 an-

449 4588 800 4659 189491
845 4585 984 4640 Tum
1017 4593 1234 4640 πηοτιυο
1257 4583 1476 4640 “sum
1504 4579 1733 4638 Iuniam
1759 4580 1960 4637 Roma-
1986 4574 2040 4636 ι)
2069 4579 2182 4659 nos.
2202 4563 2399 4659 viginti
2421 4563 2581 4619 duos.
2616 4564 2775 4659 Anno
2817 4563 3348 4659 imperii-ejusdem
3406 4567 3650 4659 Mauricii

377 4698 577 4736 norum
613 4681 972 4750 imperatore,
998 4685 1126 4748 post
1160 4677 1342 4747 ipsum
1376 4675 1641 4730 Romanis
1672 4675 1960 4743 imperavit

371 4773 632 4829 Tiberius
664 4785 845 4826 armos.
875 4775 1157 4840 quatuor;
1223 4767 1390 4838 idque
1421 4783 1568 4821 anno
1617 4766 1764 4835 regni
1824 4765 1962 4818 lior-

377 4866 518 4922 rnozi
591 4863 686 4919 ﬁlii
741 4863 1142 4919 Anusherwani
1212 4861 1502 4915 Persarum
1556 4861 1702 4920 regis
1759 4857 1959 4911 tertio:

375 4961 538 5013 Auno
597 4955 816 5026 imperii
889 4954 1094 5010 Tiberii
1165 4955 1540 5009 Remanorum
1617 4950 1962 5017 imperatoris

374 5053 552 5122 primo
600 5050 934 5104 constitutus
983 5055 1074 5102 est.
1123 5047 1394 5118 Cyriakus
1445 5044 1762 5115 patriarcha
1817 5043 1962 5098 Cou-

372 5142 918 5213 stautinopoiitanus,
952 5140 1045 5208 qui
1095 5153 1270 5193 annos
1322 5136 1596 5195 sexdecim
1625 5135 1784 5200 sedit,
1836 5134 1958 5188 dein

376 5242 633 5288 mortuus
661 5240 767 5287 est.
803 5231 964 5284 Anno
998 5228 1218 5298 imperii
1271 5226 1520 5296 ejusdem
1579 5227 1826 5280 secundo
1879 5223 1962 5279 ia-

375 5335 504 5380 ctus
539 5332 628 5380 est
684 5323 840 5379 Anus
868 5319 1192 5392 patriarcha
1247 5317 1808 5388 Hierosolymitanus;
1867 5318 1956 5386 qui

374 5434 500 5473 cum
533 5427 658 5473 octo
686 5431 868 5472 annos
897 5415 1156 5477 sedisset,
1190 5418 1439 5466 mortuus
1471 5420 1577 5464 est.
1615 5410 1789 5464 Porro
1826 5409 1963 5462 obiit

377 5506 638 5563 Tiberius
720 5505 1096 5559 Romanorum
1174 5502 1492 5569 imperator,
1575 5500 1965 5568 imperavitque

380 5607 506 5668 post
538 5600 724 5668 ipsum
773 5597 1074 5652 Mauricius
1105 5593 1366 5648 Romanis
1425 5607 1598 5645 annos
1637 5591 1848 5658 viginti,
1885 5590 1964 5644 id-

377 5687 486 5758 que
541 5706 689 5746 anno
732 5690 888 5760 regni
941 5687 1193 5742 Hormozi
1244 5686 1334 5740 lilii
1367 5680 1768 5738 Anusherwani
1821 5681 1964 5750 regis

382 5783 677 5837 Persarum
705 5782 965 5852 septimo.

456 5876 577 5928 Fuit
605 5887 847 5949 tempore
877 5872 1124 5927 Mauricii
1183 5871 1527 5937 imperatoris
1585 5868 1960 5923 Romanorum

2066 4647 2284 4703 decimo
2309 4649 2506 4718 quinto
2562 4651 2902 4706 constitutus
2934 4661 3019 4707 est
3045 4653 3313 4708 Zacharia
3337 4656 3657 4724 patriarcha-

2069 4740 2638 4812 llierosolymitanus;
2696 4745 2788 4811 qui
2827 4753 3034 4811 septem
3071 4759 3245 4801 annos
3278 4748 3420 4801 sedit
3471 4749 3648 4801 donec

2067 4832 2320 4902 captivus
2347 4829 2527 4886 iactus
2558 4839 2668 4887 est.
2727 4833 2895 4889 Anno
2923 4833 3142 4902 imperii
3172 4835 3424 4904 ejusdem
3459 4839 3650 4908 quinto

2068 4925 2403 4978 constitutus
2430 4931 2516 4978 est
2544 4922 2844 4994 Gregorius
2876 4923 3196 4993 patriarcha
3248 4926 3528 4984 Romanus
3558 4933 3650 4999 qui

2067 5014 2328 5070 tredecim
2379 5028 2554 5069 annos
2610 5014 2778 5080 sedit,
2835 5014 2961 5070 dein
3016 5023 3272 5072 mortuus
3319 5027 3426 5076 est.
3493 5022 3651 5074 Anna

2068 5111 2314 5180 ejusdem
2347 5109 2560 5166 decium
2613 5118 2810 5166 octavo
2852 5108 3039 5167 iactus
3085 5123 3164 5168 est
3197 5113 3528 5171 Sabinianus
3556 5133 3618 5184 pa
3633 5145 3652 5156 .-

2071 5204 2310 5260 triarcha
2344 5203 2648 5267 Romanus,
2682 5208 2774 5272 qut
2811 5219 2936 5258 cum
2969 5219 3174 5260 annum
3212 5221 3384 5264 unus)
3411 5209 3648 5263 sedisset

2073 5309 2324 5354 mortuus
2352 5308 2454 5354 est.
2478 5296 2639 5352 Anno
2653 5297 2903 5366 ejusdem
2917 5296 3132 5352 decimo
3156 5314 3299 5353 nouo
3317 5301 3651 5357 constitutus

2069 5389 2862 5457 cstBonilaciuspatriareha
2910 5386 3216 5452 Rounauus,
3273 5390 3370 5458 qui
3421 5407 3515 5447 sex
3553 5407 3654 5447 an-

2069 5501 2170 5541 nos
2204 5484 2366 5548 sedit,
2400 5485 2526 5538 dein
2564 5489 2814 5536 mortuus
2864 5489 2970 5536 est.
3014 5483 3177 5533 Auno
3232 5483 3448 5551 imperii
3507 5487 3654 5552 qus-

2072 5579 2192 5632 dem
2243 5577 2458 5630 decimo
2506 5585 2704 5646 quarto
2757 5572 3097 5627 constitutus
3148 5583 3231 5626 rst
3270 5573 3509 5631 Thomas
3563 5595 3654 5647 ρει-

2073 5660 2318 5722 triareha
2352 5664 3039 5736 Constantinopolitanus;
3117 5668 3208 5732 qui
3242 5670 3654 5735 quatuordecim

2071 5777 2248 5817 annos
2276 5761 2434 5825 sedit,
2470 5760 2597 5816 dein
2638 5768 2888 5814 mortuus
2921 5764 3031 5812 est.
3090 5759 3250 5812 Anno
3285 5759 3534 5829 ejusdem-
3567 5780 3656 5817 se-

2087 5857 2271 5912 cundo
2308 5854 2648 5918 constitutus
2683 5863 2768 5908 cst
2839 5849 3108 5917 Eulog'us
3167 5852 3478 5914 patriarcha
3532 5855 3655 5908 Alc-
