4116 6434
457 420 600 486 1079

1498 422 1860 513 ΕΗἸῪΟῌΗ
1909 420 2439 481 ΑΙᾸΞΧᾹΧΒΗΙΝΙ
2481 422 2709 481 ΡᾹἸἪ.

3582 394 3719 481 1030

460 537 804 602 xandrintts;
860 538 952 607 qui
990 551 1166 591 annos
1191 535 1379 607 viginti
1413 534 1576 596 sedit,
1622 535 1747 589 dein
1782 545 2035 587 mortuus
2067 538 2112 589 A
2143 531 2322 601 ipsum
2358 543 2635 587 mortuum
2670 529 2903 596 invenit,
2960 530 3185 584 sudario
3216 530 3393 584 oculis
3432 530 3716 599 imposito;

458 636 545 682 est
574 629 897 700 (secundum
928 629 1071 683 aliud
1107 629 1408 697 exemplar,
1441 641 1618 682 annos
1652 628 1841 687 duos).

533 720 702 776 Porro
736 732 986 787 tempore
1021 720 1271 775 Mauricii
1332 718 1686 786 imperatoris
1738 719 1876 771 latro
1911 720 2036 788 qni-

458 812 583 866 dam
613 812 719 866 fttit
751 811 806 865 in
840 813 976 866 urbe
1008 811 1289 881 (quadam)
1322 810 1540 872 Africte,
1578 811 1834 879 princeps
1871 811 2039 864 latro-

459 920 616 965 num,
666 904 762 973 qui
816 905 1017 959 nemini
1071 905 1312 959 occurrit
1376 919 1537 971 quem
1592 920 1700 956 tton
1754 912 1805 956 et
1836 903 1944 957 vita
1981 911 2035 956 et

464 996 623 1051 bouis
659 995 942 1063 spoliaret.
974 995 1111 1049 adeo
1143 1003 1203 1048 ut
1235 994 1449 1048 deserta
1489 993 1652 1047 fuerit
1681 994 1788 1059 via,
1819 993 2039 1048 nemine

465 1068 559 1157 per
605 1104 723 1143 eam
785 1089 890 1143 iter
945 1087 1194 1153 faciente,
1250 1097 1344 1142 aut
1413 1095 1752 1151 transeunte,
1824 1103 1929 1157 qua
1983 1088 2039 1141 in

460 1179 701 1236 Africam
738 1181 978 1247 duceret,
1012 1190 1175 1235 mtetu
1220 1181 1452 1236 latronis
1492 1181 1672 1254 istius.
1706 1179 1880 1246 Quem
1909 1180 2039 1235 licet

463 1271 612 1326 omni
649 1272 934 1342 diligentia
971 1273 1233 1341 omnique
1266 1282 1384 1329 arte
1413 1286 1478 1328 ac
1510 1282 1825 1328 commento
1856 1283 2039 1328 utere-

462 1373 552 1418 tttr
579 1362 778 1419 Africae
809 1364 1080 1434 patricius
1119 1380 1230 1435 quo
1282 1365 1460 1434 ipsum
1519 1365 1906 1436 prchenderet,
1942 1364 2036 1418 ca-

461 1468 594 1523 pere
632 1464 812 1510 tamen
848 1469 958 1511 non
999 1458 1197 1523 potuit.
1233 1455 1345 1511 lloc
1379 1472 1502 1511 cum
1541 1456 1705 1528 196
1738 1457 1804 1511 ad
1837 1455 2040 1510 Mauri-

459 1543 530 1597 cii
563 1544 911 1614 imperatoris
964 1547 1217 1601 uotitiant
1272 1549 1635 1618 pervenisset,
1668 1548 1787 1618 ipse
1813 1547 1982 1603 misso
2009 1564 2041 1601 e
2092 1578 2100 1599 .

459 1632 685 1693 famulis
716 1637 834 1693 suis
883 1639 1121 1708 quodam
1159 1639 1512 1694 securitatem
1568 1639 1767 1694 latroni
1820 1639 1909 1694 isti
1943 1639 2043 1693 ob-

454 1726 626 1793 tulit;
662 1743 828 1798 quam
863 1744 988 1784 cum
1020 1730 1109 1784 ille
1144 1736 1512 1801 acceptasset,
1550 1729 1620 1785 ad
1650 1732 2036 1801 imperatorem

459 1818 743 1887 profectus
784 1820 1014 1891 benigne
1068 1832 1235 1891 atque
1292 1822 1594 1879 honorifice
1640 1824 1710 1877 ab
1755 1823 1877 1893 ipso
1931 1830 2043 1879 tra-

458 1916 641 1964 ctatus
667 1918 751 1964 est
779 1917 834 1963 et
865 1912 931 1964 ad
960 1910 1284 1980 dignitatem
1319 1921 1564 1967 evectus.
1606 1910 1798 1966 Morbo
1828 1922 2035 1979 autem,

459 2000 744 2069 aliquanto
773 2012 894 2071 post
916 2011 1210 2070 'tempore,
1238 2012 1530 2073 correptus
1561 2005 1615 2058 in
1654 2008 2034 2059 nosoeomium

459 2090 606 2161 quod
633 2093 687 2147 in
722 2094 861 2148 urbe
890 2094 1505 2164 Coustantinopolitana
1538 2094 1662 2158 fuit,
1688 2096 1904 2149 delatus
1930 2108 2035 2152 est.

376 2178 379 2181 ’
458 2183 709 2254 Cumque
763 2193 922 2240 nocte
955 2187 1192 2256 quadam
1226 2186 1304 2258 [in
1353 2187 1578 2259 lectum]
1625 2187 1902 2257 projectus
1939 2202 2055 2257 ουτ

461 2273 620 2343 primi
655 2289 717 2330 se
765 2274 976 2340 dolore,
1011 2292 1173 2346 quem
1208 2277 1544 2347 patiebatur.
1606 2278 1839 2342 videret,
1898 2284 2036 2335 adeo

460 2374 522 2421 ut
550 2377 734 2423 certus
764 2377 910 2424 esset
945 2369 1240 2435 moriendi,
1279 2370 1347 2424 ad
1379 2369 1670 2425 Dominum
1729 2388 1892 2427 suum
1926 2373 2039 2428 cle-

392 2466 397 2473 '
458 2465 697 2514 mentem
730 2466 785 2515 et
835 2474 964 2529 erga
1006 2475 1195 2517 servos
1235 2475 1367 2516 suos
1404 2462 1846 2525 misericordem,
1886 2478 2040 2518 rece-

457 2536 556 2618 pit,
594 2549 850 2622 lacrymis
882 2560 938 2607 et
988 2552 1492 2623 supplicationibus
1553 2553 1745 2611 effusis
1798 2556 2036 2611 dicens:

458 2639 608 2712 Rogo
658 2651 731 2707 te,
789 2643 1038 2708 Domine,
1095 2645 1240 2700 sicut
1290 2646 1434 2700 l'etri
1490 2647 1747 2718 laerymis
1798 2651 2041 2718 acceptis

457 2734 561 2802 ipsi
615 2739 760 2806 prop?
775 2737 883 2792 tius
921 2737 1091 2803 fuisti,
1126 2746 1294 2809 utque
1325 2738 1535 2794 Ezekiae
1571 2740 1842 2810 laerytnas
1877 2758 2039 2795 accc-

455 2834 579 2894 ptas
620 2828 882 2893 habuisti,
920 2845 1019 2884 nec
1076 2845 1185 2885 non
1241 2831 1473 2885 latronis
1528 2832 1621 2902 qui
1684 2842 1864 2887 tecum
1929 2849 2033 2887 una

456 2920 756 2975 erucilixus
812 2931 900 2975 est
957 2923 1251 2995 laesymas,
1305 2924 1380 2978 ita
1437 2932 1493 2979 et
1548 2925 1824 2996 lacrymas
1884 2941 2036 2981 meas

459 3010 733 3080 respicere
786 3013 945 3077 velis,
981 3014 1162 3085 iisque
1197 3023 1423 3084 peccata
1461 3029 1580 3070 mea
1634 3016 1953 3087 abstergere
1983 3027 2038 3074 et

457 3117 557 3168 pro
612 3102 962 3159 ntultitudine
1022 3107 1418 3163 misericordiae
1474 3121 1581 3163 tute
1640 3124 1832 3178 preces
1886 3126 2035 3166 meas

455 3192 706 3264 acceptas
738 3198 973 3258 habere;
998 3197 1188 3255 oculos
1222 3199 1443 3254 interim
1477 3216 1609 3256 suos
1642 3202 1872 3256 sudario
1890 3203 2033 3272 quod
2065 3216 2109 3273 ο
2147 3203 2409 3259 viderunt
2441 3202 2617 3273 ipsius
2652 3200 2917 3272 regimen,
2950 3198 3131 3268 ipsum
3165 3210 3334 3267 regno
3357 3196 3722 3263 abdicarunt,
3812 3192 3817 3195 ’

455 3299 624 3353 super
656 3284 794 3340 facie
821 3286 996 3357 ipsius
1032 3287 1213 3344 fuerat
1245 3290 1555 3360 detergens.
1610 3291 1866 3364 Cumque
1935 3295 2039 3349 hoc

459 3376 622 3432 modo
652 3378 846 3432 multis
890 3379 1043 3435 horis
1076 3380 1416 3451 perstitissct
1437 3382 1743 3437 vDominum
1780 3385 2038 3454 precibus

459 3469 810 3524 inclamando
838 3461 1152 3542 et‘peceata
1189 3489 1290 3529 sua
1325 3475 1660 3539 confitendo,
1696 3477 1818 3532 dein
1874 3478 2039 3545 spiri-

463 3571 576 3616 tum
613 3577 772 3618 suum
806 3564 1012 3621 emisit.
1049 3564 1175 3620 Fuit
1210 3574 1390 3621 autem
1445 3567 1923 3639 ConstantinOpoli
1959 3570 2041 3624 vir

462 3656 689 3723 quidam
727 3672 757 3711 c
811 3657 1158 3729 principibus
1195 3660 1554 3724 medicorutn,
1609 3660 1846 3715 eximius
1878 3670 2041 3731 atque

460 3749 734 3817 egregius,
770 3752 861 3820 qui
891 3749 1140 3818 quotidie
1168 3761 1406 3822 aegrotos
1456 3751 1549 3821 qui
1605 3751 1658 3806 in
1717 3754 2041 3808 nosoeotnio

463 3841 707 3907 fuerunt,
741 3841 967 3898 visitare
1018 3841 1251 3898 solebat.
1308 3842 1406 3897 Hic
1463 3843 1608 3898 inter
1657 3843 2039 3899 dormiendum

460 3931 609 3987 domi
641 3947 753 3989 sua:
807 3933 860 3987 in
919 3934 1136 3990 somnio
1184 3933 1373 3988 eadem
1436 3932 1568 3987 hora
1628 3948 1733 4011 qua
1789 3944 2042 3988 mortuus

465 4023 826 4095 197-199
850 4034 937 4080 est
970 4025 1114 4080 latro
1145 4025 1281 4079 vidit
1311 4025 1647 4095 Nigritarum
1680 4026 1922 4091 turbam,
1947 4025 2039 4093 qui

462 4116 530 4170 ad
564 4118 794 4171 latronis
831 4117 1030 4172 lertum
1088 4117 1414 4171 accedentes
1464 4116 1686 4172 chartas
1719 4133 1904 4172 secum
1944 4118 2034 4170 ha-

462 4214 655 4264 berent
678 4210 880 4278 quibus
911 4210 1176 4279 inscripta
1208 4218 1365 4263 erant
1390 4210 1511 4278 ejus
1542 4219 1764 4280 peccata
1799 4227 1812 4275 ;
1848 4211 2042 4265 deinde
2090 4242 2096 4249 -

461 4310 518 4356 et
564 4302 709 4354 virus
753 4301 889 4356 duos
922 4316 1154 4367 quorum
1188 4302 1373 4355 vultus
1405 4301 1883 4371 splendescebant,
1915 4318 2044 4356 can-

462 4392 597 4447 dore
634 4392 769 4457 nivi,
813 4391 1221 4463 pulchritudine
1273 4393 1374 4446 soli
1413 4392 1645 4453 similes.
1710 4392 1904 4446 libram
1962 4402 2045 4445 te-

464 4496 704 4541 nentes:
774 4485 1206 4556 acccdentesque
1274 4484 1512 4556 Nigritas
1598 4484 1821 4539 chartas
1906 4486 2042 4541 istas

2141 633 2545 694 narraruntque
2599 623 2674 676 illi
2724 624 2815 690 qui
2864 623 3021 692 juxta
3085 624 3355 676 latronem
3414 622 3723 678 dormirent

2139 732 2281 787 quos
2312 716 2488 786 ipsius
2517 714 2678 770 fletus
2708 726 2761 770 et
2792 713 3230 784 supplicationes
3259 714 3569 767 audierant.
3609 713 3718 767 Me-

2141 808 2299 863 dicus
2330 823 2462 874 ergo
2496 815 2722 876 accepto
2771 807 2999 860 sudario
3050 805 3119 860 ad
3172 805 3498 859 Mauriciutn
3552 805 3720 871 impe-

2142 907 2381 953 ratorem
2414 899 2697 967 ingressus
2732 896 2863 951 illud
2902 897 3005 965 ipsi
3044 896 3287 950 ostendit
3336 905 3391 950 et
3445 904 3558 949 tum
3588 896 3721 964 quid

2149 990 2203 1043 in
2234 989 2451 1045 somnio
2484 1003 2588 1043 suo
2614 988 2846 1053 viderat,
2898 999 3011 1043 tum
3048 987 3177 1058 quid
3215 989 3282 1041 ab
3316 988 3421 1045 illis
3451 987 3544 1057 qui
3567 987 3722 1057 juxta

2143 1080 2409 1136 latronem
2457 1081 2623 1151 200
2695 1081 3003 1134 dormirent
3059 1081 3368 1146 audiverat,
3438 1082 3723 1147 narravit;

2142 1172 2386 1242 dixitque
2421 1172 2744 1243 imperatori
2777 1191 2792 1227 :
2826 1171 2940 1227 Deo
2972 1173 3091 1227 laus
3123 1172 3218 1241 qui
3253 1187 3357 1242 cpe
3406 1179 3500 1226 tua
3552 1172 3725 1227 latro-

2142 1278 2267 1317 nem
2311 1264 2536 1330 recepit,
2571 1263 2785 1333 ipsique
2832 1263 3187 1330 condonavit,
3242 1271 3299 1318 ut
3351 1272 3407 1318 et
3449 1265 3721 1318 latronem

2144 1353 2382 1421 priorem
2420 1355 2473 1408 in
2511 1370 2677 1408 cruce
2716 1355 2979 1410 admisit:
3033 1354 3135 1409 fuit
3190 1356 3282 1408 ille
3335 1355 3571 1424 primus,
3630 1357 3722 1410 hic

2142 1445 2437 1500 secundus.
2475 1444 2646 1501 Porro
2676 1446 2913 1502 Hormoz
2946 1446 3029 1517 ill.
3065 1446 3491 1510 Anusherwani,
3518 1445 3721 1501 Persa-

2144 1551 2264 1591 rum
2297 1552 2389 1592 rex
2427 1537 2499 1593 ob
2537 1538 2831 1603 ferociam,
2865 1538 3120 1592 duritiem
3168 1545 3225 1592 et
3258 1537 3603 1609 tyrannidem
3635 1539 3723 1592 in-

2142 1626 2305 1683 famis
2339 1626 2461 1693 fuit,
2511 1629 2653 1683 male
2687 1629 2939 1684 homines
2971 1636 3233 1689 tractans.
3294 1641 3501 1698 eosque
3536 1629 3589 1681 in
3619 1643 3723 1681 an-

2141 1722 2354 1789 gustias
2413 1720 2713 1790 redigens;
2769 1720 2954 1775 multis
3004 1719 3351 1776 subditorum
3408 1734 3631 1775 suorum
3664 1721 3722 1775 in

2142 1827 2425 1868 carcerem
2464 1811 2733 1880 conjectis
2784 1821 2838 1867 et
2871 1810 2940 1866 dc
2993 1813 3165 1882 gradu
3220 1811 3554 1867 deturbatis.
3608 1812 3725 1867 Hoc

2144 1911 2327 1957 autem
2375 1904 2548 1961 modo
2582 1905 2714 1959 dum
2762 1919 2822 1959 se
2878 1911 3115 1973 gereret,
3172 1917 3302 1958 ecce
3351 1913 3546 1958 contra
3594 1921 3722 1961 eum

2143 1996 2428 2066 profectus
2457 2004 2544 2053 est
2574 1995 2801 2052 Cbakan
2837 2011 2963 2050 cum
2993 1996 3330 2051 exercitibus
3370 1998 3682 2053 numerosis
3707 2017 3723 2063 ;

2137 2089 2341 2159 quibus
2370 2090 2589 2145 obviam
2624 2089 2772 2144 misit
2799 2087 3038 2143 Hormoz
3073 2089 3249 2143 virum
3282 2088 3576 2158 quemdam
3612 2105 3718 2143 no-

2141 2184 2288 2238 mine
2311 2183 2663 2245 Bahramum,
2715 2181 2967 2237 Bahrami
3002 2181 3170 2236 lilium
3207 2180 3513 2251 (quietiam
3560 2182 3727 2238 Sunir

2146 2274 2349 2343 dictus)
2374 2317 2387 2337 ,
2412 2290 2536 2330 cum
2565 2275 2856 2329 duodecim
2889 2273 3121 2327 militum
3153 2272 3420 2329 millibus.
3445 2273 3726 2341 interiecit

2139 2382 2270 2437 ergo
2304 2366 2542 2421 Bahram
2601 2365 2768 2421 Sunir
2801 2364 3145 2431 Cltakannm,
3201 2352 3724 2435 copiasque'ipsius

2139 2458 2463 2527 spoliandas
2493 2458 2663 2516 dedit.
2702 2459 2771 2512 At
2803 2473 2926 2512 cum
2964 2458 3243 2529 negotium
3278 2458 3380 2513 hoc
3419 2473 3544 2513 cum
3574 2457 3720 2514 Cha-

2140 2553 2283 2608 kano
2316 2553 2708 2621 expedivisset,
2767 2552 2822 2606 in
2874 2561 3112 2605 mentem
3166 2565 3428 2606 revocans
3465 2550 3722 2606 llormozi

2139 2645 2400 2701 ferociam
2458 2656 2514 2701 et
2572 2644 2939 2716 tyrannidem,
2995 2657 3245 2713 quasque
3299 2643 3368 2696 de
3405 2641 3641 2697 ducibus
3671 2651 3726 2697 et

2140 2742 2477 2798 exercitibus
2514 2742 2629 2798 suis
2680 2740 3031 2810 suspiciones
3072 2738 3246 2792 malas
3282 2737 3507 2803 foveret,
3544 2738 3725 2792 timuit

2142 2835 2208 2888 ad
2240 2836 2416 2904 ipsum
2446 2833 2646 2895 redire,
2685 2832 2916 2899 ideoque
2938 2830 3068 2884 dum
3098 2829 3279 2883 adhuc
3315 2829 3368 2883 in
3400 2828 3722 2883 Charasano

2140 2940 2285 2982 esset
2339 2927 2395 2980 in
2447 2929 2626 2997 ipsum
2661 2924 2964 2989 rebellavit,
2999 2935 3327 2992 manumque
3355 2924 3421 2975 ab
3450 2921 3724 2990 obsequio

2142 3020 2245 3087 ipsi
2284 3016 2593 3087 pra'stando
2647 3016 2949 3071 subtraxit.
3005 3014 3281 3068 lrruentes
3311 3013 3474 3067 etiam
3512 3026 3635 3083 qua-
3667 3014 3722 3068 in

2147 3108 2325 3175 Eraco
2354 3119 2513 3166 erant
2546 3109 2716 3179 copiae
2765 3109 2818 3161 in
2851 3107 3205 3167 Hormozum.
3239 3104 3311 3158 ob
3343 3105 3546 3158 malum
3576 3103 3723 3174 quod

2144 3296 2461 3352 interimere
2495 3303 2675 3347 tamen
2721 3295 2902 3362 ipsum
2941 3290 3224 3345 timentes.

2212 3388 2339 3444 Fuit
2373 3399 2555 3443 autem
2580 3385 2853 3439 Hormozo
2871 3384 3014 3437 illius
3044 3381 3132 3436 cui
3159 3395 3359 3436 nomen
3390 3380 3581 3445 Cesra,
3613 3381 3704 3449 qui

2145 3481 2216 3537 ab
2242 3481 2364 3551 ipso
2393 3479 2447 3532 in
2491 3477 2827 3547 Aderbijano
2860 3475 3058 3530 abfuit.
3092 3472 3197 3529 ilic
3228 3473 3416 3528 audito
3455 3473 3589 3543 quid
3619 3473 3722 3525 Pa-

2143 3575 2217 3629 tri
2267 3589 2369 3627 suo
2410 3571 2706 3627 accidisset
2734 3585 2842 3624 una
2884 3584 3011 3624 cum
3057 3565 3365 3620 comitibus
3401 3567 3521 3622 suis
3564 3582 3722 3636 Opem

2143 3662 2503 3735 201-203
2535 3662 2641 3730 ipsi
2673 3663 2846 3716 latum
2887 3665 3126 3718 accessit
3154 3681 3168 3718 :
3213 3673 3269 3717 at
3298 3675 3421 3714 eum
3457 3659 3550 3713 illo
3581 3674 3724 3729 prae-

2142 3755 2334 3812 stando
2379 3770 2485 3810 non
2524 3761 2705 3817 esset,
2751 3754 2968 3823 fugiens
3017 3748 3297 3811 Romanos
3350 3766 3547 3807 versus
3603 3766 3724 3819 per-

2144 3850 2322 3911 rexit,
2370 3848 2635 3902 auxilium
2675 3862 2705 3901 a
2752 3845 3022 3901 Mauricio
3075 3848 3404 3918 imperatore
3460 3845 3724 3913 implora-

2144 3950 2283 4005 tum,
2325 3940 2618 4009 ipsumque
2649 3949 2711 3992 ut
2740 3952 2864 3992 eum
2900 3940 2954 3991 in
3001 3937 3164 3992 linem
3193 3937 3501 3992 exercitum
3532 3950 3720 3992 secum

2144 4033 2387 4087 mitteret
2439 4042 2732 4101 rogatum,
2790 4039 2915 4103 octo
2969 4044 3158 4084 secum
3199 4043 3425 4084 suorum
3491 4027 3722 4091 habens,

2145 4141 2362 4194 unaque
2389 4125 2692 4180 avunculos
2729 4137 2863 4178 suos
2887 4121 3128 4177 Nabdam
3150 4132 3205 4176 et
3241 4120 3547 4177 antanutu
3574 4137 3590 4186 ;
3631 4120 3723 4188 qui

2144 4215 2272 4270 dum
2302 4214 2453 4270 inter
2484 4213 2728 4269 eundum
2760 4213 2911 4266 inter
2940 4226 3002 4266 se
3031 4211 3322 4265 consilium
3371 4220 3631 4279 caperent
3657 4210 3725 4263 de

2145 4306 2368 4377 negotio
2407 4319 2530 4368 suo,
2580 4302 2745 4375 idque
2780 4301 3279 4372 pereiperetCesra
3324 4318 3342 4355 :
3380 4302 3549 4356 Dicite
3594 4300 3722 4354 mihi

2145 4395 2358 4465 inquit,
2414 4395 2545 4465 quid
2591 4404 2676 4451 est
2754 4396 2899 4460 quod
2946 4393 3238 4450 statuitis?
3282 4393 3723 4464 Responderunt,

2144 4486 2263 4544 Non
2286 4498 2366 4544 est
2395 4488 2669 4545 sententia
2692 4497 2882 4542 nostra
2909 4496 2967 4541 ut
3003 4502 3069 4541 ex
3095 4487 3197 4541 hac
3230 4486 3452 4559 regione
3476 4474 3724 4541 discedas

467 4593 661 4633 omnes
685 4578 739 4632 in
777 4578 970 4633 libram
1004 4578 1279 4646 conjicere
1318 4576 1454 4632 adeo
1487 4584 1543 4628 ut
1568 4576 1804 4632 lanciunt
1847 4577 2037 4645 altera,
2067 4579 2120 4638 Ι)
2148 4592 2441 4654 antequam
2516 4580 2851 4634 llormozum
2924 4578 3385 4633 interfecerimus.
3457 4577 3723 4633 Nolumus

465 4670 636 4725 altera
669 4669 928 4740 depressa
981 4671 1349 4737 ascenderet;
1386 4669 1594 4725 dixisse
1641 4685 1773 4740 ergo
1808 4671 2040 4725 alterum

463 4763 705 4817 virorum
743 4762 1107 4817 candidorum
1138 4762 1294 4817 socio
1326 4776 1427 4817 suo
1457 4777 1472 4816 :
1508 4761 1628 4817 Non
1662 4769 1747 4817 est
1775 4762 1933 4817 nobis
1955 4762 2069 4817 hiet

462 4854 718 4924 aliquid?
760 4853 1151 4924 Respondente
1203 4858 1392 4909 autem
1420 4853 1643 4908 altero:
1694 4853 1837 4918 Quid
1886 4854 2044 4909 nobis

464 4945 556 4998 hic
587 4955 754 5007 esset,
796 4958 941 5008 tcum,
962 4944 1206 5000 nondum
1240 4945 1445 5005 decem,
1470 4944 1589 5000 dies
1622 4945 1735 5000 sint
1763 4958 1826 4999 ex
1868 4961 1978 5014 quo
2013 4960 2042 4999 a

462 5036 750 5092 latrocinio
802 5038 1110 5093 exercendo
1157 5052 1462 5093 conversus
1494 5038 1611 5093 sit?
1668 5054 1813 5093 cun»
1846 5039 2042 5093 lectum

462 5128 801 5198 perscrutari
829 5132 1072 5200 aggressi
1102 5138 1308 5197 essent,
1345 5129 1417 5185 ibi
1454 5130 1735 5186 sudarium
1771 5145 1881 5200 quo
1913 5146 2046 5187 ocu-

463 5223 547 5277 los
579 5236 713 5278 suos
745 5222 1083 5278 absterserat
1123 5222 1421 5287 invenisse,
1478 5224 1623 5292 quod
1673 5238 1798 5277 cum
1837 5223 1890 5276 in
1929 5222 2046 5277 lan-

462 5313 605 5367 cium
659 5313 885 5367 alteram
959 5313 1258 5381 misissent,
1317 5311 1674 5369 descendisse
1726 5313 1871 5366 illam
1924 5327 2047 5381 qua:

466 5406 620 5474 prius
647 5406 836 5459 minus
870 5405 1159 5472 habuerat,
1210 5406 1424 5461 sublata
1482 5406 1652 5460 altera
1690 5405 1744 5459 in
1789 5421 1894 5475 qua
1927 5404 2046 5460 fue-

466 5510 591 5553 rant
628 5499 855 5563 chartae,
889 5499 1127 5568 illasque
1161 5513 1353 5553 omnes
1396 5498 1674 5567 dispersas
1708 5497 1898 5552 fuisse.
1934 5496 2044 5550 Ex.

461 5588 770 5646 clamantes
822 5606 954 5662 ergo
1004 5589 1261 5644 dixisse:
1314 5587 1453 5642 Vicit
1486 5588 1577 5642 Dei
1636 5586 2041 5664 misericordia,

461 5689 801 5753 acceptaque
827 5683 1006 5738 anima
1048 5694 1236 5739 secum
1266 5680 1442 5750 ipsam
1476 5680 1791 5742 abstulisse.
1824 5679 2039 5750 fugien-

465 5771 614 5828 tibus
640 5772 866 5844 Nigritis
896 5774 1107 5844 pudore
1153 5784 1207 5829 et
1241 5773 1472 5830 tristitia
1512 5770 1740 5828 aﬂ‘ectis.
1771 5772 2040 5845 Experrc-

387 5865 393 5871 '
452 5866 591 5951 .ctus
623 5876 754 5932 ergo
812 5867 1059 5925 medicus
1113 5868 1302 5924 statim
1345 5866 1412 5923 ad
1468 5865 1731 5921 latronem
1786 5867 2038 5932 tendens.

2145 4678 2288 4732 enim
2323 4673 2509 4748 {alias}
2537 4673 2860 4728 Mauricium
2900 4672 3136 4728 lloman.
3185 4672 3570 4741 imperatorem
3611 4671 3721 4724 adi.

2146 4785 2228 4834 re,
2268 4785 2359 4834 ne,
2394 4769 2440 4823 si
2485 4765 2772 4836 profectus
2805 4765 3042 4819 llormoz
3075 4763 3140 4817 ad
3172 4764 3352 4834 ipsum
3384 4765 3590 4818 scribat
3624 4780 3723 4819 nos

2145 4874 2173 4912 a
2213 4875 2273 4913 se
2305 4858 2530 4927 fugisse,
2564 4856 2725 4911 nobis
2755 4857 2902 4926 quod
2940 4854 3168 4908 minime
3188 4855 3451 4910 vellemus
3488 4856 3723 4910 accidat.

2147 4951 2375 5005 “eversi
2409 4965 2540 5020 ergo
2585 4949 2651 5004 ad
2685 4948 3019 5003 Hormozum
3062 4946 3243 5016 ipsum
3291 4945 3723 5003 interfecerunt.

2145 5044 2269 5097 dein
2312 5043 2377 5097 ad
2426 5042 2651 5097 Cesram
2685 5041 2981 5095 redeuntes
3017 5054 3126 5094 una
3162 5055 3287 5093 cum
3328 5040 3448 5109 ipso
3490 5039 3723 5107 profecti

2147 5143 2279 5190 sunt
2313 5135 2489 5189 donec
2527 5132 2596 5186 ad
2637 5132 3033 5186 monasterium
3073 5129 3350 5199 quoddam
3384 5128 3439 5181 in
3474 5131 3557 5182 via
3594 5144 3723 5197 per-

2147 5227 2467 5292 venientes,
2499 5225 2570 5279 ibi
2601 5224 2959 5279 diverterent.
3009 5221 3166 5276 Mane.
3202 5231 3383 5275 autem
3448 5220 3592 5275 facto
3631 5236 3721 5273 su-

2146 5330 2517 5393 pervenerunt
2570 5319 2704 5390 ipsis
2749 5319 2964 5389 equites
2994 5332 3135 5386 quos
3177 5315 3243 5369 ad
3280 5316 3429 5384 ipsos
3475 5330 3721 5385 qumrcn-

2144 5416 2247 5471 dos
2310 5417 2533 5470 miserat
2601 5411 2832 5466 Babratn
2896 5410 3086 5475 Sunir,
3152 5408 3354 5475 quibus
3415 5406 3749 5481 conspectis

2146 5507 2491 5563 moriendum
2537 5504 2639 5559 sibi
2696 5504 2922 5556 minime
2964 5499 3308 5555 dubitarunt.
3362 5498 3509 5581 Qixit
3561 5501 3721 5569 igitur

2147 5602 2256 5655 illis
2302 5598 2487 5653 Nabda
2529 5613 2543 5651 :
2598 5593 3017 5652 Proﬁciscimini
3055 5608 3174 5655 vos,
3210 5607 3297 5646 me
3323 5606 3462 5661 pone
3494 5591 3720 5654 relicto;

2147 5709 2248 5764 ego
2277 5707 2376 5747 vos
2402 5692 2687 5745 indemnes
2713 5686 3005 5759 praestabo.
3045 5684 3383 5739 Conscensis
3411 5698 3543 5753 ergo
3563 5682 3721 5747 equis

2146 5784 2222 5839 illi
2267 5784 2319 5839 in
2361 5782 2557 5836 itinere
2591 5786 2982 5849 perrexerunt,
3005 5775 3277 5843 ius-sitque
3302 5775 3490 5830 Nabda
3525 5775 3720 5843 ianito-

2148 5886 2259 5927 rem
2302 5870 2619 5933 monastcrii
2664 5875 2871 5936 portam
2917 5865 3190 5922 claudere.
3226 5864 3561 5921 Acccdeutes
3609 5876 3719 5918 au—
