4116 6454
457 413 586 480 1081

1816 426 1823 429 “
1894 423 2261 487 ANNALES.

3572 411 3711 477 1082

453 542 559 586 rem
593 531 810 601 equites
833 535 1230 589 monasterium
1260 536 1769 603 circumdederunt,
1793 537 1859 591 ad
1885 554 2027 607 «pios
2059 537 2100 594 Α
2131 536 2376 607 impellat
2405 536 2570 605 hujus
2604 533 2852 590 mulieris
2881 531 3141 589 ducendae
3173 545 3327 586 amor
3349 571 3363 595 ,
3400 537 3457 584 ut
3486 529 3711 585 deseras

451 626 760 683 ascendens
802 625 1013 693 Nabda,
1058 630 1200 683 Dicit
1248 631 1404 684 vobis
1429 630 1652 700 (inquit)
1683 631 1874 689 Cesra.
1925 630 2029 684 Su-

452 734 573 772 mus
603 734 705 773 nos
742 719 798 772 in
836 722 1091 777 manibus
1122 724 1323 778 vestris
1359 723 1523 795 205
1564 725 1707 793 quod
1736 726 1780 777 si
1815 726 2029 792 placeat

450 810 609 867 vobis
670 812 830 867 nobis
874 817 1195 880 permittere
1260 822 1319 870 ut
1383 817 1647 885 reliquam
1700 815 1869 883 huius
1919 815 2027 870 diei

452 913 658 972 partem
703 904 791 959 hic
830 906 1224 975 transigamus,
1264 906 1468 962 facite:
1522 908 1628 962 illis
1679 911 1782 963 hoc
1824 923 2027 963 conce-

452 994 734 1057 dentibus,
776 996 1101 1053 adveniente
1149 1007 1308 1054 nocte
1335 1015 1557 1054 rursum
1614 999 1923 1054 ascendens
1944 1007 2027 1052 at-

451 1099 559 1152 que
621 1085 755 1153 ipsis
808 1086 1300 1155 appropinquans,
1374 1086 1519 1142 Dicit
1593 1087 1820 1157 (inquit)
1870 1087 2026 1143 vobis

450 1176 659 1232 Cesra:
710 1176 933 1246 Magnas
964 1178 1122 1234 vobis
1153 1180 1359 1250 gratias
1404 1196 1544 1251 age,
1574 1181 1718 1250 quod
1762 1180 1808 1236 si
1846 1180 2027 1235 visum

361 1285 371 1294 ·
451 1268 612 1321 vobis
671 1267 832 1323 fuerit
874 1278 928 1323 et
967 1271 1320 1327 tenebrarum
1375 1281 1771 1329 nocturnarum
1816 1286 2025 1326 moram

452 1360 613 1415 nobis
641 1360 944 1417 concedere
973 1378 1148 1434 usque
1171 1366 1239 1419 ad
1267 1379 1551 1432 auroram,
1582 1373 1697 1419 tum
1722 1365 1927 1434 egressi
1958 1363 2026 1418 ad

452 1467 551 1506 vos
590 1468 699 1508 una
733 1453 1035 1522 profecturi
1072 1472 1304 1513 smnus:
1348 1457 1494 1526 quod
1531 1457 1697 1514 etiam
1720 1456 2028 1511 conceden-

452 1544 598 1600 tibus
641 1543 812 1614 ipsis,
850 1562 956 1601 non
1003 1547 1210 1604 destitit
1255 1548 1441 1606 Nabda
1472 1549 1661 1605 eodem
1693 1548 1856 1604 modo
1900 1562 2025 1602 cum

452 1636 559 1692 illis
602 1653 762 1708 agere
788 1640 964 1695 donec
1020 1641 1185 1696 sciret
1215 1640 1440 1699 Cesram
1472 1642 1759 1711 ipsiusque
1796 1641 2027 1723 comites

456 1733 688 1785 multum
739 1731 794 1785 in
845 1732 1043 1788 itinere
1071 1736 1447 1802 promovisse,
1497 1742 1552 1791 et
1579 1735 1645 1789 ad
1684 1741 1882 1788 terram
1926 1733 2029 1787 ali-

450 1837 615 1891 quam
664 1822 1013 1891 longinquam
1067 1824 1380 1892 pertigissc.
1412 1823 1553 1878 Tum
1603 1837 1732 1877 vero
1768 1822 2022 1879 Babrami

450 1914 649 1970 militea
743 1913 1024 1983 quomodo
1055 1930 1179 1991 cum
1218 1915 1352 1984 ipsis
1410 1929 1501 1969 res
1542 1915 1770 1969 haberet
1818 1914 2024 1967 certio-

450 2021 538 2060 res
567 2004 717 2061 fecit.
746 2004 848 2072 Qui
882 2022 1014 2076 ergo
1056 2007 1233 2077 ipsum
1295 2007 1540 2061 vinctum
1585 2006 1665 2060 ad.
1695 2005 2025 2060 Bahramum

449 2088 778 2162 defer-entes,
815 2097 946 2166 quid
997 2097 1132 2167 ipsis
1161 2097 1484 2168 contigisset
1524 2104 1847 2151 narrarunt.
1900 2096 2026 2165 ipse

449 2204 579 2241 vero
612 2188 768 2242 valde
822 2188 973 2241 illum
1006 2191 1243 2243 miratus
1272 2191 1325 2243 in
1356 2203 1581 2244 carcere
1620 2188 1853 2245 detineri
1907 2187 2027 2252 jus-

447 2284 513 2334 sit
555 2279 697 2351 apud
725 2295 984 2348 generum
1021 2281 1314 2350 quemdam
1352 2298 1513 2338 suum
1542 2282 1760 2338 nomine
1787 2280 2022 2335 Babram

446 2372 565 2427 Elin
621 2372 909 2437 Siachusi;
956 2373 1044 2427 ille
1074 2389 1205 2428 vero
1239 2373 1561 2443 pertrahere
1593 2375 1760 2441 cmpit
1811 2372 2022 2433 Babra-

445 2479 594 2525 mum
624 2462 942 2529 praedictum
985 2462 1051 2517 ad
1082 2463 1406 2531 obsequium
1436 2464 1640 2524 Cesrae,
1666 2466 1735 2516 ab
1782 2462 2023 2516 amicitia

445 2568 575 2607 vero
603 2553 790 2607 Suniri
811 2554 1154 2619 abstrahere,
1186 2553 1377 2608 dicens
1413 2552 1516 2622 ipsi
1548 2570 1563 2606 :
1609 2551 1891 2608 Suascri-n
1918 2565 2022 2619 ego

445 2645 543 2701 tibi
598 2653 659 2699 ut
691 2660 786 2715 per
823 2643 1050 2700 insidias
1095 2644 1362 2699 Sunirum
1391 2658 1421 2699 e
1454 2643 1637 2698 medie
1686 2643 1870 2708 tollas,
1911 2657 2022 2712 quo

443 2747 607 2807 pacto
645 2751 897 2808 magnam
935 2737 1079 2807 apud
1115 2734 1341 2792 Cesram
1374 2736 1604 2806 gratiam
1646 2734 1885 2791 initurus
1912 2751 2016 2792 cs:

443 2843 546 2884 nec
576 2828 792 2882 destitit
832 2827 935 2882 hac
959 2828 1026 2882 de
1078 2843 1139 2883 re
1170 2827 1423 2882 nuntium
1449 2836 1573 2898 post
1608 2826 1863 2881 nuntium
1890 2827 2019 2881 mit-

441 2929 561 2974 tere
590 2919 765 2973 donec
807 2933 903 2974 cor
944 2918 1117 2987 ipsius
1166 2917 1432 2984 ﬂexisset,
1474 2918 1612 2972 adeo
1667 2928 1725 2971 ut
1756 2915 2018 2971 Sunirum

442 3011 754 3066 interﬁcere
782 3020 1074 3066 conaretur
1097 3026 1121 3084 ς’
1141 3010 1285 3079 quod
1315 3025 1437 3062 cum
1466 3009 1814 3078 percepisset
1847 3006 2013 3063 Suni~

442 3120 539 3159 rus
569 3103 744 3157 occidi
788 3102 964 3172 ipsum
1003 3102 1191 3171 jussit.
1226 3100 1389 3173 Fugit
1416 3112 1598 3158 autem
1640 3102 1833 3156 Nabda
1874 3100 2015 3156 adeo

2131 629 2265 684 illud
2293 627 2441 698 quod
2472 628 2704 697 professi
2741 636 2867 682 sunt
2903 634 3089 696 patres
3123 624 3200 678 tui
3232 664 3247 687 ,
3281 638 3405 677 cum
3445 630 3708 691 praeterea

2131 737 2233 778 nec
2257 722 2332 776 sit
2364 721 2560 789 religio
2586 719 2899 776 Christiana
2928 733 2993 771 ea
3026 730 3187 784 quam
3241 723 3302 767 nt
3353 715 3706 779 amplecteris

2132 809 2369 879 probare
2399 823 2699 879 pessumus
2727 827 2741 863 :
2773 823 2898 861 cum
2926 805 3227 862 Christiani
3268 803 3538 870 fmdifragi
3572 805 3705 863 sint,

2130 918 2235 958 nec
2275 902 2442 957 verbo
2490 888 2734 970 ipso'um
2783 901 2918 956 fides
2955 899 3202 955 adhiberi
3239 898 3432 967 possit.
3464 896 3556 953 ille
3581 912 3710 952 vero

2135 996 2231 1049 ubi
2260 994 2616 1050 Christianus
2641 991 2820 1049 factus
2843 1001 2951 1054 est.
2985 990 3208 1060 scriptis
3235 990 3439 1045 litteris
3461 988 3528 1044 ad
3559 987 3710 1042 Man-

2136 1085 2335 1141 riciutn
2372 1064 2550 1154 ipsum
2581 1082 2701 1152 ejus
2735 1083 2813 1137 rei
2841 1082 3136 1137 certiorem
3171 1077 3323 1142 fecit,
3358 1080 3455 1147 qui
3486 1092 3617 1147 ergo
3648 1076 3711 1128 ii-

2131 1179 2259 1234 liam
2289 1190 2447 1234 suam
2469 1177 2534 1230 ad
2569 1176 2745 1246 ipsum
2781 1174 2930 1229 misit
2950 1188 3073 1227 cum
3104 1170 3223 1225 auri
3249 1178 3305 1224 et
3319 1170 3528 1237 argenti
3553 1168 3709 1235 copia

2127 1269 2385 1340 quaediei
2433 1283 2542 1322 non
2577 1275 2799 1338 potest,
2834 1280 3052 1333 unaque
3098 1278 3224 1318 cum
3276 1260 3628 1332 supellectilis
3656 1268 3711 1313 ct

2128 1361 2460 1417 famulorum
2509 1375 2574 1413 ac
2608 1358 2930 1417 ancillarum
2952 1355 3213 1412 comitatu
3238 1352 3455 1431 qualem
3480 1365 3509 1404 a
3528 1350 3621 1406 tali
3640 1350 3710 1404 ad

2127 1453 2291 1508 talem
2314 1451 2452 1507 mitti
2476 1450 2716 1506 deceret.
2757 1447 3007 1518 Aperwiz
3043 1446 3208 1502 Cesra
3236 1452 3421 1498 autem
3457 1443 3580 1497 illos
3613 1441 3727 1510 qui.

2126 1554 2334 1616 patrem
2408 1557 2568 1598 suum
2628 1540 3017 1597 interfecerant
3067 1538 3412 1608 prehendens
3440 1574 3455 1598 ,
3508 1534 3711 1604 ipsese

2129 1637 2309 1692 medio
2354 1635 2599 1693 sustulit.
2642 1632 2922 1690 interfecit
2987 1629 3232 1687 Nabdam
3295 1638 3355 1705 et
3384 1625 3707 1682 Nustamnm

2127 1727 2429 1782 avunculus
2449 1742 2606 1789 suos,
2624 1736 2739 1779 tum
2762 1734 2816 1780 et
2849 1723 3099 1779 subditos
3122 1736 3252 1776 suos
3304 1718 3593 1790 lyrannice
3613 1731 3701 1769 re-

2128 1833 2255 1889 gere
2279 1818 2529 1887 maleque
2555 1824 2792 1872 tractare
2839 1815 3043 1883 incepit
3074 1830 3090 1879 ;
3123 1809 3507 1882 congessitqne
3540 1823 3704 1877 epum

2132 1910 2255 1980 plus
2271 1924 2434 1980 quam
2457 1917 2672 1978 patrum
2692 1906 2866 1976 ipsius
2883 1904 3156 1975 quispiam
3179 1910 3553 1971 congesserat,
3566 1914 3711 1953 sum-

2131 2003 2432 2075 ptibusque
2445 2001 2713 2069 pepercit,
2737 1998 3005 2069 depositis
3032 1995 3331 2055 nobilibus.
3354 2008 3421 2048 ae
3442 1992 3705 2061 principi-

2128 2097 2231 2151 bus
2254 2096 2319 2150 ad
2345 2095 2699 2165 ignominiam
2735 2092 2994 2147 redactis.
3034 2090 3203 2143 Porro
3234 2085 3380 2155 quod
3403 2084 3469 2138 ad
3502 2083 3707 2139 Mauri-

2126 2190 2273 2244 cium
2304 2187 2680 2244 Romanorum
2720 2186 3133 2254 imperatorem,
3172 2166 3275 2236 fuit
3303 2180 3406 2249 ipsi
3436 2179 3697 2237 famulus.

2126 2296 2286 2349 quem
2310 2282 2513 2336 amavit
2531 2287 2586 2333 et
2604 2281 2669 2333 ad
2692 2277 3014 2348 dignitatem
3039 2275 3238 2338 erexit,
3273 2273 3497 2328 nomine
3528 2271 3705 2325 Theo-

2124 2374 2314 2439 dorus,
2342 2372 2637 2443 aliquando
2657 2380 2838 2425 tamen
2863 2370 2964 2437 ipsi
2998 2369 3172 2423 iratus
3194 2368 3435 2435 graviter
3471 2380 3705 2433 percus-

2123 2470 2220 2535 sit,
2243 2467 2387 2524 unde
2426 2467 2481 2522 in
2516 2467 2669 2520 illum
2705 2465 2843 2519 iram
2862 2464 3053 2518 animo
3075 2460 3347 2529 concepit.
3376 2458 3501 2513 Fuit
3519 2457 3695 2512 eideu;

2124 2559 2494 2633 [imperatori]
2542 2561 2689 2615 inter
2727 2558 2899 2614 duces
2961 2557 3135 2626 ipsius
3201 2554 3422 2625 quidam
3477 2551 3703 2606 nomine

2120 2653 2356 2717 Pbocas,
2406 2655 2495 2707 cui
2529 2653 2707 2707 iratus
2745 2651 2866 2704 fuit.
2903 2649 3046 2704 Dixit
3094 2663 3225 2718 ergo
3271 2647 3482 2713 Phocas
3529 2659 3701 2714 puero

2120 2742 2441 2806 Theodoro,
2477 2751 2766 2812 postquam
2802 2754 3058 2810 magnam
3112 2738 3216 2804 ipsi
3275 2736 3521 2806 pecunia:
3548 2750 3701 2788 sum-

2121 2850 2264 2888 mam
2302 2832 2584 2889 dedisset:
2620 2830 2754 2885 Arte
2792 2829 2972 2897 aliqua
3019 2827 3192 2881 utaris
3231 2841 3337 2894 qua
3376 2822 3698 2877 Mauricinm

2120 2926 2430 2982 interﬁcere
2472 2923 2678 2994 possis.
2710 2920 3069 2994 209-211
3111 2917 3249 2972 Puer
3280 2929 3437 2979 ergo,
3479 2930 3589 2984 prie
3620 2918 3699 2968 ira

2118 3033 2283 3086 quam
2328 3018 2381 3072 in
2425 3017 2608 3086 ipsum
2651 3014 2820 3070 corde
2857 3014 3185 3073 retinuerat,
3224 3018 3383 3064 noctu
3420 3009 3704 3075 ingresSus

2121 3111 2299 3181 ipsum
2350 3109 2655 3165 interfecit.
2681 3107 2971 3177 Imperium
3008 3087 3188 3159 autem
3225 3102 3516 3171 occupavit
3556 3100 3704 3155 Plin.

445 3205 506 3249 ut
531 3198 711 3265 ipsum
741 3196 963 3264 assequi
999 3210 1106 3250 non
1137 3205 1346 3261 posset.
1370 3195 1506 3250 Cum
1539 3210 1667 3249 vero
1687 3196 2013 3251 accessisset
2041 3210 2084 3270 ο
2118 3219 2233 3259 cas,

441 3286 798 3358 205-207
825 3287 994 3343 Cesra
1016 3288 1082 3341 ad
1117 3287 1441 3342 Mattrieium
1476 3288 1885 3355 imperatorem,
1923 3287 2015 3340 ille

440 3378 617 3446 ipsum
649 3377 889 3444 excepit,
922 3377 1181 3447 misitque
1205 3394 1328 3433 cum
1352 3377 1470 3453 ipso
1490 3377 1792 3432 exercitum
1820 3377 2012 3446 ingen-

441 3476 550 3524 tem
599 3471 693 3533 qui
729 3469 997 3523 auxilium
1048 3468 1150 3539 ipsi
1195 3467 1388 3524 ferret.
1426 3468 1717 3524 Profectus
1757 3477 1842 3524 est
1884 3485 2015 3539 ergo

437 3561 604 3615 Cesra
637 3576 746 3616 una
777 3576 901 3616 cum
933 3561 1106 3627 copiis
1133 3577 1273 3630 quas
1300 3577 1424 3616 cum
1451 3562 1574 3631 ipso
1608 3562 1833 3617 miserat
1856 3546 2021 3617 Man?

440 3652 614 3708 ricius
670 3668 766 3721 per
812 3654 954 3705 viam
1003 3651 1279 3708 Armeniae
1328 3670 1502 3724 usque
1532 3657 1658 3710 dum
1692 3656 1745 3709 in
1777 3657 2013 3711 Aderbi-

434 3746 528 3814 jan
575 3754 760 3801 castra
810 3753 1116 3814 ponerent,
1162 3744 1380 3799 obviam
1421 3728 1584 3801 etiam
1617 3748 1866 3802 veniente
1913 3748 2013 3817 ipsi

440 3836 708 3892 Bahramo
758 3837 927 3892 Sunir
974 3837 1152 3892 donec
1183 3837 1288 3907 ipsi
1322 3852 1388 3892 ce
1413 3837 1469 3892 ia
1508 3839 1630 3894 loco
1670 3848 2014 3903 occurreret,

438 3928 541 3987 Ubi
572 3931 758 3999 proelio
788 3932 933 3985 inter
964 3930 1114 4000 ipsos
1146 3932 1297 4001 gravi
1344 3932 1672 3997 commisso,
1724 3933 1778 3987 iu
1829 3933 2013 4001 fugam

436 4036 742 4076 conversus
796 4021 964 4075 Sunir
996 4037 1173 4092 usque
1213 4024 1279 4079 ad
1329 4022 1540 4079 Turcas
1581 4024 1845 4094 perrexit.
1893 4025 2013 4080 Non

437 4113 648 4168 destitit
678 4122 861 4167 autem
897 4113 1068 4168 Cesra
1122 4130 1217 4185 per
1253 4116 1489 4172 insidias
1536 4131 1699 4186 agerc
1731 4118 1908 4173 donec
1940 4119 2012 4174 ibi

438 4204 885 4261 interficiendum
918 4216 1194 4262 curasset.

505 4298 752 4368 Regnum
795 4314 928 4371 ergo
976 4302 1267 4371 occupavit
1306 4303 1473 4359 Cesra
1526 4303 1672 4359 ﬁlius
1721 4302 2011 4369 llormozi,

435 4388 532 4459 qui
566 4388 819 4458 Aperwiz
846 4393 1272 4461 cognominatus
1306 4403 1415 4459 est,
1449 4410 1625 4450 annos
1652 4396 1876 4466 triginta
1918 4412 2015 4450 ne-

435 4498 597 4549 vem,
655 4482 818 4552 idque
850 4497 996 4539 anno
1040 4483 1249 4554 imperii
1301 4484 1588 4552 Mauricii,
1638 4486 2008 4542 Romanorum

436 4573 808 4644 imperatoris,
856 4576 1108 4644 septimo.
1155 4574 1411 4631 Stabilito
1442 4586 1625 4633 autem
1677 4578 1791 4646 jam
1843 4593 2011 4649 penes

432 4665 653 4722 Cesram
701 4682 908 4739 regno.
946 4670 1159 4725 remisit
1213 4669 1302 4724 ille
1372 4668 1640 4724 Mauricio
1691 4669 2010 4740 imperatori

433 4759 622 4827 copias
657 4774 810 4824 suas,
850 4775 946 4814 eas
978 4762 1138 4815 donis
1161 4769 1228 4831 ct,
1257 4763 1579 4819 muneribus
1607 4803 1622 4824 ,
1680 4778 1711 4818 e
1747 4770 2011 4832 prazstau-

434 4848 664 4905 tissimis
686 4864 878 4905 eorum
910 4865 1032 4919 qua:
1067 4866 1096 4903 a
1135 4850 1229 4904 tali
1264 4850 1318 4904 in
1356 4850 1490 4906 tales
1527 4849 1771 4906 conferri
1808 4850 2010 4914 solent,

433 4937 735 4991 instructas
794 4937 994 4993 dimitti
1042 4937 1270 5004 jubens.
1336 4937 1574 5008 Scripsit
1638 4939 1863 5008 insuper
1942 4939 2006 4992 ad

431 5025 751 5080 Maurit-ium
780 5025 1165 5093 imperatorem
1200 5027 1365 5080 filiam
1414 5025 1610 5097 ipsius.
1651 5031 1870 5083 nomine
1894 5026 2009 5081 Ma-

434 5118 594 5182 riam,
641 5119 712 5172 ab
766 5118 884 5188 ipso
933 5118 986 5170 in
1038 5133 1260 5172 uxorem
1291 5119 1666 5188 petenszacui
1726 5120 2009 5188 rescripsit

433 5208 733 5271 Mauricius
779 5227 794 5265 :
832 5209 946 5264 Non
1011 5210 1139 5264 licet
1191 5210 1324 5264 mihi
1382 5212 1550 5265 ﬁliam
1597 5226 1771 5265 meam
1819 5213 1916 5266 tibi
1953 5212 2004 5266 iu

435 5317 658 5355 uxorem
717 5303 873 5366 dare,
934 5303 1038 5357 nisi
1088 5301 1406 5373 religionem
1464 5302 1837 5358 Christianam
1887 5319 2008 5357 am-

435 5394 686 5463 plectaris
718 5411 732 5448 :
763 5395 850 5450 cui
879 5410 1130 5450 annuens
1155 5394 1323 5450 Ccsra
1368 5394 1852 5450 Christianismum
1887 5411 2005 5449 ain--

435 5488 627 5556 plexus
660 5497 764 5551 est,
796 5489 1146 5557 culpantibus
1168 5489 1348 5559 ipsum
1384 5489 1699 5552 comitibus.
1736 5472 2006 5546 consilia-

433 5578 548 5642 riis,
586 5594 648 5635 ac
679 5578 912 5634 ducibus
944 5583 1082 5646 suis,
1115 5592 1166 5635 et
1191 5581 1540 5636 dicentibus:
1591 5578 1707 5637 Hoc
1742 5592 1797 5638 et
1846 5583 2006 5640 nobis

433 5669 641 5739 tibique
683 5685 786 5724 una
858 5671 909 5724 in
951 5672 1306 5740 opprobrium
1342 5674 1540 5738 cedet;
1594 5689 1698 5729 nee
1757 5675 1828 5729 ita
1874 5674 2005 5730 feeit

430 5769 558 5817 ante
594 5774 645 5818 tc
666 5757 940 5834 quispiam
971 5780 1000 5819 e
1031 5765 1318 5821 Persarum
1352 5766 1574 5837 regibus
1598 5766 1668 5821 ab
1697 5767 2003 5824 Azdasbiro

436 5854 539 5908 huc
583 5868 763 5924 usque
802 5864 1015 5925 tempus
1058 5875 1070 5910 :
1129 5856 1293 5930 208
1353 5875 1418 5913 ne
1468 5871 1650 5916 autem
1688 5870 1739 5915 te
1771 5860 1837 5914 ad
1886 5859 1998 5916 lucc

2188 3293 2479 3363 Imperavit
2525 3309 2655 3363 ergo
2722 3293 2935 3348 Pbocas
2986 3290 3250 3346 Romanis
3297 3295 3423 3344 octo
3474 3301 3691 3345 annos.

2117 3389 2282 3457 idque
2320 3403 2467 3443 anno
2524 3388 2678 3456 regni
2742 3386 2926 3442 Crsrze
2967 3384 3256 3439 Persarum
3295 3382 3455 3452 'regis
3490 3382 3699 3434 decium

2116 3482 2334 3553 quinto.
2374 3479 2434 3535 In
2464 3479 2714 3536 Mauricii
2752 3480 2915 3532 etiam
2942 3477 3147 3531 liberos
3183 3488 3305 3530 cum
3339 3487 3537 3527 manus
3571 3469 3701 3535 inii-

2118 3573 2273 3629 eiens
2305 3571 2520 3627 Pbocas
2553 3585 2649 3625 eos
2681 3569 3008 3628 trucidaret.
3041 3567 3229 3622 nutrix
3256 3566 3503 3633 ipsorum
3531 3578 3697 3614 unum

2119 3679 2311 3720 eorum
2339 3663 2676 3735 prehensum
2707 3659 3080 3720 abscondens,
3109 3657 3276 3711 [ilium
3302 3655 3422 3723 ejus
3458 3654 3573 3707 vice
3603 3667 3698 3705 oc-

2118 3753 2417 3808 cidendum
2449 3752 2697 3808 tradidit.
2732 3749 2874 3805 Puer
2905 3750 3010 3804 iste
3031 3763 3155 3802 cum
3194 3745 3546 3810 adolevisset,
3582 3758 3697 3796 mo-

2118 3849 2331 3903 nachus
2382 3847 2561 3901 factus
2606 3846 2664 3899 in
2715 3851 2898 3898 monte
2942 3838 3111 3904 Sina,
3165 3847 3416 3894 mortuus
3469 3845 3576 3891 est.
3627 3837 3696 3888 At

2115 3938 2308 4002 Cesra,
2342 3935 2603 3992 Hermozi
2633 3934 2801 3999 ﬁlius,
2844 3931 3038 3986 audito
3071 3927 3394 3984 Mauriciuin
3424 3941 3546 3982 cum
3579 3940 3697 3978 om-

2117 4030 2279 4085 nibus
2304 4027 2481 4098 ipsius
2507 4025 2637 4081 ﬁliis
2676 4023 3025 4079 interfectum
3061 4036 3205 4082 esse.
3239 4017 3556 4074 convocatis
3593 4006 3711 4071 eo?

2118 4121 2340 4176 mitilms
2384 4119 2502 4176 suis
2531 4117 2668 4174 dixit
2702 4116 2878 4186 ipsis:
2924 4112 3160 4169 Necesse
3188 4113 3318 4165 mihi
3360 4117 3531 4165 estut
3564 4123 3693 4163 san-

2115 4212 2336 4282 guinein
2385 4209 2561 4264 soceri
2616 4208 2722 4262 mei
2772 4208 3071 4274 requiram,
3120 4205 3411 4273 ipsumque
3459 4200 3694 4254 ulciscar

2117 4301 2437 4372 (instigante
2496 4301 2563 4353 ad
2618 4300 2723 4354 boc
2772 4300 2952 4369 ipsum
2994 4297 3228 4368 conjuge
3267 4296 3441 4364 ipsius
3490 4294 3691 4357 Maria,

2119 4392 2368 4447 Mauricii
2404 4390 2560 4459 ﬁlia).
2601 4390 2698 4445 Cui
2731 4388 3453 4460 responderuntconsiliarii
3484 4389 3690 4456 ipsius:

2118 4482 2232 4539 Nos
2281 4492 2430 4539 certe
2482 4484 2576 4537 tibi
2633 4482 2870 4537 diximus
2936 4480 3268 4537 Christianis
3316 4496 3416 4535 nec
3473 4490 3689 4550 pactum

2044 4554 2088 4609 ο
2114 4590 2238 4630 esse
2272 4591 2371 4630 nec
2404 4575 2588 4638 ﬁdem,
2641 4590 2740 4627 nec
2781 4574 3001 4630 foedus:
3051 4583 3107 4627 tu
3145 4587 3277 4628 vero
3313 4572 3471 4628 nobis
3504 4586 3688 4626 aurem

2114 4669 2358 4739 praabere
2393 4667 2616 4722 noluisti
2663 4684 2676 4719 :
2723 4667 2866 4736 quod
2915 4665 2959 4720 si
2996 4666 3105 4719 ulla
3136 4665 3271 4733 ipsis
3299 4663 3527 4720 foederis
3558 4680 3688 4717 cura

2113 4764 2194 4817 vel
2221 4761 2354 4816 ﬁdes
2374 4759 2588 4826 fuisset,
2654 4774 2833 4829 regem
2857 4774 3017 4813 suum
3053 4773 3158 4811 non
3190 4757 3545 4812 occidissent.
3570 4754 3687 4810 iam

2113 4870 2241 4910 vero
2292 4854 2405 4924 regi
2442 4852 2577 4907 illud
2608 4852 2996 4913 iudicabimus,
3027 4849 3170 4919 quod
3210 4849 3256 4904 si
3292 4846 3687 4910 fecerit,corda

2112 4947 2249 5018 ipsis
2299 4944 2996 5006 inflectet.fundamentum
3025 4942 3303 4997 concutiet
3329 4980 3344 5005 ,
3392 4949 3447 4995 et
3476 4940 3690 5010 religio-

2112 5056 2233 5097 nem
2271 5041 2518 5107 ipsorum
2563 5028 2629 5091 ad
2678 5036 2910 5091 nihilum
2942 5034 3193 5105 rediget;
3246 5034 3390 5104 quod
3427 5034 3533 5088 hoc
3565 5042 3688 5093 est;

2110 5141 2171 5186 ut
2208 5145 2331 5183 eum
2366 5129 2437 5185 sit
2462 5127 2598 5198 ipsis
2627 5127 2825 5181 demus
2870 5124 3267 5197 Hierosolymis
3297 5142 3460 5196 quam
3507 5127 3685 5194 magni

2111 5220 2346 5286 faciunt,
2392 5219 2621 5273 mittens
2671 5220 2847 5285 ipsam
2894 5217 3110 5282 diru'as,
3133 5226 3320 5286 utpote
3360 5233 3463 5286 qua
3507 5217 3688 5269 diruta

2108 5311 2531 5365 inﬁrmabuntnr
2558 5309 2800 5378 ipsorum
2831 5307 2995 5368 vires.
3026 5307 3160 5363 etin
3208 5314 3576 5374 contemptum
3604 5322 3687 5358 re-

2107 5403 2323 5473 digetur
2370 5402 2680 5469 imperium.
2750 5400 2912 5471 212
2974 5399 3121 5453 Misit
3172 5414 3300 5468 ergo
3357 5414 3387 5452 e
3449 5396 3686 5453 ducibus

2107 5495 2224 5550 suis
2245 5493 2538 5565 quemdam
2572 5492 2792 5546 nomine
2835 5489 3333 5547 Cliorawazaibuiu
3368 5487 3680 5558 Ilierosoly~

2110 5600 2196 5641 ma
2220 5625 2235 5648 ,
2269 5586 2362 5657 qui
2388 5584 2515 5653 ipsa
2541 5591 2787 5640 vastaret
2830 5599 2843 5635 :
2890 5583 3057 5637 alium
3089 5580 3254 5635 etiam
3297 5579 3350 5633 in
3392 5574 3681 5649 Egyptum

2106 5687 2161 5730 ct
2191 5676 2573 5732 Alexandriam
2600 5676 2691 5744 qui
2723 5673 2998 5729 liutnanos
3028 5672 3101 5728 ibi
3139 5671 3482 5741 conquisitos
3510 5670 3683 5723 inter-

2107 5768 2316 5824 ticeret.
2392 5767 2508 5837 Ipse
2571 5767 2739 5823 Ccsra
2813 5763 3340 5834 Constantinopolim
3400 5761 3673 5833 profectus

2104 5876 2223 5916 eam
2259 5860 2672 5930 quatuordcciin
2720 5859 2878 5915 anuis
2923 5858 3153 5913 obsidet.
3200 5854 3317 5911 Jam
3355 5871 3483 5911 vero
3524 5854 3671 5910 Che-
