4116 6406
412 380 552 446 1083

1398 388 1775 452 EUTYCHII
1827 393 2373 460 ALEXANDRINI
2416 401 2639 465 PATR.

3532 414 3669 482 1084

407 497 753 555 raw:=-zaibus
788 499 1119 557 Damascum
1136 500 1421 572 prolectus
1453 507 1626 577 ipsam
1659 509 1895 563 vastavit
1925 524 1989 563 ae
2013 507 2065 568 Δ
2088 518 2199 569 tem
2221 513 2288 567 ad
2315 515 2604 571 ecclesiam
2636 519 2964 590 pertigeram
2985 536 3111 576 cum
3138 537 3424 583 assecutus
3450 545 3533 585 me
3555 506 3671 602 qui-

406 591 712 662 incolarum
762 592 912 646 bona
950 593 1185 664 diripuit
1229 612 1245 650 :
1293 597 1491 651 deinde
1544 613 1672 652 cum
1731 599 1990 657 Hieroso-

411 683 553 754 lyma
607 685 859 740 tenderet
907 689 1224 758 congregati
1280 697 1409 744 sunt
1466 691 1533 744 ad
1585 693 1764 761 ipsum
1814 692 1990 751 Judzi

407 775 709 846 (quotquot
761 777 816 833 in
868 778 1195 849 Tiberiade,
1242 792 1430 838 monte
1457 783 1718 850 Calilaun,
1759 788 1992 846 Nazare-

410 871 527 937 tha,
576 873 936 941 partibusque
960 875 1341 943 adiacentibus
1371 866 1578 949 eranb,
1633 896 1700 937 ac
1731 880 1992 940 Hieroso-

409 961 556 1030 lyma
586 963 818 1030 profecti
853 966 1039 1021 Persis
1064 966 1361 1035 intemplis
1393 970 1684 1051 diruendis
1715 975 1989 1032 Christia-

410 1052 611 1121 nisque
658 1056 1000 1110 trucidandis
1039 1072 1201 1126 opem
1264 1058 1533 1116 tulerunt.
1603 1062 1985 1137 Hierosolyma

408 1146 578 1215 igitur
626 1148 722 1202 ubi
769 1150 1132 1216 pervenisset,
1181 1153 1363 1222 primo
1410 1156 1659 1210 omnium
1691 1160 1989 1213 ecclesiam

405 1237 836 1294 Cesmaniticatn
879 1241 1072 1305 diruit,
1122 1260 1227 1301 nee
1257 1262 1366 1301 nou
1415 1247 1714 1304 Ecclesiam
1748 1249 1990 1318 "elemr,

405 1343 643 1398 quarunt
666 1342 906 1402 utraque
945 1333 1002 1388 in
1040 1335 1193 1391 hunc
1218 1349 1398 1407 usque
1418 1337 1566 1395 diem
1604 1342 1852 1397 desolata
1879 1359 1988 1397 ma-

406 1429 518 1475 net.
555 1420 731 1476 Diruit
757 1422 918 1477 etiam
952 1425 1220 1483 ecclesias
1255 1428 1630 1501 Constantini,
1659 1433 1866 1494 Cranii.
1931 1445 1986 1490 et

406 1511 691 1583 Sepulcri;
741 1517 796 1570 in
838 1519 1099 1575 Cranium
1129 1531 1185 1576 et
1213 1524 1537 1592 Sepulcrum
1569 1527 1771 1596 injecto
1816 1530 1942 1600 igne
1965 1569 1981 1595 ,

403 1605 700 1659 maximam
741 1608 911 1664 etiam
941 1614 1096 1668 urbis
1127 1625 1339 1684 partem
1366 1616 1537 1672 diruit
1561 1657 1577 1681 ,
1626 1618 1839 1677 Judmis
1874 1639 1983 1679 una

402 1711 526 1749 cum
576 1697 759 1754 Persis
792 1699 1147 1762 Christianos
1195 1707 1519 1766 inntnneros
1553 1713 1981 1772 occidentibus:

402 1798 534 1870 sunt
564 1789 641 1843 illi
676 1792 845 1846 occisi
880 1795 973 1864 qui
996 1795 1391 1870 Hierosolymis
1418 1801 1605 1871 jaceat
1632 1804 1836 1860 inloco
1866 1806 1979 1862 Ma-

404 1881 542 1935 mela
592 1884 886 1951 appellato.
919 1886 1097 1945 Persae
1141 1901 1323 1947 autem
1358 1903 1650 1965 postquam
1706 1897 1982 1955 incendis-

402 1977 548 2035 sent,
579 1980 888 2029 vastassent
924 1986 980 2032 ct
1038 1980 1394 2050 occidissent,
1432 1987 1639 2043 reversi
1662 1987 1982 2044 Zachariam

403 2064 772 2132 patriareham
820 2066 1376 2144 Hierosolymitanum
1403 2086 1661 2136 una‘cum
1698 2082 1826 2138 aliis
1847 2085 1985 2138 mul-

404 2156 474 2211 tis
523 2158 800 2227 captivum
844 2162 1216 2230 abduxerunt.
1275 2168 1504 2240 Lignum
1561 2173 1724 2228 etiam
1776 2176 1981 2243 erucis,

403 2249 553 2317 quod
588 2250 709 2305 loco
741 2253 835 2306 illo
857 2255 1151 2324 reliquerat
1175 2257 1381 2316 Heieua
1415 2262 1762 2333 intperatrix,
1790 2268 1977 2325 abstu-

406 2338 585 2397 lerunt
624 2340 751 2412 (fuit
795 2353 977 2400 autent
1009 2349 1112 2418 pali
1146 2352 1329 2407 entcis
1366 2355 1555 2425 pars);
1597 2357 1745 2427 quod
1777 2369 1830 2415 et
1875 2377 1982 2416 una

403 2448 530 2489 cum
561 2435 908 2510 2133215
942 2443 1175 2512 captivis
1217 2446 1567 2514 deportatum
1623 2460 1708 2508 est
1753 2454 1809 2508 in
1857 2454 1997 2515 Per-t

402 2529 562 2583 siam.
615 2530 769 2586 Dono
803 2533 971 2604 igitur
1023 2536 1145 2592 dari
1189 2540 1296 2595 sibi
1331 2555 1360 2594 a
1405 2541 1572 2599 Cesra
1627 2554 1825 2615 petens
1874 2549 1986 2605 lla-

403 2620 509 2686 tia,
540 2621 785 2680 Mauricii
820 2627 925 2683 lilia
951 2671 967 2694 ,
1003 2630 1210 2702 lignum
1239 2637 1422 2690 crucis
1453 2646 1507 2691 et
1536 2637 1859 2698 Zachariam
1886 2660 1983 2714 pa-

403 2718 741 2783 triarcbatn,
796 2724 1108 2795 multosque
1145 2729 1323 2783 exiis
1377 2731 1471 2799 qui
1512 2734 1711 2801 captivi
1760 2737 1987 2795 abducti

403 2823 554 2878 sunt,
595 2814 743 2882 ipsos
767 2818 836 2869 ad
871 2834 939 2897 se
970 2818 1195 2875 domum
1238 2840 1395 2880 suam
1435 2827 1668 2897 recepit,
1704 2830 1801 2883 ubi
1832 2846 1982 2888 man-

402 2916 612 2961 serunt.
660 2907 1018 2980 Mortuusque
1056 2921 1143 2970 est
1173 2914 1470 2975 Zacharias
1498 2960 1514 2986 ,
1561 2923 1875 2991 patriarcha
1932 2926 1983 2978 iu

400 3007 505 3063 cap
530 2996 740 3054 ivitate.
765 2998 1058 3071 Postquam
1101 3016 1281 3062 autem
1319 3014 1568 3079 captivus
1595 3014 1861 3072 abductus
1900 3029 1979 3074 est

401 3085 701 3144 Zacharias
755 3092 1015 3149 cathedra
1067 3093 1559 3173 Hierosolymitana
1609 3106 1821 3176 absque
1886 3126 1984 3179 pa-

403 3181 639 3236 triarcba
685 3187 888 3241 mansit
921 3204 1096 3246 annos
1133 3193 1463 3262 quindecim.
1562 3234 1570 3241 -

479 3272 648 3329 Porro
676 3292 821 3333 anno
843 3281 1059 3350 imperii
1088 3283 1291 3340 Phocm
1314 3297 1511 3355 quarto
1537 3287 1715 3348 factus
1742 3302 1826 3348 est
1860 3292 1987 3347 Ser-

408 3364 531 3430 gius
571 3367 883 3425 patriarcha
899 3371 1571 3446 Constantinopolitanus,
1603 3383 1693 3450 qui
1721 3382 1983 3439 M.tronita

406 3458 530 3515 fuit.
567 3460 723 3517 Sedit
751 3478 926 3521 annos
974 3468 1167 3537 viginti
1214 3471 1369 3527 duos.
1399 3473 1555 3529 Anno
1590 3476 1806 3546 imperii
1835 3481 1987 3550 ejus-

406 3552 528 3607 dem
561 3555 811 3611 secundo
842 3561 1183 3618 constitutus
1215 3572 1296 3620 est
1324 3563 1648 3623 Theodorus
1674 3570 1986 3640 patriarcha

404 3645 831 3716 Alexandrinus;
863 3651 958 3721 qui
989 3668 1114 3708 cum
1149 3655 1292 3713 duos
1325 3673 1501 3716 annos
1545 3661 1797 3724 sedisset.
1835 3656 1985 3731 mpr-

406 3750 537 3795 tuns
570 3748 676 3796 est.
707 3743 866 3800 Anno
894 3744 1106 3816 imperii
1149 3748 1393 3819 ejusdem
1424 3764 1621 3824 quarto
1647 3756 1987 3815 constitutus

404 3842 487 3888 est
515 3832 756 3892 Joannes
804 3836 1114 3897 Misericors
1167 3832 1477 3911 patriarcha
1533 3845 1944 3903 Alexandrinus
1964 3859 1993 3915 ς’

404 3942 578 3982 annos
603 3929 789 3985 decem
822 3929 983 3995 sedit,
1011 3932 1136 3987 dein
1173 3942 1425 3993 mortuus
1470 3947 1577 3993 est.
1606 3939 1978 4007 Cognomina-

404 4028 495 4072 tus
522 4029 605 4074 est
638 4026 822 4076 autem
858 4019 1164 4082 Misericors
1223 4027 1344 4084 ideo
1384 4029 1530 4099 quod
1558 4031 1640 4100 (ut
1686 4033 1986 4103 narratur),

405 4128 528 4165 cum
563 4129 765 4184 genere
798 4107 1058 4187 Cypriota
1108 4126 1294 4187 esset,
1344 4120 1543 4177 viderit
1593 4123 1647 4177 in
1690 4123 1982 4191 insomnio,

405 4222 581 4260 annos
626 4214 739 4262 tum
788 4196 953 4264 natus
990 4210 1329 4279 quindecim,
1381 4215 1666 4270 mulierem
1708 4230 1833 4293 qua;
1861 4218 1981 4287 pul-

403 4298 717 4354 cbritudine
743 4301 911 4355 solem
945 4302 1194 4371 referret,
1228 4313 1521 4362 astantem.
1583 4305 1718 4373 Qum
1756 4308 1987 4380 (inquit)

406 4395 548 4447 latus
585 4394 714 4447 mihi
760 4396 1030 4466 pupugit;
1076 4412 1242 4467 quam
1279 4413 1402 4453 cum
1434 4398 1852 4470 expergefactus
1898 4401 1986 4457 in-

407 4498 612 4553 tuerer,
642 4486 752 4542 dixi
783 4507 797 4542 :
823 4484 930 4557 Tu,
962 4505 1212 4557 quaenam
1241 4491 1340 4547 es?
1366 4500 1420 4547 et
1449 4492 1729 4562 quomodo
1756 4507 1890 4550 ausa
1927 4509 1986 4550 es

405 4581 473 4633 ad
502 4595 588 4635 me
677 4578 782 4635 hoc
876 4587 1119 4649 tempore
1161 4581 1466 4638 accedere?
1505 4582 1607 4637 fuit
1640 4591 1821 4639 autem
1874 4584 1977 4654 ipsi

406 4672 460 4725 itt
491 4672 667 4741 capite
697 4688 900 4728 corona
932 4673 1183 4745 oleagina
1207 4716 1221 4739 ,
1259 4673 1511 4744 Dixitque
1538 4691 1551 4728 :
1583 4675 1715 4729 Sum
1757 4693 1857 4747 ego
1901 4693 1984 4732 re-

407 4763 489 4832 gis
522 4764 653 4830 lilia,
684 4763 831 4835 quod
865 4763 910 4819 si
941 4779 1027 4819 me
1064 4764 1163 4819 tibi
1207 4764 1438 4842 amicam
1475 4762 1671 4820 feceris
1704 4765 1770 4820 ad
1803 4781 1983 4835 regem

408 4866 460 4909 te
503 4855 871 4923 introducam;
924 4871 1096 4925 neque
1145 4856 1294 4912 enim
1351 4856 1639 4928 quisquam
1689 4858 1757 4911 ad
1809 4857 1989 4928 ipsum

327 4952 342 4966 '
407 4948 550 5003 viam
605 4965 758 5018 atque
804 4958 1111 5005 monstrare
1159 4957 1337 5016 potest
1369 4964 1432 5004 ac
1475 4964 1612 5017 ego;
1666 4948 1833 5022 216
1865 4949 1989 5003 ideo

407 5041 620 5096 scilicet
644 5043 774 5110 quia
805 5058 907 5111 ego
940 5044 1118 5110 ipsum
1175 5042 1226 5096 in
1279 5050 1481 5096 terram
1520 5042 1707 5107 traxi;
1762 5056 1858 5111 per
1904 5057 1991 5098 me

405 5134 551 5187 enim
583 5133 811 5189 veniens
845 5135 1165 5190 incarnatus
1203 5142 1309 5196 est,
1337 5148 1402 5188 ac
1431 5132 1684 5188 homines
1713 5133 1984 5186 liberavit.

406 5225 543 5280 Tum
581 5241 610 5279 a
648 5242 734 5281 me
763 5226 1041 5283 discessit.
1083 5225 1191 5295 Ego
1219 5241 1372 5291 vero,
1427 5225 1506 5280 lie
1539 5240 1668 5279 vera
1704 5224 1976 5294 (inquam)

405 5327 490 5372 est
531 5319 645 5374 haec
680 5317 1074 5375 Misericordia.
1096 5317 1405 5390 Statimque
1438 5333 1669 5389 surgens
1702 5314 1988 5371 ecclesiam

410 5411 578 5480 petii;
632 5426 741 5481 quo
778 5411 906 5465 dum
949 5411 1265 5472 teuderem,
1316 5425 1446 5465 ecce
1499 5409 1552 5463 in
1608 5409 1697 5462 via
1750 5405 1993 5463 occurrit

411 5504 544 5558 mibi
578 5501 900 5574 peregrinus
934 5502 1155 5574 quidam
1187 5500 1369 5557 nudus
1413 5519 1427 5557 :
1462 5500 1566 5555 l‘uit
1592 5509 1772 5555 autem
1817 5492 1990 5569 frigus

408 5600 727 5662 vehemens,
770 5607 1090 5669 tempusque
1119 5598 1442 5657 hibernum;
1499 5610 1669 5666 quare
1696 5592 1991 5648 amiculum

410 5704 520 5753 qua
556 5689 780 5743 indutus
811 5705 960 5744 eram
1023 5706 1233 5745 exuens
1277 5688 1381 5759 ipsi
1418 5687 1540 5742 dedi
1572 5704 1587 5753 ;
1620 5695 1734 5739 tum
1777 5701 1989 5740 merum

415 5777 597 5831 animo
630 5780 741 5832 dixi
777 5794 790 5829 :
821 5780 937 5834 Jam
972 5783 1150 5836 ‘sciam
1195 5793 1375 5836 utrum
1428 5795 1617 5834 verum
1671 5779 1831 5832 fuerit
1887 5778 2031 5855 boc_

412 5863 561 5932 quod
593 5866 702 5919 vidi
741 5874 937 5933 visttm,
974 5886 1044 5924 an
1083 5888 1110 5924 a
1138 5872 1356 5927 diabolo
1387 5872 1570 5926 fuerit.
1614 5869 1859 5924 Nondum
1896 5886 1993 5924 au-

2017 4539 2069 4602 D

2096 603 2245 671 dam,
2282 609 2373 661 cui
2406 619 2587 665 vestes
2616 611 2859 668 candore
2883 615 3043 670 niveo
3068 626 3246 684 erant,
3281 620 3412 691 mihi
3451 637 3668 680 centum

2093 709 2289 753 aureos
2316 700 2557 756 traderet
2581 703 2663 773 (in
2689 705 2872 775 aliquo
2898 709 3199 778 exemplari
3226 711 3452 778 dicitur,
3478 717 3666 788 mille),

2092 790 2328 846 dicens:
2355 793 2455 850 His
2480 797 2662 853 aureis
2689 801 2952 868 acceptis,
3001 805 3278 871 quomodo
3318 806 3415 861 tibi
3450 809 3666 865 libuerit

2094 889 2268 965 utere.
2311 885 2562 956 Cumque
2593 904 2897 948 conversus
2925 909 3102 950 essem
3136 907 3194 950 ut
3223 913 3319 954 eos
3351 900 3453 970 ipsi
3492 904 3668 958 redde.

2094 988 2233 1037 rem,
2254 977 2529 1032 neminem
2561 981 2693 1036 vidi.
2733 982 2852 1038 Dixi
2887 999 3055 1055 ergo:
3087 985 3294 1044 Revera
3323 1008 3430 1047 non
3460 1005 3544 1050 est
3573 996 3666 1051 hor

2094 1062 2319 1121 falsum.
2380 1067 2626 1126 Joannes
2695 1083 2876 1129 autem
2940 1078 3258 1136 Misericors
3310 1085 3669 1155 quodcunque

2090 1160 2335 1225 possedit
2359 1161 2413 1219 in
2449 1163 2853 1239 eleemosynam
2901 1184 3135 1241 erogare
3159 1176 3355 1232 solitus
3385 1186 3472 1233 est
3495 1219 3512 1240 ,
3539 1180 3668 1233 adec

2092 1258 2150 1302 ut
2175 1260 2373 1319 vestes,
2397 1255 2599 1323 quibus
2631 1258 2854 1317 indutus
2887 1274 3039 1329 erat.
3087 1282 3296 1324 exuens
3340 1274 3667 1340 pauperibus

2090 1341 2464 1412 distribueret,
2487 1349 2601 1405 imo
2616 1360 2668 1407 et
2682 1355 2977 1423 aliquando
2994 1370 3174 1417 vestes
3191 1377 3377 1419 sacras
3400 1366 3451 1418 in
3474 1367 3668 1435 quibus

2093 1450 2251 1490 sacra
2279 1438 2603 1510 celebraret,
2624 1461 2740 1515 prae
2768 1462 2981 1504 summa
3013 1469 3120 1522 qua
3148 1463 3267 1510 erat
3297 1457 3669 1516 misericordia

2089 1526 2225 1597 ipsis
2253 1530 2447 1598 daret;
2483 1521 2903 1610 apttellatpsque
2934 1521 3296 1602 estJoaunes
3340 1549 3666 1608 Misericors.

2160 1620 2337 1677 Porro
2362 1639 2510 1680 attno
2544 1628 2758 1698 imperii
2796 1634 3000 1690 Phoce
3033 1648 3188 1692 sexto
3219 1643 3558 1698 constitutus
3594 1656 3668 1697 est

2089 1711 2413 1773 Theodorus
2460 1723 2776 1789 patriarcha
2824 1723 3142 1792 Romanus;
3193 1732 3288 1800 qui
3330 1742 3440 1787 tres
3499 1751 3669 1791 annos

2090 1806 2248 1870 sedit,
2300 1809 2429 1864 dein
2480 1823 2732 1869 mortuus
2785 1827 2890 1872 est.
2931 1818 3069 1874 Cum
3122 1832 3305 1877 autent
3364 1836 3669 1884 vastassent

2087 1895 2267 1954 Persa:
2279 1903 2542 1961 ecclesias
2560 1906 3111 1982 Hierosolymitanas,
3134 1916 3308 1984 iisque
3323 1918 3669 1993 217-219

2088 1989 2215 2059 igne
2247 1996 2534 2052 succensis
2564 1999 2859 2056 rediissem
2882 2042 2898 2067 ,
2939 2007 3243 2064 monachus
3276 1989 3670 2081 quidaiuTqu-i

2086 2078 2142 2132 in
2179 2087 2515 2142 monasterio
2559 2087 2859 2148 Duwakesi-
2887 2093 3051 2164 (quod
3093 2098 3237 2153 idem
3267 2078 3351 2155 est
3394 2078 3669 2159 monaste-

2087 2171 2229 2267 rium
2253 2172 2577 2249 Theodosii)
2600 2179 2723 2246 fuit,
2754 2186 2975 2241 nomine
2997 2188 3296 2259 Modestus,
3316 2195 3673 2267 ejusdemque

2084 2265 2399 2334 praefectus,
2428 2271 2663 2327 reversis
2698 2275 2831 2342 illis,
2860 2275 3133 2347 Ramlam,
3172 2281 3541 2354 Tiberiadem,
3568 2265 3671 2361 'l‘y-

2088 2372 2234 2420 rum.
2259 2369 2313 2412 et
2341 2360 2666 2417 Damascum
2699 2365 2978 2434 prolectus
3000 2369 3348 2431 Christianos
3383 2385 3441 2432 ut
3465 2360 3671 2451 aliquid

2089 2449 2361 2507 donantes
2392 2467 2550 2522 opem
2587 2455 2692 2525 ipsi
2730 2457 2937 2517 ferrent
2961 2477 3072 2533 quo
3115 2466 3380 2524 ecclesias
3408 2449 3673 2529 Hieroso~

2089 2540 2378 2611 Iymltanas
2409 2559 2549 2613 quas
2576 2546 2860 2605 diruerant
2908 2549 3094 2609 Persae
3127 2556 3483 2624 instauraret,
3516 2578 3673 2632 roga-

2086 2636 2206 2689 vit:
2248 2637 2446 2704 quibus
2489 2639 2828 2698 donantibns
2861 2660 3167 2716 magnaque
3200 2664 3365 2719 opum
3406 2653 3455 2706 vi
3504 2655 3670 2709 colle-

2088 2736 2173 2781 cta
2199 2727 2576 2799 Hierosolyma
2606 2747 2883 2801 reversus,
2909 2739 3174 2795 ecclesias
3201 2740 3670 2813 Resurrcctionis,

2090 2818 2339 2890 Sepulcri
2366 2865 2383 2889 ,
2415 2824 2600 2880 Cranii
2637 2836 2689 2880 et
2725 2828 2917 2884 Sancti
2954 2829 3301 2889 Constantini
3356 2841 3626 2893 exstruxit
3655 2882 3670 2901 ,

2088 2927 2150 2966 ea
2185 2929 2309 2982 quae
2333 2914 2445 2982 jam
2474 2927 2653 2972 exstat
2685 2918 2912 2977 fabrica.
2938 2921 3188 2992 Cumque
3213 2927 3479 2984 audiisset
3503 2928 3638 2984 Joan
3657 2961 3671 2971 -

2087 3020 2186 3061 nes
2239 3004 2556 3065 Misericors
2623 3010 2972 3070 Alexandriae
3010 3004 3320 3085 patriarcha
3365 3018 3669 3078 Mo'estum

2087 3097 2348 3153 ece'lesias
2397 3113 2429 3153 a
2460 3100 2665 3157 'Pcrsis
2731 3104 2945 3159 dirutas
3002 3107 3340 3173 instaurare,
3377 3112 3529 3167 misit
3567 3115 3669 3182 ipsi

2016 3194 2061 3252 (ζ
2092 3191 2337 3260 iumenta
2373 3192 2543 3259 mille,
2569 3208 2761 3251 saccos
2807 3194 3063 3253 frumenti
3103 3200 3286 3265 mille,
3331 3202 3664 3273 leguminum

2089 3283 2260 3350 mille,
2305 3285 2499 3341 muriae
2527 3288 2820 3357 amphoras
2852 3290 3031 3357 mille,
3067 3292 3178 3345 vini
3229 3293 3397 3358 mille,
3436 3292 3569 3351 ferri
3601 3298 3675 3350 li-

2088 3376 2217 3433 bras
2249 3378 2418 3442 mille,
2446 3394 2568 3435 cum
2606 3382 2875 3450 operariis
2908 3384 3076 3438 mille.
3123 3383 3516 3442 Cltarawazaih
3555 3402 3659 3441 au-

2089 3469 2339 3533 temhubi
2377 3468 2753 3541 Hierosolyma
2784 3483 3072 3538 vastasset,
3102 3473 3394 3545 Aigyptum
3432 3484 3487 3531 et
3536 3478 3659 3533 Ale-

2088 3562 2370 3616 xandriam
2413 3562 2590 3633 petiit.
2644 3562 2884 3620 Joannes
2918 3580 3048 3636 ergo
3105 3565 3418 3623 Misericors
3467 3570 3659 3622 auditu

2088 3652 2287 3706 Persas
2318 3652 2706 3715 Alexandriam
2743 3654 2990 3718 tendere,
3025 3669 3134 3724 pra:
3180 3665 3329 3710 metu
3384 3672 3492 3710 una
3542 3672 3675 3712 cum

2086 3743 2340 3813 patricio,
2387 3745 2481 3813 qui
2530 3745 2875 3802 Alexandriae
2909 3747 3146 3818 praefuit.
3182 3751 3409 3804 nomine
3429 3748 3654 3818 Niceta,

2087 3836 2324 3908 Cyprum
2358 3836 2515 3909 fugit.
2558 3839 2810 3910 Cumque
2839 3840 3078 3912 Cyprum
3113 3843 3494 3910 pervenissent
3519 3884 3534 3904 ,
3583 3859 3675 3897 ro-

2089 3929 2239 3998 gavit
2271 3931 2459 3999 ipsum
2490 3929 2711 3988 Nicetes
2749 3941 2807 3987 nt
2852 3948 2959 3988 una
2999 3949 3186 3990 secum
3212 3934 3676 4011 Constantinopo-

2087 4020 2181 4074 lim
2226 4022 2294 4076 ad
2322 4021 2559 4078 Phocam
2595 4023 2989 4094 imperatorem
3026 4027 3314 4097 profectus
3353 4030 3533 4100 ipsum
3582 4046 3673 4084 sa-

2088 4118 2306 4180 lutaret,
2368 4126 2693 4187 rogaretque
2775 4115 2999 4189 [Deum]
3050 4127 3111 4173 ut
3157 4120 3444 4176 obsidione
3478 4137 3582 4193 qua
3641 4137 3670 4174 a

2087 4209 2271 4265 Persis
2319 4212 2625 4277 urgebatur
2657 4194 3160 4280 ipsum'liberaret.
3207 4212 3346 4268 Dum
3385 4223 3566 4270 autem
3617 4216 3676 4269 in

2089 4302 2227 4353 mari
2276 4301 2621 4372 navigarent,
2659 4302 2796 4356 vidit
2842 4300 3084 4358 Joannes
3110 4301 3430 4360 Misericors
3476 4305 3530 4359 in
3582 4304 3672 4358 iu-

2100 4393 2319 4450 somnio
2364 4402 2637 4452 astantem
2697 4396 2799 4451 sibi
2826 4395 2991 4467 220
3024 4411 3242 4453 servum
3271 4396 3463 4452 dicere
3497 4415 3512 4453 :
3556 4397 3673 4451 ilex

2091 4486 2331 4543 caelestis
2360 4486 2459 4543 tibi
2499 4486 2723 4559 propior
2750 4498 2835 4543 est
2861 4503 3026 4557 quam
3054 4500 3149 4542 rex
3179 4488 3481 4544 terrestris.
3507 4487 3676 4544 Joan-

2096 4594 2193 4634 nes
2214 4593 2343 4650 ergo
2358 4588 2713 4651 experrectus
2767 4579 2904 4634 dixit
2933 4577 3137 4635 Nicetae
3170 4596 3183 4633 :
3216 4578 3433 4659 liedeas
3460 4595 3675 4635 mecum

2095 4671 2149 4724 in
2176 4669 2442 4741 Cyprum,
2484 4682 2586 4737 ego
2616 4668 2761 4723 enim
2797 4671 3100 4725 moriturus
3131 4685 3275 4726 sum.
3304 4671 3553 4738 Cumque
3582 4685 3676 4725 re-

2090 4762 2235 4818 versi
2268 4770 2453 4817 essent
2479 4761 2720 4832 Cyprum
2762 4760 2908 4815 diem
2950 4761 3125 4825 obiit,
3161 4772 3453 4832 postquam
3484 4762 3677 4816 cathe-

2090 4853 2466 4927 dramdceem
2516 4853 2677 4908 annis
2706 4862 3072 4924 occupasset;
3114 4855 3469 4927 sepultusque
3503 4862 3585 4909 est
3620 4855 3679 4909 in

2089 4949 2213 5004 vico
2245 4947 2481 5017 quodam
2510 4945 2674 5018 Cypri
2719 4947 2866 5003 dicto
2896 4950 3213 5003 Asataneta.
3258 4948 3387 5004 Post
3439 4958 3672 5003 mortem

2093 5047 2272 5093 autem
2300 5036 2524 5094 Joannis
2554 5037 2921 5094 Misericordis
2971 5039 3171 5094 mansit
3191 5039 3519 5094 Alexandria
3552 5039 3676 5094 sine

2095 5129 2434 5201 patriarcha,
2475 5145 2649 5186 annos
2677 5140 2911 5201 septem.
2949 5129 3051 5186 Ubi
3084 5146 3215 5185 vero
3240 5131 3545 5187 obsedisset
3572 5129 3678 5185 Ce-

2031 5216 2041 5225 ’
2094 5240 2184 5279 sra
2211 5222 2773 5293 Constantinopolim,
2804 5239 2975 5278 vacua
3008 5224 3210 5278 mansit
3242 5223 3398 5293 Syria
3424 5222 3675 5277 exercitu
3737 5266 3748 5281 .

2094 5313 2490 5371 Romanorum.
2531 5314 2778 5369 Fuerunt
2810 5325 2993 5370 autem
3023 5315 3155 5386 Tyri
3195 5326 3432 5386 quatuor
3462 5313 3677 5370 Iudico-

2093 5420 2213 5460 rum
2249 5404 2440 5460 millia.
2478 5403 2547 5458 lii
2579 5405 2645 5460 ad
2675 5403 2891 5461 Iudaeos
2928 5408 3017 5473 qui
3050 5406 3461 5477 Hierosolymis,
3488 5405 3676 5477 Cypri,

2094 5497 2374 5563 Damasci,
2407 5505 2462 5553 et
2501 5497 2556 5552 in
2594 5507 2778 5553 monte
2820 5496 3053 5554 Galilaea‘.
3083 5509 3135 5553 et
3178 5497 3468 5554 Tiberiade
3495 5509 3678 5554 erant.

2095 5586 2460 5659 scripserunt,
2485 5597 2546 5642 ιιι
2581 5602 2775 5643 omnes
2811 5598 2971 5644 nocte
3023 5588 3310 5643 Paschalis
3333 5587 3681 5642 Christiano-

2098 5674 2217 5734 rﬂm
2255 5677 2594 5749 congregati,
2621 5676 2970 5734 Christianos
2998 5680 3087 5747 qui
3130 5677 3256 5747 Tyri
3298 5685 3486 5732 essent.
3525 5678 3648 5731 oeci

2100 5772 2318 5833 tierent,
2355 5770 2555 5826 deinde
2584 5769 2956 5840 Hierosolyma
2992 5770 3219 5842 profecti
3251 5785 3445 5825 omnes
3477 5770 3566 5839 qui
3604 5769 3676 5823 ibi

2097 5875 2281 5923 essent
2325 5882 2365 5937 e_
2404 5863 2585 5919 tncdio
2632 5863 2911 5925 tollerent,
2958 5867 3254 5933 urbemque
3315 5871 3676 5933 occuparent.
