4116 6408
397 414 532 483 1085

1824 417 2196 481 ANNALES.

3505 388 3643 478 1086

393 530 506 583 lloc
542 538 720 586 autem
755 546 881 587 cum
913 532 1145 604 patricio
1180 533 1275 605 qui
1313 532 1442 605 Tyri
1475 492 1740 596 substitit,
1778 530 1960 586 urbis-
1991 527 2039 584 Α
2069 531 2290 597 ratoris,
2323 531 2426 587 fuit
2459 529 2583 601 fuga
2614 526 3246 603 [Mobammedisfquem
3279 525 3384 582 sibi
3410 526 3643 596 propbe-
3672 566 3693 616 ’-

392 638 497 691 que
530 623 675 678 illius
713 624 913 679 incolis
967 626 1318 691 innotuisset,
1350 625 1453 696 ipsi
1501 623 1719 681 Iudaeos
1747 624 1840 694 qui
1892 624 1969 678 ibi

392 723 550 770 erant
573 724 786 794 captos,
823 727 877 773 et
901 719 1108 775 catenis
1145 718 1340 774 ferreis
1365 722 1579 776 vinctos
1601 720 1968 773 invcarcerem

391 808 766 877 coniecerunt,
806 811 1121 880 clausisque
1160 811 1312 866 urbis
1348 811 1519 880 portis
1545 810 1823 865 machinas
1849 808 1972 864 bel-

393 901 526 955 licas
553 908 608 955 et
633 900 876 971 ballistas
908 902 1062 972 juxta
1091 904 1240 973 ipsas
1267 903 1633 957 collocarunt.
1666 903 1801 955 (lum
1835 916 1967 970 ergo

394 989 703 1044 advenisset
730 1006 834 1046 nox
864 990 1144 1047 Pascltatis
1171 991 1614 1047 Christianorum
1640 1032 1658 1057 ,
1684 989 1854 1047 Judaei
1903 1006 1970 1046 ex

394 1080 654 1136 omnibus
688 1081 1024 1151 regionibus,
1055 1084 1368 1154 congregati
1401 1093 1529 1139 sunt
1552 1081 1781 1156 Tyrum,
1810 1090 1971 1152 prout

394 1170 460 1226 ad
515 1171 665 1240 ipsos
700 1174 1042 1240 scripserant
1077 1173 1245 1229 Judtei
1304 1184 1470 1245 atque
1526 1176 1660 1247 ipsis
1713 1177 1857 1232 inter
1911 1191 1972 1234 se

394 1274 721 1320 convenerat
747 1281 762 1320 :
792 1267 1123 1335 fueruntque
1152 1284 1380 1323 numero
1413 1269 1552 1324 ultra
1584 1269 1754 1324 vicies
1778 1269 1972 1339 221·-

396 1354 558 1427 223
593 1358 772 1412 sexies
800 1357 952 1412 mille
987 1358 1157 1425 viros,
1193 1375 1331 1427 quos
1366 1362 1588 1414 strenue
1612 1361 1682 1415 ab
1710 1360 1852 1414 arcis
1885 1356 1970 1413 fa-

396 1448 555 1518 stigio
588 1459 972 1520 oppugnarunt
1005 1448 1229 1524 {Tyrii}.
1261 1453 1558 1507 Diruerunt
1590 1461 1769 1507 autem
1795 1451 1967 1507 Judaei

396 1555 591 1594 omnes
620 1541 883 1596 ecclesias
915 1558 1036 1612 quas
1083 1553 1235 1598 extra
1291 1543 1416 1616 Tyri
1469 1560 1651 1599 arcem
1701 1552 1880 1609 erant,
1915 1554 1971 1597 at

395 1634 832 1701 quotiescunque
887 1635 1185 1689 ecclesiam
1218 1636 1454 1706 aliquam
1486 1637 1768 1694 diruerent
1791 1677 1807 1700 ,
1840 1637 1969 1709 Tyri

399 1724 592 1779 incolae,
622 1739 653 1780 e
682 1723 887 1781 Iudaeis
924 1727 1018 1798 qui
1057 1730 1200 1798 apud
1247 1729 1398 1799 ipsos
1434 1730 1603 1785 vincti
1650 1738 1809 1785 erant
1839 1745 1971 1785 cen-

394 1825 508 1870 tum
541 1818 672 1873 viris
717 1819 1003 1887 prehensis
1033 1831 1087 1876 et
1144 1822 1196 1876 in
1236 1823 1379 1877 arcis
1412 1823 1729 1878 summitate
1778 1824 1973 1892 pos’tis

393 1912 573 1978 capita
612 1912 990 1979 absciderunt,
1016 1929 1187 1984 eaque
1209 1924 1364 1970 extra
1396 1916 1783 1985 proiecerunt;
1807 1927 1971 1987 atque

396 2004 498 2057 ltoc
526 2003 687 2058 modo
717 2005 803 2060 bis
837 2005 985 2060 mille
1009 2008 1157 2061 viros
1183 2009 1361 2077 capite
1385 2017 1731 2063 truncarunt.
1766 2008 1969 2065 Deinde

392 2095 560 2149 Judaei
592 2107 714 2151 orto
745 2098 887 2152 inter
921 2099 1070 2168 ipsos
1097 2100 1357 2165 clamore,
1386 2101 1439 2155 in
1465 2100 1645 2172 fugam
1676 2101 1787 2156 dati
1820 2111 1968 2166 sunt,

393 2204 428 2258 q
454 2204 531 2241 vos
555 2192 754 2253 egressi
785 2191 910 2263 Tyri
938 2193 1131 2247 incolae
1163 2205 1308 2263 terga
1336 2196 1528 2250 dantes
1559 2196 1787 2250 insecuti
1817 2204 1966 2260 sunt,

398 2266 780 2353 magnamque.
802 2300 998 2338 eorum
1034 2295 1268 2354 stragem
1310 2286 1638 2350 ediderunt;
1672 2287 1862 2356 reliqui
1901 2288 1965 2341 ad

394 2373 643 2433 regiones
695 2375 897 2445 quique
942 2393 1071 2433 suas
1109 2376 1323 2432 confusi
1374 2378 1649 2449 fugerunt.
1698 2379 1865 2436 Porro
1910 2381 1965 2437 in

394 2466 527 2519 urbe
557 2464 809 2522 Salonica
839 2469 1055 2537 juvenis
1090 2469 1190 2523 fuit
1223 2473 1442 2526 nomine
1492 2470 1811 2538 lleraclius',
1842 2486 1966 2528 cum

392 2557 720 2626 quibusdam
778 2560 929 2613 urbis
983 2560 1128 2613 illius
1185 2563 1452 2631 patriciis.
1506 2562 1726 2617 Patr-icii
1786 2572 1966 2618 autem

394 2657 644 2718 sumptas
675 2666 838 2705 naves
884 2650 1218 2722 hordeoque,
1267 2653 1474 2719 tritico,
1510 2663 1564 2709 et
1600 2654 1971 2723 leguminibus

399 2742 649 2809 impletas
679 2758 774 2808 per
807 2741 1118 2798 lleraclium
1148 2745 1679 2815 Constantinopolim
1703 2747 1970 2802 miserunt

397 2834 525 2902 ipsis
561 2834 614 2887 in
644 2835 950 2895 subsidium
983 2845 1031 2889 et
1066 2837 1410 2905 alimentum,
1443 2854 1565 2892 cum
1597 2839 1884 2894 obsidione
1911 2841 1970 2894 in

2002 1867 2047 1927 Β

396 2927 675 2990 angustias
709 2927 916 2981 redacti
953 2939 1158 2984 essent.
1185 2929 1323 2984 Cum
1357 2947 1485 3003 ergo
1506 2932 1972 3002 Constantinupo-
1994 2934 2009 2943 ’

399 3019 489 3071 lim
532 3018 836 3088 appulisset
881 3017 1188 3086 lleraclius,
1237 3022 1439 3093 gaudio
1486 3024 1557 3079 ob
1600 3022 1719 3092 ejus
1765 3024 1971 3077 adven~

399 3121 513 3164 tum
558 3111 735 3166 affecti
772 3121 898 3166 sunt
933 3114 1204 3178 homines,
1264 3117 1453 3172 tritico‘
1487 3117 1616 3172 isto.
1671 3118 1875 3171 hordeo
1918 3125 1972 3171 et

2074 633 2184 677 tam
2226 633 2583 695 sumpserunt
2621 621 2856 682 Arabes.
2896 617 3199 689 Medinam]
3238 632 3425 672 mense
3459 615 3644 681 Rabiae

2073 715 2298 784 prioris,
2328 716 2380 769 in
2412 731 2519 786 qua
2552 715 2708 770 exsul
2736 713 2982 770 substitit
3028 726 3201 767 annos
3240 710 3427 764 decem
3454 748 3473 769 .
3508 724 3646 775 quo.

2073 822 2195 860 rum
2225 820 2369 860 anno
2392 816 2586 861 octavo
2614 812 2932 874 suggestum
2963 800 3254 859 exstruxit.
3277 797 3395 852 1am
3440 815 3467 850 a
3521 798 3647 850 Din-

2072 898 2311 953 cletiano
2335 898 2403 953 ad
2430 896 2648 951 Heiram
2687 895 2806 968 [seu
2853 894 3035 969 fugam
3074 888 3491 958 Mobammedis‘,
3519 888 3645 941 anni

2073 999 2202 1045 sunt
2236 989 2462 1047 trecenti
2499 988 2721 1056 triginta
2772 995 2919 1049 octo,
2962 1002 2993 1041 a
3037 984 3266 1039 Domino
3303 980 3526 1037 Christo
3578 981 3644 1032 a:l

2072 1078 2318 1137 eamdem
2352 1083 2594 1138 sexcenti
2640 1077 3076 1147 quatuordecim.
3124 1076 3208 1130 Ab
3247 1073 3555 1145 Alexandro
3579 1069 3647 1125 ad

2073 1176 2316 1232 eamdem
2350 1176 2604 1246 nongenti
2632 1174 2853 1244 triginta
2885 1183 3018 1226 tres.
3052 1171 3095 1223 Α
3127 1167 3444 1238 captivitate
3477 1165 3647 1236 Baby-

2072 1270 2244 1326 lonica
2285 1270 2352 1324 ad
2383 1269 2630 1325 eamdem
2663 1267 2811 1322 mille
2841 1276 3053 1320 centum
3108 1262 3404 1328 nonaginta
3455 1273 3572 1329 sex.
3603 1255 3646 1308 Α

2074 1363 2276 1419 ltaride
2302 1362 2371 1418 ad
2395 1360 2640 1417 eamdem
2669 1359 2817 1415 mille
2841 1355 3092 1415 sext-emi
3131 1353 3479 1421 septuaginta
3511 1357 3645 1404 tres.

2074 1458 2155 1511 Ab
2193 1457 2343 1512 exitu
2377 1455 2752 1511 Israelitarum
2781 1468 2846 1519 ex
2897 1451 3131 1521 Egypto
3177 1447 3243 1502 ad
3278 1442 3527 1500 eamdem
3563 1441 3647 1497 bis

2075 1550 2220 1605 tuille
2243 1547 2463 1603 ducenti
2505 1544 2846 1615 septuaginta
2876 1558 3089 1596 novem.
3118 1540 3200 1594 Ab
3234 1538 3543 1592 Abraltamo
3581 1533 3646 1586 ad

2074 1639 2315 1693 eamdem
2372 1635 2457 1690 bis
2510 1635 2658 1689 mille
2710 1631 3039 1703 septingenti
3076 1627 3376 1706 'octnginta
3432 1640 3554 1681 sex.
3604 1621 3645 1676 Α

2074 1727 2311 1798 Plialego
2361 1725 2429 1779 ad
2472 1713 2718 1779 eamdem
2764 1731 2848 1777 ter
2890 1721 3039 1776 mille
3077 1716 3307 1773 trecenti
3334 1712 3522 1783 viginti
3563 1727 3645 1766 se-

2073 1829 2243 1889 ptem.
2290 1821 2330 1873 A
2364 1815 2575 1874 diluvio
2611 1815 2677 1870 ad
2715 1815 2964 1869 eamdem
3017 1819 3100 1865 ter
3148 1808 3301 1864 mille
3349 1803 3645 1873 octingenti

2073 1913 2465 1985 quinquaginta
2493 1918 2637 1968 octo.
2688 1909 2771 1963 Ab
2822 1905 3029 1963 Adamo
3060 1904 3126 1958 ad
3178 1898 3429 1957 eamdem
3467 1897 3646 1953 sexies

2076 2005 2225 2059 mille
2277 2012 2493 2059 centum
2525 2013 2604 2058 .et
2655 1997 3092 2071 quatuordecim.
3139 1991 3424 2048 lleraclius
3470 1996 3647 2041 autem

2078 2104 2365 2165 postquam
2419 2094 2653 2160 imperio
2707 2086 3316 2156 Constantinopolitano
3364 2081 3649 2151 praefectus

2077 2196 2167 2244 est
2200 2202 2293 2242 sex
2320 2201 2496 2241 annos
2543 2183 2880 2238 obsidionem
2934 2194 3151 2250 gravem
3202 2190 3395 2244 passus
3442 2181 3545 2225 est.
3594 2169 3648 2223 lu

2082 2278 2365 2346 angustias
2395 2293 2524 2347 ergo
2554 2290 2664 2345 prm
2695 2273 2985 2328 obsidione
3018 2268 3223 2325 redacti
3258 2263 3646 2320 Constantino~

2079 2368 2475 2438 politani.pum
2506 2366 2744 2418 maxima
2779 2365 3017 2433 ipsorqu
3057 2374 3180 2429 pars
3212 2354 3352 2409 fame
3377 2352 3648 2425 periisset.

2079 2460 2352 2515 inanimo
2388 2458 2696 2514 habuerunt
2744 2456 2931 2509 urbem
2982 2451 3167 2506 Crsrte
3210 2444 3445 2527 aperire.
3496 2442 3647 2508 Quoi

2077 2566 2201 2605 cum
2263 2548 2514 2605 seivisset
2558 2545 2866 2606 lleraclius,
2922 2545 3298 2607 metucretqne
3348 2548 3418 2588 ne
3456 2532 3642 2587 urbem

2078 2648 2318 2710 apertam
2355 2638 2534 2694 Cesrze
2564 2627 2869 2697 traderent,
2920 2636 3035 2701 ipse
3060 2631 3121 2683 ad
3171 2627 3391 2682 Cesram
3430 2624 3647 2677 mittens

2079 2730 2218 2785 dixit
2247 2730 2346 2799 ipsi
2378 2747 2392 2783 :
2419 2729 2586 2801 228
2627 2726 3009 2795 Quodcunque
3043 2720 3175 2776 tnibi
3212 2719 3540 2787 imposueris
3569 2715 3648 2766 fa-

2080 2824 2359 2886 ciendum,
2388 2838 2489 2893 ego
2523 2821 2587 2876 ad
2617 2819 2745 2874 illud
2776 2812 3143 2889 praestandum
3175 2828 3259 2864 me
3288 2807 3381 2864 tibi
3412 2807 3647 2862 obstrin-

2079 2933 2221 2985 gam,
2251 2916 2412 2970 modo
2443 2932 2471 2968 a
2501 2930 2587 2969 me
2615 2911 2955 2967 discesseris.
2984 2904 3085 2961 Cui
3117 2901 3429 2960 rescribeus
3456 2902 3647 2957 Cesra:

2082 3009 2136 3064 Si
2170 3009 2249 3063 vis
2272 3008 2494 3078 (inquit)
2528 3014 2584 3059 ut
2624 3021 2653 3059 a
2686 3012 2738 3057 te
2763 2998 3065 3069 discedam,
3094 2997 3286 3052 afferas
3314 2993 3448 3049 mihi
3476 2994 3530 3048 in
3567 3007 3647 3044 re-

2081 3092 2411 3169 demptionis
2456 3098 2687 3170 prrtium
2733 3112 2829 3166 pro
2880 3106 2956 3154 te.
2998 3100 3050 3142 et
3094 3090 3315 3158 regione
3363 3092 3452 3138 tua
3506 3083 3649 3137 mille

399 3199 769 3269 leguminibus
804 3201 872 3256 ab
907 3204 1024 3272 ipso
1055 3205 1236 3260 allatis
1262 3206 1512 3261 recreati.
1548 3205 1671 3259 Fuit
1704 3222 1833 3261 vero
1870 3205 2042 3272 Ηρορ
2088 3192 2205 3247 auri
2272 3191 2506 3253 talenta,
2567 3187 2774 3259 argenti
2836 3185 3102 3244 totidem,
3166 3178 3369 3250 puellas
3416 3175 3648 3241 virgines

1999 3233 2044 3295 Ο
2081 3286 2247 3349 mille,
2271 3298 2440 3353 equos
2476 3233 2658 3341 mille:3
2682 3285 2860 3336 vestes
2897 3274 3229 3332 ltolosericas
3261 3272 3452 3335 mille;
3488 3276 3649 3336 atque

401 3293 605 3347 melius
634 3288 851 3375 juvenis
888 3295 1226 3352 fortitudinis
1259 3299 1498 3360 eximite,
1534 3298 1794 3366 prudens.
1839 3314 1975 3353 eou-

396 3402 422 3439 s
449 3386 503 3438 lii
540 3401 701 3455 sngax
733 3426 749 3453 ,
782 3403 1055 3453 nequam;
1088 3388 1177 3456 qui
1216 3405 1348 3458 ergo
1378 3389 1705 3445 consiliariis
1736 3401 1784 3445 et
1819 3389 1976 3442 duci-

399 3478 501 3531 bus
527 3476 667 3531 dixit
696 3498 709 3533 :
735 3474 945 3535 Pbocas
982 3481 1276 3548 imperator
1305 3481 1584 3552 regim'utis
1615 3483 1837 3552 pessimi
1868 3491 1972 3555 est,

397 3564 767 3638 llonmnisque
802 3570 1071 3625 universis
1103 3572 1415 3639 infaustus;
1449 3588 1572 3627 nam
1628 3588 1693 3627 ex
1726 3590 1835 3643 quo
1871 3574 1976 3626 im—

398 3659 552 3724 perio
605 3659 892 3729 prmfectus
926 3671 1009 3717 est.
1060 3663 1125 3718 ad
1183 3663 1284 3718 hoc
1326 3681 1497 3734 usque
1550 3665 1716 3737 2241
1760 3676 1974 3737 tempus

395 3758 524 3806 octo
573 3765 839 3805 annorum
880 3750 1059 3820 spatio
1090 3753 1376 3808 obsidione
1409 3754 1573 3807 cincti
1603 3756 1760 3819 estis,
1798 3756 1976 3824 regio-

396 3855 608 3909 nesque
644 3841 982 3909 Graecorum,
1015 3842 1260 3915 Egypti,
1305 3853 1357 3899 et
1391 3846 1561 3916 Syria:
1594 3846 1829 3915 pessime
1862 3856 1977 3899 tra-

398 3941 578 3987 ctatae.
607 3931 784 3990 Persa?
813 3934 958 3989 enim
1012 3935 1264 4002 regiones
1298 3946 1353 3991 et
1385 3946 1560 3993 terras
1597 3947 1807 3991 vestras
1850 3938 1976 4007 uni-

324 4017 331 4023 ’
406 4037 596 4076 versas
643 4032 1021 4092 occuparunt;
1075 4024 1365 4077 consilium
1402 4039 1532 4094 ergo
1571 4040 1750 4078 meum
1801 4031 1977 4079 estut

400 4114 689 4171 interfceto
722 4115 814 4169 illo
844 4116 1007 4168 alium
1064 4115 1220 4173 vobis
1267 4114 1599 4184 praeficiatis.
1631 4113 1842 4177 Quibus
1875 4130 1974 4168 au-

397 4207 713 4270 uucntibus,
742 4207 969 4263 adortus
992 4205 1274 4260 ﬂerat-lius
1306 4205 1561 4268 Pbocatn,
1600 4205 1773 4275 ipsttm
1811 4206 1975 4259 inter-

396 4297 543 4353 fecit.
577 4297 1155 4367 Convenientibusque
1183 4296 1519 4353 consiliariis
1549 4307 1603 4353 et
1626 4296 1880 4363 ducibus,
1916 4308 1976 4352 ut

393 4408 424 4449 e
454 4390 624 4461 stirpe
654 4390 800 4462 regia
832 4392 1070 4459 aliquem
1098 4391 1359 4460 eligerent
1383 4404 1543 4458 quem
1574 4389 1677 4446 sibi
1732 4390 1974 4459 prazfite-

396 4491 516 4538 rent
555 4488 571 4537 ξ
603 4481 722 4537 Νοιι
751 4481 994 4553 expedit,
1021 4481 1222 4552 inquit,
1259 4479 1566 4546 lleraclius,
1598 4489 1656 4534 ut
1691 4481 1848 4536 vobis
1874 4482 1978 4535 im-

2082 3378 2182 3431 boc
2213 3376 2310 3430 tibi
2339 3376 2604 3428 tribututn
2642 3372 2715 3429 sit
2745 3370 3039 3441 quotannis
3071 3364 3459 3440 pendendum;
3488 3361 3649 3427 liuius

2079 3467 2257 3524 autem
2294 3467 2421 3521 anni
2468 3465 2730 3522 tributum
2782 3463 2965 3521 statim
3033 3461 3164 3517 tuibi
3218 3459 3438 3517 aderas,
3490 3454 3650 3522 idque

2079 3562 2260 3616 subito
2299 3561 2417 3615 sine
2468 3574 2617 3613 mora
2645 3598 2659 3619 ,
2702 3572 2810 3628 quo
2843 3573 2869 3608 a
2907 3563 2959 3610 te
2999 3551 3299 3609 discedam.
3352 3546 3651 3613 Rescripsit

2081 3652 2365 3709 lieraclius
2399 3668 2413 3704 :
2446 3650 2575 3721 Regi
2610 3648 2864 3703 clementi
2893 3642 3037 3699 in'eo
3058 3641 3203 3714 quod
3253 3639 3407 3709 petiit
3445 3648 3649 3696 annuo,

2079 3754 2134 3801 at
2164 3760 2269 3799 non
2301 3751 2385 3799 est
2431 3738 2905 3811 inprmsentiarutn
2958 3749 3125 3805 penes
3181 3747 3267 3786 me
3296 3737 3469 3785 totum
3507 3725 3649 3792 quod

2080 3840 2131 3892 in
2166 3833 2556 3905 redemptionis
2589 3830 2823 3902 pretium
2861 3842 2891 3881 a
2921 3840 3008 3880 me
3037 3824 3226 3895 petiit;
3252 3836 3376 3876 cum
3416 3833 3508 3873 rex
3536 3815 3677 3871 cle-'

2080 3945 2238 3986 mens
2285 3942 2370 3982 me
2397 3928 2475 3980 ab
2510 3922 2773 3979 omnibus
2798 3918 3099 3975 ditionibus
3134 3916 3272 3971 meis
3324 3911 3648 3968 cohibuerit.
3741 3927 3752 3937 ·

2077 4022 2229 4091 Quod
2258 4019 2303 4074 si
2348 4033 2443 4073 rex
2477 4016 2716 4072 clemens
2750 4013 2878 4067 mibi
2918 4011 2969 4065 in
3017 4007 3266 4079 regiones
3309 4019 3459 4060 meas
3496 4010 3649 4073 pote-

2077 4119 2270 4165 statem
2307 4105 2664 4169 concesserit,
2691 4110 2751 4157 ut
2780 4117 3037 4172 egressus
3073 4113 3207 4168 opes
3237 4095 3487 4163 colligam
3516 4130 3533 4158 ,
3570 4099 3648 4145 to-

2078 4213 2189 4258 tum
2222 4198 2369 4270 quod
2415 4208 2445 4251 a
2488 4213 2574 4251 me
2606 4196 2759 4265 petiit
2796 4193 2903 4263 ipsi
2950 4191 3168 4246 aderam
3222 4193 3508 4257 postquam
3558 4178 3653 4237 sex

2076 4310 2295 4350 menses
2349 4309 2436 4347 me
2497 4286 2930 4360 exspectavcrit;
2992 4285 3236 4355 mibiq-te
3302 4279 3650 4337 securitatem

2078 4384 2393 4459 prmsdterit
2421 4398 2530 4455 quo
2557 4381 2794 4437 ditiones
2826 4392 2976 4433 meas
3011 4389 3311 4448 peragrans
3355 4385 3489 4440 opes
3535 4369 3650 4423 col.

2081 4479 2266 4548 Iigam,
2294 4475 2582 4531 sententia:
2628 4475 2798 4543 ipsius
2834 4471 3225 4537 obsequentem
3262 4462 3503 4519 habebit.
3538 4465 3650 4514 An-

398 4582 705 4643 pcratorem
746 4573 1058 4644 praeficiatis
1093 4572 1200 4627 nisi
1233 4572 1326 4642 qui
1363 4571 1449 4626 bis
1475 4572 1734 4642 praeditus
1762 4572 1838 4627 sit
1877 4573 1974 4627 do-
2009 4571 2050 4625 D
2079 4570 2199 4625 nuit
2227 4584 2355 4639 ergo
2381 4567 2547 4621 Cesra
2582 4566 2725 4619 votis
2757 4562 2946 4632 ipsius.
2979 4557 3115 4612 Tmu
3149 4556 3428 4610 Heraclius
3453 4568 3648 4609 convo-

396 4665 566 4729 tibus,
594 4662 805 4720 scilicet
842 4673 901 4718 ut
931 4664 1008 4720 sit
1057 4663 1256 4719 eximie
1291 4670 1604 4732 temperans
1625 4702 1641 4727 ,
1689 4679 1872 4735 rerum
1905 4663 1973 4718 ad

394 4756 715 4828 religionem
750 4756 1120 4826 spectantium
1151 4755 1381 4824 peritus,
1414 4769 1578 4825 sagax
1603 4796 1620 4822 ,
1661 4756 1858 4827 linguae
1887 4771 1976 4811 ve-

394 4846 561 4911 racis,
608 4858 892 4912 strenuus,
921 4848 1211 4917 eloquens,
1252 4844 1394 4902 inter
1426 4847 1834 4917 gubernandum
1865 4848 1983 4903 cici

397 4956 572 5021 tuens,
617 4939 945 4994 insidiarum
997 4939 1250 4995 hostibus
1302 4939 1694 4994 struendarum
1746 4940 1971 4996 callens.

395 5032 872 5103 Respondentibus
921 5031 1034 5088 illis
1085 5051 1099 5087 :
1153 5031 1290 5099 Quis
1343 5032 1502 5086 nobis
1556 5035 1715 5086 lalcm
1778 5034 1977 5088 sistet?

395 5124 765 5190 Paciscimini,
793 5124 994 5194 inquit,
1045 5139 1256 5177 mecum
1292 5125 1340 5178 si
1377 5124 1539 5177 talem
1573 5125 1725 5178 vobis
1761 5124 1973 5179 iudica-

394 5230 548 5280 vero,
580 5229 679 5270 vos
712 5216 889 5286 ipsum
922 5215 1078 5268 vobis
1120 5211 1513 5282 praefecturas;
1551 5228 1615 5268 ae
1649 5215 1973 5284 promitten-

396 5310 542 5365 tibus
573 5308 702 5371 illis,
749 5323 808 5364 se
846 5308 898 5361 id
936 5308 1282 5371 prmstitttrus
1332 5305 1467 5359 adeo
1524 5319 1579 5359 ttt
1620 5306 1754 5376 ipsis
1813 5307 1969 5362 fidem

395 5395 658 5450 adbibere
692 5408 896 5459 posset.
930 5394 1061 5464 Ego,
1098 5393 1295 5463 inquit,
1333 5392 1378 5448 is
1408 5407 1550 5448 sum.
1578 5393 1760 5460 Quare
1792 5396 1969 5464 ipsum

395 5485 499 5540 sibi
536 5486 923 5555 praefecerunt.
955 5486 1247 5554 Imperavit
1291 5500 1423 5554 ergo
1456 5484 1739 5540 lleraclius
1768 5485 1972 5540 lloma~

398 5575 502 5639 uis,
534 5575 698 5651 idque
730 5592 875 5630 anno
904 5579 1053 5645 regni
1084 5573 1139 5629 Cf
1161 5590 1266 5631 ora:
1287 5574 1378 5629 filii
1406 5573 1655 5631 Hormozi
1682 5576 1968 5646 Apertvizi,

399 5665 541 5734 regis
574 5665 882 5734 Persarum,
911 5665 1169 5722 vicesima
1207 5667 1391 5726 tertio.

663 5755 1016 5827 225-227
1059 5751 1369 5811 INITIUM
1429 5755 1704 5811 ΗΕΙΠᾹΞ.

468 5846 625 5901 Auno
657 5848 831 5914 primo
864 5849 1078 5931 imperii
1118 5848 1347 5903 lleracliu
1387 5848 1749 5907 Romanorum
1799 5851 1966 5918 impe-

2046 5685 2190 5751 .Stltll
2226 5666 2387 5727 fuerit
2420 5668 2621 5726 facite:

2075 4663 2210 4719 catis
2235 4658 2541 4715 consiliaris
2571 4671 2634 4710 ac
2657 4656 2886 4710 ducibus
2914 4653 3050 4713 suis,
3088 4649 3222 4720 Ego,
3253 4648 3450 4717 inquit,
3472 4645 3649 4700 Cesrzc

2077 4770 2166 4817 me
2217 4750 2444 4808 submisi
2491 4763 2600 4821 quo
2630 4748 2811 4818 ipsum
2839 4760 2903 4799 ac
2946 4742 3173 4798 comites
3217 4740 3388 4810 ipsius
3430 4750 3649 4792 securos

2075 4845 2382 4907 redderem,
2415 4842 2528 4913 jam
2560 4855 2691 4896 vero
2724 4840 2777 4893 in
2813 4837 3105 4893 Persarum
3150 4832 3426 4901 regionem
3467 4826 3649 4897 profe-

2075 4946 2265 4993 cturus
2298 4949 2441 4991 sum.
2471 4931 2701 4989 Conﬁdo
2734 4939 2918 4988 autem
2951 4926 3267 4983 in'Domino
3295 4931 3488 4978 nostro
3516 4919 3647 4977 Jesu

2075 5027 2316 5090 Christo.
2354 5027 2532 5095 ipsum
2585 5022 2715 5077 mihi
2756 5021 2810 5076 in
2849 5020 3045 5075 Persas
3089 5016 3348 5071 auxilium
3392 5016 3650 5086 praebitu-

2077 5136 2216 5183 rum,
2245 5133 2450 5188 nosque
2477 5132 2505 5172 a
2535 5118 2715 5172 Cesra:
2735 5111 3083 5185 229-231
3106 5126 3170 5167 ac
3192 5111 3454 5166 comitum
3476 5112 3649 5181 ipsius

2076 5213 2297 5282 nego.io
2330 5212 2599 5263 immunes
2636 5207 3035 5278 prmstiturum.
3064 5202 3220 5270 Quod
3248 5204 3293 5259 si
3324 5218 3506 5257 moras
3534 5212 3648 5256 tra-

2073 5307 2212 5361 bens
2245 5305 2310 5358 ad
2344 5319 2441 5357 vos
2476 5304 2617 5356 intra
2658 5315 2751 5354 sex
2800 5311 3014 5352 menses
3045 5310 3301 5350 reversus
3333 5310 3437 5349 nou
3471 5293 3648 5357 fuero,

2074 5396 2350 5451 blanditiis
2386 5394 2612 5449 Cesraut
2646 5392 2972 5452 demulcetc,
3008 5402 3069 5441 ac
3108 5402 3259 5456 Spem
3310 5387 3360 5439 ei
3406 5387 3649 5447 facitc.et

2073 5504 2276 5543 annum
2308 5474 2485 5553 usque
2535 5486 2800 5552 integrum
2828 5482 3001 5550 ipsum
3037 5478 3269 5533 deferte.
3288 5460 3431 5531 Tum
3473 5480 3517 5533 si
3550 5494 3649 5546 ego

2073 5582 2136 5632 ad
2172 5596 2268 5634 vos
2300 5580 2514 5633 rediero
2546 5573 2780 5649 [bene];
2833 5574 2917 5629 sin
2955 5572 3157 5639 minus,
3209 5571 3338 5638 quid
3387 5572 3540 5626 Voltis
3568 5573 3651 5625 vi-

2688 5666 2916 5721 fratrem
2948 5673 3130 5718 autem
3160 5676 3337 5716 ltzcttllt
3371 5660 3648 5716 Constan~

2072 5764 2241 5818 tinum
2274 5762 2536 5817 vicarium
2570 5775 2750 5816 meum
2782 5757 2922 5830 apud
2969 5769 3066 5812 vos
3099 5763 3300 5820 statuo,
3331 5764 3545 5822 vosque
3577 5754 3661 5807 iis

2071 5868 2189 5916 (ιιι-η
2234 5852 2389 5907 vobis
2415 5851 2527 5906 dixi
2578 5849 2928 5919 acquiescite.
2980 5847 3086 5918 ipsi
3127 5859 3259 5915 ergo
3291 5883 3306 5905 .
3355 5854 3638 5913 acceptum
