4116 6404
403 422 533 485 M87

1432 419 1804 479 EU'l‘YCHlI
1845 416 2381 479 ALEXANDRINI
2412 416 2636 480 PATR.

3557 414 3694 479 1088

407 532 537 585 illud
571 531 858 600 habentes,
885 545 1206 588 successum
1254 530 1359 603 ipsi
1405 531 1619 587 felicem
1660 531 1994 602 comprecati
2027 533 2070 587 Δ
2101 530 2374 602 asinoque
2431 532 2657 589 clitellis
2714 530 2953 588 instrato
3007 538 3224 586 vectum
3281 530 3685 599 conspexisset.

405 634 557 682 sunt.

481 717 771 773 lleraclius
806 734 937 789 ergo
975 720 1192 776 selectis
1225 736 1254 775 c
1288 720 1488 774 ducum
1525 702 1802 775 exercitus
1832 719 1987 773 Cou-

409 809 888 879 sfantinOpolitani
933 812 1246 867 fortissimis
1279 826 1343 866 ac
1377 812 1872 881 prtestautissimis,
1911 812 1996 866 ul-

411 913 497 957 tra
535 904 828 973 quinquies
872 904 1019 959 mille
1047 904 1216 964 viros.
1263 919 1405 973 quos
1441 920 1627 959 secum
1664 912 1995 968 assumeret,

408 997 733 1067 paratisque
782 996 1018 1051 navibus
1074 998 1280 1063 quibus
1344 1010 1452 1053 tam
1512 998 1767 1054 homines
1831 1012 1995 1068 quam

411 1103 584 1159 equos
623 1089 845 1144 veheret
877 1088 1356 1159 Constantinopoli
1388 1088 1824 1161 Trapezuntium
1871 1105 1999 1159 pros

413 1181 624 1243 fectus,
664 1180 738 1236 ibi
783 1181 1052 1237 substitit.
1109 1180 1477 1253 Collectisque
1517 1182 1694 1252 copiis
1741 1196 1807 1236 ac
1856 1180 2000 1235 datis

412 1271 685 1327 mandatis
715 1288 875 1342 opem
912 1288 941 1326 a
989 1288 1114 1344 rege
1154 1274 1534 1330 Chozarorum
1570 1273 1761 1345 petiit,
1805 1280 2000 1343 pactus

413 1363 486 1417 illi
536 1363 736 1418 solium
770 1363 859 1417 cui
897 1364 1164 1419 insideret
1194 1379 1320 1420 cum
1358 1362 1645 1421 consessui
1684 1365 1875 1435 palatii
1917 1365 2001 1418 in-

414 1463 677 1518 teresset;
717 1471 820 1510 nec
857 1472 967 1510 non
1000 1472 1028 1511 a
1064 1473 1192 1527 rege
1229 1459 1289 1511 Al
1322 1459 1517 1528 Anjaz,
1549 1459 1748 1514 collato
1778 1457 1854 1512 illi
1886 1457 2004 1512 dia-

413 1550 626 1605 demate
649 1566 761 1620 quo
790 1552 1009 1618 quoties
1042 1552 1109 1607 ad
1134 1567 1457 1607 consessum
1494 1552 1750 1607 eumdem
1776 1550 2004 1606 accede-

412 1653 492 1697 ret
532 1651 863 1710 ornaretur;
894 1653 949 1697 et
979 1659 1020 1699 a.
1052 1660 1178 1713 rege
1209 1645 1270 1699 AI
1307 1644 1588 1708 Sanariaz,
1623 1645 1708 1698 cui
1757 1652 1811 1698 et
1841 1652 2003 1713 pacto

415 1737 611 1793 solium
658 1737 932 1793 concessit
964 1752 1076 1807 quo
1128 1737 1181 1791 in
1210 1737 1405 1793 eodem
1441 1751 1703 1792 consessu
1749 1736 2000 1802 sederet;

416 1833 557 1886 unde
583 1846 650 1886 ex
683 1845 750 1885 eo
784 1840 1029 1899 tempore
1061 1831 1368 1901 appellatus
1400 1838 1482 1885 est
1518 1846 1614 1885 rex
1644 1831 1705 1884 Al
1736 1829 2001 1895 Sanarim,

419 1939 514 1978 rex
543 1920 681 1977 Solii
710 1919 1038 1993 [dominus].
1062 1922 1238 1991 Atque
1256 1923 1329 1976 ita
1354 1932 1699 1992 comparatus
1726 1921 2007 1992 profectus

417 2025 497 2071 est
529 2015 584 2069 in
632 2016 912 2086 regionem
946 2022 1263 2070 montanam
1300 2014 1696 2086 Aspbahauum
1745 2030 1920 2083 usque.
1952 2024 2007 2068 et

419 2109 565 2164 Mord
594 2118 649 2166 et
683 2109 910 2179 Saporis
946 2111 1163 2176 urbem,
1196 2125 1589 2181 quamcunque
1621 2109 2008 2180 ingrederetur

420 2203 606 2258 urbem
657 2202 800 2257 dalis
852 2202 1161 2282 mandatis,
1212 2211 1266 2256 et
1321 2202 1569 2257 collectis
1616 2200 1815 2271 copiis.
1845 2199 2009 2271 232

422 2294 743 2365 Ubicunque
790 2303 974 2349 autem
1010 2294 1064 2348 in
1110 2294 1195 2348 via
1247 2294 1472 2350 obvium
1516 2292 1743 2347 haberet
1784 2293 2007 2348 Persam

418 2388 657 2459 aliquem
701 2388 903 2453 virum,
950 2384 1249 2449 feminam,
1282 2387 1368 2441 vel
1412 2401 1667 2457 puerum,
1699 2384 1841 2439 colla
1878 2384 2011 2454 ipsis

419 2478 685 2550 pra'cidit.
719 2479 887 2535 Urbis
927 2495 1058 2534 vero
1104 2478 1331 2548 Saporis
1365 2479 1559 2534 incola:
1605 2478 1736 2533 visis
1774 2475 2010 2531 lleraclii

423 2576 615 2644 capiis,
652 2590 776 2629 cum
811 2583 960 2630 metu
999 2588 1199 2643 magno
1234 2574 1508 2643 perterriti
1548 2585 1764 2634 essent.
1798 2587 1855 2628 se
1890 2586 2014 2625 ntu-

421 2666 637 2721 nieutcs
669 2665 735 2718 ad
768 2673 954 2736 portas
983 2665 1274 2721 machinas
1300 2675 1351 2721 et
1382 2665 1634 2721 ballistas
1665 2672 2009 2719 statuerunt:

424 2773 561 2828 quos
589 2758 806 2828 aliquot
837 2757 1032 2813 diebus
1056 2757 1200 2813 bello
1231 2757 1512 2814 lacessivit
1542 2756 1855 2819 lleraclius,
1887 2756 2011 2811 dein

421 2865 601 2922 pugna
646 2850 877 2906 adortus
918 2865 1029 2905 non
1063 2858 1193 2905 ante
1235 2850 1441 2905 destitit
1473 2865 1640 2920 quam
1690 2850 1882 2904 urbem
1916 2864 2013 2903 ce-

425 2946 627 3017 pisset,
677 2945 938 3001 omnibus
983 2945 1075 3015 qui
1132 2945 1188 2999 in
1240 2944 1359 3014 ipsa
1403 2943 1658 3009 fuerant,
1715 2952 1824 2997 tam
1876 2942 2012 2997 viris

426 3055 583 3109 quam
618 3037 843 3093 feminis
874 3037 1193 3108 puerisque,
1222 3037 1599 3092 internecione
1628 3035 1849 3100 deletis,
1883 3038 2013 3105 quin

427 3139 478 3186 et
507 3130 858 3201 gravidarum
892 3130 1067 3184 uteris
1108 3129 1363 3185 dissectis
1405 3135 1687 3183 extractos
1726 3125 1856 3181 inde
1902 3141 2016 3179 em-

427 3224 661 3295 bryones
729 3223 889 3279 saxis"
942 3223 1244 3279 illisernnt.
1307 3219 1429 3288 Quo
1486 3229 1843 3290 conspecto:

427 3320 626 3390 (inquit
654 3317 965 3387 lleraclius)
995 3334 1115 3372 sum
1144 3318 1213 3372 de
1242 3332 1354 3388 quo
1379 3316 1714 3371 vaticinatus
1736 3324 1821 3369 est
1849 3313 2017 3367 David

429 3413 693 3482 propheta
724 3411 842 3477 ubi,
878 3409 1092 3481 psalmo
1118 3424 1347 3477 cum,
1371 3409 1545 3467 dicit:
1580 3407 1771 3463 Beatus
1789 3409 1877 3479 qui
1895 3424 2023 3477 par-

430 3505 575 3558 vulos
622 3512 740 3559 tuos
786 3503 1048 3570 accipiens
1103 3511 1268 3572 petra:
1309 3501 1451 3571 ipsos
1506 3500 1759 3557 alliserit.
1816 3498 2023 3555 Deinde

432 3599 552 3664 igne
596 3595 713 3650 urbi
754 3593 955 3666 injecto
1004 3609 1315 3665 magnaque
1366 3595 1719 3666 captivorum
1768 3592 2025 3647 multitu—

433 3685 556 3742 dine
584 3685 845 3752 abdueta,
881 3701 989 3740 una
1021 3700 1146 3740 cum
1185 3684 1442 3755 pecuniis
1476 3686 1829 3756 gemmisque
1861 3684 2024 3739 innu-

434 3778 599 3834 meris
634 3787 805 3832 totam
857 3777 1061 3833 Persia‘.
1114 3780 1399 3849 regionem
1443 3776 1773 3831 devastavit.
1821 3775 2027 3832 Deinde

434 3869 518 3926 via
552 3885 649 3925 sua
686 3884 938 3925 reversus
970 3886 1068 3941 per
1103 3871 1358 3939 regiones
1398 3868 1650 3934 Halwan,
1693 3881 1747 3924 et
1785 3868 2021 3933 Sharuz,

435 3971 487 4020 et
541 3963 587 4018 A
636 3962 932 4034 Madayen,
992 3963 1276 4035 ingressus
1337 3970 1420 4017 est
1481 3959 1928 4033 Miyapharekin,
1974 3971 2029 4015 ct

436 4054 717 4128 [traiecto]
771 4055 922 4126 Tigri
982 4055 1035 4109 in
1087 4055 1402 4108 Armeniam
1460 4053 1685 4107 transiit
1742 4069 1914 4123 usque
1961 4052 2025 4107 ad

350 4144 357 4151 ’
437 4149 663 4204 ﬂuvium
709 4150 972 4204 Arsenas.
1014 4146 1214 4202 Secum
1264 4156 1447 4203 autem
1481 4146 1627 4202 inter
1658 4145 1904 4217 captivos
1936 4147 2030 4200 ba-

439 4242 554 4295 huit
577 4238 745 4294 lilium
772 4239 955 4295 Cesrte
975 4240 1201 4294 nomine
1226 4239 1508 4295 Kobadetu
1534 4237 1650 4310 (qui
1678 4247 1732 4294 et
1757 4239 2027 4293 Sirawaih

441 4334 743 4408 appellatus
768 4336 895 4402 est),
928 4342 1121 4390 natum
1154 4333 1323 4388 Maria
1367 4334 1474 4389 filia
1505 4336 1854 4404 imperatoris
1884 4334 2034 4389 Mau—

441 4425 579 4488 rit-ii,
608 4423 765 4491 cujus
803 4439 973 4479 causa
1022 4433 1174 4494 gesta
1217 4433 1351 4480 sunt
1389 4430 1505 4479 haec
1535 4425 1692 4479 bella.
1722 4425 1862 4479 Cum
1896 4441 2031 4496 ergo

442 4516 845 4588 Miyapharekiu
884 4517 1553 4586 pcrveuisset,acccrsito
1587 4516 1815 4572 Kubade
1850 4517 2032 4576 Cesra:

1904 3216 2017 3287 Ego
2043 3258 2089 3321 Ο

2104 625 2271 693 Quid,
2319 627 2517 697 inquit,
2555 628 2730 682 ttuntii
2763 625 2968 682 aﬂ‘ers?
2997 624 3096 681 Cui
3140 624 3250 691 ille,
3306 621 3574 691 Vastavit,
3608 623 3685 677 itt-

2105 718 2258 788 qttit,
2292 716 2582 774 Heraclius
2617 734 2809 776 omnes
2845 719 3046 775 Persi-.e
3083 722 3281 787 urbes,
3319 721 3492 785 viris,
3532 720 3683 775 femi-

2107 811 2193 865 nis
2246 812 2538 881 puerisque
2567 811 2871 876 trucidatis,
2921 812 3113 867 urbem
3146 828 3280 868 vero
3313 814 3514 883 regiam
3543 811 3685 866 diru-

2107 911 2216 958 tam
2248 905 2516 971 incendit,
2541 905 2800 960 omnibus
2824 906 2916 975 qui
2944 906 2996 959 in
3026 921 3087 960 ea
3118 905 3337 961 fuerunt
3364 906 3689 962 interfectis.

2107 1013 2383 1067 opumque
2405 1008 2459 1053 et
2484 1013 2825 1070 gemmarum
2857 1010 3127 1069 quantum
3163 999 3307 1054 haud
3339 1000 3536 1070 poterit
3571 1002 3689 1071 quis

2108 1104 2396 1145 recensere
2448 1094 2776 1161 reportavit.
2829 1090 2955 1146 Haec
2996 1100 3189 1164 autem
3241 1091 3417 1163 ipsius
3466 1093 3691 1163 epistola

2108 1194 2214 1240 est.
2258 1185 2392 1239 Cum
2429 1199 2559 1253 ergo
2592 1182 2829 1239 lleraclii
2864 1185 3147 1254 epistolam
3181 1184 3501 1257 perlegisset
3526 1185 3691 1241 Cesra

2111 1292 2305 1349 magna
2338 1279 2555 1332 tristitia
2595 1276 2771 1332 affecti
2801 1287 2931 1332 sunt
2965 1287 3080 1332 tum
3110 1278 3228 1347 ipse
3258 1288 3369 1332 tum
3399 1278 3573 1349 ipsius
3605 1295 3693 1333 co-

2110 1372 2294 1436 tnites,
2333 1370 2635 1439 multisque
2663 1369 2905 1425 familias
2943 1380 2996 1425 et
3036 1369 3244 1427 liberos
3278 1386 3409 1426 suos
3445 1373 3693 1443 laerymis

2110 1460 2401 1517 dederunt.
2461 1460 2627 1517 Cesra
2688 1476 2823 1533 ergo
2883 1461 3204 1516 convocatis
3261 1460 3595 1517 consiliariis
3644 1471 3694 1515 et

2110 1554 2343 1610 ducibus
2381 1554 2529 1617 suis,
2566 1553 2708 1620 Quid
2741 1553 2967 1623 (inquit)
3005 1552 3246 1617 sentitis,
3301 1552 3569 1624 siquidem
3613 1552 3693 1605 iu-

2112 1646 2326 1702 terfecti
2371 1646 2536 1719 236
2584 1657 2713 1700 sunt
2763 1650 3027 1718 conjuges
3073 1655 3128 1702 et
3177 1646 3332 1701 liberi
3391 1645 3605 1709 nostri,
3647 1657 3696 1700 ct

2112 1748 2325 1795 vastata
2360 1737 2641 1793 domicilia
2674 1748 2727 1793 et
2770 1738 3081 1795 habitacula
3116 1739 3345 1794 nostra?
3382 1736 3696 1808 RCSPOIIdt‘-

2115 1839 2242 1886 runt
2272 1832 2350 1886 illi
2384 1831 2553 1887 duces
2584 1839 2637 1885 et
2674 1832 2973 1887 consiliarii
3012 1832 3230 1901 ipsius:
3273 1828 3417 1885 Nihil
3460 1831 3698 1900 proderit

2110 1925 2274 1981 nobis
2310 1925 2399 1979 hic
2426 1925 2639 1991 sedere,
2671 1941 2864 1980 verum
2899 1926 3168 1981 abeuntes
3201 1941 3320 1980 eam
3357 1925 3700 1994 ittqttiratuus

2109 2018 2254 2073 viam
2282 2034 2443 2089 quam
2481 2027 2627 2073 tenet
2658 2017 2945 2075 lleraclius
2973 2034 3084 2089 quo
3114 2019 3216 2089 ipsi
3244 2018 3462 2074 obviam
3488 2034 3703 2072 eamus.

2113 2107 2281 2165 Cesra
2314 2108 2482 2179 igitur
2511 2109 2679 2165 missa
2708 2107 3223 2181 Constantinopolis
3251 2109 3542 2165 obsidione
3575 2124 3705 2173 pro-

2113 2202 2289 2258 fectus
2317 2211 2401 2256 est
2427 2202 2493 2256 ad
2522 2200 2835 2258 lleraclium
2859 2203 3242 2271 quaerendum.
3272 2202 3408 2256 Dum
3434 2211 3617 2257 autem
3650 2204 3703 2254 in

2114 2296 2199 2349 via
2239 2304 2509 2365 pergeret,
2562 2303 2840 2349 narratum
2886 2294 2962 2348 illi
3006 2302 3090 2350 est
3143 2293 3452 2350 iicraclium
3498 2295 3703 2367 Tigrim

2107 2388 2222 2459 jam
2261 2388 2548 2451 transisse,
2583 2402 2648 2442 ac
2689 2386 3002 2442 necessatio
3038 2386 3143 2457 ipsi
3176 2386 3400 2441 fluvium
3435 2387 3704 2442 Arsanam

2115 2483 2426 2537 vadaudum
2454 2496 2598 2537 esse.
2627 2481 3011 2536 Accelerantes
3039 2481 3228 2553 igitur,
3261 2481 3543 2551 inquiunt,
3568 2481 3705 2549 vada

2114 2585 2244 2630 ante
2294 2573 2474 2643 ipsum
2530 2586 2898 2643 occupemus,
2945 2589 3056 2642 quo
3108 2573 3294 2628 minus
3340 2572 3414 2626 illi
3471 2574 3707 2627 transire

2116 2669 2296 2723 liceat.
2327 2668 2625 2737 Speratnus
2657 2666 2803 2721 enim
2840 2664 3006 2719 Deum
3042 2665 3202 2721 nobis
3231 2664 3288 2719 in
3324 2668 3500 2734 ipsum
3532 2666 3706 2720 vieto-

2116 2760 2251 2815 riam
2285 2773 2679 2813 concessurum
2712 2771 2821 2828 quo
2857 2758 3105 2826 captivos
3141 2758 3247 2827 ipsi
3284 2757 3587 2828 eripiamus
3609 2798 3622 2819 ,
3653 2767 3708 2810 ei

2118 2850 2300 2905 omnia
2336 2864 2456 2921 qua:
2483 2864 2669 2905 secum
2697 2849 2855 2904 duxit
2881 2850 3202 2919 capiamus;
3244 2850 3518 2921 siquidem
3555 2848 3707 2903 viros

2119 2943 2418 2999 Persarum
2467 2941 2743 3012 perdidit,
2794 2938 3137 3011 feminasque
3183 2956 3511 2996 communes
3552 2938 3701 2994 fecit.

2119 3033 2453 3093 Perveniens
2511 3048 2643 3103 ergo
2695 3031 2867 3087 Cesra
2922 3032 2987 3086 ad
3042 3032 3268 3086 fluvium
3316 3031 3585 3086 Arsanam
3642 3031 3709 3085 ad

2122 3123 2320 3177 vadunt
2370 3129 2802 3177 castrametatus
2845 3129 2965 3187 est,
3013 3119 3327 3177 Heraclium
3365 3120 3709 3193 praestolans.

2120 3214 2254 3270 Cum
2280 3231 2412 3269 vero
2440 3212 2729 3269 lleraclius
2764 3215 2833 3269 ah
2859 3216 3069 3268 Arsana
3106 3214 3273 3269 ﬂuvio
3301 3214 3467 3270 unius
3498 3223 3710 3270 tantum

2123 3308 2229 3361 dici
2260 3307 2456 3361 itinere
2482 3307 2594 3375 jatu
2629 3306 2871 3368 abesset,
2906 3306 3216 3360 nuntiatum
3250 3305 3351 3376 ipsi
3383 3316 3466 3361 est
3490 3307 3711 3359 Cesram

2122 3400 2186 3454 ad
2224 3401 2417 3454 vadunt
2461 3399 2740 3454 sedentem
2783 3398 2962 3468 ipsum
3006 3407 3373 3469 exspectare:
3420 3398 3513 3453 ille
3551 3413 3713 3467 ergo,

2126 3488 2321 3543 relicto
2356 3488 2605 3542 exercitu
2638 3501 2761 3553 suo,
2792 3501 3026 3557 quaeque
3062 3503 3251 3544 secum
3288 3487 3506 3554 habuit,
3541 3487 3719 3558 impe—

2125 3578 2411 3642 dimentis,
2436 3578 2853 3649 assumptisque
2878 3580 3146 3636 comitum
3181 3595 3407 3636 suorum
3437 3580 3715 3635 nonnullis

2125 3682 2369 3729 stramen
2396 3687 2585 3728 secum
2611 3682 2666 3728 et
2691 3671 3066 3742 iumentorum
3094 3673 3280 3728 flmtun
3314 3674 3548 3743 accepit,
3573 3688 3717 3744 qum,

2127 3781 2250 3821 cum
2284 3766 2517 3821 adverso
2538 3763 2765 3821 ﬂumine
2796 3766 2958 3823 unius
2989 3765 3097 3822 diei
3128 3767 3325 3822 itinere
3353 3767 3718 3829 ascendisset,

2130 3858 2184 3912 in
2226 3857 2452 3912 fluvium
2489 3858 2749 3927 coniecit.
2790 3859 2946 3929 Aqua
2978 3874 3111 3929 ergo
3149 3868 3393 3914 stramen
3435 3868 3489 3913 et
3531 3859 3718 3913 fimum

2127 3966 2319 4009 Secum
2363 3953 2543 4007 delata
2579 3953 2736 4023 juxta
2779 3950 3005 4007 Cesratn
3053 3965 3107 4008 et
3149 3951 3511 4025 237-239
3548 3952 3720 4023 ipsius

2132 4048 2314 4103 socios
2345 4046 2670 4111 transvexit,
2707 4043 2909 4115 quibus
2952 4045 3004 4099 in
3039 4045 3206 4099 ﬂuvio
3241 4045 3576 4115 conspectis,
3619 4044 3720 4104 illi.

2133 4138 2450 4195 Heracliam
2504 4137 2635 4192 alibi
2692 4137 2949 4207 superius
2997 4135 3221 4191 ﬂuvium
3264 4136 3546 4208 trajecisse
3592 4138 3719 4197 rati,

2132 4235 2329 4290 relicto
2361 4231 2501 4288 vado
2549 4230 2780 4303 profecti
2830 4241 2961 4287 sunt
3003 4231 3069 4286 ad
3108 4232 3287 4286 locmn
3334 4229 3425 4284 tibi
3463 4229 3723 4284 transiret

2136 4324 2420 4381 lleraclius
2468 4323 2850 4392 quaerendum.
2911 4320 3120 4378 Deinde
3172 4320 3425 4377 Heraclio
3472 4321 3538 4376 ad
3592 4336 3722 4375 suos

2135 4433 2359 4473 reverso
2395 4417 2712 4471 nuntiatum
2758 4426 2843 4471 est
2887 4414 3112 4470 Cesram
3166 4415 3453 4486 ipsiusque
3493 4414 3723 4468 comites

2138 4510 2332 4565 relicto
2363 4510 2501 4563 vado
2531 4510 2648 4564 loca
2678 4509 2964 4579 superiora
3002 4507 3244 4579 petiisse.
3281 4506 3404 4577 ipse
3436 4522 3568 4576 ergo
3599 4523 3722 4561 cum

441 4608 571 4676 filio,
608 4616 773 4677 caput
802 4607 901 4678 ipsi
934 4615 989 4662 et
1020 4607 1242 4664 barbam
1280 4609 1452 4674 rasit;
1489 4608 1687 4664 deinde
1742 4610 1957 4666 traditis
1989 4616 2036 4671 ri
2074 4613 2113 4665 D
2154 4602 2326 4657 sociis
2363 4602 2479 4656 suis
2517 4614 2748 4669 uergens
2783 4599 3007 4655 ﬂuvium
3046 4599 3294 4671 traiecit.
3330 4599 3728 4671 profectusque

442 4717 578 4772 quas
621 4701 808 4769 ferret,
855 4700 1083 4768 litteris,
1118 4702 1184 4756 ad
1221 4699 1579 4772 233-235
1609 4712 1816 4772 patrem
1866 4719 2025 4757 suum

445 4795 661 4850 Cesram
713 4794 892 4858 tnisit,
941 4794 1102 4849 asino
1146 4794 1370 4850 clitellis
1418 4794 1654 4850 instrato
1686 4794 2026 4866 impositum,

444 4904 544 4941 una
577 4901 702 4941 cum
737 4895 938 4947 turma.
973 4883 1064 4940 cui
1098 4884 1155 4939 in
1188 4885 1460 4963 mandatis
1490 4884 1717 4940 dederat
1746 4885 1924 4956 ipsum
1962 4887 2028 4941 ad

443 4987 649 5046 patrem
680 4994 840 5034 suum
877 4978 1170 5035 deducere.
1202 4976 1463 5049 Epistula:
1488 4985 1673 5034 autem
1702 4994 1865 5050 quant
1898 4980 2035 5034 scri-

446 5075 547 5144 psit
590 5076 693 5129 hoc
734 5076 1018 5145 exemplar
1059 5083 1182 5129 est:
1230 5075 1278 5128 Α
1328 5090 1491 5129 servo
1521 5072 1728 5129 Christi
1777 5072 2033 5129 Heraclio

444 5182 597 5237 Opem
626 5164 677 5239 [a
706 5164 839 5237 Deo]
862 5175 1163 5221 consecuto
1189 5166 1255 5219 ad
1282 5164 1507 5220 Cesram
1538 5168 2033 5236 contemptibilem,

444 5259 785 5325 perplexum,
832 5274 934 5329 ope
969 5258 1316 5312 destitutum.
1357 5258 1449 5312 llis
1498 5261 1796 5327 praemissis
1838 5275 1853 5312 :
1908 5257 2035 5313 Col-

445 5350 547 5421 legi
583 5364 684 5419 ego
715 5346 816 5403 tibi
852 5349 905 5401 in
933 5345 1333 5416 redemptionis
1364 5345 1468 5401 mei
1501 5354 1555 5399 et
1583 5345 1853 5399 ditiouum
1882 5358 2034 5397 mea-

444 5460 564 5497 rutn
611 5441 848 5512 pretium
878 5439 1023 5508 quod
1074 5437 1267 5508 potui,
1326 5448 1455 5492 suttt
1508 5445 1692 5490 autem
1745 5434 2036 5489 Persarum

419 5538 651 5615 .capita,
679 5537 886 5608 quibus
917 5534 1114 5607 [datis]
1143 5532 1288 5605 quod
1318 5533 1416 5587 tibi
1448 5530 1673 5603 promisi
1704 5527 2037 5600 persolvant.

450 5631 646 5685 Statim
677 5645 806 5700 ergo
834 5628 923 5681 ttbi
959 5627 1173 5683 litteras
1207 5640 1356 5681 ineas
1392 5624 1715 5695 perlegeris,
1741 5634 2036 5690 antequam

451 5737 548 5775 eas
585 5737 615 5775 c
646 5737 811 5777 manu
862 5730 953 5775 tua
998 5720 1329 5790 deposueris
1404 5716 1572 5772 uittas
1613 5716 1705 5786 qui
1758 5732 1819 5769 ea
1869 5714 1934 5769 ad
1986 5720 2040 5771 te
2080 5726 2087 5731 '

455 5806 757 5874 perferant.
790 5808 941 5865 Vale.
973 5809 1071 5864 Ubi
1098 5812 1261 5881 igitur
1283 5811 1347 5863 ad
1373 5820 1579 5879 patrem
1609 5824 1767 5863 suum
1802 5807 2025 5863 Cesram

460 5897 798 5963 pervenisset
818 5900 1089 5965 Kobailes,
1113 5918 1379 5971 cumque,
1404 5901 1582 5968 capite
1608 5909 1661 5953 ct
1691 5898 1854 5952 barba
1878 5900 2037 5962 rasis,

2133 4700 2219 4746 est
2251 4691 2429 4745 donec
2459 4688 2892 4759 Trapezuntium
2926 4692 3259 4760 perveniret.
3296 4688 3429 4745 Dein
3458 4706 3728 4747 conscen-

2134 4784 2211 4838 sis
2264 4782 2494 4836 navibus
2527 4778 3055 4852 Constantinopolim
3090 4782 3259 4846 adiit,
3308 4781 3464 4848 cujus
3536 4782 3730 4837 incola:

2138 4876 2240 4945 ipsi
2282 4889 2406 4930 cum
2458 4872 2660 4943 gaudio
2694 4882 2748 4942 et
2797 4873 3177 4927 exsultatione
3220 4886 3620 4934 occurrerunt,
3664 4890 3729 4927 ac

2137 4978 2342 5036 septem
2378 4966 2495 5018 dies
2527 4964 2763 5027 edendo,
2800 4965 3059 5028 bibendo,
3094 4973 3147 5021 et
3181 4965 3381 5021 laetitia:
3423 4966 3733 5035 insumpse-

2137 5066 2286 5113 runt.
2327 5056 2649 5112 Nuntiatum
2701 5066 2883 5111 autem
2931 5066 3013 5110 est
3065 5057 3247 5113 Ccsra:
3300 5055 3609 5112 lleraclium
3661 5057 3731 5111 ad

2136 5150 2336 5205 vadunt
2391 5166 2672 5205 reversum
2741 5152 3072 5218 trajecissc,
3132 5160 3375 5205 stramen
3436 5160 3620 5204 autem
3675 5159 3733 5203 et

2139 5248 2325 5300 fimum
2360 5245 2410 5298 iu
2450 5242 2675 5299 fluvium
2713 5244 2841 5300 dolo
2885 5260 2949 5299 ac
2980 5244 3173 5299 fraude
3206 5245 3275 5299 ab
3312 5244 3430 5314 ipso
3467 5243 3730 5312 injectum

2140 5338 2331 5394 fuisse.
2367 5336 2460 5393 llle
2506 5354 2638 5407 ergo
2674 5337 2737 5392 ad
2786 5337 2973 5392 urbem
3022 5352 3178 5391 suam
3222 5335 3506 5405 profectus
3546 5336 3718 5406 ipsum

2142 5434 2439 5488 desolatam
2477 5430 2704 5495 invenit,
2740 5439 2799 5483 ut
2827 5446 2931 5484 nee
2963 5430 3017 5482 in
3049 5444 3110 5483 ea
3144 5445 3279 5499 puer
3307 5437 3475 5490 esset,
3510 5445 3609 5483 nec
3639 5429 3732 5497 qui

2138 5534 2385 5585 vocaret,
2417 5537 2517 5577 nec
2548 5521 2641 5591 qui
2673 5520 3054 5590 responderet.

2214 5616 2389 5686 Atque
2410 5633 2474 5670 ex
2496 5631 2562 5670 eo
2586 5624 2833 5682 tempore
2860 5614 3128 5668 infirmari
3157 5613 3448 5669 Persarum
3478 5630 3731 5681 regnum,

2143 5712 2308 5778 idque
2365 5725 2510 5763 anno
2562 5708 2775 5775 imperii
2830 5706 3063 5760 lleraclii
3112 5706 3383 5777 septimo,
3430 5708 3734 5773 eodemque.

2145 5804 2323 5858 lleirzc
2351 5802 2606 5869 septimo.
2637 5803 2793 5856 Auno
2828 5799 3039 5869 imperii
3070 5798 3301 5853 lleraclii
3335 5799 3579 5855 secundo
3604 5814 3732 5852 ron-

2146 5899 2374 5951 stitutus
2413 5900 2506 5947 ’est
2546 5891 2806 5944 Yusatius
2854 5889 3222 5950 Ilionifaciusi
3262 5890 3572 5946 tmtt‘iart'ltu
3622 5888 3731 5940 lin-
