4116 6412
418 345 555 406 1089

1854 344 1951 403 AN
1963 341 2230 403 NA1.ES.

3515 336 3538 399 l
3553 334 3660 400 090

413 475 628 524 manus,
661 460 753 529 qui
785 476 959 516 annos
986 461 1228 532 quinque
1267 461 1431 527 sedit,
1458 460 1582 515 dein
1609 467 1855 514 mortuus
1905 469 1987 514 est
2014 458 2137 525 A‘si
2187 466 2401 525 pactum
2456 462 2509 506 et
2555 453 2931 523 juramentum
2985 451 3299 507 violaverim
3357 449 3514 505 cedet
3558 450 3661 505 hoc

414 566 553 604 Innu
598 564 740 604 nono
800 552 1011 621 imperii
1046 551 1325 622 ejusdem,
1358 552 1450 621 qui
1486 561 1540 606 et
1573 550 1751 605 lleira:
1783 566 1979 614 nonus,

415 640 889 710 Constantinopoli
948 656 1204 711 egressus
1258 640 1549 698 lleraclius
1610 641 1986 713 Hierosolyma

414 730 706 796 tendebat,
760 747 870 799 quo
916 732 1125 787 videret
1176 732 1306 802 quid
1355 733 1407 787 in
1453 733 1568 801 ipsa
1615 733 1988 788 devastassent

415 823 611 897 Persae.
660 820 765 877 Ubi
796 831 975 878 autem
1022 823 1281 885 llemsum
1327 827 1668 895 pervenisset
1699 826 1990 879 uoluerunt

414 914 523 982 ejus
571 915 762 969 incola:
808 914 986 983 ipsum
1033 915 1312 985 recipere,
1355 914 1520 988 240
1553 919 1801 972 dicentes
1844 917 1984 985 ipsi:

414 1009 675 1064 liaronlta
709 1019 766 1063 tu
813 1024 872 1063 es
916 1022 980 1062 ac
1021 1008 1275 1077 religioni
1318 1017 1518 1064 nostra:
1557 1008 1842 1063 adversus.
1875 1007 1988 1064 Illis

415 1117 539 1170 ergo
572 1101 781 1155 relictis
815 1100 880 1154 ad
916 1102 1309 1156 monasterium
1339 1100 1576 1156 Maronis
1610 1101 1763 1165 abiit,
1797 1102 1848 1156 in
1881 1116 1988 1172 quo

415 1196 500 1261 qui
525 1203 680 1247 erant
713 1194 965 1248 monachi
989 1194 1194 1263 egressi
1218 1193 1434 1249 obviam
1463 1195 1564 1265 ipsi
1591 1194 1814 1262 profecti
1838 1205 1983 1250 sunt.

417 1285 530 1348 Fuit
571 1294 754 1339 autem
811 1282 1096 1339 Hcraclius
1143 1283 1411 1338 Maronita
1438 1326 1455 1353 ,
1507 1285 1816 1355 multasque
1850 1285 1987 1356 ipsis

415 1392 541 1447 opes
571 1377 841 1442 contulit,
873 1378 1018 1447 agris
1045 1377 1208 1432 etiam
1243 1378 1450 1432 donato
1484 1379 1821 1433 monasterio
1852 1377 1989 1433 adeo

417 1481 469 1523 ut
496 1484 758 1539 prospere
787 1470 1137 1525 se-haberent
1158 1485 1247 1525 res
1273 1485 1488 1525 eorum.
1510 1468 1640 1525 inde
1663 1471 1986 1526 Damascum

416 1558 696 1629 profectus
723 1569 828 1615 est.
860 1559 985 1614 Fuit
1019 1570 1199 1616 autem
1233 1560 1486 1616 Damasci
1516 1561 1600 1615 vir
1633 1561 1856 1631 quidam
1892 1577 1990 1617 no-

416 1648 554 1702 tuine
588 1647 812 1701 Mansur
850 1645 1067 1717 Serjuni
1106 1650 1283 1715 ﬁlius,
1319 1650 1542 1706 tributis
1570 1651 1854 1722 exigendis
1888 1667 1991 1707 no-

415 1739 558 1794 mine
603 1739 852 1794 Mauricii
899 1740 1256 1810 imperatoris
1289 1742 1609 1812 praefectus.
1647 1759 1678 1798 a
1719 1759 1828 1814 quo
1863 1758 1987 1800 cum

416 1831 672 1898 pecunias
691 1840 896 1900 peteret
915 1830 1198 1887 lleraclius
1221 1841 1335 1887 toto
1357 1848 1627 1889 annorum
1652 1850 1759 1904 quo
1778 1835 1990 1892 obsessi

416 1928 571 1975 erant
623 1921 1103 1993 Constantinopoli
1166 1923 1396 1980 Romani
1446 1927 1625 1991 spatio
1675 1925 1988 1999 [debitas,]

416 2019 572 2081 atque
601 2011 691 2067 ille
715 2013 961 2068 Damasci
992 2013 1255 2069 tributum
1282 2031 1342 2072 se
1369 2017 1438 2071 ad
1464 2016 1688 2073 Cesram
1723 2018 1989 2074 detulisse

415 2098 786 2173 responderet,
825 2107 1065 2178 graviter
1101 2108 1155 2161 in
1187 2124 1309 2163 eum
1346 2109 1633 2181 inquisivit
1670 2111 1991 2167 verberibus

416 2200 462 2247 et
497 2193 929 2251 iucarceratione
951 2236 965 2261 ,
995 2195 1174 2252 donec
1206 2198 1277 2254 ab
1311 2199 1431 2267 ipso
1461 2203 1675 2256 centies
1707 2201 1854 2257 mille
1890 2217 1990 2257 au-

416 2298 539 2338 reos
591 2295 973 2353 extorqueret;
1040 2287 1165 2342 dein
1226 2288 1329 2358 ipsi
1385 2289 1767 2359 praefecturam
1832 2293 1990 2347 istam

415 2374 757 2430 conlirmavit
805 2396 821 2432 :
871 2393 1034 2449 quam
1090 2381 1161 2435 ob
1220 2396 1446 2436 causam
1503 2383 1794 2440 Hansurus
1851 2387 1988 2440 iram

415 2476 636 2533 pectore
687 2483 790 2523 suo
840 2469 895 2523 in
957 2469 1268 2526 lleraclium
1328 2472 1480 2528 fovit.
1535 2473 1668 2531 lude
1716 2475 1991 2545 profectus

415 2557 695 2615 Heraclius
728 2558 1108 2633 Hierosolyma
1146 2563 1324 2632 petiit.
1357 2564 1606 2635 Cumque
1644 2564 1989 2625 'l‘iberiadem

415 2648 792 2715 pervenisset,
841 2651 1047 2721 egressi
1106 2651 1174 2705 ad
1232 2653 1408 2722 ipsum
1458 2651 1630 2709 Judaei
1682 2654 1992 2711 Tiberiadis

415 2739 626 2804 incolae,
661 2755 763 2794 nec
790 2756 901 2795 nou
933 2742 1177 2810 regionis
1199 2743 1433 2798 Calilzete
1454 2754 1728 2801 montana:
1747 2756 1800 2802 et
1823 2746 1988 2801 Naza-

414 2832 548 2886 rethi
577 2831 934 2913 omniumque
957 2834 1117 2889 istius
1150 2836 1323 2905 partis
1349 2838 1697 2906 Oppidorum,
1731 2839 1835 2909 ipsi
1865 2855 1989 2894 cum

414 2923 731 2978 uulneribus
764 2937 1150 2991 occurrerunt,
1187 2928 1364 2983 fausta
1406 2941 1826 2999 comprecantes
1848 2970 1862 2996 ,
1896 2946 1989 2986 ro-

415 3024 708 3085 gantesque
752 3025 812 3069 ut
860 3017 1202 3072 securitatem
1250 3019 1390 3088 ipsis
1430 3025 1793 3088 concederet;
1824 3039 1988 3093 quam
2026 3033 2031 3039 ‘

414 3107 721 3171 roucessit,
760 3106 1050 3179 ftedusque
1082 3125 1207 3164 cum
1256 3109 1391 3182 ipsis
1424 3112 1623 3168 litteris
1657 3115 1986 3186 obsignavit.

414 3196 512 3249 lihi
546 3206 751 3271 ‘autem
809 3198 1179 3271 Hierosolyma
1235 3204 1575 3271 pervenisset
1623 3205 1837 3259 obviam
1887 3207 1987 3277 ipsi

414 3285 535 3339 iacti
566 3295 697 3340 sunt
723 3287 1088 3361 [monasterii]
1113 3287 1473 3362 241243
1499 3290 1561 3343 Al
1591 3289 1687 3345 Sik
1715 3293 1986 3359 monachi,

414 3377 675 3444 urbisque
706 3376 1219 3451 llicrosolymitana:
1252 3383 1465 3447 incolae,
1507 3383 1807 3438 comitante
1840 3378 1990 3454 ipsos

413 3467 674 3534 Modesto,
701 3487 827 3525 cum
860 3472 1152 3531 thuribulis
1174 3483 1227 3528 et
1253 3474 1456 3531 sumtu.
1479 3477 1614 3531 Cum
1642 3492 1772 3532 vero
1796 3476 1987 3532 urbem

412 3562 697 3630 ingressus
723 3577 784 3617 ea
820 3579 944 3633 quae
973 3565 1256 3620 diruerant
1281 3581 1346 3622 ac
1373 3568 1778 3624 succenderant
1805 3569 1987 3624 Persae

413 3657 663 3719 vidisset,
696 3670 891 3727 magna
927 3654 1156 3712 affectus
1183 3669 1267 3712 est
1303 3660 1550 3715 tristitia.
1599 3659 1732 3732 Dein
1763 3676 1887 3717 cum
1922 3676 1986 3716 ea

408 3753 776 3818 conspexerat
812 3746 1126 3811 Modestus,
1185 3745 1437 3802 videlicet
1498 3749 1760 3818 templum
1791 3747 1992 3803 Resur-

412 3837 704 3901 rectionis,
758 3836 979 3901 Cranii,
1028 3846 1082 3891 et
1134 3836 1248 3891 Mar
1298 3838 1689 3902 Constantini,
1745 3854 1986 3904 rursum,

412 3924 615 3996 gaudio
645 3924 875 3981 allectus
908 3924 1154 3979 Modesto
1186 3923 1257 3979 ob
1290 3940 1353 3980 ea
1394 3940 1516 3995 quae
1547 3923 1752 3979 fecerat
1782 3924 1989 3995 gratias

411 4022 540 4093 egit.
572 4018 876 4073 Narrarunt
914 4025 1098 4072 autem
1144 4017 1250 4088 ipsi
1291 4017 1544 4072 monachi
1586 4025 1641 4071 et
1678 4015 1989 4088 llierosoly-

412 4127 624 4165 morum
660 4111 851 4165 int-olm
884 4108 1100 4165 Iudaeos
1131 4109 1223 4179 qui
1253 4108 1394 4162 circa
1427 4108 1801 4181 Hierosolyma
1829 4111 1989 4180 dege-

411 4212 562 4268 rent,
596 4220 702 4257 una
734 4218 860 4257 cum
895 4203 962 4257 iis
991 4203 1083 4272 qui
1106 4200 1342 4257 Galilaete
1372 4209 1632 4255 montana
1667 4202 1983 4266 incolerent,

411 4313 518 4368 quo
551 4303 796 4366 tempore
828 4304 1095 4351 venerunt
1135 4295 1343 4358 Persae,
1382 4293 1519 4364 ipsis
1550 4309 1609 4349 se
1639 4291 1984 4364 adjuuxisse,

411 4404 680 4459 opemque
714 4388 906 4443 tulisse
928 4426 943 4452 ,
973 4388 1233 4457 ipsosque
1262 4386 1603 4443 Christianos
1634 4387 1783 4442 caede
1811 4385 1985 4457 magis

2089 550 2222 604 mihi
2266 550 2318 603 in
2356 546 2745 617 opprobrium,
2781 544 3093 614 famamque
3130 544 3262 598 mihi
3298 545 3494 597 malum
3530 558 3664 598 con-

2088 640 2325 706 ciliabit;
2377 655 2478 694 nec
2528 646 2710 693 certus
2762 622 2978 692 suntsi
3031 637 3124 691 alii
3175 636 3412 706 cuipiam
3468 646 3662 706 praeter

2086 729 2308 785 Judaeos
2343 740 2561 801 pactum
2596 730 2803 798 scripto
2831 728 3292 791 confirmaverim,
3321 716 3663 795 illntl'ipsum

2090 836 2121 875 a
2168 836 2255 875 me
2302 829 2677 890 accepturum.
2743 818 2798 872 Si
2845 834 2975 889 ergo
3026 818 3130 871 hoc
3180 833 3288 871 non
3340 817 3666 886 pru'stilero,

2091 914 2346 978 mendax.
2384 914 2547 968 fallax
2590 923 2645 969 et
2697 912 2922 967 minime
2961 913 3065 967 fide
3125 909 3348 978 dignus,
3382 908 3522 975 apud
3553 923 3669 963 om-
3739 950 3751 967 κ

2091 1022 2190 1061 nes
2222 1006 2425 1076 passim
2464 1006 2712 1060 homines
2743 1004 3015 1067 habebor,
3047 1002 3187 1057 ultra
3234 1010 3520 1069 peccatum
3559 1015 3670 1051 ma-

2093 1112 2261 1166 gnum
2296 1105 2348 1149 et
2379 1095 2559 1150 scelus
2586 1094 2742 1163 cujus
2778 1109 2903 1149 reus
2944 1108 3039 1148 ero
3070 1092 3212 1161 apud
3247 1091 3536 1145 Dominum
3576 1105 3671 1141 nn-

2092 1199 2267 1244 strnm
2303 1187 2616 1253 Christum,
2649 1202 2773 1240 cum
2808 1187 3065 1257 populum
3095 1183 3184 1241 cui
3218 1185 3376 1239 fidem
3409 1183 3671 1246 feceram,

2090 1294 2324 1350 eantque
2373 1286 2536 1348 pacto
2582 1278 2779 1333 litteris
2828 1278 3148 1349 consignato
3196 1276 3669 1346 (confirmaverant

2093 1370 2517 1440 interfecerim.)
2567 1370 2666 1426 Cui
2718 1370 2836 1424 illi:
2882 1368 3043 1423 Novit
3101 1368 3366 1423 Dominus
3419 1367 3674 1421 Christus

2092 1461 2297 1518 caedem
2334 1462 2580 1532 ipsorum
2618 1461 2711 1516 tibi
2746 1470 3100 1531 peccatorum
3136 1459 3503 1530 expiationem
3540 1471 3674 1510 con-

2096 1556 2413 1611 ciliaturum
2443 1597 2460 1622 ,
2502 1563 2559 1609 et
2603 1554 2956 1617 iniquitatem
2997 1561 3211 1608 tuarqu
3265 1550 3670 1612 remissionem,

2091 1659 2415 1704 excusatqu
2462 1649 2625 1702 etiam
2663 1656 2713 1703 te
2746 1647 3026 1703 habebunt
3058 1647 3342 1709 homines,
3385 1645 3529 1714 quod
3565 1638 3709 1712 quo‘

2093 1750 2339 1810 tempore
2377 1740 2511 1811 ipsis
2536 1743 2885 1795 securitatem
2915 1739 3263 1806 concessisti,
3301 1753 3405 1791 non
3433 1736 3674 1799 noveris.

2093 1846 2194 1886 nec
2254 1842 2598 1902 perspectum
2657 1831 2960 1895 habueris,
3015 1846 3181 1899 quam
3234 1828 3671 1884 Christianorum

2093 1932 2334 1994 stragem
2363 1923 2672 1988 ediderant,
2720 1938 2860 1993 quas
2907 1923 3174 1978 ecclesias
3216 1920 3505 1976 diruerant
3549 1933 3672 1972 cum

2093 2014 2191 2068 tibi
2224 2014 2440 2067 obviam
2464 2014 2674 2085 egressi
2706 2013 3028 2069 uulneribus
3054 2023 3107 2068 te
3134 2013 3495 2083 exceperint;
3523 2010 3672 2075 quod

2095 2105 2222 2162 dolo
2258 2107 2327 2162 ab
2361 2106 2498 2176 ipsis
2537 2105 2767 2172 factum,
2800 2114 2856 2160 et
2890 2105 2958 2160 ad
2989 2107 3207 2177 culpam
3243 2121 3410 2176 quam
3444 2109 3679 2160 commi-

2093 2206 2278 2251 serant
2314 2198 2701 2253 amoliendam.
2734 2195 2854 2251 Jam
2883 2212 3014 2251 vero
3044 2197 3223 2253 caedes
3259 2210 3471 2256 eorum.
3500 2197 3683 2250 sacri.

2094 2287 2275 2343 licium
2298 2289 2404 2344 erit
2438 2303 2468 2342 a
2498 2299 2550 2345 te
2577 2287 2690 2344 Deo
2718 2288 2963 2343 oblatqu
2995 2304 3010 2343 :
3043 2301 3144 2343 nos
3176 2297 3360 2342 autem
3392 2297 3676 2357 peccatum

2097 2381 2201 2435 hoc
2231 2395 2263 2435 a
2297 2389 2346 2435 te
2383 2378 2462 2453 [iu
2496 2378 2621 2454 nos]
2648 2378 3048 2435 transferemus
3071 2419 3088 2445 ,
3123 2380 3333 2449 tibique
3366 2378 3545 2449 ipsum
3583 2394 3673 2432 ex-

2094 2471 2389 2542 p’abimus.
2426 2479 2681 2542 rogantes
2712 2470 2996 2526 Dominum
3026 2479 3274 2526 uestrum
3303 2469 3489 2526 Jesum
3520 2470 3672 2524 Chrio

2094 2572 2238 2619 stum
2275 2578 2343 2618 ne
2376 2564 2555 2633 ipsum
2607 2563 2699 2618 tibi
2751 2564 3019 2634 imputet,
3070 2577 3134 2618 ac
3166 2563 3528 2633 septimanam
3569 2578 3673 2632 qua

2093 2671 2193 2711 ova
2248 2665 2302 2710 et
2353 2655 3002 2720 caseusconteduntur,
3059 2655 3209 2709 illam
3262 2650 3503 2726 [nctupe]
3555 2644 3676 2720 quae

2087 2746 2359 2816 jejunium
2404 2759 2666 2815 magnum
2719 2745 2999 2813 praecedit,
3044 2751 3357 2798 statuemus
3400 2741 3674 2812 jejunium

2092 2836 2461 2910 245-257
2495 2852 2690 2906 purutn
2722 2837 2869 2907 quod
2899 2836 3112 2906 jejunio
3148 2850 3345 2904 magno
3377 2849 3673 2889 acet-nsca-

2092 2935 2204 2991 tttr,
2235 2942 2345 2997 quo
2373 2930 2427 2980 in
2460 2925 2540 2980 tui
2563 2927 2798 2996 gratiam
2822 2926 3162 2996 jejunemus,
3193 2938 3425 2978 ovorum
3451 2932 3506 2976 et
3528 2924 3674 2977 casei

2091 3033 2187 3073 esu
2246 3018 2454 3072 omisso
2504 3017 2747 3087 quandiu
2797 3016 3018 3071 durabit
3070 3014 3260 3085 religio
3337 3014 3673 3069 Christiana.

2094 3107 2363 3163 llelcltitre
2390 3108 2534 3161 enim
2564 3106 2907 3162 bebdomada
2930 3107 3035 3161 ista
3070 3107 3137 3160 ab
3167 3121 3265 3161 esu
3292 3106 3479 3160 carnis
3507 3105 3676 3160 absti-

2093 3202 2312 3267 nebant,
2339 3215 2439 3254 ora
2465 3209 2518 3254 et
2544 3214 2763 3254 caseum
2791 3206 2847 3253 et
2871 3198 3051 3267 pisces
3079 3198 3133 3252 in
3156 3198 3274 3267 ipsa
3301 3198 3673 3261 comedentes.

2097 3293 2175 3348 uti
2228 3308 2258 3347 e
2307 3291 2513 3363 Typico
2561 3290 2737 3346 sancti
2777 3290 2890 3345 Mar
2942 3288 3101 3344 Saba:
3169 3290 3362 3360 liquet.
3412 3289 3674 3343 Dixerunt

2093 3392 2274 3439 autem
2307 3383 2385 3436 illi
2423 3398 2438 3435 :
2479 3379 2593 3439 Nos
2623 3396 2685 3435 ea
2719 3380 2797 3435 tui
2850 3380 3026 3449 gratia
3060 3378 3462 3450 jejuuabimus,
3497 3376 3674 3432 omnis

2095 3476 2169 3530 rei
2224 3475 2438 3546 pinguis
2481 3488 2636 3528 esum
2685 3475 3038 3534 amittentes,
3081 3479 3247 3540 atque
3293 3469 3397 3525 hoc
3438 3484 3674 3533 canone,

2095 3563 2701 3627 exeommunicatione,
2744 3570 2798 3618 et
2833 3561 3188 3615 anathemate
3219 3559 3532 3614 sauciemus
3554 3598 3569 3620 ,
3607 3572 3676 3613 ne

2093 3672 2336 3727 unquam
2388 3664 2668 3717 mutetur,
2730 3657 2796 3708 de
2846 3653 3037 3730 eodem
3090 3654 3143 3706 in
3189 3667 3381 3708 omnes
3421 3653 3675 3722 regiones

2092 3748 2306 3805 litteras
2352 3749 2655 3812 mittentes,
2704 3755 2764 3801 ut
2803 3747 2856 3800 iu
2908 3744 3351 3815 propitiatienem
3388 3742 3672 3816 [cedatlei

2090 3839 2237 3912 quod
2258 3857 2304 3914 ‘a
2340 3853 2390 3894 te
2436 3838 2876 3908 impetravimus.
2912 3838 3174 3907 Anuuens
3210 3851 3339 3906 ergo
3390 3838 3488 3889 hac
3524 3835 3578 3889 iu
3613 3850 3674 3889 re

2092 3933 2227 4003 ipsis
2261 3930 2571 3996 lleraclius,
2603 3946 2633 3985 e
2664 3929 2870 3986 Judaeis
2900 3914 2991 3998 qui
3030 3928 3175 3981 circa
3211 3927 3586 3998 llierosolytna
3618 3936 3669 3982 et

2089 4032 2331 4079 montem
2381 4021 2617 4078 Galilzeze
2659 4029 2838 4085 erant,
2886 4035 3030 4090 quos
3077 4017 3422 4087 prehendere
3469 4016 3669 4086 potuit,

2091 4113 2409 4166 innumeros
2454 4109 2681 4166 occidit.
2762 4107 2838 4163 Ex
2888 4108 3020 4178 ipsis
3060 4107 3209 4162 enim
3241 4105 3331 4160 alii
3366 4106 3672 4171 latuerunt,

2090 4204 2181 4257 alii
2207 4202 2329 4272 luga
2355 4203 2489 4257 sein
2513 4201 2750 4264 deserta,
2774 4209 2992 4256 montes
3018 4208 3070 4254 et
3091 4200 3259 4254 valles
3284 4208 3339 4254 et
3366 4197 3664 4271 Egyptum

2090 4295 2490 4349 subduxerunt.
2521 4288 2762 4344 Primam
2794 4305 2927 4361 ergo
2955 4289 3149 4359 jejunii
3187 4290 3570 4360 septimanam,
3611 4291 3665 4343 in

2089 4402 2196 4455 qtta
2229 4384 2495 4439 Melchita:
2525 4398 2553 4437 a
2589 4383 2772 4438 carnis
2805 4391 3016 4435 tantum
3050 4396 3148 4456 esu
3182 4381 3487 4445 abstinent,
3527 4381 3669 4452 jejuo

410 4495 567 4550 quam
590 4478 768 4534 Persa:
795 4483 1132 4548 persecutos,
1158 4485 1213 4532 et
1235 4479 1496 4532 ecclesias
1521 4486 1786 4541 vastasse,
1812 4475 1987 4546 iisque
2021 4499 2063 4554 ο
2094 4477 2241 4530 nium
2294 4475 2606 4530 absolutum
2656 4478 3002 4536 statuerunt,
3056 4471 3110 4524 in
3162 4486 3269 4542 qua
3302 4461 3671 4542 imperatoris

410 4573 660 4646 flammas
685 4571 956 4644 iniecisse,
980 4570 1219 4627 (tSleIISiS
1244 4571 1347 4640 ipsi
1372 4570 1529 4624 caesis
1555 4570 1650 4639 qui
1678 4568 1731 4623 in
1757 4568 1984 4624 ﬂatiiela

409 4664 643 4734 conjecti
699 4662 937 4717 fuerant.
977 4663 1279 4717 Certiorem
1325 4663 1488 4717 etiam
1527 4662 1705 4731 ipsqu
1745 4659 1988 4714 fecerunt

408 4772 595 4809 eorum
650 4770 772 4825 quae
812 4753 981 4809 Judaei
1029 4753 1154 4825 Tyri
1205 4762 1678 4823 perpetraveraut,
1726 4751 1872 4823 qttod
1919 4751 1984 4805 ad

409 4849 607 4903 caedem
659 4847 1143 4915 Christianorum,
1186 4853 1240 4899 et
1278 4846 1634 4901 ecclesiarum
1686 4842 1987 4899 demolitioo

408 4958 553 4997 nem.
591 4939 803 5006 Quibus
837 4938 1165 4994 ileraelius:
1199 4938 1339 5005 Quid
1372 4952 1525 5009 ergo,
1564 4938 1759 5008 inquit,
1788 4936 1990 4991 vultis?

409 5031 826 5101 “l'SPOIIdel'llnl
854 5045 869 5082 :
907 5029 974 5085 Ut
999 5039 1213 5100 gratum
1248 5029 1410 5083 nobis
1440 5027 1654 5095 faciens
1678 5042 1868 5081 omnes
1893 5025 1985 5095 qui

408 5127 553 5180 rirca
585 5125 966 5194 Hierosolyma
990 5132 1043 5175 et
1066 5122 1120 5175 iu
1148 5133 1330 5176 monte
1350 5118 1587 5174 Galilaeze
1611 5127 1741 5172 sunt
1766 5118 1986 5174 Judaaos

408 5232 431 5272 ε
467 5218 647 5271 medio
696 5217 888 5280 tollas,
932 5229 1055 5270 eum
1100 5212 1234 5266 certi
1285 5225 1395 5264 non
1437 5210 1611 5264 simus
1645 5209 1777 5278 Quin
1816 5207 1983 5261 adve-

408 5311 590 5363 niente
623 5319 783 5378 gente
814 5308 1000 5377 aliqua
1032 5302 1190 5358 nobis
1218 5301 1439 5355 inimica
1471 5299 1546 5353 illi
1574 5312 1769 5353 rursus
1794 5304 1985 5352 contra

409 5415 506 5454 nos
542 5399 808 5453 auxilium
846 5397 983 5467 ipsis
1021 5395 1222 5457 ferant,
1263 5400 1321 5445 ut
1350 5389 1463 5459 jam
1499 5388 1685 5444 Persis
1719 5389 1982 5441 tulerunt.

409 5490 705 5560 ReSjtondit
740 5489 1061 5545 ﬂeraclius:
1097 5482 1383 5552 Quomodo
1416 5480 1650 5536 interfici
1690 5481 1835 5550 ipsos
1865 5495 1986 5550 per-

411 5583 652 5646 mittam,
695 5595 819 5635 cum
864 5580 974 5650 jam
1021 5576 1377 5632 securitatem
1422 5573 1557 5645 ipsis
1593 5573 1985 5633 concesserim.

413 5688 575 5734 eoque
624 5671 730 5726 fine
770 5683 989 5741 pactum
1042 5666 1243 5722 litteris
1283 5663 1767 5733 consignavcrim?
1823 5662 1987 5735 244,

413 5744 500 5825 vos
529 5777 707 5819 autem
740 5764 894 5819 scitis
926 5762 1055 5827 quid
1090 5757 1790 5841 faadifragomihituursit.
1824 5758 1982 5841 Quod

1476 5957 1489 5985 \

2094 4566 2329 4621 llerat-lii
2381 4568 2555 4636 gratia
2597 4564 2944 4635 jejunareut,
2994 4578 3104 4632 quo
3154 4563 3523 4617 remitteretur
3568 4556 3683 4632 ipsi

2096 4655 2314 4710 feriet-is
2340 4656 2425 4708 sui
2451 4654 2672 4707 violatio
2697 4661 2751 4706 et
2770 4651 3084 4705 Judazorum
3113 4652 3309 4717 eat-des,
3331 4654 3398 4705 ah
3421 4669 3670 4717 ovorum,

2094 4747 2237 4803 casei
2304 4756 2358 4799 et
2389 4744 2620 4815 piscium
2653 4760 2749 4798 esu
2783 4744 2835 4797 in
2865 4732 3057 4798 eadem
3093 4742 3456 4809 abstinentes,
3499 4759 3670 4813 eaque

2094 4838 2163 4892 de
2203 4853 2263 4891 re
2312 4837 2365 4891 iu
2411 4850 2603 4889 omnes
2646 4836 2901 4904 regiones
2943 4833 3157 4889 litteras
3194 4832 3573 4904 scripserunt:
3608 4849 3669 4891 ac

2093 4928 2313 4999 Egypti
2363 4926 2632 4997 Cephtitze
2680 4927 2733 4980 in
2785 4926 2933 4980 hunc
2983 4940 3157 4996 usque
3204 4926 3668 4996 dienrjejuuium

2096 5021 2226 5076 illud
2269 5020 2587 5074 observant.
2615 5016 2788 5089 Syriae
2831 5031 2960 5072 vero
2994 5018 3339 5073 Damascenae
3369 5017 3578 5084 iucoiae,
3617 5029 3671 5074 et

2113 5112 2285 5168 Grteci
2317 5109 2582 5166 Melehitae
2616 5120 2740 5181 post
2770 5117 3001 5164 mortem
3040 5108 3273 5165 Hcraclii
3315 5112 3511 5167 iterum
3546 5112 3674 5166 lteb-

2095 5202 2326 5259 tloinada
2379 5203 2482 5259 ista
2513 5217 2637 5267 ova,
2682 5216 2934 5275 caseum,
2976 5212 3029 5256 et
3075 5202 3254 5272 pisces
3296 5206 3674 5261 comederunt.

2094 5292 2260 5367 248
2289 5293 2345 5348 In
2378 5293 2569 5349 eadem
2603 5294 2765 5348 etiam
2796 5293 3054 5362 jejuuaut
3095 5295 3287 5350 diebus
3317 5295 3577 5352 Mercurii
3620 5311 3673 5352 et

2095 5387 2324 5443 Veneris
2351 5402 2527 5457 usque
2551 5386 2616 5439 ad
2640 5384 2872 5451 Nouem,
2899 5384 3025 5440 dein
3051 5387 3192 5453 ovis,
3220 5402 3403 5453 caseo,
3428 5397 3483 5443 et
3505 5389 3671 5458 pisci-

2097 5478 2222 5542 bus,
2255 5491 2558 5542 vescentes,
2595 5477 2898 5559 sccundum
2932 5494 3200 5533 canonem
3237 5492 3482 5536 asancto
3512 5480 3674 5536 Nice-

2096 5568 2271 5641 phoro
2307 5573 2619 5641 patriarcha
2663 5570 3299 5640 Constantinopolitano,
3342 5584 3581 5643 martyre
3621 5584 3673 5629 et

2099 5665 2446 5724 confessore.
2479 5665 2716 5733 positum
2743 5681 2758 5730 ;
2789 5664 3249 5732 quemadmodum
3280 5674 3561 5720 ostensum
3589 5678 3671 5719 est

2032 5834 2054 5842 -
2097 5758 2149 5812 iu
2193 5758 2375 5822 typieo
2407 5756 2688 5822 Ecclesiae,
2730 5758 2979 5813 videlicet
3007 5754 3341 5813 orthodoxos
3366 5758 3469 5813 iSta
3507 5758 3674 5819 septi-
