  <div class='ocr_page' id='page_1' title='image "/cluster/home/n/w/nwhite01/storage/ocr_20150623/111/coo.31924054870153/553.png"; bbox 0 0 4116 6406; ppageno 0'>
   <div class='ocr_carea' id='block_1_1' title="bbox 470 365 601 430">
    <p class='ocr_par' dir='ltr' id='par_1_1' title="bbox 470 365 601 430">
     <span class='ocr_line' id='line_1_1' title="bbox 470 365 601 430; baseline -0.023 0"><span class='ocrx_word' id='word_1_1' title='bbox 470 365 601 430; x_wconf 76' lang='grc'><strong>1091</strong></span> 
     </span>
    </p>
   </div>
   <div class='ocr_carea' id='block_1_2' title="bbox 1513 315 2698 416">
    <p class='ocr_par' dir='ltr' id='par_1_2' title="bbox 1513 315 2698 416">
     <span class='ocr_line' id='line_1_2' title="bbox 1513 315 2698 416; baseline -0.005 0"><span class='ocrx_word' id='word_1_2' title='bbox 1513 353 1881 416; x_wconf 82' lang='lat' dir='ltr'><strong>EUTYCHII</strong></span> <span class='ocrx_word' id='word_1_3' title='bbox 1915 315 2447 410; x_wconf 42' lang='lat' dir='ltr'><strong>ALEXA&#39;NDRINI</strong></span> <span class='ocrx_word' id='word_1_4' title='bbox 2484 350 2698 410; x_wconf 65' lang='lat' dir='ltr'><strong>pars.</strong></span> 
     </span>
    </p>
   </div>
   <div class='ocr_carea' id='block_1_3' title="bbox 3602 346 3725 413">
    <p class='ocr_par' dir='ltr' id='par_1_3' title="bbox 3602 346 3725 413">
     <span class='ocr_line' id='line_1_3' title="bbox 3602 346 3725 413; baseline 0.033 -4"><span class='ocrx_word' id='word_1_5' title='bbox 3602 346 3725 413; x_wconf 67' lang='lat'><strong>1093</strong></span> 
     </span>
    </p>
   </div>
   <div class='ocr_carea' id='block_1_4' title="bbox 477 464 3726 542">
    <p class='ocr_par' dir='ltr' id='par_1_4' title="bbox 477 464 3726 542">
     <span class='ocr_line' id='line_1_4' title="bbox 477 464 3726 542; baseline -0.006 -4"><span class='ocrx_word' id='word_1_6' title='bbox 477 497 638 538; x_wconf 81' lang='lat' dir='ltr'><strong>mana</strong></span> <span class='ocrx_word' id='word_1_7' title='bbox 669 483 786 538; x_wconf 88' lang='lat' dir='ltr'><strong>ovis</strong></span> <span class='ocrx_word' id='word_1_8' title='bbox 815 490 869 536; x_wconf 90' lang='lat' dir='ltr'><strong>et</strong></span> <span class='ocrx_word' id='word_1_9' title='bbox 895 495 1054 537; x_wconf 86' lang='lat' dir='ltr'><strong>casco</strong></span> <span class='ocrx_word' id='word_1_10' title='bbox 1087 478 1256 542; x_wconf 86' lang='lat' dir='ltr'><strong>vrsci,</strong></span> <span class='ocrx_word' id='word_1_11' title='bbox 1290 477 1452 531; x_wconf 87' lang='lat' dir='ltr'><strong>etiam</strong></span> <span class='ocrx_word' id='word_1_12' title='bbox 1484 475 1676 528; x_wconf 90' lang='lat' dir='ltr'><strong>diebus</strong></span> <span class='ocrx_word' id='word_1_13' title='bbox 1711 471 1961 526; x_wconf 78' lang='lat' dir='ltr'><strong>Mercurii</strong></span> <span class='ocrx_word' id='word_1_14' title='bbox 1993 481 2044 523; x_wconf 90' lang='lat' dir='ltr'><strong>et</strong></span> <span class='ocrx_word' id='word_1_15' title='bbox 2080 476 2121 530; x_wconf 72' lang='grc' dir='ltr'>Α</span> <span class='ocrx_word' id='word_1_16' title='bbox 2151 472 2365 526; x_wconf 86' lang='lat' dir='ltr'><strong>adversi</strong></span> <span class='ocrx_word' id='word_1_17' title='bbox 2425 476 2602 532; x_wconf 86' lang='lat' dir='ltr'><strong>erant,</strong></span> <span class='ocrx_word' id='word_1_18' title='bbox 2661 465 2964 521; x_wconf 89' lang='lat' dir='ltr'><strong>octodecim</strong></span> <span class='ocrx_word' id='word_1_19' title='bbox 3024 464 3314 531; x_wconf 89' lang='lat' dir='ltr'><strong>interfecit,</strong></span> <span class='ocrx_word' id='word_1_20' title='bbox 3387 467 3726 536; x_wconf 70' lang='lat' dir='ltr'><strong>fugientibus</strong></span> 
     </span>
    </p>
   </div>
   <div class='ocr_carea' id='block_1_5' title="bbox 392 564 2038 642">
    <p class='ocr_par' dir='ltr' id='par_1_5' title="bbox 392 564 2038 642">
     <span class='ocr_line' id='line_1_5' title="bbox 392 564 2038 642; baseline -0.009 -14"><span class='ocrx_word' id='word_1_21' title='bbox 392 599 405 612; x_wconf 79' lang='grc' dir='ltr'><strong><em>ο</em></strong></span> <span class='ocrx_word' id='word_1_22' title='bbox 474 575 729 641; x_wconf 82' lang='lat' dir='ltr'><strong>Veneris;</strong></span> <span class='ocrx_word' id='word_1_23' title='bbox 762 574 864 628; x_wconf 88' lang='lat' dir='ltr'><strong>nisi</strong></span> <span class='ocrx_word' id='word_1_24' title='bbox 897 571 1038 642; x_wconf 90' lang='lat' dir='ltr'><strong>quod</strong></span> <span class='ocrx_word' id='word_1_25' title='bbox 1066 571 1260 624; x_wconf 88' lang='lat' dir='ltr'><strong>diebus</strong></span> <span class='ocrx_word' id='word_1_26' title='bbox 1289 568 1434 628; x_wconf 88' lang='lat' dir='ltr'><strong>istis,</strong></span> <span class='ocrx_word' id='word_1_27' title='bbox 1465 566 1714 619; x_wconf 80' lang='lat' dir='ltr'><strong>Mercurii</strong></span> <span class='ocrx_word' id='word_1_28' title='bbox 1749 564 1960 618; x_wconf 78' lang='lat' dir='ltr'><strong>scilicet</strong></span> <span class='ocrx_word' id='word_1_29' title='bbox 1985 573 2038 615; x_wconf 91' lang='lat' dir='ltr'><strong>et</strong></span> 
     </span>
    </p>
   </div>
   <div class='ocr_carea' id='block_1_6' title="bbox 473 657 2037 735">
    <p class='ocr_par' dir='ltr' id='par_1_6' title="bbox 473 657 2037 735">
     <span class='ocr_line' id='line_1_6' title="bbox 473 657 2037 735; baseline -0.01 -14"><span class='ocrx_word' id='word_1_30' title='bbox 473 666 740 731; x_wconf 82' lang='lat' dir='ltr'><strong>Veneris,</strong></span> <span class='ocrx_word' id='word_1_31' title='bbox 793 682 967 735; x_wconf 89' lang='lat' dir='ltr'><strong>usque</strong></span> <span class='ocrx_word' id='word_1_32' title='bbox 1013 663 1078 718; x_wconf 90' lang='lat' dir='ltr'><strong>ad</strong></span> <span class='ocrx_word' id='word_1_33' title='bbox 1135 663 1340 716; x_wconf 72' lang='lat' dir='ltr'><strong>Nonam</strong></span> <span class='ocrx_word' id='word_1_34' title='bbox 1383 659 1654 727; x_wconf 89' lang='lat' dir='ltr'><strong>jejunenl.</strong></span> <span class='ocrx_word' id='word_1_35' title='bbox 1709 657 1809 721; x_wconf 83' lang='lat' dir='ltr'><strong>Qui</strong></span> <span class='ocrx_word' id='word_1_36' title='bbox 1862 669 2037 707; x_wconf 90' lang='lat' dir='ltr'><strong>canon</strong></span> 
     </span>
    </p>
   </div>
   <div class='ocr_carea' id='block_1_7' title="bbox 471 746 2043 827">
    <p class='ocr_par' dir='ltr' id='par_1_7' title="bbox 471 746 2043 827">
     <span class='ocr_line' id='line_1_7' title="bbox 471 746 2043 827; baseline -0.011 -15"><span class='ocrx_word' id='word_1_37' title='bbox 471 759 721 827; x_wconf 73' lang='lat' dir='ltr'><strong>coarguit</strong></span> <span class='ocrx_word' id='word_1_38' title='bbox 746 772 842 811; x_wconf 88' lang='lat' dir='ltr'><strong>eos</strong></span> <span class='ocrx_word' id='word_1_39' title='bbox 873 756 964 824; x_wconf 91' lang='lat' dir='ltr'><strong>qui</strong></span> <span class='ocrx_word' id='word_1_40' title='bbox 995 755 1244 822; x_wconf 88' lang='lat' dir='ltr'><strong>jcjnnant</strong></span> <span class='ocrx_word' id='word_1_41' title='bbox 1278 751 1449 820; x_wconf 87' lang='lat' dir='ltr'><strong>gratia</strong></span> <span class='ocrx_word' id='word_1_42' title='bbox 1480 746 1712 800; x_wconf 84' lang='lat' dir='ltr'><strong>llcraclii</strong></span> <span class='ocrx_word' id='word_1_43' title='bbox 1748 747 2043 814; x_wconf 88' lang='lat' dir='ltr'><strong>imperato-</strong></span> 
     </span>
    </p>
   </div>
   <div class='ocr_carea' id='block_1_8' title="bbox 473 837 2042 916">
    <p class='ocr_par' dir='ltr' id='par_1_8' title="bbox 473 837 2042 916">
     <span class='ocr_line' id='line_1_8' title="bbox 473 837 2042 916; baseline -0.01 -12"><span class='ocrx_word' id='word_1_44' title='bbox 473 852 571 916; x_wconf 85' lang='lat' dir='ltr'><strong>ris,</strong></span> <span class='ocrx_word' id='word_1_45' title='bbox 601 866 631 904; x_wconf 92' lang='lat' dir='ltr'><strong>e</strong></span> <span class='ocrx_word' id='word_1_46' title='bbox 673 857 821 904; x_wconf 90' lang='lat' dir='ltr'><strong>secta</strong></span> <span class='ocrx_word' id='word_1_47' title='bbox 865 846 1286 905; x_wconf 81' lang='lat' dir='ltr'><strong>Maronitarum,</strong></span> <span class='ocrx_word' id='word_1_48' title='bbox 1326 855 1355 894; x_wconf 87' lang='lat' dir='ltr'><strong>a</strong></span> <span class='ocrx_word' id='word_1_49' title='bbox 1398 855 1631 909; x_wconf 89' lang='lat' dir='ltr'><strong>quorum</strong></span> <span class='ocrx_word' id='word_1_50' title='bbox 1679 837 1840 890; x_wconf 82' lang='lat' dir='ltr'><strong>tactis</strong></span> <span class='ocrx_word' id='word_1_51' title='bbox 1885 837 2042 888; x_wconf 86' lang='lat' dir='ltr'><strong>malis</strong></span> 
     </span>
    </p>
   </div>
   <div class='ocr_carea' id='block_1_9' title="bbox 474 925 2043 998">
    <p class='ocr_par' dir='ltr' id='par_1_9' title="bbox 474 925 2043 998">
     <span class='ocr_line' id='line_1_9' title="bbox 474 925 2043 998; baseline -0.01 -4"><span class='ocrx_word' id='word_1_52' title='bbox 474 947 681 994; x_wconf 79' lang='lat' dir='ltr'><strong>avertat</strong></span> <span class='ocrx_word' id='word_1_53' title='bbox 713 954 814 991; x_wconf 81' lang='lat' dir='ltr'><strong>nos</strong></span> <span class='ocrx_word' id='word_1_54' title='bbox 845 936 1010 998; x_wconf 87' lang='lat' dir='ltr'><strong>Deus,</strong></span> <span class='ocrx_word' id='word_1_55' title='bbox 1040 948 1161 986; x_wconf 89' lang='lat' dir='ltr'><strong>eum</strong></span> <span class='ocrx_word' id='word_1_56' title='bbox 1196 945 1304 985; x_wconf 91' lang='lat' dir='ltr'><strong>non</strong></span> <span class='ocrx_word' id='word_1_57' title='bbox 1335 930 1496 984; x_wconf 84' lang='lat' dir='ltr'><strong>liceat</strong></span> <span class='ocrx_word' id='word_1_58' title='bbox 1526 928 1765 982; x_wconf 86' lang='lat' dir='ltr'><strong>hominis</strong></span> <span class='ocrx_word' id='word_1_59' title='bbox 1799 925 2043 980; x_wconf 82' lang='lat' dir='ltr'><strong>mortalis</strong></span> 
     </span>
    </p>
   </div>
   <div class='ocr_carea' id='block_1_10' title="bbox 474 1019 2041 1103">
    <p class='ocr_par' dir='ltr' id='par_1_10' title="bbox 474 1019 2041 1103">
     <span class='ocr_line' id='line_1_10' title="bbox 474 1019 2041 1103; baseline -0.01 -19"><span class='ocrx_word' id='word_1_60' title='bbox 474 1033 647 1103; x_wconf 80' lang='lat' dir='ltr'><strong>gratia</strong></span> <span class='ocrx_word' id='word_1_61' title='bbox 675 1033 960 1101; x_wconf 84' lang='lat' dir='ltr'><strong>jejunare;</strong></span> <span class='ocrx_word' id='word_1_62' title='bbox 993 1041 1169 1096; x_wconf 89' lang='lat' dir='ltr'><strong>eoque</strong></span> <span class='ocrx_word' id='word_1_63' title='bbox 1201 1024 1371 1092; x_wconf 90' lang='lat' dir='ltr'><strong>magis</strong></span> <span class='ocrx_word' id='word_1_64' title='bbox 1402 1023 1545 1092; x_wconf 88' lang='lat' dir='ltr'><strong>quod</strong></span> <span class='ocrx_word' id='word_1_65' title='bbox 1580 1023 1881 1090; x_wconf 87' lang='lat' dir='ltr'><strong>imperator</strong></span> <span class='ocrx_word' id='word_1_66' title='bbox 1916 1019 2041 1080; x_wconf 80' lang='lat' dir='ltr'><strong>iste,</strong></span> 
     </span>
    </p>
   </div>
   <div class='ocr_carea' id='block_1_11' title="bbox 474 1108 2042 1189">
    <p class='ocr_par' dir='ltr' id='par_1_11' title="bbox 474 1108 2042 1189">
     <span class='ocr_line' id='line_1_11' title="bbox 474 1108 2042 1189; baseline -0.011 -13"><span class='ocrx_word' id='word_1_67' title='bbox 474 1139 599 1177; x_wconf 86' lang='lat' dir='ltr'><strong>cum</strong></span> <span class='ocrx_word' id='word_1_68' title='bbox 634 1121 797 1189; x_wconf 90' lang='lat' dir='ltr'><strong>hujus</strong></span> <span class='ocrx_word' id='word_1_69' title='bbox 834 1117 1020 1176; x_wconf 83' lang='lat' dir='ltr'><strong>mundi</strong></span> <span class='ocrx_word' id='word_1_70' title='bbox 1052 1117 1219 1170; x_wconf 90' lang='lat' dir='ltr'><strong>vitam</strong></span> <span class='ocrx_word' id='word_1_71' title='bbox 1249 1113 1564 1181; x_wconf 84' lang='lat' dir='ltr'><strong>deponeret,</strong></span> <span class='ocrx_word' id='word_1_72' title='bbox 1596 1108 1863 1164; x_wconf 90' lang='lat' dir='ltr'><strong>Maronita</strong></span> <span class='ocrx_word' id='word_1_73' title='bbox 1897 1121 2042 1160; x_wconf 83' lang='lat' dir='ltr'><strong>rnor-</strong></span> 
     </span>
    </p>
   </div>
   <div class='ocr_carea' id='block_1_12' title="bbox 475 1198 2047 1270">
    <p class='ocr_par' dir='ltr' id='par_1_12' title="bbox 475 1198 2047 1270">
     <span class='ocr_line' id='line_1_12' title="bbox 475 1198 2047 1270; baseline -0.01 -6"><span class='ocrx_word' id='word_1_74' title='bbox 475 1225 604 1267; x_wconf 87' lang='lat' dir='ltr'><strong>tuus</strong></span> <span class='ocrx_word' id='word_1_75' title='bbox 629 1213 718 1266; x_wconf 89' lang='lat' dir='ltr'><strong>sit.</strong></span> <span class='ocrx_word' id='word_1_76' title='bbox 755 1211 824 1265; x_wconf 89' lang='lat' dir='ltr'><strong>Ut</strong></span> <span class='ocrx_word' id='word_1_77' title='bbox 849 1217 1032 1262; x_wconf 90' lang='lat' dir='ltr'><strong>autem</strong></span> <span class='ocrx_word' id='word_1_78' title='bbox 1058 1207 1125 1260; x_wconf 91' lang='lat' dir='ltr'><strong>ad</strong></span> <span class='ocrx_word' id='word_1_79' title='bbox 1154 1203 1439 1259; x_wconf 81' lang='lat' dir='ltr'><strong>historiam</strong></span> <span class='ocrx_word' id='word_1_80' title='bbox 1475 1211 1842 1270; x_wconf 76' lang='lat' dir='ltr'><strong>revertamur,</strong></span> <span class='ocrx_word' id='word_1_81' title='bbox 1874 1198 2047 1251; x_wconf 81' lang='lat' dir='ltr'><strong>Hera-</strong></span> 
     </span>
    </p>
   </div>
   <div class='ocr_carea' id='block_1_13' title="bbox 474 1285 2043 1356">
    <p class='ocr_par' dir='ltr' id='par_1_13' title="bbox 474 1285 2043 1356">
     <span class='ocr_line' id='line_1_13' title="bbox 474 1285 2043 1356; baseline -0.008 -4"><span class='ocrx_word' id='word_1_82' title='bbox 474 1300 614 1353; x_wconf 85' lang='lat' dir='ltr'><strong>clius</strong></span> <span class='ocrx_word' id='word_1_83' title='bbox 647 1295 950 1350; x_wconf 82' lang='lat' dir='ltr'><strong>Modestum</strong></span> <span class='ocrx_word' id='word_1_84' title='bbox 987 1293 1316 1347; x_wconf 88' lang='lat' dir='ltr'><strong>monachum</strong></span> <span class='ocrx_word' id='word_1_85' title='bbox 1341 1330 1355 1356; x_wconf 93' lang='lat'><strong>,</strong></span> <span class='ocrx_word' id='word_1_86' title='bbox 1401 1287 1719 1343; x_wconf 88' lang='lat' dir='ltr'><strong>monasterii</strong></span> <span class='ocrx_word' id='word_1_87' title='bbox 1751 1287 1814 1340; x_wconf 87' lang='lat' dir='ltr'><strong>Al</strong></span> <span class='ocrx_word' id='word_1_88' title='bbox 1845 1285 2043 1341; x_wconf 86' lang='lat' dir='ltr'><strong>Dueesi</strong></span> 
     </span>
    </p>
   </div>
   <div class='ocr_carea' id='block_1_14' title="bbox 475 1378 2043 1459">
    <p class='ocr_par' dir='ltr' id='par_1_14' title="bbox 475 1378 2043 1459">
     <span class='ocr_line' id='line_1_14' title="bbox 475 1378 2043 1459; baseline -0.007 -17"><span class='ocrx_word' id='word_1_89' title='bbox 475 1389 816 1459; x_wconf 61' lang='lat' dir='ltr'><strong>praefectorii,</strong></span> <span class='ocrx_word' id='word_1_90' title='bbox 849 1386 1216 1456; x_wconf 86' lang='lat' dir='ltr'><strong>patriarcltam</strong></span> <span class='ocrx_word' id='word_1_91' title='bbox 1247 1381 1799 1451; x_wconf 86' lang='lat' dir='ltr'><strong>Hierosolymitanum</strong></span> <span class='ocrx_word' id='word_1_92' title='bbox 1830 1378 2043 1433; x_wconf 88' lang='lat' dir='ltr'><strong>consti-</strong></span> 
     </span>
    </p>
   </div>
   <div class='ocr_carea' id='block_1_15' title="bbox 473 1469 2039 1543">
    <p class='ocr_par' dir='ltr' id='par_1_15' title="bbox 473 1469 2039 1543">
     <span class='ocr_line' id='line_1_15' title="bbox 473 1469 2039 1543; baseline -0.008 -9"><span class='ocrx_word' id='word_1_93' title='bbox 473 1481 598 1542; x_wconf 88' lang='lat' dir='ltr'><strong>tuit,</strong></span> <span class='ocrx_word' id='word_1_94' title='bbox 631 1494 694 1532; x_wconf 91' lang='lat' dir='ltr'><strong>ac</strong></span> <span class='ocrx_word' id='word_1_95' title='bbox 728 1493 785 1531; x_wconf 87' lang='lat' dir='ltr'><strong>se</strong></span> <span class='ocrx_word' id='word_1_96' title='bbox 831 1477 1156 1530; x_wconf 78' lang='lat' dir='ltr'><strong>Damascum</strong></span> <span class='ocrx_word' id='word_1_97' title='bbox 1189 1474 1344 1543; x_wconf 87' lang='lat' dir='ltr'><strong>sequi</strong></span> <span class='ocrx_word' id='word_1_98' title='bbox 1373 1472 1558 1541; x_wconf 83' lang='lat' dir='ltr'><strong>jussit,</strong></span> <span class='ocrx_word' id='word_1_99' title='bbox 1588 1485 1698 1542; x_wconf 87' lang='lat' dir='ltr'><strong>quo</strong></span> <span class='ocrx_word' id='word_1_100' title='bbox 1728 1485 1758 1524; x_wconf 91' lang='lat' dir='ltr'><strong>e</strong></span> <span class='ocrx_word' id='word_1_101' title='bbox 1789 1469 2039 1524; x_wconf 85' lang='lat' dir='ltr'><strong>Damasci</strong></span> 
     </span>
    </p>
   </div>
   <div class='ocr_carea' id='block_1_16' title="bbox 475 1556 2042 1641">
    <p class='ocr_par' dir='ltr' id='par_1_16' title="bbox 475 1556 2042 1641">
     <span class='ocr_line' id='line_1_16' title="bbox 475 1556 2042 1641; baseline -0.007 -15"><span class='ocrx_word' id='word_1_102' title='bbox 475 1556 724 1641; x_wconf 73' lang='lat' dir='ltr'><strong>vectigali</strong></span> <span class='ocrx_word' id='word_1_103' title='bbox 765 1571 867 1639; x_wconf 82' lang='lat' dir='ltr'><strong>ipsi</strong></span> <span class='ocrx_word' id='word_1_104' title='bbox 900 1571 1152 1633; x_wconf 73' lang='lat' dir='ltr'><strong>deiraret,</strong></span> <span class='ocrx_word' id='word_1_105' title='bbox 1184 1577 1238 1620; x_wconf 89' lang='lat' dir='ltr'><strong>et</strong></span> <span class='ocrx_word' id='word_1_106' title='bbox 1271 1568 1336 1619; x_wconf 88' lang='lat' dir='ltr'><strong>de</strong></span> <span class='ocrx_word' id='word_1_107' title='bbox 1366 1564 1667 1618; x_wconf 72' lang='lat' dir='ltr'><strong>Palaestinae</strong></span> <span class='ocrx_word' id='word_1_108' title='bbox 1699 1564 1902 1617; x_wconf 91' lang='lat' dir='ltr'><strong>tributo</strong></span> <span class='ocrx_word' id='word_1_109' title='bbox 1937 1561 2042 1631; x_wconf 88' lang='lat' dir='ltr'><strong>ipsi</strong></span> 
     </span>
    </p>
   </div>
   <div class='ocr_carea' id='block_1_17' title="bbox 474 1654 2047 1727">
    <p class='ocr_par' dir='ltr' id='par_1_17' title="bbox 474 1654 2047 1727">
     <span class='ocr_line' id='line_1_17' title="bbox 474 1654 2047 1727; baseline -0.007 -11"><span class='ocrx_word' id='word_1_110' title='bbox 474 1663 814 1724; x_wconf 84' lang='lat' dir='ltr'><strong>remitteret,</strong></span> <span class='ocrx_word' id='word_1_111' title='bbox 847 1675 956 1727; x_wconf 92' lang='lat' dir='ltr'><strong>quo</strong></span> <span class='ocrx_word' id='word_1_112' title='bbox 996 1673 1188 1712; x_wconf 90' lang='lat' dir='ltr'><strong>omnes</strong></span> <span class='ocrx_word' id='word_1_113' title='bbox 1221 1657 1484 1712; x_wconf 84' lang='lat' dir='ltr'><strong>ecclesias</strong></span> <span class='ocrx_word' id='word_1_114' title='bbox 1516 1654 2047 1724; x_wconf 81' lang='lat' dir='ltr'><strong>Hicrosolymitanas</strong></span> 
     </span>
    </p>
   </div>
   <div class='ocr_carea' id='block_1_18' title="bbox 474 1743 2048 1818">
    <p class='ocr_par' dir='ltr' id='par_1_18' title="bbox 474 1743 2048 1818">
     <span class='ocr_line' id='line_1_18' title="bbox 474 1743 2048 1818; baseline -0.003 -17"><span class='ocrx_word' id='word_1_115' title='bbox 474 1764 614 1818; x_wconf 84' lang='lat' dir='ltr'><strong>quas</strong></span> <span class='ocrx_word' id='word_1_116' title='bbox 644 1748 928 1804; x_wconf 89' lang='lat' dir='ltr'><strong>diruerant</strong></span> <span class='ocrx_word' id='word_1_117' title='bbox 971 1746 1153 1800; x_wconf 72' lang='lat' dir='ltr'><strong>Persa:</strong></span> <span class='ocrx_word' id='word_1_118' title='bbox 1199 1747 1554 1800; x_wconf 85' lang='lat' dir='ltr'><strong>instauraret.</strong></span> <span class='ocrx_word' id='word_1_119' title='bbox 1605 1743 1872 1797; x_wconf 75' lang='lat' dir='ltr'><strong>Reversus</strong></span> <span class='ocrx_word' id='word_1_120' title='bbox 1918 1757 2048 1811; x_wconf 90' lang='lat' dir='ltr'><strong>ergo</strong></span> 
     </span>
    </p>
   </div>
   <div class='ocr_carea' id='block_1_19' title="bbox 2147 559 3727 630">
    <p class='ocr_par' dir='ltr' id='par_1_19' title="bbox 2147 559 3727 630">
     <span class='ocr_line' id='line_1_19' title="bbox 2147 559 3727 630; baseline -0.003 -10"><span class='ocrx_word' id='word_1_121' title='bbox 2147 564 2575 621; x_wconf 87' lang='lat' dir='ltr'><strong>domesticorum</strong></span> <span class='ocrx_word' id='word_1_122' title='bbox 2623 559 2797 630; x_wconf 87' lang='lat' dir='ltr'><strong>ipsius</strong></span> <span class='ocrx_word' id='word_1_123' title='bbox 2849 559 3100 628; x_wconf 81' lang='lat' dir='ltr'><strong>reliquis.</strong></span> <span class='ocrx_word' id='word_1_124' title='bbox 3142 559 3392 630; x_wconf 77' lang='lat' dir='ltr'><strong>Dixitque</strong></span> <span class='ocrx_word' id='word_1_125' title='bbox 3429 577 3444 614; x_wconf 91' lang='lat'>:</span> <span class='ocrx_word' id='word_1_126' title='bbox 3485 559 3727 630; x_wconf 58' lang='lat' dir='ltr'><strong>Egodio-</strong></span> 
     </span>
    </p>
   </div>
   <div class='ocr_carea' id='block_1_20' title="bbox 2147 649 3727 710">
    <p class='ocr_par' dir='ltr' id='par_1_20' title="bbox 2147 649 3727 710">
     <span class='ocr_line' id='line_1_20' title="bbox 2147 649 3727 710; baseline -0.001 -3"><span class='ocrx_word' id='word_1_127' title='bbox 2147 656 2384 709; x_wconf 90' lang='lat' dir='ltr'><strong>minibus</strong></span> <span class='ocrx_word' id='word_1_128' title='bbox 2425 652 2688 706; x_wconf 92' lang='lat' dir='ltr'><strong>tributunt</strong></span> <span class='ocrx_word' id='word_1_129' title='bbox 2745 652 3082 704; x_wconf 69' lang='lat' dir='ltr'><strong>remissurus</strong></span> <span class='ocrx_word' id='word_1_130' title='bbox 3131 663 3292 710; x_wconf 89' lang='lat' dir='ltr'><strong>sum,</strong></span> <span class='ocrx_word' id='word_1_131' title='bbox 3349 649 3483 703; x_wconf 66' lang='lat' dir='ltr'><strong>adeo</strong></span> <span class='ocrx_word' id='word_1_132' title='bbox 3550 658 3606 702; x_wconf 90' lang='lat' dir='ltr'><strong>ut</strong></span> <span class='ocrx_word' id='word_1_133' title='bbox 3661 651 3727 705; x_wconf 85' lang='lat' dir='ltr'><strong>ad</strong></span> 
     </span>
    </p>
   </div>
   <div class='ocr_carea' id='block_1_21' title="bbox 2143 740 3842 814">
    <p class='ocr_par' dir='ltr' id='par_1_21' title="bbox 2143 740 3842 814">
     <span class='ocr_line' id='line_1_21' title="bbox 2143 740 3842 814; baseline -0.003 -13"><span class='ocrx_word' id='word_1_134' title='bbox 2143 761 2337 801; x_wconf 91' lang='lat' dir='ltr'><strong>omnes</strong></span> <span class='ocrx_word' id='word_1_135' title='bbox 2373 743 2670 799; x_wconf 89' lang='lat' dir='ltr'><strong>universim</strong></span> <span class='ocrx_word' id='word_1_136' title='bbox 2699 743 3006 812; x_wconf 80' lang='lat' dir='ltr'><strong>pertingant</strong></span> <span class='ocrx_word' id='word_1_137' title='bbox 3041 740 3254 810; x_wconf 90' lang='lat' dir='ltr'><strong>justitia</strong></span> <span class='ocrx_word' id='word_1_138' title='bbox 3283 749 3337 796; x_wconf 90' lang='lat' dir='ltr'><strong>et</strong></span> <span class='ocrx_word' id='word_1_139' title='bbox 3370 741 3727 797; x_wconf 84' lang='lat' dir='ltr'><strong>beneﬁcentia</strong></span> <span class='ocrx_word' id='word_1_140' title='bbox 3763 811 3772 814; x_wconf 94' lang='lat'>_</span> <span class='ocrx_word' id='word_1_141' title='bbox 3840 760 3842 762; x_wconf 67' lang='lat'><strong>&#39;</strong></span> 
     </span>
    </p>
   </div>
   <div class='ocr_carea' id='block_1_22' title="bbox 2148 835 3730 906">
    <p class='ocr_par' dir='ltr' id='par_1_22' title="bbox 2148 835 3730 906">
     <span class='ocr_line' id='line_1_22' title="bbox 2148 835 3730 906; baseline -0.002 -13"><span class='ocrx_word' id='word_1_142' title='bbox 2148 856 2290 894; x_wconf 90' lang='lat' dir='ltr'><strong>mea.</strong></span> <span class='ocrx_word' id='word_1_143' title='bbox 2328 837 2525 891; x_wconf 88' lang='lat' dir='ltr'><strong>Parum</strong></span> <span class='ocrx_word' id='word_1_144' title='bbox 2558 845 2739 891; x_wconf 90' lang='lat' dir='ltr'><strong>autem</strong></span> <span class='ocrx_word' id='word_1_145' title='bbox 2763 835 2918 889; x_wconf 78' lang='lat' dir='ltr'><strong>ﬂuxit</strong></span> <span class='ocrx_word' id='word_1_146' title='bbox 2946 835 3210 904; x_wconf 90' lang='lat' dir='ltr'><strong>temporis</strong></span> <span class='ocrx_word' id='word_1_147' title='bbox 3233 846 3523 906; x_wconf 85' lang='lat' dir='ltr'><strong>antequam</strong></span> <span class='ocrx_word' id='word_1_148' title='bbox 3558 851 3730 906; x_wconf 86' lang='lat' dir='ltr'><strong>gras-</strong></span> 
     </span>
    </p>
   </div>
   <div class='ocr_carea' id='block_1_23' title="bbox 2148 914 3732 998">
    <p class='ocr_par' dir='ltr' id='par_1_23' title="bbox 2148 914 3732 998">
     <span class='ocr_line' id='line_1_23' title="bbox 2148 914 3732 998; baseline -0.003 -10"><span class='ocrx_word' id='word_1_149' title='bbox 2148 943 2360 988; x_wconf 86' lang='lat' dir='ltr'><strong>saretur</strong></span> <span class='ocrx_word' id='word_1_150' title='bbox 2415 914 2469 984; x_wconf 86' lang='lat' dir='ltr'><strong>in</strong></span> <span class='ocrx_word' id='word_1_151' title='bbox 2541 929 2790 983; x_wconf 86' lang='lat' dir='ltr'><strong>subditos</strong></span> <span class='ocrx_word' id='word_1_152' title='bbox 2841 928 3013 996; x_wconf 90' lang='lat' dir='ltr'><strong>ipsius</strong></span> <span class='ocrx_word' id='word_1_153' title='bbox 3065 929 3273 995; x_wconf 82' lang='lat' dir='ltr'><strong>Pestis,</strong></span> <span class='ocrx_word' id='word_1_154' title='bbox 3335 943 3442 996; x_wconf 91' lang='lat' dir='ltr'><strong>qua</strong></span> <span class='ocrx_word' id='word_1_155' title='bbox 3489 927 3732 998; x_wconf 78' lang='lat' dir='ltr'><strong>plerique</strong></span> 
     </span>
    </p>
   </div>
   <div class='ocr_carea' id='block_1_24' title="bbox 2146 1018 3730 1088">
    <p class='ocr_par' dir='ltr' id='par_1_24' title="bbox 2146 1018 3730 1088">
     <span class='ocr_line' id='line_1_24' title="bbox 2146 1018 3730 1088; baseline -0.005 -9"><span class='ocrx_word' id='word_1_156' title='bbox 2146 1040 2337 1079; x_wconf 88' lang='lat' dir='ltr'><strong>eorum</strong></span> <span class='ocrx_word' id='word_1_157' title='bbox 2379 1039 2408 1077; x_wconf 89' lang='lat' dir='ltr'><strong>e</strong></span> <span class='ocrx_word' id='word_1_158' title='bbox 2440 1024 2621 1076; x_wconf 79' lang='lat' dir='ltr'><strong>medio</strong></span> <span class='ocrx_word' id='word_1_159' title='bbox 2665 1018 2866 1076; x_wconf 89' lang='lat' dir='ltr'><strong>sublati</strong></span> <span class='ocrx_word' id='word_1_160' title='bbox 2921 1027 3068 1079; x_wconf 86' lang='lat' dir='ltr'><strong>sunt,</strong></span> <span class='ocrx_word' id='word_1_161' title='bbox 3119 1028 3385 1085; x_wconf 89' lang='lat' dir='ltr'><strong>pereunte</strong></span> <span class='ocrx_word' id='word_1_162' title='bbox 3438 1032 3546 1071; x_wconf 87' lang='lat' dir='ltr'><strong>una</strong></span> <span class='ocrx_word' id='word_1_163' title='bbox 3601 1033 3730 1088; x_wconf 79' lang='lat' dir='ltr'><strong>rege</strong></span> 
     </span>
    </p>
   </div>
   <div class='ocr_carea' id='block_1_25' title="bbox 2145 1109 3731 1183">
    <p class='ocr_par' dir='ltr' id='par_1_25' title="bbox 2145 1109 3731 1183">
     <span class='ocr_line' id='line_1_25' title="bbox 2145 1109 3731 1183; baseline -0.004 -15"><span class='ocrx_word' id='word_1_164' title='bbox 2145 1114 2488 1169; x_wconf 86' lang='lat' dir='ltr'><strong>Shirawaiho</strong></span> <span class='ocrx_word' id='word_1_165' title='bbox 2537 1113 2629 1183; x_wconf 87' lang='lat' dir='ltr'><strong>qui</strong></span> <span class='ocrx_word' id='word_1_166' title='bbox 2663 1123 2716 1166; x_wconf 90' lang='lat' dir='ltr'><strong>et</strong></span> <span class='ocrx_word' id='word_1_167' title='bbox 2757 1111 3010 1164; x_wconf 82' lang='lat' dir='ltr'><strong>Kobades</strong></span> <span class='ocrx_word' id='word_1_168' title='bbox 3042 1109 3236 1175; x_wconf 82' lang='lat' dir='ltr'><strong>audiit,</strong></span> <span class='ocrx_word' id='word_1_169' title='bbox 3284 1126 3382 1163; x_wconf 88' lang='lat' dir='ltr'><strong>nec</strong></span> <span class='ocrx_word' id='word_1_170' title='bbox 3431 1125 3538 1163; x_wconf 91' lang='lat' dir='ltr'><strong>non</strong></span> <span class='ocrx_word' id='word_1_171' title='bbox 3575 1119 3731 1178; x_wconf 87' lang='lat' dir='ltr'><strong>patre</strong></span> 
     </span>
    </p>
   </div>
   <div class='ocr_carea' id='block_1_26' title="bbox 2145 1203 3730 1275">
    <p class='ocr_par' dir='ltr' id='par_1_26' title="bbox 2145 1203 3730 1275">
     <span class='ocr_line' id='line_1_26' title="bbox 2145 1203 3730 1275; baseline -0.004 -13"><span class='ocrx_word' id='word_1_172' title='bbox 2145 1207 2320 1275; x_wconf 85' lang='lat' dir='ltr'><strong>ipsius</strong></span> <span class='ocrx_word' id='word_1_173' title='bbox 2372 1206 2540 1260; x_wconf 73' lang='lat' dir='ltr'><strong>Cesra</strong></span> <span class='ocrx_word' id='word_1_174' title='bbox 2593 1221 2606 1255; x_wconf 91' lang='lat'>:</span> <span class='ocrx_word' id='word_1_175' title='bbox 2657 1205 2895 1270; x_wconf 85' lang='lat' dir='ltr'><strong>spatium</strong></span> <span class='ocrx_word' id='word_1_176' title='bbox 2950 1219 3060 1274; x_wconf 90' lang='lat' dir='ltr'><strong>quo</strong></span> <span class='ocrx_word' id='word_1_177' title='bbox 3113 1205 3362 1273; x_wconf 80' lang='lat' dir='ltr'><strong>regnavit</strong></span> <span class='ocrx_word' id='word_1_178' title='bbox 3409 1203 3730 1256; x_wconf 90' lang='lat' dir='ltr'><strong>octimestre</strong></span> 
     </span>
    </p>
   </div>
   <div class='ocr_carea' id='block_1_27' title="bbox 2145 1295 3731 1368">
    <p class='ocr_par' dir='ltr' id='par_1_27' title="bbox 2145 1295 3731 1368">
     <span class='ocr_line' id='line_1_27' title="bbox 2145 1295 3731 1368; baseline -0.003 -15"><span class='ocrx_word' id='word_1_179' title='bbox 2145 1307 2287 1353; x_wconf 89' lang='lat' dir='ltr'><strong>erat.</strong></span> <span class='ocrx_word' id='word_1_180' title='bbox 2325 1298 2528 1354; x_wconf 89' lang='lat' dir='ltr'><strong>Deinde</strong></span> <span class='ocrx_word' id='word_1_181' title='bbox 2558 1307 2681 1367; x_wconf 88' lang='lat' dir='ltr'><strong>post</strong></span> <span class='ocrx_word' id='word_1_182' title='bbox 2733 1299 2911 1368; x_wconf 88' lang='lat' dir='ltr'><strong>ipsuttt</strong></span> <span class='ocrx_word' id='word_1_183' title='bbox 2965 1296 3214 1368; x_wconf 81' lang='lat' dir='ltr'><strong>regnavit</strong></span> <span class='ocrx_word' id='word_1_184' title='bbox 3248 1295 3483 1349; x_wconf 84' lang='lat' dir='ltr'><strong>Azdshir</strong></span> <span class='ocrx_word' id='word_1_185' title='bbox 3536 1295 3731 1348; x_wconf 86' lang='lat' dir='ltr'><strong>Sitira-</strong></span> 
     </span>
    </p>
   </div>
   <div class='ocr_carea' id='block_1_28' title="bbox 2149 1385 3731 1460">
    <p class='ocr_par' dir='ltr' id='par_1_28' title="bbox 2149 1385 3731 1460">
     <span class='ocr_line' id='line_1_28' title="bbox 2149 1385 3731 1460; baseline -0.002 -17"><span class='ocrx_word' id='word_1_186' title='bbox 2149 1390 2310 1443; x_wconf 78' lang='lat' dir='ltr'><strong>wailti</strong></span> <span class='ocrx_word' id='word_1_187' title='bbox 2346 1389 2510 1454; x_wconf 88' lang='lat' dir='ltr'><strong>ﬁlius,</strong></span> <span class='ocrx_word' id='word_1_188' title='bbox 2557 1405 2719 1460; x_wconf 89' lang='lat' dir='ltr'><strong>quem</strong></span> <span class='ocrx_word' id='word_1_189' title='bbox 2769 1391 2950 1444; x_wconf 85' lang='lat' dir='ltr'><strong>statim</strong></span> <span class='ocrx_word' id='word_1_190' title='bbox 2996 1389 3222 1442; x_wconf 88' lang='lat' dir='ltr'><strong>adortus</strong></span> <span class='ocrx_word' id='word_1_191' title='bbox 3272 1385 3562 1455; x_wconf 66' lang='lat' dir='ltr'><strong>praefectus</strong></span> <span class='ocrx_word' id='word_1_192' title='bbox 3591 1386 3731 1440; x_wconf 83' lang='lat' dir='ltr'><strong>limi-</strong></span> 
     </span>
    </p>
   </div>
   <div class='ocr_carea' id='block_1_29' title="bbox 2149 1477 3731 1550">
    <p class='ocr_par' dir='ltr' id='par_1_29' title="bbox 2149 1477 3731 1550">
     <span class='ocr_line' id='line_1_29' title="bbox 2149 1477 3731 1550; baseline -0.001 -17"><span class='ocrx_word' id='word_1_193' title='bbox 2149 1489 2266 1534; x_wconf 92' lang='lat' dir='ltr'><strong>tum</strong></span> <span class='ocrx_word' id='word_1_194' title='bbox 2308 1481 2728 1536; x_wconf 90' lang='lat' dir='ltr'><strong>occidentalium</strong></span> <span class='ocrx_word' id='word_1_195' title='bbox 2785 1480 2963 1550; x_wconf 88' lang='lat' dir='ltr'><strong>ipsunt</strong></span> <span class='ocrx_word' id='word_1_196' title='bbox 3013 1477 3250 1541; x_wconf 85' lang='lat' dir='ltr'><strong>occidit,</strong></span> <span class='ocrx_word' id='word_1_197' title='bbox 3309 1493 3433 1530; x_wconf 88' lang='lat' dir='ltr'><strong>cum</strong></span> <span class='ocrx_word' id='word_1_198' title='bbox 3489 1479 3731 1546; x_wconf 83' lang='lat' dir='ltr'><strong>quinque</strong></span> 
     </span>
    </p>
   </div>
   <div class='ocr_carea' id='block_1_30' title="bbox 2153 1567 3732 1638">
    <p class='ocr_par' dir='ltr' id='par_1_30' title="bbox 2153 1567 3732 1638">
     <span class='ocr_line' id='line_1_30' title="bbox 2153 1567 3732 1638; baseline -0.003 -14"><span class='ocrx_word' id='word_1_199' title='bbox 2153 1579 2365 1625; x_wconf 86' lang='lat' dir='ltr'><strong>tantum</strong></span> <span class='ocrx_word' id='word_1_200' title='bbox 2417 1573 2700 1626; x_wconf 88' lang='lat' dir='ltr'><strong>mensibus</strong></span> <span class='ocrx_word' id='word_1_201' title='bbox 2746 1579 3070 1638; x_wconf 69' lang='lat' dir='ltr'><strong>regnasset.</strong></span> <span class='ocrx_word' id='word_1_202' title='bbox 3111 1567 3248 1620; x_wconf 87' lang='lat' dir='ltr'><strong>Tum</strong></span> <span class='ocrx_word' id='word_1_203' title='bbox 3299 1582 3524 1635; x_wconf 79' lang='lat' dir='ltr'><strong>regnum</strong></span> <span class='ocrx_word' id='word_1_204' title='bbox 3569 1582 3732 1620; x_wconf 81' lang='lat' dir='ltr'><strong>oceu-</strong></span> 
     </span>
    </p>
   </div>
   <div class='ocr_carea' id='block_1_31' title="bbox 2151 1660 3730 1733">
    <p class='ocr_par' dir='ltr' id='par_1_31' title="bbox 2151 1660 3730 1733">
     <span class='ocr_line' id='line_1_31' title="bbox 2151 1660 3730 1733; baseline -0.003 -17"><span class='ocrx_word' id='word_1_205' title='bbox 2151 1663 2298 1732; x_wconf 85' lang='lat' dir='ltr'><strong>pavit</strong></span> <span class='ocrx_word' id='word_1_206' title='bbox 2321 1663 2538 1733; x_wconf 90' lang='lat' dir='ltr'><strong>quidam</strong></span> <span class='ocrx_word' id='word_1_207' title='bbox 2570 1663 2789 1717; x_wconf 89' lang='lat' dir='ltr'><strong>nomine</strong></span> <span class='ocrx_word' id='word_1_208' title='bbox 2813 1661 3046 1725; x_wconf 81' lang='lat' dir='ltr'><strong>Joritan,</strong></span> <span class='ocrx_word' id='word_1_209' title='bbox 3070 1661 3162 1729; x_wconf 90' lang='lat' dir='ltr'><strong>qui</strong></span> <span class='ocrx_word' id='word_1_210' title='bbox 3189 1676 3219 1716; x_wconf 91' lang='lat' dir='ltr'><strong>e</strong></span> <span class='ocrx_word' id='word_1_211' title='bbox 3243 1661 3410 1728; x_wconf 86' lang='lat' dir='ltr'><strong>stirpe</strong></span> <span class='ocrx_word' id='word_1_212' title='bbox 3441 1660 3587 1728; x_wconf 88' lang='lat' dir='ltr'><strong>regia</strong></span> <span class='ocrx_word' id='word_1_213' title='bbox 3621 1673 3730 1712; x_wconf 91' lang='lat' dir='ltr'><strong>non</strong></span> 
     </span>
    </p>
   </div>
   <div class='ocr_carea' id='block_1_32' title="bbox 2149 1752 3732 1825">
    <p class='ocr_par' dir='ltr' id='par_1_32' title="bbox 2149 1752 3732 1825">
     <span class='ocr_line' id='line_1_32' title="bbox 2149 1752 3732 1825; baseline -0.001 -19"><span class='ocrx_word' id='word_1_214' title='bbox 2149 1753 2275 1819; x_wconf 89' lang='lat' dir='ltr'><strong>fuit,</strong></span> <span class='ocrx_word' id='word_1_215' title='bbox 2303 1765 2355 1812; x_wconf 88' lang='lat' dir='ltr'><strong>et</strong></span> <span class='ocrx_word' id='word_1_216' title='bbox 2383 1771 2412 1811; x_wconf 88' lang='lat' dir='ltr'><strong>e</strong></span> <span class='ocrx_word' id='word_1_217' title='bbox 2441 1757 2598 1825; x_wconf 88' lang='lat' dir='ltr'><strong>cujus</strong></span> <span class='ocrx_word' id='word_1_218' title='bbox 2647 1755 2850 1809; x_wconf 82' lang='lat' dir='ltr'><strong>familia</strong></span> <span class='ocrx_word' id='word_1_219' title='bbox 2885 1773 2988 1808; x_wconf 89' lang='lat' dir='ltr'><strong>nott</strong></span> <span class='ocrx_word' id='word_1_220' title='bbox 3035 1755 3176 1809; x_wconf 89' lang='lat' dir='ltr'><strong>alius</strong></span> <span class='ocrx_word' id='word_1_221' title='bbox 3209 1754 3332 1821; x_wconf 89' lang='lat' dir='ltr'><strong>quis</strong></span> <span class='ocrx_word' id='word_1_222' title='bbox 3393 1752 3459 1806; x_wconf 89' lang='lat' dir='ltr'><strong>ad</strong></span> <span class='ocrx_word' id='word_1_223' title='bbox 3507 1768 3732 1822; x_wconf 80' lang='lat' dir='ltr'><strong>regnum</strong></span> 
     </span>
    </p>
   </div>
   <div class='ocr_carea' id='block_1_33' title="bbox 476 1833 3733 1920">
    <p class='ocr_par' dir='ltr' id='par_1_33' title="bbox 476 1833 3733 1920">
     <span class='ocr_line' id='line_1_33' title="bbox 476 1833 3733 1920; baseline -0.005 -26"><span class='ocrx_word' id='word_1_224' title='bbox 476 1840 783 1895; x_wconf 74' lang='lat' dir='ltr'><strong>llieraclius</strong></span> <span class='ocrx_word' id='word_1_225' title='bbox 815 1841 884 1894; x_wconf 93' lang='lat' dir='ltr'><strong>ab</strong></span> <span class='ocrx_word' id='word_1_226' title='bbox 913 1838 1309 1908; x_wconf 82' lang='lat' dir='ltr'><strong>Hierosolymis</strong></span> <span class='ocrx_word' id='word_1_227' title='bbox 1355 1836 1706 1900; x_wconf 88' lang='lat' dir='ltr'><strong>Damascum,</strong></span> <span class='ocrx_word' id='word_1_228' title='bbox 1743 1835 1816 1889; x_wconf 88' lang='lat' dir='ltr'><strong>ibi</strong></span> <span class='ocrx_word' id='word_1_229' title='bbox 1846 1836 2054 1890; x_wconf 87' lang='lat' dir='ltr'><strong>substi-</strong></span> <span class='ocrx_word' id='word_1_230' title='bbox 2087 1859 2126 1913; x_wconf 78' lang='grc' dir='ltr'><strong>Β</strong></span> <span class='ocrx_word' id='word_1_231' title='bbox 2157 1850 2443 1920; x_wconf 47' lang='lat' dir='ltr'><strong>aspiravit.</strong></span> <span class='ocrx_word' id='word_1_232' title='bbox 2498 1849 2638 1903; x_wconf 65' lang='lat' dir='ltr'><strong>Idem</strong></span> <span class='ocrx_word' id='word_1_233' title='bbox 2702 1858 2821 1903; x_wconf 62' lang='grc' dir='ltr'><strong>ειιηι</strong></span> <span class='ocrx_word' id='word_1_234' title='bbox 2865 1863 3028 1918; x_wconf 67' lang='lat' dir='ltr'><strong>quem</strong></span> <span class='ocrx_word' id='word_1_235' title='bbox 3105 1846 3460 1918; x_wconf 71' lang='lat'><strong>253-255</strong></span> <span class='ocrx_word' id='word_1_236' title='bbox 3495 1833 3733 1901; x_wconf 49' lang='lat' dir='ltr'><strong>&#39;miscra‘</strong></span> 
     </span>
    </p>
   </div>
   <div class='ocr_carea' id='block_1_34' title="bbox 478 1927 2055 1999">
    <p class='ocr_par' dir='ltr' id='par_1_34' title="bbox 478 1927 2055 1999">
     <span class='ocr_line' id='line_1_34' title="bbox 478 1927 2055 1999; baseline -0.003 -13"><span class='ocrx_word' id='word_1_237' title='bbox 478 1934 564 1997; x_wconf 91' lang='lat' dir='ltr'><strong>tit,</strong></span> <span class='ocrx_word' id='word_1_238' title='bbox 590 1948 620 1985; x_wconf 93' lang='lat' dir='ltr'><strong>a</strong></span> <span class='ocrx_word' id='word_1_239' title='bbox 644 1931 902 1986; x_wconf 82' lang='lat' dir='ltr'><strong>Mansuro</strong></span> <span class='ocrx_word' id='word_1_240' title='bbox 929 1945 1184 1983; x_wconf 88' lang='lat' dir='ltr'><strong>nummos</strong></span> <span class='ocrx_word' id='word_1_241' title='bbox 1208 1931 1454 1999; x_wconf 76' lang='lat' dir='ltr'><strong>exigens.</strong></span> <span class='ocrx_word' id='word_1_242' title='bbox 1481 1927 1633 1982; x_wconf 88' lang='lat' dir='ltr'><strong>Sedit</strong></span> <span class='ocrx_word' id='word_1_243' title='bbox 1660 1939 1841 1982; x_wconf 90' lang='lat' dir='ltr'><strong>autem</strong></span> <span class='ocrx_word' id='word_1_244' title='bbox 1869 1927 2055 1982; x_wconf 83' lang='lat' dir='ltr'><strong>Mode-</strong></span> 
     </span>
    </p>
   </div>
   <div class='ocr_carea' id='block_1_35' title="bbox 477 2017 2052 2088">
    <p class='ocr_par' dir='ltr' id='par_1_35' title="bbox 477 2017 2052 2088">
     <span class='ocr_line' id='line_1_35' title="bbox 477 2017 2052 2088; baseline -0.005 -8"><span class='ocrx_word' id='word_1_245' title='bbox 477 2034 597 2080; x_wconf 85' lang='lat' dir='ltr'><strong>stus</strong></span> <span class='ocrx_word' id='word_1_246' title='bbox 623 2039 814 2076; x_wconf 78' lang='lat' dir='ltr'><strong>uovem</strong></span> <span class='ocrx_word' id='word_1_247' title='bbox 849 2035 1088 2084; x_wconf 88' lang='lat' dir='ltr'><strong>menses,</strong></span> <span class='ocrx_word' id='word_1_248' title='bbox 1113 2021 1237 2074; x_wconf 88' lang='lat' dir='ltr'><strong>dein</strong></span> <span class='ocrx_word' id='word_1_249' title='bbox 1268 2029 1518 2073; x_wconf 90' lang='lat' dir='ltr'><strong>mortuus</strong></span> <span class='ocrx_word' id='word_1_250' title='bbox 1548 2029 1653 2085; x_wconf 85' lang='lat' dir='ltr'><strong>est,</strong></span> <span class='ocrx_word' id='word_1_251' title='bbox 1687 2033 1749 2073; x_wconf 93' lang='lat' dir='ltr'><strong>ac</strong></span> <span class='ocrx_word' id='word_1_252' title='bbox 1775 2028 1900 2088; x_wconf 92' lang='lat' dir='ltr'><strong>post</strong></span> <span class='ocrx_word' id='word_1_253' title='bbox 1932 2017 2052 2086; x_wconf 88' lang='lat' dir='ltr'><strong>ejus</strong></span> 
     </span>
    </p>
   </div>
   <div class='ocr_carea' id='block_1_36' title="bbox 480 2101 2054 2181">
    <p class='ocr_par' dir='ltr' id='par_1_36' title="bbox 480 2101 2054 2181">
     <span class='ocr_line' id='line_1_36' title="bbox 480 2101 2054 2181; baseline -0.002 -14"><span class='ocrx_word' id='word_1_254' title='bbox 480 2124 712 2168; x_wconf 86' lang='lat' dir='ltr'><strong>mortem</strong></span> <span class='ocrx_word' id='word_1_255' title='bbox 742 2128 834 2168; x_wconf 81' lang='lat' dir='ltr'><strong>sex</strong></span> <span class='ocrx_word' id='word_1_256' title='bbox 867 2101 1028 2168; x_wconf 82' lang='lat' dir='ltr'><strong>annis</strong></span> <span class='ocrx_word' id='word_1_257' title='bbox 1059 2114 1178 2166; x_wconf 90' lang='lat' dir='ltr'><strong>sine</strong></span> <span class='ocrx_word' id='word_1_258' title='bbox 1209 2113 1517 2181; x_wconf 85' lang='lat' dir='ltr'><strong>patriarcha</strong></span> <span class='ocrx_word' id='word_1_259' title='bbox 1570 2115 1768 2164; x_wconf 90' lang='lat' dir='ltr'><strong>mansit</strong></span> <span class='ocrx_word' id='word_1_260' title='bbox 1795 2112 2054 2166; x_wconf 82' lang='lat' dir='ltr'><strong>cathedra</strong></span> 
     </span>
    </p>
   </div>
   <div class='ocr_carea' id='block_1_37' title="bbox 483 2203 1884 2275">
    <p class='ocr_par' dir='ltr' id='par_1_37' title="bbox 483 2203 1884 2275">
     <span class='ocr_line' id='line_1_37' title="bbox 483 2203 1884 2275; baseline 0 -17"><span class='ocrx_word' id='word_1_261' title='bbox 483 2205 996 2275; x_wconf 82' lang='lat' dir='ltr'><strong>llierosolymitana.</strong></span> <span class='ocrx_word' id='word_1_262' title='bbox 1875 2203 1884 2209; x_wconf 81' lang='grc'><strong>’</strong></span> 
     </span>
    </p>
   </div>
   <div class='ocr_carea' id='block_1_38' title="bbox 548 2296 2055 2370">
    <p class='ocr_par' dir='ltr' id='par_1_38' title="bbox 548 2296 2055 2370">
     <span class='ocr_line' id='line_1_38' title="bbox 548 2296 2055 2370; baseline 0.001 -21"><span class='ocrx_word' id='word_1_263' title='bbox 548 2297 718 2350; x_wconf 83' lang='lat' dir='ltr'><strong>Porro</strong></span> <span class='ocrx_word' id='word_1_264' title='bbox 758 2312 902 2350; x_wconf 90' lang='lat' dir='ltr'><strong>anno</strong></span> <span class='ocrx_word' id='word_1_265' title='bbox 948 2297 1158 2365; x_wconf 87' lang='lat' dir='ltr'><strong>intperii</strong></span> <span class='ocrx_word' id='word_1_266' title='bbox 1211 2296 1560 2370; x_wconf 59' lang='lat'><strong>253-251</strong></span> <span class='ocrx_word' id='word_1_267' title='bbox 1597 2297 1835 2351; x_wconf 82' lang='lat' dir='ltr'><strong>Heraclii</strong></span> <span class='ocrx_word' id='word_1_268' title='bbox 1882 2296 2055 2350; x_wconf 89' lang='lat' dir='ltr'><strong>unde-</strong></span> 
     </span>
    </p>
   </div>
   <div class='ocr_carea' id='block_1_39' title="bbox 450 2390 2046 2459">
    <p class='ocr_par' dir='ltr' id='par_1_39' title="bbox 450 2390 2046 2459">
     <span class='ocr_line' id='line_1_39' title="bbox 450 2390 2046 2459; baseline 0 -17"><span class='ocrx_word' id='word_1_269' title='bbox 450 2391 622 2444; x_wconf 83' lang='lat' dir='ltr'><strong>‘eimo</strong></span> <span class='ocrx_word' id='word_1_270' title='bbox 656 2391 793 2444; x_wconf 90' lang='lat' dir='ltr'><strong>diem</strong></span> <span class='ocrx_word' id='word_1_271' title='bbox 831 2391 961 2443; x_wconf 89' lang='lat' dir='ltr'><strong>obiit</strong></span> <span class='ocrx_word' id='word_1_272' title='bbox 996 2390 1334 2444; x_wconf 84' lang='lat' dir='ltr'><strong>Moltamtned</strong></span> <span class='ocrx_word' id='word_1_273' title='bbox 1365 2391 1441 2444; x_wconf 88' lang='lat' dir='ltr'><strong>ﬁl.</strong></span> <span class='ocrx_word' id='word_1_274' title='bbox 1469 2391 1758 2444; x_wconf 81' lang='lat' dir='ltr'><strong>Abdoflalti</strong></span> <span class='ocrx_word' id='word_1_275' title='bbox 1783 2391 2046 2459; x_wconf 81' lang='lat' dir='ltr'><strong>pr0plicta</strong></span> 
     </span>
    </p>
   </div>
   <div class='ocr_carea' id='block_1_40' title="bbox 479 2480 2057 2552">
    <p class='ocr_par' dir='ltr' id='par_1_40' title="bbox 479 2480 2057 2552">
     <span class='ocr_line' id='line_1_40' title="bbox 479 2480 2057 2552; baseline 0.003 -19"><span class='ocrx_word' id='word_1_276' title='bbox 479 2480 925 2536; x_wconf 87' lang='lat' dir='ltr'><strong>Musteminorum</strong></span> <span class='ocrx_word' id='word_1_277' title='bbox 954 2484 1038 2536; x_wconf 90' lang='lat' dir='ltr'><strong>die</strong></span> <span class='ocrx_word' id='word_1_278' title='bbox 1070 2481 1254 2550; x_wconf 67' lang='lat' dir='ltr'><strong>Lunm,</strong></span> <span class='ocrx_word' id='word_1_279' title='bbox 1284 2482 1375 2552; x_wconf 88' lang='lat' dir='ltr'><strong>qui</strong></span> <span class='ocrx_word' id='word_1_280' title='bbox 1401 2484 1677 2538; x_wconf 88' lang='lat' dir='ltr'><strong>secundus</strong></span> <span class='ocrx_word' id='word_1_281' title='bbox 1705 2494 1823 2538; x_wconf 88' lang='lat' dir='ltr'><strong>erat</strong></span> <span class='ocrx_word' id='word_1_282' title='bbox 1855 2483 2057 2537; x_wconf 78' lang='lat' dir='ltr'><strong>mensis</strong></span> 
     </span>
    </p>
   </div>
   <div class='ocr_carea' id='block_1_41' title="bbox 480 2574 2056 2646">
    <p class='ocr_par' dir='ltr' id='par_1_41' title="bbox 480 2574 2056 2646">
     <span class='ocr_line' id='line_1_41' title="bbox 480 2574 2056 2646; baseline 0 -19"><span class='ocrx_word' id='word_1_283' title='bbox 480 2575 667 2629; x_wconf 66' lang='lat' dir='ltr'><strong>Rabire</strong></span> <span class='ocrx_word' id='word_1_284' title='bbox 702 2577 922 2646; x_wconf 88' lang='lat' dir='ltr'><strong>prioris,</strong></span> <span class='ocrx_word' id='word_1_285' title='bbox 973 2590 1116 2628; x_wconf 91' lang='lat' dir='ltr'><strong>anno</strong></span> <span class='ocrx_word' id='word_1_286' title='bbox 1146 2574 1322 2629; x_wconf 69' lang='lat' dir='ltr'><strong>lleiraa</strong></span> <span class='ocrx_word' id='word_1_287' title='bbox 1354 2575 1669 2638; x_wconf 88' lang='lat' dir='ltr'><strong>undecimo,</strong></span> <span class='ocrx_word' id='word_1_288' title='bbox 1703 2577 2056 2644; x_wconf 83' lang='lat' dir='ltr'><strong>sepultusque</strong></span> 
     </span>
    </p>
   </div>
   <div class='ocr_carea' id='block_1_42' title="bbox 479 2666 2054 2737">
    <p class='ocr_par' dir='ltr' id='par_1_42' title="bbox 479 2666 2054 2737">
     <span class='ocr_line' id='line_1_42' title="bbox 479 2666 2054 2737; baseline 0 -16"><span class='ocrx_word' id='word_1_289' title='bbox 479 2676 563 2722; x_wconf 87' lang='lat' dir='ltr'><strong>est</strong></span> <span class='ocrx_word' id='word_1_290' title='bbox 588 2667 730 2720; x_wconf 83' lang='lat' dir='ltr'><strong>domi</strong></span> <span class='ocrx_word' id='word_1_291' title='bbox 756 2683 868 2720; x_wconf 76' lang='lat' dir='ltr'><strong>suae</strong></span> <span class='ocrx_word' id='word_1_292' title='bbox 890 2669 1065 2734; x_wconf 85' lang='lat' dir='ltr'><strong>inqua</strong></span> <span class='ocrx_word' id='word_1_293' title='bbox 1092 2675 1340 2720; x_wconf 87' lang='lat' dir='ltr'><strong>mortuus</strong></span> <span class='ocrx_word' id='word_1_294' title='bbox 1359 2674 1460 2728; x_wconf 85' lang='lat' dir='ltr'><strong>est,</strong></span> <span class='ocrx_word' id='word_1_295' title='bbox 1481 2666 1628 2720; x_wconf 86' lang='lat' dir='ltr'><strong>domi</strong></span> <span class='ocrx_word' id='word_1_296' title='bbox 1653 2667 1776 2721; x_wconf 84' lang='lat' dir='ltr'><strong>scil.</strong></span> <span class='ocrx_word' id='word_1_297' title='bbox 1802 2668 2054 2737; x_wconf 72' lang='lat' dir='ltr'><strong>Ayesliae;</strong></span> 
     </span>
    </p>
   </div>
   <div class='ocr_carea' id='block_1_43' title="bbox 481 2757 2052 2820">
    <p class='ocr_par' dir='ltr' id='par_1_43' title="bbox 481 2757 2052 2820">
     <span class='ocr_line' id='line_1_43' title="bbox 481 2757 2052 2820; baseline 0.001 -10"><span class='ocrx_word' id='word_1_298' title='bbox 481 2758 598 2813; x_wconf 89' lang='lat' dir='ltr'><strong>dies</strong></span> <span class='ocrx_word' id='word_1_299' title='bbox 630 2758 885 2812; x_wconf 89' lang='lat' dir='ltr'><strong>tredecim</strong></span> <span class='ocrx_word' id='word_1_300' title='bbox 919 2759 1109 2811; x_wconf 88' lang='lat' dir='ltr'><strong>morbo</strong></span> <span class='ocrx_word' id='word_1_301' title='bbox 1137 2774 1237 2812; x_wconf 89' lang='lat' dir='ltr'><strong>suo</strong></span> <span class='ocrx_word' id='word_1_302' title='bbox 1267 2757 1555 2811; x_wconf 84' lang='lat' dir='ltr'><strong>laboravit.</strong></span> <span class='ocrx_word' id='word_1_303' title='bbox 1588 2757 1839 2813; x_wconf 80' lang='lat' dir='ltr'><strong>Mortuus</strong></span> <span class='ocrx_word' id='word_1_304' title='bbox 1869 2768 2052 2820; x_wconf 83' lang='lat' dir='ltr'><strong>autent</strong></span> 
     </span>
    </p>
   </div>
   <div class='ocr_carea' id='block_1_44' title="bbox 485 2851 2059 2920">
    <p class='ocr_par' dir='ltr' id='par_1_44' title="bbox 485 2851 2059 2920">
     <span class='ocr_line' id='line_1_44' title="bbox 485 2851 2059 2920; baseline 0.001 -19"><span class='ocrx_word' id='word_1_305' title='bbox 485 2861 569 2904; x_wconf 79' lang='lat' dir='ltr'><strong>est</strong></span> <span class='ocrx_word' id='word_1_306' title='bbox 608 2867 784 2914; x_wconf 87' lang='lat' dir='ltr'><strong>annos</strong></span> <span class='ocrx_word' id='word_1_307' title='bbox 826 2863 990 2905; x_wconf 89' lang='lat' dir='ltr'><strong>natus</strong></span> <span class='ocrx_word' id='word_1_308' title='bbox 1043 2851 1324 2920; x_wconf 75' lang='lat' dir='ltr'><strong>sexaginta</strong></span> <span class='ocrx_word' id='word_1_309' title='bbox 1377 2851 1543 2918; x_wconf 57' lang='lat' dir='ltr'><strong>jtres;</strong></span> <span class='ocrx_word' id='word_1_310' title='bbox 1601 2851 1804 2906; x_wconf 86' lang='lat' dir='ltr'><strong>liberos</strong></span> <span class='ocrx_word' id='word_1_311' title='bbox 1864 2861 2059 2920; x_wconf 73' lang='lat' dir='ltr'><strong>praeter</strong></span> 
     </span>
    </p>
   </div>
   <div class='ocr_carea' id='block_1_45' title="bbox 482 2941 2058 3011">
    <p class='ocr_par' dir='ltr' id='par_1_45' title="bbox 482 2941 2058 3011">
     <span class='ocr_line' id='line_1_45' title="bbox 482 2941 2058 3011; baseline -0.002 -12"><span class='ocrx_word' id='word_1_312' title='bbox 482 2947 798 2999; x_wconf 81' lang='lat' dir='ltr'><strong>Pltatemant</strong></span> <span class='ocrx_word' id='word_1_313' title='bbox 838 2945 1020 2998; x_wconf 91' lang='lat' dir='ltr'><strong>nullos</strong></span> <span class='ocrx_word' id='word_1_314' title='bbox 1064 2943 1290 3011; x_wconf 79' lang='lat' dir='ltr'><strong>reliquit</strong></span> <span class='ocrx_word' id='word_1_315' title='bbox 1323 2941 1670 3010; x_wconf 87' lang='lat' dir='ltr'><strong>superstites,</strong></span> <span class='ocrx_word' id='word_1_316' title='bbox 1725 2943 1819 2996; x_wconf 89' lang='lat' dir='ltr'><strong>sed</strong></span> <span class='ocrx_word' id='word_1_317' title='bbox 1850 2951 1904 2996; x_wconf 90' lang='lat' dir='ltr'><strong>et</strong></span> <span class='ocrx_word' id='word_1_318' title='bbox 1971 2942 2058 2996; x_wconf 85' lang='lat' dir='ltr'><strong>illa</strong></span> 
     </span>
    </p>
   </div>
   <div class='ocr_carea' id='block_1_46' title="bbox 481 3031 2058 3105">
    <p class='ocr_par' dir='ltr' id='par_1_46' title="bbox 481 3031 2058 3105">
     <span class='ocr_line' id='line_1_46' title="bbox 481 3031 2058 3105; baseline -0.001 -18"><span class='ocrx_word' id='word_1_319' title='bbox 481 3037 844 3105; x_wconf 78' lang='lat' dir='ltr'><strong>quadraginta</strong></span> <span class='ocrx_word' id='word_1_320' title='bbox 886 3045 1012 3104; x_wconf 91' lang='lat' dir='ltr'><strong>post</strong></span> <span class='ocrx_word' id='word_1_321' title='bbox 1066 3035 1243 3103; x_wconf 91' lang='lat' dir='ltr'><strong>ipsum</strong></span> <span class='ocrx_word' id='word_1_322' title='bbox 1281 3033 1476 3087; x_wconf 89' lang='lat' dir='ltr'><strong>diebus</strong></span> <span class='ocrx_word' id='word_1_323' title='bbox 1531 3041 1747 3085; x_wconf 85' lang='lat' dir='ltr'><strong>mortua</strong></span> <span class='ocrx_word' id='word_1_324' title='bbox 1795 3042 1900 3094; x_wconf 88' lang='lat' dir='ltr'><strong>est,</strong></span> <span class='ocrx_word' id='word_1_325' title='bbox 1952 3031 2058 3103; x_wconf 78' lang='lat' dir='ltr'><strong>[vel</strong></span> 
     </span>
    </p>
   </div>
   <div class='ocr_carea' id='block_1_47' title="bbox 480 3121 2058 3194">
    <p class='ocr_par' dir='ltr' id='par_1_47' title="bbox 480 3121 2058 3194">
     <span class='ocr_line' id='line_1_47' title="bbox 480 3121 2058 3194; baseline -0.004 -12"><span class='ocrx_word' id='word_1_326' title='bbox 480 3129 783 3183; x_wconf 88' lang='lat' dir='ltr'><strong>secundum</strong></span> <span class='ocrx_word' id='word_1_327' title='bbox 834 3129 972 3180; x_wconf 88' lang='lat' dir='ltr'><strong>alios</strong></span> <span class='ocrx_word' id='word_1_328' title='bbox 1031 3121 1426 3194; x_wconf 76' lang='lat' dir='ltr'><strong>scptuaginta,]</strong></span> <span class='ocrx_word' id='word_1_329' title='bbox 1490 3123 1654 3192; x_wconf 89' lang='lat' dir='ltr'><strong>idque</strong></span> <span class='ocrx_word' id='word_1_330' title='bbox 1695 3122 1908 3176; x_wconf 79' lang='lat' dir='ltr'><strong>Citalifa</strong></span> <span class='ocrx_word' id='word_1_331' title='bbox 1957 3124 2058 3175; x_wconf 84' lang='lat' dir='ltr'><strong>Abi</strong></span> 
     </span>
    </p>
   </div>
   <div class='ocr_carea' id='block_1_48' title="bbox 481 3207 2128 3272">
    <p class='ocr_par' dir='ltr' id='par_1_48' title="bbox 481 3207 2128 3272">
     <span class='ocr_line' id='line_1_48' title="bbox 481 3207 2128 3272; baseline -0.006 0"><span class='ocrx_word' id='word_1_332' title='bbox 481 3219 671 3272; x_wconf 81' lang='lat' dir='ltr'><strong>Dccro.</strong></span> <span class='ocrx_word' id='word_1_333' title='bbox 706 3217 1103 3272; x_wconf 84' lang='lat' dir='ltr'><strong>Convencrunt</strong></span> <span class='ocrx_word' id='word_1_334' title='bbox 1149 3217 1296 3269; x_wconf 90' lang='lat' dir='ltr'><strong>enim</strong></span> <span class='ocrx_word' id='word_1_335' title='bbox 1347 3213 1658 3268; x_wconf 88' lang='lat' dir='ltr'><strong>Moslemini</strong></span> <span class='ocrx_word' id='word_1_336' title='bbox 1699 3214 1764 3267; x_wconf 89' lang='lat' dir='ltr'><strong>ad</strong></span> <span class='ocrx_word' id='word_1_337' title='bbox 1807 3213 1927 3268; x_wconf 82' lang='lat' dir='ltr'><strong>Abu</strong></span> <span class='ocrx_word' id='word_1_338' title='bbox 1962 3213 2032 3267; x_wconf 85' lang='lat' dir='ltr'><strong>Be</strong></span> <span class='ocrx_word' id='word_1_339' title='bbox 2087 3207 2128 3262; x_wconf 89' lang='lat' dir='ltr'><strong><em>C</em></strong></span> 
     </span>
    </p>
   </div>
   <div class='ocr_carea' id='block_1_49' title="bbox 481 3305 2058 3378">
    <p class='ocr_par' dir='ltr' id='par_1_49' title="bbox 481 3305 2058 3378">
     <span class='ocr_line' id='line_1_49' title="bbox 481 3305 2058 3378; baseline -0.003 -15"><span class='ocrx_word' id='word_1_340' title='bbox 481 3325 635 3363; x_wconf 88' lang='lat' dir='ltr'><strong>crum</strong></span> <span class='ocrx_word' id='word_1_341' title='bbox 693 3306 1156 3378; x_wconf 83' lang='lat' dir='ltr'><strong>inaugurandum,</strong></span> <span class='ocrx_word' id='word_1_342' title='bbox 1209 3309 1296 3361; x_wconf 91' lang='lat' dir='ltr'><strong>cui</strong></span> <span class='ocrx_word' id='word_1_343' title='bbox 1355 3324 1550 3362; x_wconf 89' lang='lat' dir='ltr'><strong>nomen</strong></span> <span class='ocrx_word' id='word_1_344' title='bbox 1599 3307 1891 3369; x_wconf 85' lang='lat' dir='ltr'><strong>Abdollalt,</strong></span> <span class='ocrx_word' id='word_1_345' title='bbox 1945 3305 2058 3359; x_wconf 76' lang='lat' dir='ltr'><strong>Elin</strong></span> 
     </span>
    </p>
   </div>
   <div class='ocr_carea' id='block_1_50' title="bbox 481 3396 2057 3467">
    <p class='ocr_par' dir='ltr' id='par_1_50' title="bbox 481 3396 2057 3467">
     <span class='ocr_line' id='line_1_50' title="bbox 481 3396 2057 3467; baseline -0.003 -13"><span class='ocrx_word' id='word_1_346' title='bbox 481 3400 716 3454; x_wconf 79' lang='lat' dir='ltr'><strong>Otlitttan</strong></span> <span class='ocrx_word' id='word_1_347' title='bbox 744 3402 928 3465; x_wconf 81' lang='lat' dir='ltr'><strong>Amer,</strong></span> <span class='ocrx_word' id='word_1_348' title='bbox 972 3399 1088 3453; x_wconf 80' lang='lat' dir='ltr'><strong>Ebn</strong></span> <span class='ocrx_word' id='word_1_349' title='bbox 1114 3400 1286 3463; x_wconf 86' lang='lat' dir='ltr'><strong>Caab,</strong></span> <span class='ocrx_word' id='word_1_350' title='bbox 1323 3402 1436 3454; x_wconf 71' lang='lat' dir='ltr'><strong>libn</strong></span> <span class='ocrx_word' id='word_1_351' title='bbox 1488 3398 1652 3461; x_wconf 86' lang='lat' dir='ltr'><strong>Saad,</strong></span> <span class='ocrx_word' id='word_1_352' title='bbox 1690 3397 1807 3451; x_wconf 88' lang='lat' dir='ltr'><strong>Ebn</strong></span> <span class='ocrx_word' id='word_1_353' title='bbox 1848 3396 2057 3467; x_wconf 84' lang='lat' dir='ltr'><strong>Tiycm,</strong></span> 
     </span>
    </p>
   </div>
   <div class='ocr_carea' id='block_1_51' title="bbox 461 3486 2057 3559">
    <p class='ocr_par' dir='ltr' id='par_1_51' title="bbox 461 3486 2057 3559">
     <span class='ocr_line' id='line_1_51' title="bbox 461 3486 2057 3559; baseline -0.003 -16"><span class='ocrx_word' id='word_1_354' title='bbox 461 3492 598 3546; x_wconf 83' lang='lat' dir='ltr'><strong>&#39;Ebn</strong></span> <span class='ocrx_word' id='word_1_355' title='bbox 632 3491 886 3555; x_wconf 87' lang='lat' dir='ltr'><strong>Morralt;</strong></span> <span class='ocrx_word' id='word_1_356' title='bbox 934 3491 1203 3559; x_wconf 86' lang='lat' dir='ltr'><strong>cujusque</strong></span> <span class='ocrx_word' id='word_1_357' title='bbox 1234 3500 1406 3544; x_wconf 89' lang='lat' dir='ltr'><strong>mater</strong></span> <span class='ocrx_word' id='word_1_358' title='bbox 1453 3489 1654 3552; x_wconf 83' lang='lat' dir='ltr'><strong>Saluta,</strong></span> <span class='ocrx_word' id='word_1_359' title='bbox 1697 3487 1804 3540; x_wconf 89' lang='lat' dir='ltr'><strong>ﬁlia</strong></span> <span class='ocrx_word' id='word_1_360' title='bbox 1841 3486 2057 3552; x_wconf 83' lang='lat' dir='ltr'><strong>Socltri,</strong></span> 
     </span>
    </p>
   </div>
   <div class='ocr_carea' id='block_1_52' title="bbox 461 3573 2060 3649">
    <p class='ocr_par' dir='ltr' id='par_1_52' title="bbox 461 3573 2060 3649">
     <span class='ocr_line' id='line_1_52' title="bbox 461 3573 2060 3649; baseline -0.006 -9"><span class='ocrx_word' id='word_1_361' title='bbox 461 3573 596 3640; x_wconf 79' lang='lat' dir='ltr'><strong>Ebn</strong></span> <span class='ocrx_word' id='word_1_362' title='bbox 629 3585 820 3647; x_wconf 87' lang='lat' dir='ltr'><strong>Amur,</strong></span> <span class='ocrx_word' id='word_1_363' title='bbox 859 3584 972 3636; x_wconf 86' lang='lat' dir='ltr'><strong>Ebn</strong></span> <span class='ocrx_word' id='word_1_364' title='bbox 1006 3581 1170 3647; x_wconf 87' lang='lat' dir='ltr'><strong>Saab,</strong></span> <span class='ocrx_word' id='word_1_365' title='bbox 1199 3581 1312 3635; x_wconf 84' lang='lat' dir='ltr'><strong>Ebn</strong></span> <span class='ocrx_word' id='word_1_366' title='bbox 1346 3581 1512 3644; x_wconf 83' lang='lat' dir='ltr'><strong>Saad,</strong></span> <span class='ocrx_word' id='word_1_367' title='bbox 1549 3579 1668 3634; x_wconf 89' lang='lat' dir='ltr'><strong>Ebn</strong></span> <span class='ocrx_word' id='word_1_368' title='bbox 1701 3579 1913 3649; x_wconf 77' lang='lat' dir='ltr'><strong>Tiyem,</strong></span> <span class='ocrx_word' id='word_1_369' title='bbox 1944 3575 2060 3630; x_wconf 89' lang='lat' dir='ltr'><strong>Ebn</strong></span> 
     </span>
    </p>
   </div>
   <div class='ocr_carea' id='block_1_53' title="bbox 482 3670 2056 3744">
    <p class='ocr_par' dir='ltr' id='par_1_53' title="bbox 482 3670 2056 3744">
     <span class='ocr_line' id='line_1_53' title="bbox 482 3670 2056 3744; baseline -0.004 -15"><span class='ocrx_word' id='word_1_370' title='bbox 482 3676 696 3730; x_wconf 80' lang='lat' dir='ltr'><strong>Morralt</strong></span> <span class='ocrx_word' id='word_1_371' title='bbox 723 3692 736 3728; x_wconf 91' lang='lat'><strong>:</strong></span> <span class='ocrx_word' id='word_1_372' title='bbox 771 3675 982 3744; x_wconf 84' lang='lat' dir='ltr'><strong>fuitque</strong></span> <span class='ocrx_word' id='word_1_373' title='bbox 1020 3674 1368 3744; x_wconf 86' lang='lat' dir='ltr'><strong>inauguratio</strong></span> <span class='ocrx_word' id='word_1_374' title='bbox 1407 3673 1581 3741; x_wconf 89' lang='lat' dir='ltr'><strong>ipsius</strong></span> <span class='ocrx_word' id='word_1_375' title='bbox 1610 3670 1801 3724; x_wconf 82' lang='lat' dir='ltr'><strong>eodem</strong></span> <span class='ocrx_word' id='word_1_376' title='bbox 1830 3670 1919 3723; x_wconf 90' lang='lat' dir='ltr'><strong>die</strong></span> <span class='ocrx_word' id='word_1_377' title='bbox 1945 3685 2056 3739; x_wconf 91' lang='lat' dir='ltr'><strong>quo</strong></span> 
     </span>
    </p>
   </div>
   <div class='ocr_carea' id='block_1_54' title="bbox 481 3763 2062 3836">
    <p class='ocr_par' dir='ltr' id='par_1_54' title="bbox 481 3763 2062 3836">
     <span class='ocr_line' id='line_1_54' title="bbox 481 3763 2062 3836; baseline -0.004 -13"><span class='ocrx_word' id='word_1_378' title='bbox 481 3781 730 3824; x_wconf 88' lang='lat' dir='ltr'><strong>mortuus</strong></span> <span class='ocrx_word' id='word_1_379' title='bbox 771 3778 857 3824; x_wconf 92' lang='lat' dir='ltr'><strong>est</strong></span> <span class='ocrx_word' id='word_1_380' title='bbox 909 3767 1282 3821; x_wconf 86' lang='lat' dir='ltr'><strong>Moltatnmed.</strong></span> <span class='ocrx_word' id='word_1_381' title='bbox 1340 3767 1568 3820; x_wconf 65' lang='lat' dir='ltr'><strong>(laeteris</strong></span> <span class='ocrx_word' id='word_1_382' title='bbox 1621 3763 1697 3836; x_wconf 87' lang='lat' dir='ltr'><strong>[in</strong></span> <span class='ocrx_word' id='word_1_383' title='bbox 1741 3764 2062 3833; x_wconf 90' lang='lat' dir='ltr'><strong>juramcnto</strong></span> 
     </span>
    </p>
   </div>
   <div class='ocr_carea' id='block_1_55' title="bbox 480 3849 2058 3929">
    <p class='ocr_par' dir='ltr' id='par_1_55' title="bbox 480 3849 2058 3929">
     <span class='ocr_line' id='line_1_55' title="bbox 480 3849 2058 3929; baseline -0.006 -17"><span class='ocrx_word' id='word_1_384' title='bbox 480 3859 584 3928; x_wconf 77' lang='lat' dir='ltr'><strong>ipsi</strong></span> <span class='ocrx_word' id='word_1_385' title='bbox 635 3849 1382 3929; x_wconf 65' lang='lat' dir='ltr'><strong>praestando]praceuntibus</strong></span> <span class='ocrx_word' id='word_1_386' title='bbox 1420 3855 1622 3909; x_wconf 86' lang='lat' dir='ltr'><strong>Omaro</strong></span> <span class='ocrx_word' id='word_1_387' title='bbox 1657 3851 1770 3906; x_wconf 86' lang='lat' dir='ltr'><strong>Ebn</strong></span> <span class='ocrx_word' id='word_1_388' title='bbox 1811 3851 2058 3916; x_wconf 88' lang='lat' dir='ltr'><strong>Cbetebi,</strong></span> 
     </span>
    </p>
   </div>
   <div class='ocr_carea' id='block_1_56' title="bbox 481 3942 2060 4023">
    <p class='ocr_par' dir='ltr' id='par_1_56' title="bbox 481 3942 2060 4023">
     <span class='ocr_line' id='line_1_56' title="bbox 481 3942 2060 4023; baseline -0.006 -17"><span class='ocrx_word' id='word_1_389' title='bbox 481 3962 533 4006; x_wconf 89' lang='lat' dir='ltr'><strong>et</strong></span> <span class='ocrx_word' id='word_1_390' title='bbox 558 3952 830 4023; x_wconf 83' lang='lat' dir='ltr'><strong>Otitmano</strong></span> <span class='ocrx_word' id='word_1_391' title='bbox 864 3949 979 4004; x_wconf 85' lang='lat' dir='ltr'><strong>Ebn</strong></span> <span class='ocrx_word' id='word_1_392' title='bbox 1015 3948 1200 4014; x_wconf 81' lang='lat' dir='ltr'><strong>Afani,</strong></span> <span class='ocrx_word' id='word_1_393' title='bbox 1238 3947 1402 4016; x_wconf 90' lang='lat' dir='ltr'><strong>idque</strong></span> <span class='ocrx_word' id='word_1_394' title='bbox 1440 3960 1587 3999; x_wconf 90' lang='lat' dir='ltr'><strong>anno</strong></span> <span class='ocrx_word' id='word_1_395' title='bbox 1623 3945 1836 4013; x_wconf 89' lang='lat' dir='ltr'><strong>imperii</strong></span> <span class='ocrx_word' id='word_1_396' title='bbox 1889 3942 2060 3998; x_wconf 78' lang='lat' dir='ltr'><strong>Hera-</strong></span> 
     </span>
    </p>
   </div>
   <div class='ocr_carea' id='block_1_57' title="bbox 467 4038 2063 4110">
    <p class='ocr_par' dir='ltr' id='par_1_57' title="bbox 467 4038 2063 4110">
     <span class='ocr_line' id='line_1_57' title="bbox 467 4038 2063 4110; baseline -0.006 -10"><span class='ocrx_word' id='word_1_397' title='bbox 467 4045 568 4100; x_wconf 80' lang='lat' dir='ltr'><strong>&#39;clii</strong></span> <span class='ocrx_word' id='word_1_398' title='bbox 603 4045 976 4098; x_wconf 79' lang='lat' dir='ltr'><strong>Romanorum</strong></span> <span class='ocrx_word' id='word_1_399' title='bbox 1012 4041 1360 4110; x_wconf 89' lang='lat' dir='ltr'><strong>imperatoris</strong></span> <span class='ocrx_word' id='word_1_400' title='bbox 1390 4039 1683 4092; x_wconf 80' lang='lat' dir='ltr'><strong>undecimo</strong></span> <span class='ocrx_word' id='word_1_401' title='bbox 1719 4053 1734 4090; x_wconf 89' lang='lat'><strong>:</strong></span> <span class='ocrx_word' id='word_1_402' title='bbox 1765 4048 1932 4106; x_wconf 88' lang='lat' dir='ltr'><strong>atque</strong></span> <span class='ocrx_word' id='word_1_403' title='bbox 1961 4038 2063 4090; x_wconf 86' lang='lat' dir='ltr'><strong>hoc</strong></span> 
     </span>
    </p>
   </div>
   <div class='ocr_carea' id='block_1_58' title="bbox 467 4126 2063 4199">
    <p class='ocr_par' dir='ltr' id='par_1_58' title="bbox 467 4126 2063 4199">
     <span class='ocr_line' id='line_1_58' title="bbox 467 4126 2063 4199; baseline -0.007 -10"><span class='ocrx_word' id='word_1_404' title='bbox 467 4144 628 4189; x_wconf 93' lang='lat' dir='ltr'><strong>&#39;anno</strong></span> <span class='ocrx_word' id='word_1_405' title='bbox 661 4136 994 4188; x_wconf 90' lang='lat' dir='ltr'><strong>constitutus</strong></span> <span class='ocrx_word' id='word_1_406' title='bbox 1024 4143 1108 4186; x_wconf 88' lang='lat' dir='ltr'><strong>est</strong></span> <span class='ocrx_word' id='word_1_407' title='bbox 1144 4128 1440 4185; x_wconf 90' lang='lat' dir='ltr'><strong>Oborudus</strong></span> <span class='ocrx_word' id='word_1_408' title='bbox 1471 4126 1796 4199; x_wconf 77' lang='lat' dir='ltr'><strong>[Honorius]</strong></span> <span class='ocrx_word' id='word_1_409' title='bbox 1826 4127 2063 4195; x_wconf 88' lang='lat' dir='ltr'><strong>patriar-</strong></span> 
     </span>
    </p>
   </div>
   <div class='ocr_carea' id='block_1_59' title="bbox 485 4215 2061 4294">
    <p class='ocr_par' dir='ltr' id='par_1_59' title="bbox 485 4215 2061 4294">
     <span class='ocr_line' id='line_1_59' title="bbox 485 4215 2061 4294; baseline -0.006 -14"><span class='ocrx_word' id='word_1_410' title='bbox 485 4229 585 4281; x_wconf 89' lang='lat' dir='ltr'><strong>cita</strong></span> <span class='ocrx_word' id='word_1_411' title='bbox 633 4215 954 4288; x_wconf 78' lang='lat' dir='ltr'><strong>Romanus,</strong></span> <span class='ocrx_word' id='word_1_412' title='bbox 988 4223 1082 4294; x_wconf 89' lang='lat' dir='ltr'><strong>qui</strong></span> <span class='ocrx_word' id='word_1_413' title='bbox 1134 4223 1440 4277; x_wconf 87' lang='lat' dir='ltr'><strong>octodecim</strong></span> <span class='ocrx_word' id='word_1_414' title='bbox 1493 4236 1672 4275; x_wconf 86' lang='lat' dir='ltr'><strong>annos</strong></span> <span class='ocrx_word' id='word_1_415' title='bbox 1719 4220 1884 4283; x_wconf 89' lang='lat' dir='ltr'><strong>sedit,</strong></span> <span class='ocrx_word' id='word_1_416' title='bbox 1933 4219 2061 4273; x_wconf 90' lang='lat' dir='ltr'><strong>dein</strong></span> 
     </span>
    </p>
   </div>
   <div class='ocr_carea' id='block_1_60' title="bbox 487 4311 2064 4377">
    <p class='ocr_par' dir='ltr' id='par_1_60' title="bbox 487 4311 2064 4377">
     <span class='ocr_line' id='line_1_60' title="bbox 487 4311 2064 4377; baseline -0.006 -5"><span class='ocrx_word' id='word_1_417' title='bbox 487 4329 734 4373; x_wconf 91' lang='lat' dir='ltr'><strong>mortuus</strong></span> <span class='ocrx_word' id='word_1_418' title='bbox 771 4326 876 4371; x_wconf 87' lang='lat' dir='ltr'><strong>est.</strong></span> <span class='ocrx_word' id='word_1_419' title='bbox 907 4315 1074 4372; x_wconf 90' lang='lat' dir='ltr'><strong>Cesra</strong></span> <span class='ocrx_word' id='word_1_420' title='bbox 1113 4326 1293 4369; x_wconf 89' lang='lat' dir='ltr'><strong>autem</strong></span> <span class='ocrx_word' id='word_1_421' title='bbox 1325 4312 1580 4368; x_wconf 84' lang='lat' dir='ltr'><strong>llormozi</strong></span> <span class='ocrx_word' id='word_1_422' title='bbox 1625 4313 1792 4377; x_wconf 82' lang='lat' dir='ltr'><strong>filius,</strong></span> <span class='ocrx_word' id='word_1_423' title='bbox 1841 4327 1966 4365; x_wconf 86' lang='lat' dir='ltr'><strong>cum</strong></span> <span class='ocrx_word' id='word_1_424' title='bbox 1996 4311 2064 4364; x_wconf 87' lang='lat' dir='ltr'><strong>ad</strong></span> 
     </span>
    </p>
   </div>
   <div class='ocr_carea' id='block_1_61' title="bbox 486 4401 2065 4478">
    <p class='ocr_par' dir='ltr' id='par_1_61' title="bbox 486 4401 2065 4478">
     <span class='ocr_line' id='line_1_61' title="bbox 486 4401 2065 4478; baseline -0.004 -16"><span class='ocrx_word' id='word_1_425' title='bbox 486 4417 675 4464; x_wconf 83' lang='lat' dir='ltr'><strong>urbem</strong></span> <span class='ocrx_word' id='word_1_426' title='bbox 707 4423 860 4462; x_wconf 88' lang='lat' dir='ltr'><strong>suam</strong></span> <span class='ocrx_word' id='word_1_427' title='bbox 895 4401 1256 4478; x_wconf 79' lang='lat' dir='ltr'><strong>perveniSset,</strong></span> <span class='ocrx_word' id='word_1_428' title='bbox 1283 4415 1334 4459; x_wconf 89' lang='lat' dir='ltr'><strong>et</strong></span> <span class='ocrx_word' id='word_1_429' title='bbox 1368 4420 1530 4474; x_wconf 89' lang='lat' dir='ltr'><strong>quam</strong></span> <span class='ocrx_word' id='word_1_430' title='bbox 1565 4404 1638 4458; x_wconf 92' lang='lat' dir='ltr'><strong>ibi</strong></span> <span class='ocrx_word' id='word_1_431' title='bbox 1669 4403 1870 4458; x_wconf 61' lang='lat' dir='ltr'><strong>caedent</strong></span> <span class='ocrx_word' id='word_1_432' title='bbox 1902 4401 2065 4456; x_wconf 84' lang='lat' dir='ltr'><strong>fecis-</strong></span> 
     </span>
    </p>
   </div>
   <div class='ocr_carea' id='block_1_62' title="bbox 485 4498 2065 4570">
    <p class='ocr_par' dir='ltr' id='par_1_62' title="bbox 485 4498 2065 4570">
     <span class='ocr_line' id='line_1_62' title="bbox 485 4498 2065 4570; baseline -0.006 -13"><span class='ocrx_word' id='word_1_433' title='bbox 485 4514 567 4559; x_wconf 85' lang='lat' dir='ltr'><strong>set</strong></span> <span class='ocrx_word' id='word_1_434' title='bbox 594 4503 896 4567; x_wconf 85' lang='lat' dir='ltr'><strong>Heraelius,</strong></span> <span class='ocrx_word' id='word_1_435' title='bbox 927 4502 1054 4570; x_wconf 87' lang='lat' dir='ltr'><strong>quid</strong></span> <span class='ocrx_word' id='word_1_436' title='bbox 1074 4499 1264 4564; x_wconf 77' lang='lat' dir='ltr'><strong>ruinae,</strong></span> <span class='ocrx_word' id='word_1_437' title='bbox 1291 4498 1536 4564; x_wconf 84' lang='lat' dir='ltr'><strong>vidisset,</strong></span> <span class='ocrx_word' id='word_1_438' title='bbox 1559 4512 1758 4567; x_wconf 83' lang='lat' dir='ltr'><strong>magno</strong></span> <span class='ocrx_word' id='word_1_439' title='bbox 1779 4502 2065 4562; x_wconf 86' lang='lat' dir='ltr'><strong>correptus</strong></span> 
     </span>
    </p>
   </div>
   <div class='ocr_carea' id='block_1_63' title="bbox 485 4586 2068 4659">
    <p class='ocr_par' dir='ltr' id='par_1_63' title="bbox 485 4586 2068 4659">
     <span class='ocr_line' id='line_1_63' title="bbox 485 4586 2068 4659; baseline -0.009 -7"><span class='ocrx_word' id='word_1_440' title='bbox 485 4607 570 4653; x_wconf 89' lang='lat' dir='ltr'><strong>est</strong></span> <span class='ocrx_word' id='word_1_441' title='bbox 600 4596 808 4659; x_wconf 91' lang='lat' dir='ltr'><strong>dolore,</strong></span> <span class='ocrx_word' id='word_1_442' title='bbox 854 4594 990 4648; x_wconf 85' lang='lat' dir='ltr'><strong>nihil</strong></span> <span class='ocrx_word' id='word_1_443' title='bbox 1033 4605 1212 4646; x_wconf 88' lang='lat' dir='ltr'><strong>tanten</strong></span> <span class='ocrx_word' id='word_1_444' title='bbox 1259 4593 1326 4647; x_wconf 89' lang='lat' dir='ltr'><strong>de</strong></span> <span class='ocrx_word' id='word_1_445' title='bbox 1365 4605 1578 4645; x_wconf 91' lang='lat' dir='ltr'><strong>morum</strong></span> <span class='ocrx_word' id='word_1_446' title='bbox 1614 4590 1832 4644; x_wconf 89' lang='lat' dir='ltr'><strong>feritate</strong></span> <span class='ocrx_word' id='word_1_447' title='bbox 1878 4586 2068 4643; x_wconf 87' lang='lat' dir='ltr'><strong>remit-</strong></span> 
     </span>
    </p>
   </div>
   <div class='ocr_carea' id='block_1_64' title="bbox 488 4680 2064 4756">
    <p class='ocr_par' dir='ltr' id='par_1_64' title="bbox 488 4680 2064 4756">
     <span class='ocr_line' id='line_1_64' title="bbox 488 4680 2064 4756; baseline -0.007 -14"><span class='ocrx_word' id='word_1_448' title='bbox 488 4701 631 4756; x_wconf 88' lang='lat' dir='ltr'><strong>tens,</strong></span> <span class='ocrx_word' id='word_1_449' title='bbox 662 4689 797 4742; x_wconf 84' lang='lat' dir='ltr'><strong>adeo</strong></span> <span class='ocrx_word' id='word_1_450' title='bbox 829 4695 887 4740; x_wconf 91' lang='lat' dir='ltr'><strong>ut</strong></span> <span class='ocrx_word' id='word_1_451' title='bbox 922 4687 1159 4756; x_wconf 86' lang='lat' dir='ltr'><strong>graviter</strong></span> <span class='ocrx_word' id='word_1_452' title='bbox 1201 4683 1411 4738; x_wconf 89' lang='lat' dir='ltr'><strong>ferrent</strong></span> <span class='ocrx_word' id='word_1_453' title='bbox 1443 4681 1696 4737; x_wconf 85' lang='lat' dir='ltr'><strong>homines</strong></span> <span class='ocrx_word' id='word_1_454' title='bbox 1734 4681 1908 4748; x_wconf 89' lang='lat' dir='ltr'><strong>ipsius</strong></span> <span class='ocrx_word' id='word_1_455' title='bbox 1962 4680 2064 4732; x_wconf 91' lang='lat' dir='ltr'><strong>int-</strong></span> 
     </span>
    </p>
   </div>
   <div class='ocr_carea' id='block_1_65' title="bbox 486 4769 2066 4849">
    <p class='ocr_par' dir='ltr' id='par_1_65' title="bbox 486 4769 2066 4849">
     <span class='ocr_line' id='line_1_65' title="bbox 486 4769 2066 4849; baseline -0.009 -17"><span class='ocrx_word' id='word_1_456' title='bbox 486 4781 719 4849; x_wconf 90' lang='lat' dir='ltr'><strong>perium,</strong></span> <span class='ocrx_word' id='word_1_457' title='bbox 755 4776 1042 4830; x_wconf 82' lang='lat' dir='ltr'><strong>deficiente</strong></span> <span class='ocrx_word' id='word_1_458' title='bbox 1068 4775 1204 4844; x_wconf 90' lang='lat' dir='ltr'><strong>ipsis</strong></span> <span class='ocrx_word' id='word_1_459' title='bbox 1240 4773 1524 4842; x_wconf 89' lang='lat' dir='ltr'><strong>patientia,</strong></span> <span class='ocrx_word' id='word_1_460' title='bbox 1566 4769 1727 4840; x_wconf 73' lang='lat'><strong>252</strong></span> <span class='ocrx_word' id='word_1_461' title='bbox 1776 4770 2066 4838; x_wconf 89' lang='lat' dir='ltr'><strong>ipsumque</strong></span> 
     </span>
    </p>
   </div>
   <div class='ocr_carea' id='block_1_66' title="bbox 490 4851 2069 4933">
    <p class='ocr_par' dir='ltr' id='par_1_66' title="bbox 490 4851 2069 4933">
     <span class='ocr_line' id='line_1_66' title="bbox 490 4851 2069 4933; baseline -0.008 -11"><span class='ocrx_word' id='word_1_462' title='bbox 490 4870 787 4924; x_wconf 82' lang='lat' dir='ltr'><strong>infaustum</strong></span> <span class='ocrx_word' id='word_1_463' title='bbox 824 4867 1094 4929; x_wconf 86' lang='lat' dir='ltr'><strong>dicerent,</strong></span> <span class='ocrx_word' id='word_1_464' title='bbox 1125 4873 1314 4933; x_wconf 87' lang='lat' dir='ltr'><strong>utpote</strong></span> <span class='ocrx_word' id='word_1_465' title='bbox 1347 4851 1456 4932; x_wconf 87' lang='lat' dir='ltr'><strong>quo</strong></span> <span class='ocrx_word' id='word_1_466' title='bbox 1483 4872 1746 4930; x_wconf 88' lang='lat' dir='ltr'><strong>regnante</strong></span> <span class='ocrx_word' id='word_1_467' title='bbox 1794 4859 2069 4927; x_wconf 87' lang='lat' dir='ltr'><strong>perierint</strong></span> 
     </span>
    </p>
   </div>
   <div class='ocr_carea' id='block_1_67' title="bbox 490 4951 2065 5026">
    <p class='ocr_par' dir='ltr' id='par_1_67' title="bbox 490 4951 2065 5026">
     <span class='ocr_line' id='line_1_67' title="bbox 490 4951 2065 5026; baseline -0.006 -13"><span class='ocrx_word' id='word_1_468' title='bbox 490 4959 690 5016; x_wconf 75' lang='lat' dir='ltr'><strong>Persia:</strong></span> <span class='ocrx_word' id='word_1_469' title='bbox 735 4960 948 5023; x_wconf 75' lang='lat' dir='ltr'><strong>incolae,</strong></span> <span class='ocrx_word' id='word_1_470' title='bbox 998 4965 1338 5026; x_wconf 72' lang='lat' dir='ltr'><strong>vasratreque</strong></span> <span class='ocrx_word' id='word_1_471' title='bbox 1393 4955 1505 5009; x_wconf 87' lang='lat' dir='ltr'><strong>sint</strong></span> <span class='ocrx_word' id='word_1_472' title='bbox 1556 4954 1806 5023; x_wconf 88' lang='lat' dir='ltr'><strong>ipsormn</strong></span> <span class='ocrx_word' id='word_1_473' title='bbox 1846 4951 2065 5004; x_wconf 91' lang='lat' dir='ltr'><strong>domus.</strong></span> 
     </span>
    </p>
   </div>
   <div class='ocr_carea' id='block_1_68' title="bbox 491 5042 2070 5120">
    <p class='ocr_par' dir='ltr' id='par_1_68' title="bbox 491 5042 2070 5120">
     <span class='ocr_line' id='line_1_68' title="bbox 491 5042 2070 5120; baseline -0.008 -13"><span class='ocrx_word' id='word_1_474' title='bbox 491 5051 615 5120; x_wconf 78' lang='lat' dir='ltr'><strong>Ipso</strong></span> <span class='ocrx_word' id='word_1_475' title='bbox 669 5065 798 5119; x_wconf 89' lang='lat' dir='ltr'><strong>ergo</strong></span> <span class='ocrx_word' id='word_1_476' title='bbox 848 5059 971 5118; x_wconf 92' lang='lat' dir='ltr'><strong>post</strong></span> <span class='ocrx_word' id='word_1_477' title='bbox 1020 5064 1196 5102; x_wconf 88' lang='lat' dir='ltr'><strong>annos</strong></span> <span class='ocrx_word' id='word_1_478' title='bbox 1245 5047 1642 5118; x_wconf 17' lang='lat' dir='ltr'><strong>trigintavoclo</strong></span> <span class='ocrx_word' id='word_1_479' title='bbox 1691 5042 1967 5107; x_wconf 83' lang='lat' dir='ltr'><strong>abdicato,</strong></span> <span class='ocrx_word' id='word_1_480' title='bbox 2012 5044 2070 5095; x_wconf 86' lang='lat' dir='ltr'><strong>in</strong></span> 
     </span>
    </p>
   </div>
   <div class='ocr_carea' id='block_1_69' title="bbox 493 5135 2069 5212">
    <p class='ocr_par' dir='ltr' id='par_1_69' title="bbox 493 5135 2069 5212">
     <span class='ocr_line' id='line_1_69' title="bbox 493 5135 2069 5212; baseline -0.006 -15"><span class='ocrx_word' id='word_1_481' title='bbox 493 5144 670 5198; x_wconf 90' lang='lat' dir='ltr'><strong>locum</strong></span> <span class='ocrx_word' id='word_1_482' title='bbox 711 5143 830 5212; x_wconf 87' lang='lat' dir='ltr'><strong>ejus</strong></span> <span class='ocrx_word' id='word_1_483' title='bbox 863 5145 1268 5197; x_wconf 82' lang='lat' dir='ltr'><strong>substitucrunt</strong></span> <span class='ocrx_word' id='word_1_484' title='bbox 1323 5141 1494 5195; x_wconf 83' lang='lat' dir='ltr'><strong>tilium</strong></span> <span class='ocrx_word' id='word_1_485' title='bbox 1544 5140 1716 5206; x_wconf 85' lang='lat' dir='ltr'><strong>ipsius</strong></span> <span class='ocrx_word' id='word_1_486' title='bbox 1761 5135 2069 5198; x_wconf 81' lang='lat' dir='ltr'><strong>Kobadem,</strong></span> 
     </span>
    </p>
   </div>
   <div class='ocr_carea' id='block_1_70' title="bbox 492 5227 2074 5303">
    <p class='ocr_par' dir='ltr' id='par_1_70' title="bbox 492 5227 2074 5303">
     <span class='ocr_line' id='line_1_70' title="bbox 492 5227 2074 5303; baseline -0.003 -20"><span class='ocrx_word' id='word_1_487' title='bbox 492 5235 680 5303; x_wconf 82' lang='lat' dir='ltr'><strong>quiet</strong></span> <span class='ocrx_word' id='word_1_488' title='bbox 735 5234 1042 5288; x_wconf 82' lang='lat' dir='ltr'><strong>Sltirawailt</strong></span> <span class='ocrx_word' id='word_1_489' title='bbox 1095 5233 1423 5302; x_wconf 66' lang='lat' dir='ltr'><strong>appellatus,</strong></span> <span class='ocrx_word' id='word_1_490' title='bbox 1485 5229 1657 5283; x_wconf 91' lang='lat' dir='ltr'><strong>ﬁlium</strong></span> <span class='ocrx_word' id='word_1_491' title='bbox 1715 5229 1897 5280; x_wconf 73' lang='lat' dir='ltr'><strong>Maria:</strong></span> <span class='ocrx_word' id='word_1_492' title='bbox 1951 5227 2074 5280; x_wconf 68' lang='lat' dir='ltr'><strong>ﬁliae</strong></span> 
     </span>
    </p>
   </div>
   <div class='ocr_carea' id='block_1_71' title="bbox 495 5306 2072 5394">
    <p class='ocr_par' dir='ltr' id='par_1_71' title="bbox 495 5306 2072 5394">
     <span class='ocr_line' id='line_1_71' title="bbox 495 5306 2072 5394; baseline -0.005 -14"><span class='ocrx_word' id='word_1_493' title='bbox 495 5327 740 5382; x_wconf 86' lang='lat' dir='ltr'><strong>Mauricii</strong></span> <span class='ocrx_word' id='word_1_494' title='bbox 793 5329 1164 5381; x_wconf 78' lang='lat' dir='ltr'><strong>Romanorum</strong></span> <span class='ocrx_word' id='word_1_495' title='bbox 1221 5322 1596 5394; x_wconf 84' lang='lat' dir='ltr'><strong>imperatoris,</strong></span> <span class='ocrx_word' id='word_1_496' title='bbox 1633 5306 1910 5390; x_wconf 9' lang='lat' dir='ltr'><strong>eujusiab</strong></span> <span class='ocrx_word' id='word_1_497' title='bbox 1938 5319 2072 5388; x_wconf 86' lang='lat' dir='ltr'><strong>ipsis</strong></span> 
     </span>
    </p>
   </div>
   <div class='ocr_carea' id='block_1_72' title="bbox 495 5410 2072 5478">
    <p class='ocr_par' dir='ltr' id='par_1_72' title="bbox 495 5410 2072 5478">
     <span class='ocr_line' id='line_1_72' title="bbox 495 5410 2072 5478; baseline -0.006 -6"><span class='ocrx_word' id='word_1_498' title='bbox 495 5420 663 5474; x_wconf 88' lang='lat' dir='ltr'><strong>occisi</strong></span> <span class='ocrx_word' id='word_1_499' title='bbox 695 5419 868 5473; x_wconf 62' lang='lat' dir='ltr'><strong>etedes</strong></span> <span class='ocrx_word' id='word_1_500' title='bbox 904 5418 1172 5472; x_wconf 89' lang='lat' dir='ltr'><strong>malorum</strong></span> <span class='ocrx_word' id='word_1_501' title='bbox 1215 5417 1447 5471; x_wconf 90' lang='lat' dir='ltr'><strong>istorum</strong></span> <span class='ocrx_word' id='word_1_502' title='bbox 1474 5414 1715 5468; x_wconf 90' lang='lat' dir='ltr'><strong>omnium</strong></span> <span class='ocrx_word' id='word_1_503' title='bbox 1746 5426 1910 5466; x_wconf 88' lang='lat' dir='ltr'><strong>causa</strong></span> <span class='ocrx_word' id='word_1_504' title='bbox 1940 5410 2072 5478; x_wconf 86' lang='lat' dir='ltr'><strong>fuit;</strong></span> 
     </span>
    </p>
   </div>
   <div class='ocr_carea' id='block_1_73' title="bbox 497 5505 2075 5583">
    <p class='ocr_par' dir='ltr' id='par_1_73' title="bbox 497 5505 2075 5583">
     <span class='ocr_line' id='line_1_73' title="bbox 497 5505 2075 5583; baseline -0.007 -19"><span class='ocrx_word' id='word_1_505' title='bbox 497 5527 619 5564; x_wconf 79' lang='lat' dir='ltr'><strong>cum</strong></span> <span class='ocrx_word' id='word_1_506' title='bbox 650 5507 881 5583; x_wconf 81' lang='lat' dir='ltr'><strong>[Cesrac]</strong></span> <span class='ocrx_word' id='word_1_507' title='bbox 907 5525 1062 5564; x_wconf 88' lang='lat' dir='ltr'><strong>socer</strong></span> <span class='ocrx_word' id='word_1_508' title='bbox 1091 5517 1260 5574; x_wconf 88' lang='lat' dir='ltr'><strong>esset,</strong></span> <span class='ocrx_word' id='word_1_509' title='bbox 1298 5514 1464 5576; x_wconf 89' lang='lat' dir='ltr'><strong>atque</strong></span> <span class='ocrx_word' id='word_1_510' title='bbox 1497 5505 1587 5559; x_wconf 90' lang='lat' dir='ltr'><strong>ille</strong></span> <span class='ocrx_word' id='word_1_511' title='bbox 1617 5517 1886 5568; x_wconf 69' lang='lat' dir='ltr'><strong>socerum,</strong></span> <span class='ocrx_word' id='word_1_512' title='bbox 1916 5515 2075 5555; x_wconf 89' lang='lat' dir='ltr'><strong>suum</strong></span> 
     </span>
    </p>
   </div>
   <div class='ocr_carea' id='block_1_74' title="bbox 502 5602 976 5669">
    <p class='ocr_par' dir='ltr' id='par_1_74' title="bbox 502 5602 976 5669">
     <span class='ocr_line' id='line_1_74' title="bbox 502 5602 976 5669; baseline 0.002 -18"><span class='ocrx_word' id='word_1_513' title='bbox 502 5602 692 5654; x_wconf 84' lang='lat' dir='ltr'><strong>ulcisci</strong></span> <span class='ocrx_word' id='word_1_514' title='bbox 728 5607 976 5669; x_wconf 77' lang='lat' dir='ltr'><strong>cuperet.</strong></span> 
     </span>
    </p>
   </div>
   <div class='ocr_carea' id='block_1_75' title="bbox 579 5687 2079 5759">
    <p class='ocr_par' dir='ltr' id='par_1_75' title="bbox 579 5687 2079 5759">
     <span class='ocr_line' id='line_1_75' title="bbox 579 5687 2079 5759; baseline -0.003 -13"><span class='ocrx_word' id='word_1_515' title='bbox 579 5695 832 5748; x_wconf 78' lang='lat' dir='ltr'><strong>Kobadcs</strong></span> <span class='ocrx_word' id='word_1_516' title='bbox 879 5702 1061 5746; x_wconf 81' lang='lat' dir='ltr'><strong>autent</strong></span> <span class='ocrx_word' id='word_1_517' title='bbox 1117 5705 1284 5759; x_wconf 87' lang='lat' dir='ltr'><strong>regno</strong></span> <span class='ocrx_word' id='word_1_518' title='bbox 1316 5687 1611 5758; x_wconf 67' lang='lat' dir='ltr'><strong>praefectus</strong></span> <span class='ocrx_word' id='word_1_519' title='bbox 1640 5687 1915 5756; x_wconf 85' lang='lat' dir='ltr'><strong>justitiam</strong></span> <span class='ocrx_word' id='word_1_520' title='bbox 1967 5701 2079 5756; x_wconf 67' lang='lat' dir='ltr'><strong>prae</strong></span> 
     </span>
    </p>
   </div>
   <div class='ocr_carea' id='block_1_76' title="bbox 503 5779 2076 5854">
    <p class='ocr_par' dir='ltr' id='par_1_76' title="bbox 503 5779 2076 5854">
     <span class='ocr_line' id='line_1_76' title="bbox 503 5779 2076 5854; baseline -0.006 -12"><span class='ocrx_word' id='word_1_521' title='bbox 503 5805 561 5842; x_wconf 87' lang='lat' dir='ltr'><strong>se</strong></span> <span class='ocrx_word' id='word_1_522' title='bbox 592 5788 736 5850; x_wconf 86' lang='lat' dir='ltr'><strong>tulit,</strong></span> <span class='ocrx_word' id='word_1_523' title='bbox 769 5793 824 5839; x_wconf 91' lang='lat' dir='ltr'><strong>et</strong></span> <span class='ocrx_word' id='word_1_524' title='bbox 851 5784 1108 5854; x_wconf 87' lang='lat' dir='ltr'><strong>injuriam</strong></span> <span class='ocrx_word' id='word_1_525' title='bbox 1141 5798 1249 5852; x_wconf 87' lang='lat' dir='ltr'><strong>qua</strong></span> <span class='ocrx_word' id='word_1_526' title='bbox 1304 5796 1570 5850; x_wconf 88' lang='lat' dir='ltr'><strong>oppressa</strong></span> <span class='ocrx_word' id='word_1_527' title='bbox 1627 5780 1805 5835; x_wconf 86' lang='lat' dir='ltr'><strong>fuerat</strong></span> <span class='ocrx_word' id='word_1_528' title='bbox 1853 5779 2076 5834; x_wconf 86' lang='lat' dir='ltr'><strong>amovit.</strong></span> 
     </span>
    </p>
   </div>
   <div class='ocr_carea' id='block_1_77' title="bbox 505 5873 2080 5945">
    <p class='ocr_par' dir='ltr' id='par_1_77' title="bbox 505 5873 2080 5945">
     <span class='ocr_line' id='line_1_77' title="bbox 505 5873 2080 5945; baseline -0.004 -14"><span class='ocrx_word' id='word_1_529' title='bbox 505 5876 546 5931; x_wconf 87' lang='lat' dir='ltr'>E</span> <span class='ocrx_word' id='word_1_530' title='bbox 574 5875 700 5931; x_wconf 81' lang='lat' dir='ltr'><strong>ﬁliis</strong></span> <span class='ocrx_word' id='word_1_531' title='bbox 736 5883 916 5931; x_wconf 85' lang='lat' dir='ltr'><strong>autem</strong></span> <span class='ocrx_word' id='word_1_532' title='bbox 950 5874 1124 5944; x_wconf 84' lang='lat' dir='ltr'><strong>patris</strong></span> <span class='ocrx_word' id='word_1_533' title='bbox 1157 5875 1265 5940; x_wconf 89' lang='lat' dir='ltr'><strong>sui,</strong></span> <span class='ocrx_word' id='word_1_534' title='bbox 1295 5875 1386 5942; x_wconf 92' lang='lat' dir='ltr'><strong>qui</strong></span> <span class='ocrx_word' id='word_1_535' title='bbox 1415 5873 1518 5945; x_wconf 86' lang='lat' dir='ltr'><strong>ipsi</strong></span> <span class='ocrx_word' id='word_1_536' title='bbox 1549 5873 1742 5928; x_wconf 89' lang='lat' dir='ltr'><strong>matris</strong></span> <span class='ocrx_word' id='word_1_537' title='bbox 1769 5889 1882 5929; x_wconf 63' lang='lat' dir='ltr'><strong>suae</strong></span> <span class='ocrx_word' id='word_1_538' title='bbox 1911 5886 2080 5927; x_wconf 87' lang='lat' dir='ltr'><strong>causa</strong></span> 
     </span>
    </p>
   </div>
   <div class='ocr_carea' id='block_1_78' title="bbox 2157 1938 3732 2011">
    <p class='ocr_par' dir='ltr' id='par_1_78' title="bbox 2157 1938 3732 2011">
     <span class='ocr_line' id='line_1_78' title="bbox 2157 1938 3732 2011; baseline -0.003 -16"><span class='ocrx_word' id='word_1_539' title='bbox 2157 1943 2402 2011; x_wconf 73' lang='lat' dir='ltr'><strong>Aper-wiz</strong></span> <span class='ocrx_word' id='word_1_540' title='bbox 2463 1941 2530 1996; x_wconf 90' lang='lat' dir='ltr'><strong>ad</strong></span> <span class='ocrx_word' id='word_1_541' title='bbox 2579 1941 2782 1996; x_wconf 85' lang='lat' dir='ltr'><strong>bellum</strong></span> <span class='ocrx_word' id='word_1_542' title='bbox 2835 1938 3101 1994; x_wconf 78' lang='lat' dir='ltr'><strong>Romanis</strong></span> <span class='ocrx_word' id='word_1_543' title='bbox 3155 1940 3525 1994; x_wconf 89' lang='lat' dir='ltr'><strong>inferendum.</strong></span> <span class='ocrx_word' id='word_1_544' title='bbox 3582 1940 3732 1991; x_wconf 88' lang='lat' dir='ltr'><strong>Illum</strong></span> 
     </span>
    </p>
   </div>
   <div class='ocr_carea' id='block_1_79' title="bbox 2159 2031 3732 2103">
    <p class='ocr_par' dir='ltr' id='par_1_79' title="bbox 2159 2031 3732 2103">
     <span class='ocr_line' id='line_1_79' title="bbox 2159 2031 3732 2103; baseline -0.003 -17"><span class='ocrx_word' id='word_1_545' title='bbox 2159 2035 2372 2088; x_wconf 90' lang='lat' dir='ltr'><strong>insidiis</strong></span> <span class='ocrx_word' id='word_1_546' title='bbox 2429 2034 2530 2103; x_wconf 87' lang='lat' dir='ltr'><strong>ipsi</strong></span> <span class='ocrx_word' id='word_1_547' title='bbox 2589 2033 2812 2098; x_wconf 74' lang='lat' dir='ltr'><strong>structis</strong></span> <span class='ocrx_word' id='word_1_548' title='bbox 2868 2032 3065 2086; x_wconf 88' lang='lat' dir='ltr'><strong>mulier</strong></span> <span class='ocrx_word' id='word_1_549' title='bbox 3110 2031 3352 2099; x_wconf 63' lang='lat' dir='ltr'><strong>qua-dam</strong></span> <span class='ocrx_word' id='word_1_550' title='bbox 3401 2048 3430 2083; x_wconf 93' lang='lat' dir='ltr'><strong>e</strong></span> <span class='ocrx_word' id='word_1_551' title='bbox 3483 2031 3732 2100; x_wconf 87' lang='lat' dir='ltr'><strong>prosapia</strong></span> 
     </span>
    </p>
   </div>
   <div class='ocr_carea' id='block_1_80' title="bbox 2157 2120 3735 2196">
    <p class='ocr_par' dir='ltr' id='par_1_80' title="bbox 2157 2120 3735 2196">
     <span class='ocr_line' id='line_1_80' title="bbox 2157 2120 3735 2196; baseline -0.004 -16"><span class='ocrx_word' id='word_1_552' title='bbox 2157 2129 2328 2196; x_wconf 74' lang='lat' dir='ltr'><strong>regia.</strong></span> <span class='ocrx_word' id='word_1_553' title='bbox 2389 2127 2612 2180; x_wconf 91' lang='lat' dir='ltr'><strong>nomine</strong></span> <span class='ocrx_word' id='word_1_554' title='bbox 2664 2125 3102 2196; x_wconf 79' lang='lat' dir='ltr'><strong>Arzmandocltt,</strong></span> <span class='ocrx_word' id='word_1_555' title='bbox 3164 2139 3194 2177; x_wconf 91' lang='lat' dir='ltr'><strong>e</strong></span> <span class='ocrx_word' id='word_1_556' title='bbox 3254 2120 3432 2177; x_wconf 86' lang='lat' dir='ltr'><strong>medio</strong></span> <span class='ocrx_word' id='word_1_557' title='bbox 3491 2123 3735 2187; x_wconf 87' lang='lat' dir='ltr'><strong>sustulit,</strong></span> 
     </span>
    </p>
   </div>
   <div class='ocr_carea' id='block_1_81' title="bbox 2159 2191 3730 2284">
    <p class='ocr_par' dir='ltr' id='par_1_81' title="bbox 2159 2191 3730 2284">
     <span class='ocr_line' id='line_1_81' title="bbox 2159 2191 3730 2284; baseline -0.003 -16"><span class='ocrx_word' id='word_1_558' title='bbox 2159 2225 2442 2284; x_wconf 88' lang='lat' dir='ltr'><strong>postquam</strong></span> <span class='ocrx_word' id='word_1_559' title='bbox 2479 2215 2594 2268; x_wconf 86' lang='lat' dir='ltr'><strong>dies</strong></span> <span class='ocrx_word' id='word_1_560' title='bbox 2627 2213 2815 2282; x_wconf 85' lang='lat' dir='ltr'><strong>viginti</strong></span> <span class='ocrx_word' id='word_1_561' title='bbox 2842 2201 2987 2267; x_wconf 27' lang='lat' dir='ltr'><strong>duos.</strong></span> <span class='ocrx_word' id='word_1_562' title='bbox 3014 2191 3295 2282; x_wconf 75' lang='lat' dir='ltr'><strong>regnasset</strong></span> <span class='ocrx_word' id='word_1_563' title='bbox 3326 2230 3338 2265; x_wconf 90' lang='lat'><strong>:</strong></span> <span class='ocrx_word' id='word_1_564' title='bbox 3377 2215 3598 2282; x_wconf 82' lang='lat' dir='ltr'><strong>regibus</strong></span> <span class='ocrx_word' id='word_1_565' title='bbox 3625 2228 3730 2264; x_wconf 89' lang='lat' dir='ltr'><strong>au-</strong></span> 
     </span>
    </p>
   </div>
   <div class='ocr_carea' id='block_1_82' title="bbox 2159 2304 3735 2374">
    <p class='ocr_par' dir='ltr' id='par_1_82' title="bbox 2159 2304 3735 2374">
     <span class='ocr_line' id='line_1_82' title="bbox 2159 2304 3735 2374; baseline -0.003 -15"><span class='ocrx_word' id='word_1_566' title='bbox 2159 2316 2267 2360; x_wconf 86' lang='lat' dir='ltr'><strong>tent</strong></span> <span class='ocrx_word' id='word_1_567' title='bbox 2313 2307 2450 2359; x_wconf 79' lang='lat' dir='ltr'><strong>haud</strong></span> <span class='ocrx_word' id='word_1_568' title='bbox 2485 2315 2826 2360; x_wconf 87' lang='lat' dir='ltr'><strong>accensetur.</strong></span> <span class='ocrx_word' id='word_1_569' title='bbox 2863 2304 3067 2359; x_wconf 88' lang='lat' dir='ltr'><strong>Deinde</strong></span> <span class='ocrx_word' id='word_1_570' title='bbox 3093 2315 3215 2374; x_wconf 91' lang='lat' dir='ltr'><strong>post</strong></span> <span class='ocrx_word' id='word_1_571' title='bbox 3258 2305 3433 2372; x_wconf 87' lang='lat' dir='ltr'><strong>ipsum</strong></span> <span class='ocrx_word' id='word_1_572' title='bbox 3488 2307 3735 2372; x_wconf 79' lang='lat' dir='ltr'><strong>regnavit</strong></span> 
     </span>
    </p>
   </div>
   <div class='ocr_carea' id='block_1_83' title="bbox 2161 2393 3732 2466">
    <p class='ocr_par' dir='ltr' id='par_1_83' title="bbox 2161 2393 3732 2466">
     <span class='ocr_line' id='line_1_83' title="bbox 2161 2393 3732 2466; baseline -0.002 -18"><span class='ocrx_word' id='word_1_573' title='bbox 2161 2399 2380 2466; x_wconf 71' lang='lat' dir='ltr'><strong>quidam</strong></span> <span class='ocrx_word' id='word_1_574' title='bbox 2415 2412 2443 2450; x_wconf 94' lang='lat' dir='ltr'><strong>e</strong></span> <span class='ocrx_word' id='word_1_575' title='bbox 2473 2395 2597 2449; x_wconf 89' lang='lat' dir='ltr'><strong>ﬁliis</strong></span> <span class='ocrx_word' id='word_1_576' title='bbox 2627 2395 2904 2457; x_wconf 82' lang='lat' dir='ltr'><strong>llormozi,</strong></span> <span class='ocrx_word' id='word_1_577' title='bbox 2937 2396 3029 2464; x_wconf 91' lang='lat' dir='ltr'><strong>qui</strong></span> <span class='ocrx_word' id='word_1_578' title='bbox 3080 2396 3134 2448; x_wconf 90' lang='lat' dir='ltr'><strong>in</strong></span> <span class='ocrx_word' id='word_1_579' title='bbox 3167 2395 3386 2464; x_wconf 89' lang='lat' dir='ltr'><strong>regione</strong></span> <span class='ocrx_word' id='word_1_580' title='bbox 3430 2393 3732 2447; x_wconf 86' lang='lat' dir='ltr'><strong>Turcarum</strong></span> 
     </span>
    </p>
   </div>
   <div class='ocr_carea' id='block_1_84' title="bbox 2163 2467 3736 2557">
    <p class='ocr_par' dir='ltr' id='par_1_84' title="bbox 2163 2467 3736 2557">
     <span class='ocr_line' id='line_1_84' title="bbox 2163 2467 3736 2557; baseline -0.003 -14"><span class='ocrx_word' id='word_1_581' title='bbox 2163 2490 2283 2551; x_wconf 88' lang='lat' dir='ltr'><strong>fuit,</strong></span> <span class='ocrx_word' id='word_1_582' title='bbox 2339 2497 2395 2543; x_wconf 92' lang='lat' dir='ltr'><strong>et</strong></span> <span class='ocrx_word' id='word_1_583' title='bbox 2453 2490 2643 2542; x_wconf 90' lang='lat' dir='ltr'><strong>audito</strong></span> <span class='ocrx_word' id='word_1_584' title='bbox 2698 2503 2945 2557; x_wconf 78' lang='lat' dir='ltr'><strong>quamam</strong></span> <span class='ocrx_word' id='word_1_585' title='bbox 3001 2487 3322 2540; x_wconf 85' lang='lat' dir='ltr'><strong>acciderant</strong></span> <span class='ocrx_word' id='word_1_586' title='bbox 3377 2467 3736 2548; x_wconf 60' lang='lat' dir='ltr'><strong>differentia,</strong></span> 
     </span>
    </p>
   </div>
   <div class='ocr_carea' id='block_1_85' title="bbox 2162 2573 3736 2644">
    <p class='ocr_par' dir='ltr' id='par_1_85' title="bbox 2162 2573 3736 2644">
     <span class='ocr_line' id='line_1_85' title="bbox 2162 2573 3736 2644; baseline -0.003 -13"><span class='ocrx_word' id='word_1_587' title='bbox 2162 2580 2430 2644; x_wconf 87' lang='lat' dir='ltr'><strong>accessit;</strong></span> <span class='ocrx_word' id='word_1_588' title='bbox 2473 2593 2669 2631; x_wconf 89' lang='lat' dir='ltr'><strong>nomen</strong></span> <span class='ocrx_word' id='word_1_589' title='bbox 2720 2578 2792 2631; x_wconf 93' lang='lat' dir='ltr'><strong>illi</strong></span> <span class='ocrx_word' id='word_1_590' title='bbox 2840 2577 2941 2630; x_wconf 90' lang='lat' dir='ltr'><strong>fuit</strong></span> <span class='ocrx_word' id='word_1_591' title='bbox 2969 2577 3163 2640; x_wconf 85' lang='lat' dir='ltr'><strong>Cesra,</strong></span> <span class='ocrx_word' id='word_1_592' title='bbox 3218 2573 3334 2629; x_wconf 84' lang='lat' dir='ltr'><strong>Ebn</strong></span> <span class='ocrx_word' id='word_1_593' title='bbox 3373 2576 3592 2639; x_wconf 79' lang='lat' dir='ltr'><strong>Kobad,</strong></span> <span class='ocrx_word' id='word_1_594' title='bbox 3626 2575 3736 2628; x_wconf 88' lang='lat' dir='ltr'><strong>Ebn</strong></span> 
     </span>
    </p>
   </div>
   <div class='ocr_carea' id='block_1_86' title="bbox 2162 2666 3737 2739">
    <p class='ocr_par' dir='ltr' id='par_1_86' title="bbox 2162 2666 3737 2739">
     <span class='ocr_line' id='line_1_86' title="bbox 2162 2666 3737 2739; baseline -0.003 -17"><span class='ocrx_word' id='word_1_595' title='bbox 2162 2669 2417 2724; x_wconf 82' lang='lat' dir='ltr'><strong>llorntoz.</strong></span> <span class='ocrx_word' id='word_1_596' title='bbox 2452 2672 2632 2739; x_wconf 65' lang='grc' dir='ltr'><strong>Ιρςυιη</strong></span> <span class='ocrx_word' id='word_1_597' title='bbox 2667 2684 2795 2722; x_wconf 81' lang='lat' dir='ltr'><strong>vero</strong></span> <span class='ocrx_word' id='word_1_598' title='bbox 2828 2669 3056 2722; x_wconf 86' lang='lat' dir='ltr'><strong>adortus</strong></span> <span class='ocrx_word' id='word_1_599' title='bbox 3085 2668 3178 2738; x_wconf 92' lang='lat' dir='ltr'><strong>qui</strong></span> <span class='ocrx_word' id='word_1_600' title='bbox 3213 2666 3466 2722; x_wconf 85' lang='lat' dir='ltr'><strong>confiniis</strong></span> <span class='ocrx_word' id='word_1_601' title='bbox 3495 2668 3737 2721; x_wconf 88' lang='lat' dir='ltr'><strong>Corasan</strong></span> 
     </span>
    </p>
   </div>
   <div class='ocr_carea' id='block_1_87' title="bbox 2165 2762 3735 2833">
    <p class='ocr_par' dir='ltr' id='par_1_87' title="bbox 2165 2762 3735 2833">
     <span class='ocr_line' id='line_1_87' title="bbox 2165 2762 3735 2833; baseline -0.003 -18"><span class='ocrx_word' id='word_1_602' title='bbox 2165 2772 2417 2833; x_wconf 67' lang='lat' dir='ltr'><strong>praeerat,</strong></span> <span class='ocrx_word' id='word_1_603' title='bbox 2462 2762 2768 2826; x_wconf 84' lang='lat' dir='ltr'><strong>interfecit,</strong></span> <span class='ocrx_word' id='word_1_604' title='bbox 2822 2779 2943 2816; x_wconf 90' lang='lat' dir='ltr'><strong>cum</strong></span> <span class='ocrx_word' id='word_1_605' title='bbox 2991 2773 3100 2814; x_wconf 84' lang='lat' dir='ltr'><strong>tres</strong></span> <span class='ocrx_word' id='word_1_606' title='bbox 3156 2775 3371 2814; x_wconf 87' lang='lat' dir='ltr'><strong>menses</strong></span> <span class='ocrx_word' id='word_1_607' title='bbox 3426 2769 3735 2826; x_wconf 80' lang='lat' dir='ltr'><strong>regnasset,</strong></span> 
     </span>
    </p>
   </div>
   <div class='ocr_carea' id='block_1_88' title="bbox 2163 2849 3738 2924">
    <p class='ocr_par' dir='ltr' id='par_1_88' title="bbox 2163 2849 3738 2924">
     <span class='ocr_line' id='line_1_88' title="bbox 2163 2849 3738 2924; baseline -0.003 -16"><span class='ocrx_word' id='word_1_608' title='bbox 2163 2857 2297 2910; x_wconf 76' lang='lat' dir='ltr'><strong>ade‘o</strong></span> <span class='ocrx_word' id='word_1_609' title='bbox 2339 2863 2394 2909; x_wconf 92' lang='lat' dir='ltr'><strong>ut</strong></span> <span class='ocrx_word' id='word_1_610' title='bbox 2443 2871 2539 2909; x_wconf 91' lang='lat' dir='ltr'><strong>nec</strong></span> <span class='ocrx_word' id='word_1_611' title='bbox 2590 2857 2706 2924; x_wconf 89' lang='lat' dir='ltr'><strong>ipse</strong></span> <span class='ocrx_word' id='word_1_612' title='bbox 2754 2855 2974 2924; x_wconf 87' lang='lat' dir='ltr'><strong>regibus</strong></span> <span class='ocrx_word' id='word_1_613' title='bbox 3021 2862 3410 2905; x_wconf 79' lang='lat' dir='ltr'><strong>annumeratus</strong></span> <span class='ocrx_word' id='word_1_614' title='bbox 3465 2853 3558 2907; x_wconf 91' lang='lat' dir='ltr'><strong>sit.</strong></span> <span class='ocrx_word' id='word_1_615' title='bbox 3605 2849 3738 2906; x_wconf 88' lang='lat' dir='ltr'><strong>Tum</strong></span> 
     </span>
    </p>
   </div>
   <div class='ocr_carea' id='block_1_89' title="bbox 2164 2943 3736 3015">
    <p class='ocr_par' dir='ltr' id='par_1_89' title="bbox 2164 2943 3736 3015">
     <span class='ocr_line' id='line_1_89' title="bbox 2164 2943 3736 3015; baseline -0.003 -16"><span class='ocrx_word' id='word_1_616' title='bbox 2164 2958 2285 3015; x_wconf 87' lang='lat' dir='ltr'><strong>post</strong></span> <span class='ocrx_word' id='word_1_617' title='bbox 2336 2963 2459 3000; x_wconf 89' lang='lat' dir='ltr'><strong>eum</strong></span> <span class='ocrx_word' id='word_1_618' title='bbox 2516 2946 2706 3010; x_wconf 84' lang='lat' dir='ltr'><strong>Murla,</strong></span> <span class='ocrx_word' id='word_1_619' title='bbox 2770 2945 2952 3000; x_wconf 67' lang='lat' dir='ltr'><strong>Cesra:</strong></span> <span class='ocrx_word' id='word_1_620' title='bbox 2999 2945 3133 3005; x_wconf 88' lang='lat' dir='ltr'><strong>ﬁlia,</strong></span> <span class='ocrx_word' id='word_1_621' title='bbox 3177 2959 3298 3011; x_wconf 79' lang='lat' dir='ltr'><strong>que</strong></span> <span class='ocrx_word' id='word_1_622' title='bbox 3353 2943 3534 2997; x_wconf 72' lang='lat' dir='ltr'><strong>(Jesrae</strong></span> <span class='ocrx_word' id='word_1_623' title='bbox 3587 2958 3736 2996; x_wconf 74' lang='lat' dir='ltr'><strong>soror</strong></span> 
     </span>
    </p>
   </div>
   <div class='ocr_carea' id='block_1_90' title="bbox 2164 3035 3740 3106">
    <p class='ocr_par' dir='ltr' id='par_1_90' title="bbox 2164 3035 3740 3106">
     <span class='ocr_line' id='line_1_90' title="bbox 2164 3035 3740 3106; baseline -0.004 -16"><span class='ocrx_word' id='word_1_624' title='bbox 2164 3039 2376 3092; x_wconf 89' lang='lat' dir='ltr'><strong>utcrina</strong></span> <span class='ocrx_word' id='word_1_625' title='bbox 2420 3039 2542 3102; x_wconf 90' lang='lat' dir='ltr'><strong>fuit,</strong></span> <span class='ocrx_word' id='word_1_626' title='bbox 2587 3039 2980 3106; x_wconf 84' lang='lat' dir='ltr'><strong>sesquiannuin</strong></span> <span class='ocrx_word' id='word_1_627' title='bbox 3019 3037 3312 3106; x_wconf 84' lang='lat' dir='ltr'><strong>regnavit:</strong></span> <span class='ocrx_word' id='word_1_628' title='bbox 3368 3036 3482 3088; x_wconf 70' lang='lat' dir='ltr'><strong>ltmc</strong></span> <span class='ocrx_word' id='word_1_629' title='bbox 3535 3035 3740 3088; x_wconf 88' lang='lat' dir='ltr'><strong>nullum</strong></span> 
     </span>
    </p>
   </div>
   <div class='ocr_carea' id='block_1_91' title="bbox 2163 3128 3740 3199">
    <p class='ocr_par' dir='ltr' id='par_1_91' title="bbox 2163 3128 3740 3199">
     <span class='ocr_line' id='line_1_91' title="bbox 2163 3128 3740 3199; baseline -0.003 -14"><span class='ocrx_word' id='word_1_630' title='bbox 2163 3131 2656 3199; x_wconf 83' lang='lat' dir='ltr'><strong>exegittributum,</strong></span> <span class='ocrx_word' id='word_1_631' title='bbox 2690 3144 3050 3197; x_wconf 87' lang='lat' dir='ltr'><strong>nummosque</strong></span> <span class='ocrx_word' id='word_1_632' title='bbox 3092 3128 3356 3182; x_wconf 80' lang='lat' dir='ltr'><strong>exercitui</strong></span> <span class='ocrx_word' id='word_1_633' title='bbox 3415 3128 3740 3182; x_wconf 86' lang='lat' dir='ltr'><strong>distribuit:</strong></span> 
     </span>
    </p>
   </div>
   <div class='ocr_carea' id='block_1_92' title="bbox 2165 3219 3740 3292">
    <p class='ocr_par' dir='ltr' id='par_1_92' title="bbox 2165 3219 3740 3292">
     <span class='ocr_line' id='line_1_92' title="bbox 2165 3219 3740 3292; baseline -0.003 -16"><span class='ocrx_word' id='word_1_634' title='bbox 2165 3239 2400 3292; x_wconf 87' lang='lat' dir='ltr'><strong>cumque</strong></span> <span class='ocrx_word' id='word_1_635' title='bbox 2431 3224 2484 3276; x_wconf 91' lang='lat' dir='ltr'><strong>in</strong></span> <span class='ocrx_word' id='word_1_636' title='bbox 2518 3237 2683 3292; x_wconf 88' lang='lat' dir='ltr'><strong>regno</strong></span> <span class='ocrx_word' id='word_1_637' title='bbox 2719 3222 3040 3275; x_wconf 77' lang='lat' dir='ltr'><strong>confirmata</strong></span> <span class='ocrx_word' id='word_1_638' title='bbox 3080 3221 3267 3286; x_wconf 82' lang='lat' dir='ltr'><strong>fuerit,</strong></span> <span class='ocrx_word' id='word_1_639' title='bbox 3312 3220 3428 3288; x_wconf 87' lang='lat' dir='ltr'><strong>ipsa</strong></span> <span class='ocrx_word' id='word_1_640' title='bbox 3465 3221 3531 3272; x_wconf 88' lang='lat' dir='ltr'><strong>ab</strong></span> <span class='ocrx_word' id='word_1_641' title='bbox 3560 3235 3625 3272; x_wconf 93' lang='lat' dir='ltr'><strong>eo</strong></span> <span class='ocrx_word' id='word_1_642' title='bbox 3653 3219 3740 3272; x_wconf 88' lang='lat' dir='ltr'><strong>dc-</strong></span> 
     </span>
    </p>
   </div>
   <div class='ocr_carea' id='block_1_93' title="bbox 2165 3309 3741 3382">
    <p class='ocr_par' dir='ltr' id='par_1_93' title="bbox 2165 3309 3741 3382">
     <span class='ocr_line' id='line_1_93' title="bbox 2165 3309 3741 3382; baseline -0.004 -15"><span class='ocrx_word' id='word_1_643' title='bbox 2165 3317 2441 3369; x_wconf 90' lang='lat' dir='ltr'><strong>nominata</strong></span> <span class='ocrx_word' id='word_1_644' title='bbox 2476 3313 2826 3368; x_wconf 75' lang='lat' dir='ltr'><strong>est.-Dcinde-</strong></span> <span class='ocrx_word' id='word_1_645' title='bbox 2853 3321 2976 3382; x_wconf 90' lang='lat' dir='ltr'><strong>post</strong></span> <span class='ocrx_word' id='word_1_646' title='bbox 3013 3314 3184 3381; x_wconf 89' lang='lat' dir='ltr'><strong>ipsam</strong></span> <span class='ocrx_word' id='word_1_647' title='bbox 3239 3312 3487 3381; x_wconf 80' lang='lat' dir='ltr'><strong>regnavit</strong></span> <span class='ocrx_word' id='word_1_648' title='bbox 3520 3309 3741 3380; x_wconf 90' lang='lat' dir='ltr'><strong>quidam</strong></span> 
     </span>
    </p>
   </div>
   <div class='ocr_carea' id='block_1_94' title="bbox 2167 3389 3742 3474">
    <p class='ocr_par' dir='ltr' id='par_1_94' title="bbox 2167 3389 3742 3474">
     <span class='ocr_line' id='line_1_94' title="bbox 2167 3389 3742 3474; baseline -0.004 -15"><span class='ocrx_word' id='word_1_649' title='bbox 2167 3407 2390 3459; x_wconf 88' lang='lat' dir='ltr'><strong>nomine</strong></span> <span class='ocrx_word' id='word_1_650' title='bbox 2437 3403 2900 3469; x_wconf 81' lang='lat' dir='ltr'><strong>liosltnastadalt,</strong></span> <span class='ocrx_word' id='word_1_651' title='bbox 2951 3405 3095 3472; x_wconf 90' lang='lat' dir='ltr'><strong>quie</strong></span> <span class='ocrx_word' id='word_1_652' title='bbox 3150 3404 3329 3474; x_wconf 85' lang='lat' dir='ltr'><strong>patrui</strong></span> <span class='ocrx_word' id='word_1_653' title='bbox 3383 3389 3570 3457; x_wconf 31' lang='lat' dir='ltr'><strong>Ges-ree</strong></span> <span class='ocrx_word' id='word_1_654' title='bbox 3623 3401 3742 3453; x_wconf 76' lang='lat' dir='ltr'><strong>ﬁliis</strong></span> 
     </span>
    </p>
   </div>
   <div class='ocr_carea' id='block_1_95' title="bbox 2163 3497 3743 3569">
    <p class='ocr_par' dir='ltr' id='par_1_95' title="bbox 2163 3497 3743 3569">
     <span class='ocr_line' id='line_1_95' title="bbox 2163 3497 3743 3569; baseline -0.003 -14"><span class='ocrx_word' id='word_1_655' title='bbox 2163 3511 2301 3566; x_wconf 88' lang='lat' dir='ltr'><strong>erat,</strong></span> <span class='ocrx_word' id='word_1_656' title='bbox 2332 3501 2546 3554; x_wconf 90' lang='lat' dir='ltr'><strong>duobus</strong></span> <span class='ocrx_word' id='word_1_657' title='bbox 2591 3499 2875 3554; x_wconf 84' lang='lat' dir='ltr'><strong>mensibus</strong></span> <span class='ocrx_word' id='word_1_658' title='bbox 2926 3501 3194 3569; x_wconf 81' lang='lat' dir='ltr'><strong>regnavit,</strong></span> <span class='ocrx_word' id='word_1_659' title='bbox 3239 3501 3364 3554; x_wconf 88' lang='lat' dir='ltr'><strong>dein</strong></span> <span class='ocrx_word' id='word_1_660' title='bbox 3422 3497 3743 3552; x_wconf 79' lang='lat' dir='ltr'><strong>interfectus</strong></span> 
     </span>
    </p>
   </div>
   <div class='ocr_carea' id='block_1_96' title="bbox 2163 3592 3743 3660">
    <p class='ocr_par' dir='ltr' id='par_1_96' title="bbox 2163 3592 3743 3660">
     <span class='ocr_line' id='line_1_96' title="bbox 2163 3592 3743 3660; baseline -0.002 -13"><span class='ocrx_word' id='word_1_661' title='bbox 2163 3601 2266 3658; x_wconf 87' lang='lat' dir='ltr'><strong>est,</strong></span> <span class='ocrx_word' id='word_1_662' title='bbox 2303 3607 2402 3646; x_wconf 89' lang='lat' dir='ltr'><strong>nec</strong></span> <span class='ocrx_word' id='word_1_663' title='bbox 2451 3593 2597 3646; x_wconf 88' lang='lat' dir='ltr'><strong>inter</strong></span> <span class='ocrx_word' id='word_1_664' title='bbox 2642 3607 2800 3658; x_wconf 77' lang='lat' dir='ltr'><strong>reges</strong></span> <span class='ocrx_word' id='word_1_665' title='bbox 2853 3601 3190 3646; x_wconf 86' lang='lat' dir='ltr'><strong>numeratur.</strong></span> <span class='ocrx_word' id='word_1_666' title='bbox 3244 3592 3374 3647; x_wconf 78' lang='lat' dir='ltr'><strong>Post</strong></span> <span class='ocrx_word' id='word_1_667' title='bbox 3435 3593 3612 3660; x_wconf 83' lang='lat' dir='ltr'><strong>ipsum</strong></span> <span class='ocrx_word' id='word_1_668' title='bbox 3666 3607 3743 3644; x_wconf 80' lang='lat' dir='ltr'><strong>rc-</strong></span> 
     </span>
    </p>
   </div>
   <div class='ocr_carea' id='block_1_97' title="bbox 2164 3683 3745 3758">
    <p class='ocr_par' dir='ltr' id='par_1_97' title="bbox 2164 3683 3745 3758">
     <span class='ocr_line' id='line_1_97' title="bbox 2164 3683 3745 3758; baseline -0.001 -19"><span class='ocrx_word' id='word_1_669' title='bbox 2164 3684 2813 3758; x_wconf 73' lang='lat' dir='ltr'><strong>gnavitArzmandocltt,</strong></span> <span class='ocrx_word' id='word_1_670' title='bbox 2857 3683 3037 3738; x_wconf 71' lang='lat' dir='ltr'><strong>Cesra:</strong></span> <span class='ocrx_word' id='word_1_671' title='bbox 3092 3685 3219 3748; x_wconf 84' lang='lat' dir='ltr'><strong>tilia,</strong></span> <span class='ocrx_word' id='word_1_672' title='bbox 3255 3701 3375 3755; x_wconf 76' lang='lat' dir='ltr'><strong>qur.</strong></span> <span class='ocrx_word' id='word_1_673' title='bbox 3423 3693 3477 3737; x_wconf 88' lang='lat' dir='ltr'><strong>et</strong></span> <span class='ocrx_word' id='word_1_674' title='bbox 3533 3683 3745 3738; x_wconf 85' lang='lat' dir='ltr'><strong>modice</strong></span> 
     </span>
    </p>
   </div>
   <div class='ocr_carea' id='block_1_98' title="bbox 2165 3776 3745 3845">
    <p class='ocr_par' dir='ltr' id='par_1_98' title="bbox 2165 3776 3745 3845">
     <span class='ocr_line' id='line_1_98' title="bbox 2165 3776 3745 3845; baseline -0.001 -15"><span class='ocrx_word' id='word_1_675' title='bbox 2165 3777 2491 3844; x_wconf 86' lang='lat' dir='ltr'><strong>interposito</strong></span> <span class='ocrx_word' id='word_1_676' title='bbox 2522 3776 2700 3845; x_wconf 83' lang='lat' dir='ltr'><strong>spatio</strong></span> <span class='ocrx_word' id='word_1_677' title='bbox 2727 3791 2936 3829; x_wconf 89' lang='lat' dir='ltr'><strong>veneno</strong></span> <span class='ocrx_word' id='word_1_678' title='bbox 2987 3777 3204 3830; x_wconf 85' lang='lat' dir='ltr'><strong>sublata</strong></span> <span class='ocrx_word' id='word_1_679' title='bbox 3239 3786 3454 3830; x_wconf 84' lang='lat' dir='ltr'><strong>mortua</strong></span> <span class='ocrx_word' id='word_1_680' title='bbox 3490 3787 3594 3835; x_wconf 88' lang='lat' dir='ltr'><strong>est,</strong></span> <span class='ocrx_word' id='word_1_681' title='bbox 3623 3790 3745 3829; x_wconf 86' lang='lat' dir='ltr'><strong>cum</strong></span> 
     </span>
    </p>
   </div>
   <div class='ocr_carea' id='block_1_99' title="bbox 2167 3865 3743 3937">
    <p class='ocr_par' dir='ltr' id='par_1_99' title="bbox 2167 3865 3743 3937">
     <span class='ocr_line' id='line_1_99' title="bbox 2167 3865 3743 3937; baseline -0.001 -17"><span class='ocrx_word' id='word_1_682' title='bbox 2167 3877 2445 3937; x_wconf 87' lang='lat' dir='ltr'><strong>regnasset</strong></span> <span class='ocrx_word' id='word_1_683' title='bbox 2469 3881 2672 3920; x_wconf 89' lang='lat' dir='ltr'><strong>annum</strong></span> <span class='ocrx_word' id='word_1_684' title='bbox 2708 3874 2762 3920; x_wconf 90' lang='lat' dir='ltr'><strong>et</strong></span> <span class='ocrx_word' id='word_1_685' title='bbox 2791 3875 3030 3935; x_wconf 91' lang='lat' dir='ltr'><strong>quatuor</strong></span> <span class='ocrx_word' id='word_1_686' title='bbox 3059 3880 3306 3932; x_wconf 87' lang='lat' dir='ltr'><strong>menses;</strong></span> <span class='ocrx_word' id='word_1_687' title='bbox 3341 3877 3392 3918; x_wconf 92' lang='lat' dir='ltr'><strong>et</strong></span> <span class='ocrx_word' id='word_1_688' title='bbox 3433 3865 3545 3918; x_wconf 82' lang='lat' dir='ltr'><strong>haec</strong></span> <span class='ocrx_word' id='word_1_689' title='bbox 3575 3866 3627 3918; x_wconf 92' lang='lat' dir='ltr'><strong>in</strong></span> <span class='ocrx_word' id='word_1_690' title='bbox 3661 3879 3743 3919; x_wconf 87' lang='lat' dir='ltr'><strong>re-</strong></span> 
     </span>
    </p>
   </div>
   <div class='ocr_carea' id='block_1_100' title="bbox 2164 3953 3746 4028">
    <p class='ocr_par' dir='ltr' id='par_1_100' title="bbox 2164 3953 3746 4028">
     <span class='ocr_line' id='line_1_100' title="bbox 2164 3953 3746 4028; baseline -0.006 -17"><span class='ocrx_word' id='word_1_691' title='bbox 2164 3973 2269 4028; x_wconf 87' lang='lat' dir='ltr'><strong>gno</strong></span> <span class='ocrx_word' id='word_1_692' title='bbox 2299 3955 2618 4011; x_wconf 84' lang='lat' dir='ltr'><strong>conﬁrmata</strong></span> <span class='ocrx_word' id='word_1_693' title='bbox 2648 3964 2752 4018; x_wconf 87' lang='lat' dir='ltr'><strong>est,</strong></span> <span class='ocrx_word' id='word_1_694' title='bbox 2783 3964 2836 4009; x_wconf 90' lang='lat' dir='ltr'><strong>et</strong></span> <span class='ocrx_word' id='word_1_695' title='bbox 2868 3957 2936 4008; x_wconf 87' lang='lat' dir='ltr'><strong>ab</strong></span> <span class='ocrx_word' id='word_1_696' title='bbox 2965 3955 3156 4010; x_wconf 86' lang='lat' dir='ltr'><strong>eodem</strong></span> <span class='ocrx_word' id='word_1_697' title='bbox 3203 3953 3574 4008; x_wconf 86' lang='lat' dir='ltr'><strong>denominata.</strong></span> <span class='ocrx_word' id='word_1_698' title='bbox 3615 3955 3746 4007; x_wconf 85' lang='lat' dir='ltr'><strong>Post</strong></span> 
     </span>
    </p>
   </div>
   <div class='ocr_carea' id='block_1_101' title="bbox 2165 4046 3747 4118">
    <p class='ocr_par' dir='ltr' id='par_1_101' title="bbox 2165 4046 3747 4118">
     <span class='ocr_line' id='line_1_101' title="bbox 2165 4046 3747 4118; baseline -0.004 -14"><span class='ocrx_word' id='word_1_699' title='bbox 2165 4053 2337 4118; x_wconf 85' lang='lat' dir='ltr'><strong>ipsam</strong></span> <span class='ocrx_word' id='word_1_700' title='bbox 2370 4048 2616 4117; x_wconf 89' lang='lat' dir='ltr'><strong>regnavit</strong></span> <span class='ocrx_word' id='word_1_701' title='bbox 2652 4046 2873 4118; x_wconf 85' lang='lat' dir='ltr'><strong>quidam</strong></span> <span class='ocrx_word' id='word_1_702' title='bbox 2917 4049 3139 4102; x_wconf 88' lang='lat' dir='ltr'><strong>nomine</strong></span> <span class='ocrx_word' id='word_1_703' title='bbox 3174 4046 3747 4100; x_wconf 75' lang='lat' dir='ltr'><strong>Paraclmradchosltra</strong></span> 
     </span>
    </p>
   </div>
   <div class='ocr_carea' id='block_1_102' title="bbox 2169 4135 3746 4205">
    <p class='ocr_par' dir='ltr' id='par_1_102' title="bbox 2169 4135 3746 4205">
     <span class='ocr_line' id='line_1_102' title="bbox 2169 4135 3746 4205; baseline -0.004 -14"><span class='ocrx_word' id='word_1_704' title='bbox 2169 4153 2358 4192; x_wconf 87' lang='lat' dir='ltr'><strong>mense</strong></span> <span class='ocrx_word' id='word_1_705' title='bbox 2382 4152 2514 4198; x_wconf 91' lang='lat' dir='ltr'><strong>uno,</strong></span> <span class='ocrx_word' id='word_1_706' title='bbox 2548 4137 2674 4190; x_wconf 89' lang='lat' dir='ltr'><strong>dein</strong></span> <span class='ocrx_word' id='word_1_707' title='bbox 2713 4137 2934 4191; x_wconf 90' lang='lat' dir='ltr'><strong>occisus</strong></span> <span class='ocrx_word' id='word_1_708' title='bbox 2964 4145 3070 4199; x_wconf 89' lang='lat' dir='ltr'><strong>est,</strong></span> <span class='ocrx_word' id='word_1_709' title='bbox 3106 4150 3281 4204; x_wconf 87' lang='lat' dir='ltr'><strong>neque</strong></span> <span class='ocrx_word' id='word_1_710' title='bbox 3316 4135 3535 4205; x_wconf 83' lang='lat' dir='ltr'><strong>regibus</strong></span> <span class='ocrx_word' id='word_1_711' title='bbox 3569 4150 3746 4186; x_wconf 84' lang='lat' dir='ltr'><strong>annu-</strong></span> 
     </span>
    </p>
   </div>
   <div class='ocr_carea' id='block_1_103' title="bbox 2171 4209 3743 4295">
    <p class='ocr_par' dir='ltr' id='par_1_103' title="bbox 2171 4209 3743 4295">
     <span class='ocr_line' id='line_1_103' title="bbox 2171 4209 3743 4295; baseline -0.004 -14"><span class='ocrx_word' id='word_1_712' title='bbox 2171 4237 2436 4281; x_wconf 91' lang='lat' dir='ltr'><strong>meratur.</strong></span> <span class='ocrx_word' id='word_1_713' title='bbox 2461 4225 2662 4280; x_wconf 81' lang='lat' dir='ltr'><strong>Totum</strong></span> <span class='ocrx_word' id='word_1_714' title='bbox 2699 4209 2878 4280; x_wconf 81' lang='lat' dir='ltr'><strong>autem</strong></span> <span class='ocrx_word' id='word_1_715' title='bbox 2921 4227 3154 4295; x_wconf 89' lang='lat' dir='ltr'><strong>spatium</strong></span> <span class='ocrx_word' id='word_1_716' title='bbox 3189 4241 3298 4294; x_wconf 91' lang='lat' dir='ltr'><strong>quo</strong></span> <span class='ocrx_word' id='word_1_717' title='bbox 3333 4225 3580 4294; x_wconf 83' lang='lat' dir='ltr'><strong>regnavit</strong></span> <span class='ocrx_word' id='word_1_718' title='bbox 3625 4222 3743 4276; x_wconf 84' lang='lat' dir='ltr'><strong>Shi-</strong></span> 
     </span>
    </p>
   </div>
   <div class='ocr_carea' id='block_1_104' title="bbox 2167 4317 3748 4390">
    <p class='ocr_par' dir='ltr' id='par_1_104' title="bbox 2167 4317 3748 4390">
     <span class='ocr_line' id='line_1_104' title="bbox 2167 4317 3748 4390; baseline -0.003 -18"><span class='ocrx_word' id='word_1_719' title='bbox 2167 4320 2374 4373; x_wconf 83' lang='lat' dir='ltr'><strong>rawailt</strong></span> <span class='ocrx_word' id='word_1_720' title='bbox 2405 4361 2419 4386; x_wconf 96' lang='lat'><strong>,</strong></span> <span class='ocrx_word' id='word_1_721' title='bbox 2463 4328 2515 4374; x_wconf 92' lang='lat' dir='ltr'><strong>et</strong></span> <span class='ocrx_word' id='word_1_722' title='bbox 2551 4319 2644 4390; x_wconf 90' lang='lat' dir='ltr'><strong>qui</strong></span> <span class='ocrx_word' id='word_1_723' title='bbox 2693 4320 2796 4389; x_wconf 90' lang='lat' dir='ltr'><strong>ipsi</strong></span> <span class='ocrx_word' id='word_1_724' title='bbox 2839 4328 3262 4382; x_wconf 88' lang='lat' dir='ltr'><strong>successerunt,</strong></span> <span class='ocrx_word' id='word_1_725' title='bbox 3306 4317 3469 4387; x_wconf 75' lang='lat'><strong>256</strong></span> <span class='ocrx_word' id='word_1_726' title='bbox 3504 4327 3610 4369; x_wconf 87' lang='lat' dir='ltr'><strong>tam</strong></span> <span class='ocrx_word' id='word_1_727' title='bbox 3655 4317 3748 4368; x_wconf 81' lang='lat' dir='ltr'><strong>viri</strong></span> 
     </span>
    </p>
   </div>
   <div class='ocr_carea' id='block_1_105' title="bbox 2167 4410 3748 4480">
    <p class='ocr_par' dir='ltr' id='par_1_105' title="bbox 2167 4410 3748 4480">
     <span class='ocr_line' id='line_1_105' title="bbox 2167 4410 3748 4480; baseline -0.004 -16"><span class='ocrx_word' id='word_1_728' title='bbox 2167 4426 2330 4480; x_wconf 90' lang='lat' dir='ltr'><strong>quam</strong></span> <span class='ocrx_word' id='word_1_729' title='bbox 2378 4411 2614 4474; x_wconf 72' lang='lat' dir='ltr'><strong>feminae,</strong></span> <span class='ocrx_word' id='word_1_730' title='bbox 2664 4420 2776 4464; x_wconf 89' lang='lat' dir='ltr'><strong>tum</strong></span> <span class='ocrx_word' id='word_1_731' title='bbox 2803 4410 2893 4479; x_wconf 91' lang='lat' dir='ltr'><strong>qui</strong></span> <span class='ocrx_word' id='word_1_732' title='bbox 2932 4424 3194 4479; x_wconf 76' lang='lat' dir='ltr'><strong>regnasse</strong></span> <span class='ocrx_word' id='word_1_733' title='bbox 3229 4410 3604 4476; x_wconf 84' lang='lat' dir='ltr'><strong>perhibentur,</strong></span> <span class='ocrx_word' id='word_1_734' title='bbox 3640 4417 3748 4458; x_wconf 91' lang='lat' dir='ltr'><strong>tum</strong></span> 
     </span>
    </p>
   </div>
   <div class='ocr_carea' id='block_1_106' title="bbox 2171 4497 3748 4572">
    <p class='ocr_par' dir='ltr' id='par_1_106' title="bbox 2171 4497 3748 4572">
     <span class='ocr_line' id='line_1_106' title="bbox 2171 4497 3748 4572; baseline -0.003 -18"><span class='ocrx_word' id='word_1_735' title='bbox 2171 4504 2262 4572; x_wconf 90' lang='lat' dir='ltr'><strong>qui</strong></span> <span class='ocrx_word' id='word_1_736' title='bbox 2286 4518 2471 4572; x_wconf 88' lang='lat' dir='ltr'><strong>regum</strong></span> <span class='ocrx_word' id='word_1_737' title='bbox 2489 4519 2718 4556; x_wconf 89' lang='lat' dir='ltr'><strong>numero</strong></span> <span class='ocrx_word' id='word_1_738' title='bbox 2744 4501 2887 4555; x_wconf 85' lang='lat' dir='ltr'><strong>haud</strong></span> <span class='ocrx_word' id='word_1_739' title='bbox 2917 4511 3294 4559; x_wconf 84' lang='lat' dir='ltr'><strong>aceensentur,</strong></span> <span class='ocrx_word' id='word_1_740' title='bbox 3321 4515 3492 4568; x_wconf 87' lang='lat' dir='ltr'><strong>usque</strong></span> <span class='ocrx_word' id='word_1_741' title='bbox 3516 4501 3578 4552; x_wconf 80' lang='lat' dir='ltr'><strong>ad</strong></span> <span class='ocrx_word' id='word_1_742' title='bbox 3593 4497 3748 4550; x_wconf 85' lang='lat' dir='ltr'><strong>Para-</strong></span> 
     </span>
    </p>
   </div>
   <div class='ocr_carea' id='block_1_107' title="bbox 2173 4591 3747 4660">
    <p class='ocr_par' dir='ltr' id='par_1_107' title="bbox 2173 4591 3747 4660">
     <span class='ocr_line' id='line_1_107' title="bbox 2173 4591 3747 4660; baseline -0.003 -13"><span class='ocrx_word' id='word_1_743' title='bbox 2173 4594 2745 4656; x_wconf 85' lang='lat' dir='ltr'><strong>cltoradchosltraum,</strong></span> <span class='ocrx_word' id='word_1_744' title='bbox 2779 4607 2886 4645; x_wconf 90' lang='lat' dir='ltr'><strong>una</strong></span> <span class='ocrx_word' id='word_1_745' title='bbox 2921 4609 3042 4645; x_wconf 91' lang='lat' dir='ltr'><strong>cunt</strong></span> <span class='ocrx_word' id='word_1_746' title='bbox 3085 4592 3375 4644; x_wconf 88' lang='lat' dir='ltr'><strong>intervallo</strong></span> <span class='ocrx_word' id='word_1_747' title='bbox 3419 4592 3562 4660; x_wconf 83' lang='lat' dir='ltr'><strong>quod</strong></span> <span class='ocrx_word' id='word_1_748' title='bbox 3610 4591 3747 4642; x_wconf 80' lang='lat' dir='ltr'><strong>inter</strong></span> 
     </span>
    </p>
   </div>
   <div class='ocr_carea' id='block_1_108' title="bbox 2169 4683 3751 4753">
    <p class='ocr_par' dir='ltr' id='par_1_108' title="bbox 2169 4683 3751 4753">
     <span class='ocr_line' id='line_1_108' title="bbox 2169 4683 3751 4753; baseline -0.002 -15"><span class='ocrx_word' id='word_1_749' title='bbox 2169 4686 2305 4739; x_wconf 91' lang='lat' dir='ltr'><strong>duos</strong></span> <span class='ocrx_word' id='word_1_750' title='bbox 2336 4683 2610 4753; x_wconf 90' lang='lat' dir='ltr'><strong>quoslibet</strong></span> <span class='ocrx_word' id='word_1_751' title='bbox 2642 4697 2798 4750; x_wconf 89' lang='lat' dir='ltr'><strong>reges</strong></span> <span class='ocrx_word' id='word_1_752' title='bbox 2847 4683 3187 4745; x_wconf 80' lang='lat' dir='ltr'><strong>intercessit,</strong></span> <span class='ocrx_word' id='word_1_753' title='bbox 3217 4691 3452 4752; x_wconf 86' lang='lat' dir='ltr'><strong>quatuor</strong></span> <span class='ocrx_word' id='word_1_754' title='bbox 3485 4697 3751 4735; x_wconf 89' lang='lat' dir='ltr'><strong>annorum</strong></span> 
     </span>
    </p>
   </div>
   <div class='ocr_carea' id='block_1_109' title="bbox 2169 4776 3752 4847">
    <p class='ocr_par' dir='ltr' id='par_1_109' title="bbox 2169 4776 3752 4847">
     <span class='ocr_line' id='line_1_109' title="bbox 2169 4776 3752 4847; baseline -0.004 -14"><span class='ocrx_word' id='word_1_755' title='bbox 2169 4781 2294 4844; x_wconf 88' lang='lat' dir='ltr'><strong>fuit,</strong></span> <span class='ocrx_word' id='word_1_756' title='bbox 2335 4779 2499 4847; x_wconf 89' lang='lat' dir='ltr'><strong>idque</strong></span> <span class='ocrx_word' id='word_1_757' title='bbox 2543 4786 2716 4829; x_wconf 92' lang='lat' dir='ltr'><strong>totum</strong></span> <span class='ocrx_word' id='word_1_758' title='bbox 2756 4778 2932 4832; x_wconf 90' lang='lat' dir='ltr'><strong>turbis</strong></span> <span class='ocrx_word' id='word_1_759' title='bbox 2966 4787 3019 4831; x_wconf 91' lang='lat' dir='ltr'><strong>et</strong></span> <span class='ocrx_word' id='word_1_760' title='bbox 3062 4779 3301 4833; x_wconf 87' lang='lat' dir='ltr'><strong>motibus</strong></span> <span class='ocrx_word' id='word_1_761' title='bbox 3337 4780 3580 4847; x_wconf 89' lang='lat' dir='ltr'><strong>plenum.</strong></span> <span class='ocrx_word' id='word_1_762' title='bbox 3616 4776 3752 4830; x_wconf 87' lang='lat' dir='ltr'><strong>Cum</strong></span> 
     </span>
    </p>
   </div>
   <div class='ocr_carea' id='block_1_110' title="bbox 2170 4869 3752 4941">
    <p class='ocr_par' dir='ltr' id='par_1_110' title="bbox 2170 4869 3752 4941">
     <span class='ocr_line' id='line_1_110' title="bbox 2170 4869 3752 4941; baseline -0.002 -16"><span class='ocrx_word' id='word_1_763' title='bbox 2170 4886 2300 4941; x_wconf 87' lang='lat' dir='ltr'><strong>ergo</strong></span> <span class='ocrx_word' id='word_1_764' title='bbox 2342 4870 2590 4922; x_wconf 88' lang='lat' dir='ltr'><strong>viderent</strong></span> <span class='ocrx_word' id='word_1_765' title='bbox 2618 4869 2794 4921; x_wconf 75' lang='lat' dir='ltr'><strong>Persze</strong></span> <span class='ocrx_word' id='word_1_766' title='bbox 2821 4885 2932 4939; x_wconf 86' lang='lat' dir='ltr'><strong>quo</strong></span> <span class='ocrx_word' id='word_1_767' title='bbox 2969 4871 3316 4923; x_wconf 71' lang='lat' dir='ltr'><strong>devertissent</strong></span> <span class='ocrx_word' id='word_1_768' title='bbox 3367 4869 3752 4941; x_wconf 72' lang='lat' dir='ltr'><strong>seditionibus,</strong></span> 
     </span>
    </p>
   </div>
   <div class='ocr_carea' id='block_1_111' title="bbox 2171 4958 3753 5030">
    <p class='ocr_par' dir='ltr' id='par_1_111' title="bbox 2171 4958 3753 5030">
     <span class='ocr_line' id='line_1_111' title="bbox 2171 4958 3753 5030; baseline -0.004 -14"><span class='ocrx_word' id='word_1_769' title='bbox 2171 4972 2220 5016; x_wconf 88' lang='lat' dir='ltr'><strong>et</strong></span> <span class='ocrx_word' id='word_1_770' title='bbox 2253 4959 2676 5030; x_wconf 74' lang='lat' dir='ltr'><strong>prmvaleutilius</strong></span> <span class='ocrx_word' id='word_1_771' title='bbox 2707 4959 2843 5030; x_wconf 88' lang='lat' dir='ltr'><strong>ipsis</strong></span> <span class='ocrx_word' id='word_1_772' title='bbox 2892 4959 3175 5025; x_wconf 69' lang='lat' dir='ltr'><strong>“Ornanis,</strong></span> <span class='ocrx_word' id='word_1_773' title='bbox 3201 4975 3429 5029; x_wconf 63' lang='lat' dir='ltr'><strong>qumque</strong></span> <span class='ocrx_word' id='word_1_774' title='bbox 3467 4958 3606 5010; x_wconf 84' lang='lat' dir='ltr'><strong>mala</strong></span> <span class='ocrx_word' id='word_1_775' title='bbox 3647 4967 3753 5010; x_wconf 90' lang='lat' dir='ltr'><strong>tam</strong></span> 
     </span>
    </p>
   </div>
   <div class='ocr_carea' id='block_1_112' title="bbox 2173 5049 3752 5119">
    <p class='ocr_par' dir='ltr' id='par_1_112' title="bbox 2173 5049 3752 5119">
     <span class='ocr_line' id='line_1_112' title="bbox 2173 5049 3752 5119; baseline -0.003 -15"><span class='ocrx_word' id='word_1_776' title='bbox 2173 5051 2488 5119; x_wconf 80' lang='lat' dir='ltr'><strong>religionem</strong></span> <span class='ocrx_word' id='word_1_777' title='bbox 2524 5051 2768 5119; x_wconf 85' lang='lat' dir='ltr'><strong>ipsorum</strong></span> <span class='ocrx_word' id='word_1_778' title='bbox 2809 5065 2972 5116; x_wconf 89' lang='lat' dir='ltr'><strong>quam</strong></span> <span class='ocrx_word' id='word_1_779' title='bbox 3011 5064 3356 5102; x_wconf 85' lang='lat' dir='ltr'><strong>coumnmem</strong></span> <span class='ocrx_word' id='word_1_780' title='bbox 3398 5049 3566 5100; x_wconf 85' lang='lat' dir='ltr'><strong>vitam</strong></span> <span class='ocrx_word' id='word_1_781' title='bbox 3601 5050 3752 5100; x_wconf 83' lang='lat' dir='ltr'><strong>inva-</strong></span> 
     </span>
    </p>
   </div>
   <div class='ocr_carea' id='block_1_113' title="bbox 2173 5137 3754 5212">
    <p class='ocr_par' dir='ltr' id='par_1_113' title="bbox 2173 5137 3754 5212">
     <span class='ocr_line' id='line_1_113' title="bbox 2173 5137 3754 5212; baseline -0.007 -12"><span class='ocrx_word' id='word_1_782' title='bbox 2173 5147 2397 5210; x_wconf 88' lang='lat' dir='ltr'><strong>sissent,</strong></span> <span class='ocrx_word' id='word_1_783' title='bbox 2429 5143 2740 5212; x_wconf 89' lang='lat' dir='ltr'><strong>eonqnisito</strong></span> <span class='ocrx_word' id='word_1_784' title='bbox 2757 5140 2942 5196; x_wconf 60' lang='lat' dir='ltr'><strong>Cesra:</strong></span> <span class='ocrx_word' id='word_1_785' title='bbox 2979 5141 3110 5206; x_wconf 86' lang='lat' dir='ltr'><strong>lilio,</strong></span> <span class='ocrx_word' id='word_1_786' title='bbox 3139 5143 3365 5194; x_wconf 87' lang='lat' dir='ltr'><strong>nomine</strong></span> <span class='ocrx_word' id='word_1_787' title='bbox 3395 5137 3754 5206; x_wconf 82' lang='lat' dir='ltr'><strong>Yazdejerdn,</strong></span> 
     </span>
    </p>
   </div>
   <div class='ocr_carea' id='block_1_114' title="bbox 2175 5229 3752 5306">
    <p class='ocr_par' dir='ltr' id='par_1_114' title="bbox 2175 5229 3752 5306">
     <span class='ocr_line' id='line_1_114' title="bbox 2175 5229 3752 5306; baseline -0.004 -18"><span class='ocrx_word' id='word_1_788' title='bbox 2175 5235 2267 5306; x_wconf 90' lang='lat' dir='ltr'><strong>qui</strong></span> <span class='ocrx_word' id='word_1_789' title='bbox 2291 5244 2329 5287; x_wconf 89' lang='lat' dir='ltr'><strong>&#39;a</strong></span> <span class='ocrx_word' id='word_1_790' title='bbox 2359 5234 2730 5296; x_wconf 83' lang='lat' dir='ltr'><strong>Shirawailto,</strong></span> <span class='ocrx_word' id='word_1_791' title='bbox 2764 5248 2887 5287; x_wconf 90' lang='lat' dir='ltr'><strong>cum</strong></span> <span class='ocrx_word' id='word_1_792' title='bbox 2927 5230 3124 5285; x_wconf 87' lang='lat' dir='ltr'><strong>fratres</strong></span> <span class='ocrx_word' id='word_1_793' title='bbox 3156 5233 3275 5302; x_wconf 88' lang='lat' dir='ltr'><strong>ejus</strong></span> <span class='ocrx_word' id='word_1_794' title='bbox 3323 5232 3645 5293; x_wconf 88' lang='lat' dir='ltr'><strong>trucidaret,</strong></span> <span class='ocrx_word' id='word_1_795' title='bbox 3682 5229 3752 5282; x_wconf 82' lang='lat' dir='ltr'><strong>fu~</strong></span> 
     </span>
    </p>
   </div>
   <div class='ocr_carea' id='block_1_115' title="bbox 2132 5324 3754 5398">
    <p class='ocr_par' dir='ltr' id='par_1_115' title="bbox 2132 5324 3754 5398">
     <span class='ocr_line' id='line_1_115' title="bbox 2132 5324 3754 5398; baseline -0.006 -16"><span class='ocrx_word' id='word_1_796' title='bbox 2132 5343 2134 5345; x_wconf 69' lang='lat'><strong><em>‘</em></strong></span> <span class='ocrx_word' id='word_1_797' title='bbox 2177 5337 2348 5398; x_wconf 82' lang='lat' dir='ltr'><strong>gerat,</strong></span> <span class='ocrx_word' id='word_1_798' title='bbox 2386 5328 2563 5396; x_wconf 86' lang='lat' dir='ltr'><strong>ipsum</strong></span> <span class='ocrx_word' id='word_1_799' title='bbox 2613 5324 2717 5380; x_wconf 90' lang='lat' dir='ltr'><strong>sibi</strong></span> <span class='ocrx_word' id='word_1_800' title='bbox 2769 5339 2949 5393; x_wconf 89' lang='lat' dir='ltr'><strong>regem</strong></span> <span class='ocrx_word' id='word_1_801' title='bbox 2999 5325 3381 5392; x_wconf 70' lang='lat' dir='ltr'><strong>przel&#39;eceruut,</strong></span> <span class='ocrx_word' id='word_1_802' title='bbox 3433 5338 3606 5375; x_wconf 86' lang='lat' dir='ltr'><strong>annos</strong></span> <span class='ocrx_word' id='word_1_803' title='bbox 3642 5331 3754 5373; x_wconf 89' lang='lat' dir='ltr'><strong>tum</strong></span> 
     </span>
    </p>
   </div>
   <div class='ocr_carea' id='block_1_116' title="bbox 2183 5398 3754 5487">
    <p class='ocr_par' dir='ltr' id='par_1_116' title="bbox 2183 5398 3754 5487">
     <span class='ocr_line' id='line_1_116' title="bbox 2183 5398 3754 5487; baseline -0.006 -14"><span class='ocrx_word' id='word_1_804' title='bbox 2183 5429 2372 5474; x_wconf 87' lang='lat' dir='ltr'><strong>natum</strong></span> <span class='ocrx_word' id='word_1_805' title='bbox 2399 5415 2734 5487; x_wconf 87' lang='lat' dir='ltr'><strong>quindecim.</strong></span> <span class='ocrx_word' id='word_1_806' title='bbox 2782 5414 2952 5473; x_wconf 80' lang='lat' dir='ltr'><strong>Erant</strong></span> <span class='ocrx_word' id='word_1_807' title='bbox 3000 5425 3182 5467; x_wconf 87' lang='lat' dir='ltr'><strong>autem</strong></span> <span class='ocrx_word' id='word_1_808' title='bbox 3233 5398 3458 5466; x_wconf 80' lang='lat' dir='ltr'><strong>aii&#39;cctus</strong></span> <span class='ocrx_word' id='word_1_809' title='bbox 3508 5415 3754 5482; x_wconf 79' lang='lat' dir='ltr'><strong>ipsorum</strong></span> 
     </span>
    </p>
   </div>
   <div class='ocr_carea' id='block_1_117' title="bbox 2178 5505 3754 5574">
    <p class='ocr_par' dir='ltr' id='par_1_117' title="bbox 2178 5505 3754 5574">
     <span class='ocr_line' id='line_1_117' title="bbox 2178 5505 3754 5574; baseline -0.007 -8"><span class='ocrx_word' id='word_1_810' title='bbox 2178 5511 2399 5574; x_wconf 87' lang='lat' dir='ltr'><strong>diversi,</strong></span> <span class='ocrx_word' id='word_1_811' title='bbox 2431 5521 2609 5563; x_wconf 73' lang='lat' dir='ltr'><strong>cretus</strong></span> <span class='ocrx_word' id='word_1_812' title='bbox 2645 5507 2828 5565; x_wconf 86' lang='lat' dir='ltr'><strong>divisi.</strong></span> <span class='ocrx_word' id='word_1_813' title='bbox 2867 5515 2920 5559; x_wconf 92' lang='lat' dir='ltr'><strong>et</strong></span> <span class='ocrx_word' id='word_1_814' title='bbox 2967 5521 3028 5559; x_wconf 88' lang='lat' dir='ltr'><strong>se</strong></span> <span class='ocrx_word' id='word_1_815' title='bbox 3073 5515 3262 5558; x_wconf 88' lang='lat' dir='ltr'><strong>mutuo</strong></span> <span class='ocrx_word' id='word_1_816' title='bbox 3293 5506 3448 5560; x_wconf 83' lang='lat' dir='ltr'><strong>bellis</strong></span> <span class='ocrx_word' id='word_1_817' title='bbox 3485 5505 3754 5559; x_wconf 47' lang='grc' dir='ltr'><strong>[προεξαι-</strong></span> 
     </span>
    </p>
   </div>
   <div class='ocr_carea' id='block_1_118' title="bbox 2181 5597 3758 5670">
    <p class='ocr_par' dir='ltr' id='par_1_118' title="bbox 2181 5597 3758 5670">
     <span class='ocr_line' id='line_1_118' title="bbox 2181 5597 3758 5670; baseline -0.01 -12"><span class='ocrx_word' id='word_1_818' title='bbox 2181 5615 2282 5666; x_wconf 85' lang='lat' dir='ltr'><strong>tes,</strong></span> <span class='ocrx_word' id='word_1_819' title='bbox 2307 5600 2742 5670; x_wconf 89' lang='lat' dir='ltr'><strong>uniuscujusque</strong></span> <span class='ocrx_word' id='word_1_820' title='bbox 2773 5611 2930 5654; x_wconf 64' lang='lat' dir='ltr'><strong>terrm</strong></span> <span class='ocrx_word' id='word_1_821' title='bbox 2958 5608 3185 5662; x_wconf 87' lang='lat' dir='ltr'><strong>tractus,</strong></span> <span class='ocrx_word' id='word_1_822' title='bbox 3220 5597 3389 5661; x_wconf 90' lang='lat' dir='ltr'><strong>urbis,</strong></span> <span class='ocrx_word' id='word_1_823' title='bbox 3424 5608 3514 5650; x_wconf 86' lang='lat' dir='ltr'><strong>aut</strong></span> <span class='ocrx_word' id='word_1_824' title='bbox 3551 5598 3758 5664; x_wconf 60' lang='lat' dir='ltr'><strong>oppidi,</strong></span> 
     </span>
    </p>
   </div>
   <div class='ocr_carea' id='block_1_119' title="bbox 2181 5691 3755 5767">
    <p class='ocr_par' dir='ltr' id='par_1_119' title="bbox 2181 5691 3755 5767">
     <span class='ocr_line' id='line_1_119' title="bbox 2181 5691 3755 5767; baseline -0.006 -17"><span class='ocrx_word' id='word_1_825' title='bbox 2181 5713 2274 5767; x_wconf 83' lang='lat' dir='ltr'><strong>per</strong></span> <span class='ocrx_word' id='word_1_826' title='bbox 2311 5705 2478 5748; x_wconf 80' lang='lat' dir='ltr'><strong>totum</strong></span> <span class='ocrx_word' id='word_1_827' title='bbox 2517 5708 2745 5761; x_wconf 84' lang='lat' dir='ltr'><strong>regnum</strong></span> <span class='ocrx_word' id='word_1_828' title='bbox 2773 5693 2994 5752; x_wconf 89' lang='lat' dir='ltr'><strong>incolis,</strong></span> <span class='ocrx_word' id='word_1_829' title='bbox 3046 5693 3244 5745; x_wconf 87' lang='lat' dir='ltr'><strong>vicinis</strong></span> <span class='ocrx_word' id='word_1_830' title='bbox 3277 5692 3394 5744; x_wconf 91' lang='lat' dir='ltr'><strong>suis</strong></span> <span class='ocrx_word' id='word_1_831' title='bbox 3447 5691 3646 5743; x_wconf 66' lang='lat' dir='ltr'><strong>beflum</strong></span> <span class='ocrx_word' id='word_1_832' title='bbox 3685 5694 3755 5741; x_wconf 82' lang='lat' dir='ltr'><strong>in-</strong></span> 
     </span>
    </p>
   </div>
   <div class='ocr_carea' id='block_1_120' title="bbox 2183 5780 3754 5853">
    <p class='ocr_par' dir='ltr' id='par_1_120' title="bbox 2183 5780 3754 5853">
     <span class='ocr_line' id='line_1_120' title="bbox 2183 5780 3754 5853; baseline -0.006 -11"><span class='ocrx_word' id='word_1_833' title='bbox 2183 5787 2520 5852; x_wconf 84' lang='lat' dir='ltr'><strong>ferentibus;</strong></span> <span class='ocrx_word' id='word_1_834' title='bbox 2569 5793 3000 5853; x_wconf 89' lang='lat' dir='ltr'><strong>manseruntque</strong></span> <span class='ocrx_word' id='word_1_835' title='bbox 3046 5785 3146 5837; x_wconf 85' lang='lat' dir='ltr'><strong>ilOC</strong></span> <span class='ocrx_word' id='word_1_836' title='bbox 3175 5793 3320 5836; x_wconf 87' lang='lat' dir='ltr'><strong>statu</strong></span> <span class='ocrx_word' id='word_1_837' title='bbox 3375 5781 3572 5844; x_wconf 89' lang='lat' dir='ltr'><strong>urbes,</strong></span> <span class='ocrx_word' id='word_1_838' title='bbox 3612 5780 3754 5832; x_wconf 83' lang='lat' dir='ltr'><strong>vide-</strong></span> 
     </span>
    </p>
   </div>
   <div class='ocr_carea' id='block_1_121' title="bbox 2186 5873 3755 5943">
    <p class='ocr_par' dir='ltr' id='par_1_121' title="bbox 2186 5873 3755 5943">
     <span class='ocr_line' id='line_1_121' title="bbox 2186 5873 3755 5943; baseline -0.006 -13"><span class='ocrx_word' id='word_1_839' title='bbox 2186 5878 2311 5933; x_wconf 86' lang='lat' dir='ltr'><strong>licet</strong></span> <span class='ocrx_word' id='word_1_840' title='bbox 2339 5876 2503 5930; x_wconf 88' lang='lat' dir='ltr'><strong>rebus</strong></span> <span class='ocrx_word' id='word_1_841' title='bbox 2536 5874 2842 5939; x_wconf 86' lang='lat' dir='ltr'><strong>dissolutis,</strong></span> <span class='ocrx_word' id='word_1_842' title='bbox 2887 5873 3088 5943; x_wconf 79' lang='lat' dir='ltr'><strong>populo</strong></span> <span class='ocrx_word' id='word_1_843' title='bbox 3118 5873 3319 5936; x_wconf 79' lang='lat' dir='ltr'><strong>diviso,</strong></span> <span class='ocrx_word' id='word_1_844' title='bbox 3375 5885 3540 5941; x_wconf 82' lang='lat' dir='ltr'><strong>regno</strong></span> <span class='ocrx_word' id='word_1_845' title='bbox 3567 5883 3755 5923; x_wconf 90' lang='lat' dir='ltr'><strong>corru-</strong></span> 
     </span>
    </p>
   </div>
  </div>
