4116 6436
422 343 558 399 1093

1860 343 2232 404 ANNALES.

3548 349 3693 413 1094

422 461 530 521 pto,
572 450 995 519 liominibttsiine
1046 449 1195 502 inter
1248 464 1307 503 se
1352 448 1834 513 dissentientibus,
1868 459 1993 503 octo
2028 460 2075 515 Α
2114 454 2379 504 adversus
2404 468 2462 505 se
2492 452 2823 520 praebuerint
2860 454 2911 506 itt
2939 469 2998 507 re
3039 456 3220 525 aliqua
3251 474 3373 527 qua:
3406 458 3488 513 vel
3514 469 3689 515 terras

420 555 589 594 annos
621 558 636 594 :
668 555 835 610 regno
868 548 1047 593 autem
1078 538 1368 609 praefectus
1402 547 1486 593 est
1525 553 1671 593 anno
1699 539 1999 593 cbalilatus

421 631 517 683 Abi
575 630 727 684 Becri
786 631 963 700 primo
1016 647 1029 682 :
1082 630 1250 700 idque
1293 645 1443 684 anno
1491 629 1707 699 imperii
1759 628 1997 685 Heraclii

422 721 792 776 Romanorum
827 721 1175 791 imperatoris
1208 721 1521 777 undecimo.

486 814 606 865 Abu
656 812 861 867 Becrus
911 813 1225 867 clialil‘atum
1301 814 1557 870 obtinens
1608 814 1814 869 Arabes
1866 814 2000 869 deli-

422 902 625 956 cientes
686 902 830 955 bello
890 903 1226 971 cppttgnavit
1276 903 1451 958 donec
1502 901 1569 958 ad
1628 902 1995 958 lslamismum

423 1003 846 1051 reverterentur.
894 994 1022 1048 Dein
1070 994 1369 1049 Clialedutn
1425 996 1540 1049 Ebn
1572 994 1752 1050 Walid
1804 1012 2001 1067 magno

422 1088 747 1142 instructum
770 1087 1019 1140 exercitu
1053 1085 1298 1140 Eracnm
1334 1082 1504 1152 misit,
1529 1088 1620 1157 qui
1653 1104 1775 1142 cum
1808 1090 1860 1142 in
1895 1090 2004 1144 Me-

424 1178 723 1247 sopotamia
760 1187 945 1230 castra
998 1178 1293 1247 posuisset,
1343 1193 1663 1248 progressos
1699 1182 1768 1233 ad
1820 1181 1998 1249 ipsum

422 1270 660 1341 regionis
710 1270 859 1324 illius
896 1270 1165 1340 primores
1215 1271 1267 1326 in
1326 1272 1483 1327 ﬁdem
1529 1273 1755 1342 recepit,
1805 1272 2000 1344 257-

422 1364 585 1434 259
606 1379 790 1432 pacem
819 1379 940 1418 cum
971 1364 1077 1418 illis
1098 1374 1287 1433 pactus
1311 1380 1524 1421 summa
1542 1381 1885 1420 nummorum
1914 1383 2003 1421 sei-

426 1458 669 1524 ptuagies
704 1456 920 1522 millies,
955 1456 1046 1524 qui
1096 1458 1334 1526 primum
1383 1468 1539 1511 erant
1588 1459 1819 1527 vectigal
1851 1459 1998 1528 quod

424 1551 473 1599 in
512 1549 681 1600 liraco
717 1550 956 1617 solutum
990 1557 1093 1611 est,
1128 1564 1191 1601 ac
1228 1549 1384 1617 primi
1433 1552 1641 1603 nummi
1692 1551 1795 1619 qtti-
1838 1567 1901 1606 ex
1935 1567 2000 1605 ea

424 1639 705 1708 provincia
738 1640 801 1691 ad
833 1629 1176 1694 Abubecrum
1204 1649 1591 1705 pervenerunt.
1618 1642 1750 1696 Dein
1783 1642 2001 1710 scripsit

426 1732 741 1786 Abubecrus
775 1730 1091 1793 Yatnaimm,
1142 1732 1204 1785 Al
1234 1731 1408 1803 Tayif,
1461 1734 1720 1797 Meccam,
1754 1736 2000 1802 aliasque

2105 558 2333 606 veszras,
2360 545 2441 597 vel
2470 547 2786 615 sanguines,
2815 547 2898 598 vel
2919 531 3078 615 opes,
3107 551 3189 602 vel
3216 550 3418 606 liberos
3452 565 3683 618 spectet,

2102 635 2467 707 [nudumque]
2541 637 2677 691 illud
2724 652 2752 689 a
2824 638 2977 693 vobis
3031 643 3401 709 repellamus,
3450 646 3691 712 quandiu

2085 720 2463 782 confiederati
2509 730 2670 784 nobis
2723 729 2971 792 fueritis,
3026 732 3190 802 idque
3241 745 3400 802 pacto
3449 754 3475 787 a
3538 739 3691 790 nobis

2104 821 2484 873 cooiirmatum
2529 821 2855 877 habueritis.
2895 823 3053 889 Quod
3108 825 3156 880 si
3219 827 3545 890 abnueritis,
3585 826 3721 881 non'

2101 923 2185 966 est
2235 912 2379 965 inter
2439 928 2539 966 nos
2598 913 2979 985 261-263
3048 925 3102 970 et
3152 931 3252 972 vos
3344 906 3490 978 ἰιιιένΙ
3529 937 3697 988 quam

2103 1002 2283 1070 gladio
2317 1017 2402 1055 res
2434 1002 2815 1069 dijudicanda,
2845 1004 3022 1058 donec
3067 1006 3152 1059 vel
3206 1022 3399 1061 ontnes
3424 1010 3487 1061 ad
3522 1025 3692 1063 unum

2104 1095 2426 1158 moriamur,
2458 1104 2551 1147 aut
2574 1097 2722 1164 quod
2751 1097 3005 1151 volumus
3030 1112 3058 1151 a
3087 1100 3241 1154 vobis
3264 1114 3693 1171 consequamur.

2102 1184 2375 1242 Patricius
2420 1202 2555 1257 ergo
2589 1189 2678 1244 ubi
2714 1186 2903 1243 Omari
2956 1189 3131 1243 Ebnol
3186 1192 3280 1246 Asi
3317 1194 3480 1246 verba
3534 1195 3693 1247 audi-

2104 1276 2298 1341 visset,
2329 1285 2384 1331 et
2415 1279 2740 1347 quantillam
2774 1279 2947 1348 ipsius
2975 1282 3239 1336 rationem
3270 1283 3520 1347 haberet,
3552 1284 3695 1338 dixit

2103 1367 2399 1422 comitibus
2430 1369 2548 1423 suis
2577 1387 2592 1423 :
2623 1368 2887 1439 SuSpicor
2933 1371 3079 1425 hunc
3112 1373 3298 1442 populi
3337 1374 3488 1429 illius
3519 1372 3693 1445 impc-

2104 1469 2348 1514 ratorem
2383 1477 2537 1527 esse,
2576 1463 2826 1531 ipsisque
2874 1462 2930 1517 in
2979 1466 3257 1519 mandatis
3290 1465 3463 1530 dedit,
3512 1476 3571 1519 ut
3603 1467 3693 1520 ubi

2104 1552 2169 1603 ad
2208 1560 2422 1621 portam
2467 1554 2621 1607 urbis
2653 1554 2906 1608 exiturus
2952 1558 3292 1624 perveniret,
3332 1558 3535 1612 collum
3590 1558 3700 1628 ipsi.

2104 1643 2483 1711 praeciderent.
2520 1643 2643 1698 Fuit
2667 1656 2848 1700 autem
2877 1662 3001 1700 cum
3035 1646 3239 1702 Omaro
3269 1665 3423 1719 puer,
3472 1651 3693 1704 nomine

2110 1734 2369 1801 Wardau,
2402 1738 2496 1806 qui
2525 1739 2765 1806 linguam
2797 1738 3119 1794 Romaicam
3152 1742 3407 1805 callebat,
3436 1757 3558 1797 cum
3599 1759 3697 1797 na-

426 1828 661 1878 Arabum
694 1825 891 1891 tribus,
926 1840 1081 1894 opem
1125 1826 1191 1878 ab
1221 1826 1354 1894 ipsis
1390 1836 1581 1894 petens
1616 1826 1683 1880 ad
1720 1826 2000 1881 Romanos
2032 1815 2072 1868 Β
2105 1830 2251 1882 tione
2282 1828 2506 1883 Graecus
2549 1839 2718 1884 esset.
2762 1831 3005 1885 Narrans
3055 1848 3187 1902 ergo
3221 1832 3425 1887 Omaro
3464 1832 3697 1888 Warda-

426 1918 838 1988 oppugnandos.
856 1917 1103 1987 Cumque
1129 1920 1193 1969 ad
1222 1918 1398 1988 ipsum
1422 1921 1821 1988 pervenissent,
1844 1918 2003 1976 Oma-

425 2029 542 2065 rum
596 2012 771 2066 Ebnol
816 2014 931 2077 Asi,
983 2012 1351 2078 Sliarjabilutu
1406 2013 1523 2066 Ebn
1564 2011 1785 2068 llasnab
1819 2015 2002 2070 Abao-

424 2105 640 2159 baidum
676 2104 854 2158 Ebnol
890 2102 1087 2169 larabi,
1120 2102 1385 2157 Yazidum
1439 2104 1555 2159 Elin
1609 2107 1710 2159 Abi
1757 2106 1959 2177 Soiyau
1986 2147 2002 2171 ,

424 2199 593 2267 copiis
654 2197 962 2253 instructos
1038 2199 1232 2261 misit,
1292 2199 1627 2269 imperatore
1694 2203 2003 2256 constituto

423 2293 620 2343 Umaro
667 2290 838 2344 Ebnol
889 2290 1006 2355 Asi,
1045 2289 1320 2361 jussitqttc
1358 2292 1409 2344 iii
1465 2292 1675 2362 Syriam
1715 2308 1809 2362 per
1862 2293 2002 2346 viam

423 2382 530 2438 llalt
563 2382 810 2445 tendere,
845 2383 896 2436 in
927 2384 1196 2436 mandatis
1233 2387 1371 2437 dans
1419 2399 1484 2437 ne
1514 2386 1595 2437 vel
1630 2400 1817 2439 senem
1846 2395 2004 2440 aetate

422 2484 757 2543 provectum,
816 2476 895 2529 vel
950 2474 1210 2528 infantem
1246 2475 1647 2540 tniuorcnncm,
1679 2480 1760 2531 vel
1811 2478 2003 2532 mulie-

424 2580 533 2620 rem
579 2567 892 2635 quampiam
940 2568 1284 2630 occiderent,
1339 2568 1420 2620 vel
1470 2568 1723 2621 arborem
1774 2568 2002 2639 frugife-

424 2675 537 2712 ram
572 2661 947 2729 praeciderent,
991 2660 1073 2713 vel
1123 2661 1299 2713 locum
1336 2663 1538 2714 cultum
1576 2672 1876 2728 vastarent,
1921 2664 2002 2716 vel

423 2750 652 2819 palmam
687 2753 1083 2805 succcnderent
1128 2765 1224 2805 aut
1273 2755 1648 2819 succidercnt,
1696 2759 1776 2810 vel
1823 2772 2001 2819 ovem,

423 2845 637 2907 bovem,
685 2852 778 2895 aut
826 2844 1035 2897 lizedum
1078 2842 1416 2913 jngularent.
1475 2845 1552 2898 Ilii
1592 2862 1725 2916 ergo
1773 2848 2002 2917 proiecti

421 2946 545 2990 sunt
584 2937 755 2989 donec
792 2945 970 2990 castra
1003 2947 1270 3003 ponerent
1317 2937 1369 2989 in
1414 2952 1552 3005 pago
1584 2935 1780 2991 Tadun
1816 2940 1990 3003 dicto,

423 3044 541 3096 qua:
581 3043 609 3080 c
651 3028 801 3096 pagis
833 3025 994 3080 Gazae
1019 3037 1123 3093 est,
1162 3042 1267 3096 qua
1303 3026 1563 3096 [lejazuon
1609 3031 1868 3099 respicit;
1910 3033 2000 3087 ubi

422 3120 487 3173 ad
518 3120 933 3187 ipsosdelatnm
979 3130 1062 3172 est
1112 3122 1360 3171 nuntium
1413 3118 1654 3173 ilet‘uclii
1713 3126 1992 3178 exercitus

423 3211 479 3265 in
510 3212 641 3264 urbe
675 3210 856 3264 Gazah
894 3220 1257 3279 congregatos
1300 3211 1489 3265 fuisse.
1533 3211 1817 3267 ileraclius
1852 3221 1996 3268 enim

422 3307 474 3357 ιιι
539 3305 802 3371 temporis
852 3301 1101 3356 Damasci
1155 3301 1283 3355 fuit.
1351 3303 1588 3373 Scripsit
1646 3322 1777 3377 ergo
1835 3307 2001 3362 Omar

424 3395 707 3449 HmolAsi
755 3394 823 3447 ad
859 3395 973 3446 Abit
1013 3393 1245 3447 Berrnm
1285 3384 1443 3464 opem
1484 3399 1550 3449 ab
1588 3399 1707 3467 ipso
1744 3402 1997 3469 petitum,

424 3492 706 3558 ipsumque
748 3487 1033 3539 certiorem
1066 3487 1217 3549 fecit,
1249 3487 1301 3540 in
1337 3503 1505 3540 unum
1530 3493 1860 3546 convenisse
1894 3490 2000 3546 lle-

336 3638 337 3641 η
424 3580 575 3632 taclii
634 3582 841 3646 copias.
874 3579 990 3653 Abn
1021 3575 1223 3631 Becrus
1255 3578 1422 3647 igitur
1453 3580 1519 3633 ad
1549 3578 1848 3635 Clialedum
1884 3583 1998 3638 Ebn

424 3669 602 3723 \‘t'alid
657 3670 903 3740 scripsit,
939 3681 997 3722 ut
1034 3671 1149 3738 ipse
1188 3684 1313 3722 eum
1348 3673 1521 3740 copiis
1574 3675 1689 3729 suis
1737 3677 1804 3729 ad
1834 3678 2003 3731 Otua-

424 3780 541 3817 rum
585 3761 757 3817 Ebnol
804 3763 898 3816 Asi
943 3763 1410 3831 proﬁcisceretur,
1448 3781 1557 3834 quo
1606 3767 1851 3823 subsidio
1898 3770 2000 3839 ipsi

423 3869 584 3913 esset.
636 3856 922 3912 Profectus
952 3858 1113 3928 260
1156 3875 1287 3929 ergo
1334 3860 1539 3914 (λωιεά
1588 3861 1705 3915 Ebu
1754 3860 1931 3916 Waltd
1969 3880 1999 3916 a

423 3954 607 4007 lazrab
653 3968 747 4021 per
804 3952 945 4004 viam
991 3954 1190 4005 deserti
1240 3954 1306 4005 ad
1361 3952 1621 4007 Oinarum
1663 3954 1858 4022 ,Ebnol
1906 3958 1998 4011 Asi

422 4048 689 4113 pervenit.
743 4046 927 4114 Copiae
962 4055 1143 4098 autem
1184 4047 1417 4100 llcraclii
1466 4064 1525 4100 se
1557 4048 1716 4102 Cane
1751 4052 2003 4104 munive-

423 4147 565 4191 runt.
607 4138 740 4191 Cum
781 4154 911 4206 ergo
961 4137 1162 4191 Gazam
1210 4139 1576 4192 accessissent
1624 4142 1770 4195 misit
1824 4140 1999 4195 Patri-

422 4233 559 4298 cius,
596 4234 861 4285 excrcitui
917 4232 1150 4285 [lerat-lii
1190 4233 1505 4300 praefectus,
1545 4234 1611 4285 ad
1646 4233 2001 4289 Mus-lemin-

422 4338 538 4375 rum
577 4322 903 4383 exercitum,
939 4336 1139 4389 rogans
1171 4328 1231 4372 tit
1273 4322 1338 4373 ad
1378 4323 1555 4389 ipsum
1599 4322 1792 4376 ducem
1829 4340 1858 4377 c
1886 4326 2001 4377 suis

423 4415 730 4483 quempiam
800 4414 1085 4466 mitterent
1145 4428 1254 4482 quo
1326 4414 1669 4468 internuntio
1726 4427 1998 4470 uteretur.

2107 1936 2211 1974 nus
2257 1921 2386 1990 quid
2418 1923 2704 1987 audierat;
2746 1924 2902 1986 Dolo,
2941 1924 3139 1993 inquit,
3202 1933 3354 1978 ntere
3399 1944 3509 1996 quo
3536 1942 3694 1995 egre-

2105 2014 2295 2067 diaris.
2334 2013 2560 2068 Dicente
2610 2016 2778 2084 igitur
2819 2016 3051 2084 patricio
3084 2015 3288 2071 Omaro
3322 2018 3497 2072 Ebnol
3550 2020 3642 2072 Asi
3678 2034 3692 2071 :

2106 2106 2274 2161 Estne
2322 2107 2463 2159 inter
2505 2110 2686 2161 socios
2727 2116 2848 2161 tuos
2893 2109 2986 2179 qui
3038 2111 3135 2164 tibi
3198 2125 3293 2178 par
3343 2113 3415 2165 sit
3458 2112 3703 2181 aliquis?

2105 2196 2408 2267 Respondit
2430 2199 2595 2254 Omar
2629 2219 2643 2255 :
2680 2202 2810 2255 Sum
2838 2218 2939 2273 ego
2981 2219 3010 2256 c
3033 2202 3329 2258 comitibus
3354 2204 3487 2258 meis
3514 2204 3696 2275 lingua

2107 2290 2345 2343 iuasime
2378 2294 2551 2355 ruitis,
2581 2301 2634 2346 ct
2668 2294 2901 2348 consilio
2952 2293 3183 2348 minime
3236 2295 3469 2363 pollens,
3519 2296 3697 2364 siqui-

2102 2379 2226 2435 dem
2272 2382 2387 2451 ipse
2436 2399 2541 2438 non
2589 2385 2728 2437 alius
2766 2401 2887 2439 sum
2944 2402 3108 2455 quam
3166 2388 3400 2456 legatus,
3437 2387 3529 2457 qui
3561 2388 3696 2456 quid

2104 2470 2183 2523 illi
2236 2472 2368 2525 milii
2405 2474 2662 2529 dixerunt
2714 2476 2780 2529 ad
2836 2484 2889 2530 te
2929 2478 3247 2545 pertulerim
3284 2493 3299 2530 :
3333 2468 3463 2532 suitt
3510 2489 3699 2532 autem

2105 2562 2289 2614 decem
2325 2563 2422 2615 viri
2454 2579 2538 2617 me
2564 2567 2995 2634 priestantiores,
3026 2568 3118 2636 qui
3141 2569 3443 2622 exercitum
3473 2580 3702 2638 regunt,

2105 2669 2169 2708 ac
2201 2655 2492 2710 voluerunt
2518 2656 2739 2723 quidem
2783 2658 2898 2725 ipsa
2933 2675 3041 2711 una
3091 2674 3304 2712 mecum
3337 2660 3405 2713 ad
3452 2668 3504 2714 te
3534 2676 3697 2715 acce-

2103 2745 2257 2809 derc,
2286 2745 2387 2799 nisi
2416 2746 2560 2814 quod
2604 2762 2690 2798 me
2742 2748 3014 2811 miserint,
3054 2750 3270 2817 utquid
3314 2749 3566 2805 dicturus
3617 2752 3703 2807 sis

2105 2833 2320 2887 audiam
2356 2852 2370 2889 :
2404 2834 2548 2905 quod
2582 2837 2625 2888 si
2662 2837 2756 2889 tibi
2806 2839 2982 2892 visum
3032 2837 3194 2893 fuerit
3250 2848 3308 2892 ut
3343 2841 3494 2909 ipsos
3517 2842 3696 2896 addu-

2103 2941 2245 2989 cam,
2286 2944 2394 2996 qtto
2424 2944 2616 2983 eorum
2643 2929 2808 2983 verba
2840 2932 3058 2994 audias,
3100 2933 3354 3001 sciasque
3386 2949 3473 2987 tne
3506 2951 3701 2989 verum

2106 3019 2198 3073 tibi
2242 3018 2471 3085 dixisse,
2522 3021 2628 3075 hoc
2679 3022 2881 3076 iecero.
2941 3022 3040 3077 Cui
3105 3026 3431 3093 patricius:
3484 3026 3698 3091 Fac:as,

2108 3113 2305 3182 inquit.
2350 3111 2547 3167 Secum
2583 3115 2727 3168 enim
2780 3123 2971 3169 mente
3011 3118 3275 3185 cogitavit
3319 3118 3566 3188 dixitque
3603 3136 3699 3189 pa-

2114 3205 2307 3255 tricius
2345 3219 2358 3255 :
2394 3202 2580 3258 Satius
2610 3215 2694 3258 est
2725 3207 2859 3258 mibi
2904 3214 2961 3258 ut
2991 3206 3177 3274 plures
3211 3224 3376 3276 quant
3423 3218 3483 3262 ut
3529 3226 3703 3266 unum

2111 3296 2454 3349 interliciam.
2500 3294 2644 3349 Misit
2675 3313 2804 3365 ergo
2825 3297 2890 3351 ad
2925 3298 3054 3352 illos
3083 3315 3221 3367 quos
3261 3301 3500 3369 iusserat
3528 3304 3704 3356 inter-

2113 3389 2274 3444 iieere
2304 3386 2469 3459 264
2501 3386 2787 3453 Omarnm,
2826 3405 2892 3443 ne
2919 3390 3107 3459 ipsum.
3141 3401 3316 3445 morte
3343 3392 3522 3446 ullove
3554 3399 3702 3446 malo

2112 3485 2409 3551 allicerent,
2448 3500 2676 3555 sperans
2702 3500 3021 3540 accessuros
3052 3489 3242 3541 decem
3266 3489 3439 3558 ipsius
3463 3492 3697 3543 comites

2111 3593 2222 3648 quo
2282 3578 2432 3647 ipsos
2484 3593 2515 3632 e
2584 3577 2766 3632 medio
2817 3580 3058 3633 tolleret.
3119 3578 3285 3633 Omar
3339 3597 3472 3650 ergo
3545 3592 3702 3650 porta

2110 3687 2365 3743 egressus
2405 3672 2570 3725 sociis
2596 3672 2715 3725 suis
2749 3671 3033 3740 quomodo
3066 3686 3126 3724 se
3160 3686 3246 3725 res
3272 3673 3497 3728 haberet
3572 3690 3702 3726 nar-

2111 3779 2239 3817 rans
2269 3761 2423 3831 :Ego
2471 3762 2695 3831 (inquit)
2742 3776 3021 3828 nunquam
3085 3761 3151 3813 ad
3203 3762 3364 3815 talem
3432 3773 3708 3817 revertar.

2114 3853 2275 3917 Tum,
2310 3853 2452 3908 Deus
2479 3854 2749 3906 maximus
2782 3864 2886 3915 est,
2945 3853 3290 3918 exclamavit,
3324 3869 3387 3907 ac
3429 3859 3702 3923 prodeun-

2112 3948 2256 4000 tibus
2287 3948 2545 4000 llomanis
2575 3947 2817 4015 ptmlium
2857 3945 2998 3999 inter
3030 3945 3177 4014 ipsos
3211 3950 3566 4004 commissum
3591 3960 3705 4015 est,

2113 4038 2166 4090 in
2197 4053 2303 4106 quo
2334 4038 2508 4091 versis
2561 4042 2615 4090 in
2670 4038 2854 4106 fugant
2910 4035 3173 4093 Romanis
3224 4054 3700 4108 maguamcortttn

2111 4142 2345 4198 Str-agent
2401 4128 2592 4191 edidit,
2640 4144 2878 4197 quorntn
2938 4131 3168 4199 vestigia
3216 4131 3449 4185 insecuti
3504 4134 3699 4187 Mosle-

2111 4222 2243 4276 iuini
2298 4223 2447 4291 ipsos
2493 4222 2780 4276 Pal-.estina
2834 4231 2889 4275 et
2920 4221 3180 4278 Ordouno
3235 4222 3707 4295 llierosolyma'ct

2110 4317 2417 4371 Caesaream
2450 4315 2743 4383 fugarunt;
2780 4316 2831 4369 in
2864 4318 3067 4385 quibus
3103 4333 3228 4371 cum
3258 4334 3316 4372 se
3341 4322 3703 4375 munivissettt

2113 4411 2364 4464 homines
2400 4409 2524 4462 illos
2580 4408 2944 4477 reliquerunt,
2976 4410 3030 4462 in
3063 4420 3248 4478 partes
3294 4410 3538 4465 Batlmia:
3582 4424 3700 4479 ten-

386 4574 389 4575 ν
425 4506 568 4559 Dixit
620 4507 783 4575 igitur
837 4504 1024 4558 Clialid
1070 4502 1272 4559 Oiuaro
1327 4504 1498 4559 Ebuol
1553 4507 1647 4560 Asi
1686 4523 1698 4559 :
1728 4507 1909 4563 Adeas
1941 4512 1995 4561 t'u
2033 4522 2075 4576 ι)
2110 4501 2324 4564 dentes,
2355 4515 2529 4569 eaque
2566 4501 2633 4554 de
2668 4514 2727 4555 re
2762 4500 2974 4555 litteras
3005 4500 3073 4553 ad
3122 4501 3240 4555 Abt!
3271 4499 3503 4557 Becrttm
3559 4505 3704 4559 scri-

424 4601 623 4668 ipsum.
657 4597 943 4651 Profectus
990 4596 1156 4666 igitur
1204 4594 1440 4651 Omarus
1469 4608 1657 4666 aperta
1715 4601 1818 4667 ipsi
1845 4598 2002 4653 Gazae

424 4698 576 4759 porta
611 4693 894 4758 ingressus
925 4696 1030 4751 est,
1060 4704 1221 4757 quem
1256 4688 1556 4753 Patricius,
1589 4690 1680 4743 ubi
1714 4692 1781 4744 ad
1818 4691 1995 4759 ipsam

425 4781 785 4852 pervenisset,
835 4779 1120 4843 salutavit,
1169 4780 1294 4831 dein
1349 4779 1489 4841 dixit
1536 4780 1639 4849 ipsi
1680 4798 1697 4832 ι
1734 4782 1877 4846 Quid
1922 4794 2004 4836 est

424 4871 566 4939 quod
618 4885 716 4925 vos
743 4871 796 4922 in
846 4874 1123 4939 regionem
1172 4880 1417 4923 nostram
1470 4870 1732 4937 adduxit,
1781 4873 2004 4942 etquid

426 4962 646 5015 tandem
677 4959 880 5013 vultis?
911 4959 1214 5028 Restionilit
1256 4960 1425 5015 Omar
1458 4960 1630 5015 Ebnol
1660 4964 1753 5018 Asi
1788 4982 1801 5019 :
1831 4962 2008 5019 Jussit

396 5035 528 5109 inos
569 5054 836 5107 Dominus
870 5062 1059 5106 noster
1087 5068 1186 5107 vos
1220 5068 1560 5122 oppugnare,
1609 5054 1715 5108 nisi
1761 5058 1842 5108 vel
1878 5057 2008 5109 reli-

392 5134 397 5139 ’
427 5149 641 5216 giouem
682 5154 926 5199 nostram
965 5144 1379 5211 amplectaniiui
1410 5161 1523 5213 quo
1560 5144 1713 5200 vobis
1762 5148 1834 5201 sit
1859 5147 2006 5217 quod

428 5239 604 5301 nobis,
638 5246 691 5290 et
722 5244 914 5289 contra
942 5248 1038 5287 vos
1074 5235 1220 5302 quod
1249 5242 1444 5287 contra
1479 5250 1601 5297 nos,
1630 5235 1862 5307 sitisque
1899 5235 2009 5289 fra-

428 5344 539 5386 tres
579 5332 773 5395 nostri,
805 5337 861 5382 ut
890 5343 987 5382 nec
1022 5327 1191 5381 liceat
1224 5327 1384 5381 nobis
1415 5329 1574 5383 vobis
1621 5329 1882 5383 damnum
1921 5331 2006 5383 iii-

429 5423 589 5489 l'erre,
625 5432 720 5477 aut
754 5421 1071 5476 contrarios
1118 5434 1242 5473 esse
1265 5457 1283 5483 ,
1313 5420 1397 5473 vel
1433 5420 1480 5471 si
1516 5422 1621 5474 boc
1655 5421 1865 5485 nolitis,
1904 5422 2007 5473 tri-

430 5494 644 5570 butum?
671 5518 737 5570 de
766 5531 875 5584 quo
916 5515 1058 5567 inter
1086 5525 1189 5565 nos
1218 5519 1271 5564 et
1320 5527 1416 5565 vos
1447 5512 1794 5577 convenerit,
1849 5514 2009 5567 nobis

429 5608 724 5678 quotannis
757 5610 809 5662 in
856 5616 1178 5677 perpetuum
1208 5605 1449 5674 quandin
1502 5605 1830 5672 superstites
1868 5609 2007 5660 utri-

429 5717 534 5770 que
584 5701 877 5765 fuerimus,
923 5698 1214 5769 pendatis;
1247 5711 1355 5767 quo
1396 5713 1781 5767 oppugnemus
1836 5700 2004 5778 vestri

428 5806 594 5846 causa
642 5808 835 5848 omnes
882 5789 973 5860 qui
1011 5802 1106 5844 vos
1139 5788 1386 5858 aggressi
1432 5788 1660 5857 fuerint,
1706 5796 1801 5843 aut
1850 5789 2006 5845 vobis

2107 4603 2373 4662 pscrnut:
2416 4601 2468 4645 at
2500 4607 2624 4644 cum
2664 4591 2731 4645 ad
2767 4592 2940 4661 ipsum
2979 4592 3260 4647 adveniret
3300 4598 3547 4663 nuntius,
3574 4597 3693 4665 ipse

2105 4684 2216 4736 vita
2248 4691 2582 4747 excesserat,
2620 4681 2825 4736 Omaro
2876 4683 3041 4737 Ebnil
3079 4684 3311 4739 Cltctabi
3368 4701 3700 4742 successore

2106 4775 2430 4838 constituto,
2482 4776 2603 4827 Abu
2631 4773 2833 4829 Becrus
2871 4774 3151 4843 siquidem
3202 4787 3474 4845 aegrotans
3527 4787 3699 4832 testa-

2107 4876 2290 4921 mento
2318 4864 2580 4920 Omarum
2610 4865 2769 4919 Ebnil
2797 4865 3025 4921 Glietabi
3057 4868 3385 4936 designavit.
3416 4868 3695 4940 Scriptum

2102 4969 2287 5015 autem
2313 4967 2431 5012 erat
2456 4968 2842 5012 testamentum
2876 4974 3036 5011 manu
3065 4961 3319 5013 Otlimani
3350 4961 3464 5015 Ebn
3488 4962 3696 5017 Alfaui.

2109 5047 2384 5104 ObiitAbu
2409 5047 2541 5104 Becr
2571 5049 2657 5103 die
2684 5051 2991 5119 penultimo
3012 5052 3224 5106 mensis
3250 5051 3486 5107 lomadre
3513 5064 3698 5121 poste-

2112 5142 2299 5205 rioris,
2330 5142 2459 5195 anni
2510 5140 2683 5196 Ileiraa
2714 5141 2913 5196 decimi
2970 5145 3117 5197 tertii
3155 5160 3168 5197 :
3200 5145 3380 5199 oravit
3432 5163 3534 5216 pro
3580 5150 3702 5214 ipso

2111 5234 2279 5289 Omar
2310 5233 2481 5288 Ebnol
2519 5234 2784 5302 Clietabi;
2838 5238 3085 5305 sepultus
3132 5246 3215 5291 est
3247 5237 3300 5290 in
3330 5239 3524 5292 iisdem
3567 5243 3697 5292 a:ui-
3753 5279 3759 5284 .

2110 5329 2213 5384 bus
2252 5328 2451 5398 quibus
2490 5326 2857 5381 Molianimed.
2893 5326 3024 5381 Fuit
3074 5330 3366 5383 clialifatus
3390 5332 3569 5399 ipsius
3606 5350 3702 5384 an-

2111 5437 2306 5475 norum
2356 5422 2615 5491 duorum,
2665 5421 2936 5473 mensium
2991 5423 3181 5486 trium,
3226 5421 3442 5477 dierum
3508 5426 3698 5493 viginti

2113 5516 2366 5569 duorum.
2428 5515 2502 5567 ltlo
2539 5527 2649 5583 quo
2705 5522 2952 5567 mortuus
2997 5523 3083 5569 est
3137 5514 3226 5567 die
3274 5528 3544 5568 annorum
3600 5516 3700 5567 fuit

2113 5606 2401 5673 sexaginta
2439 5606 2628 5657 trium.
2668 5604 2791 5657 Fuit
2843 5615 3025 5657 autem
3066 5604 3187 5658 Abu
3246 5603 3450 5657 Becrus
3502 5619 3701 5674 procc-

2112 5713 2229 5763 rus,
2263 5698 2550 5761 candidus,
2586 5700 2824 5751 candore
2871 5708 3055 5751 tamen
3093 5701 3158 5752 ad
3210 5694 3532 5751 ﬂavedinem
3572 5713 3696 5751 ver-

2109 5799 2295 5860 gente,
2328 5790 2694 5865 _macilcntus,
2727 5789 3070 5864 mystacibus
3116 5790 3280 5853 raris.
3316 5789 3459 5847 facie
3512 5804 3701 5845 macra
