4116 6414
473 320 640 378 1095

1498 316 1867 379 EU'l‘YCllIi
1914 283 2451 376 ALEXANDRINI
2494 316 2714 375 PATR.

3587 305 3723 368 1096

468 429 823 504 265-267
870 433 1048 489 oculis
1092 435 1568 521 .snbsidentibus,
1617 434 1840 488 barbam
1886 447 2043 486 suam
2076 441 2118 496 Α
2150 433 2395 487 narravit
2438 432 2571 503 ipsis
2599 430 2731 501 quid
2778 429 2879 484 sibi
2917 428 3235 498 contigisset
3275 426 3504 497 ejusque
3551 425 3726 480 histo-

470 523 635 577 hinna
665 533 718 577 et
763 537 977 579 cetamo
1024 527 1232 596 tingere
1280 527 1499 591 solitus,
1540 541 1664 579 raro
1709 534 2045 596 tcgmentnm

467 611 569 665 sibi
641 613 927 667 astrictum
977 616 1244 671 retinens.
1291 614 1648 670 Consiliarius
1699 615 1873 681 ipsius
1921 622 2043 669 erat

470 701 585 754 Abit
627 700 849 757 Kabal'a:
894 703 1151 759 Alsnidus
1193 704 1446 773 ianitoris
1500 718 1727 759 munere
1773 705 1875 774 ipsi
1921 705 2044 757 fun-

470 798 696 861 gebatur
719 808 915 850 Servus
954 797 1126 862 ipsius
1156 794 1347 857 Sadid.

752 882 1059 953 'Cltalifatus
1109 885 1296 939 Omari
1328 884 1484 963 Ebuil
1515 886 1761 942 Chetabt’.

547 974 885 1031 Cltalifatum
963 978 1197 1032 obtinuit
1270 977 1436 1034 Omar
1503 980 1720 1051 (Ebno-l
1791 979 2043 1042 Chetabi,

471 1068 584 1124 Ebn
614 1069 818 1133 Nefail,
849 1068 966 1123 Ebn
997 1069 1155 1124 Abdil
1190 1071 1331 1134 azis,
1374 1069 1487 1124 Ehn
1538 1071 1733 1143 Riyah,
1757 1071 1872 1125 Ebn
1905 1072 2061 1135 Atia,

472 1162 585 1214 libn
626 1161 792 1226 Caab,
825 1164 911 1215 cui
965 1160 1270 1215 materfuit
1314 1160 1563 1216 Cathima
1629 1163 1730 1215 ﬁlia
1782 1161 2042 1215 llachatni

472 1253 646 1308 iibni-l
678 1252 1003 1324 Mogayarm,
1035 1253 1151 1309 Ebn
1187 1254 1482 1319 Abtliliabi,
1536 1255 1650 1309 Ebn
1680 1253 1886 1320 Omari,
1925 1254 2041 1308 Ebn

471 1345 772 1413 Machzum)
800 1344 890 1399 die.
920 1344 1111 1401 Martis
1155 1347 1348 1401 eodem
1397 1363 1505 1416 quo
1533 1356 1784 1401 mortuus
1814 1355 1896 1401 est
1921 1347 2039 1400 Abtt

472 1437 622 1502 Becr,
693 1437 857 1507 idque
908 1453 1054 1493 anno
1108 1439 1322 1509 imperii
1385 1439 1616 1494 Iieraclii
1695 1439 2041 1509 imperatoris

471 1530 851 1585 Romanorum
885 1530 1102 1585 decimo
1154 1533 1338 1595 tertio,
1382 1531 1539 1586 initio
1596 1531 1886 1586 chalilattts
1921 1533 2041 1600 ejus

469 1622 796 1677 constitutus
824 1629 909 1676 est
943 1619 1214 1690 Georgius
1267 1620 1580 1690 patriarcha
1601 1619 2035 1679 Alexandrinus;

469 1707 557 1776 qui
592 1716 826 1777 quatuor
848 1724 1022 1763 annos
1057 1708 1222 1769 sedit.
1280 1709 1404 1762 dcin
1461 1709 1645 1762 audito
1691 1707 2040 1762 Mosleminos

470 1798 702 1854 devictis
743 1798 1007 1854 Romanis
1065 1798 1405 1855 Palaestinam
1453 1812 1753 1867 tiCCllpaSSc
1790 1799 2043 1854 eosdem—
2070 1779 2114 1832 θ

473 1905 581 1958 que
606 1889 901 1960 Argyptum
928 1890 1171 1953 tendere,
1223 1890 1361 1943 mari
1419 1905 1480 1944 se
1519 1890 1873 1945 committens
1923 1891 2048 1944 Ale-

477 1983 699 2035 xandria
734 1981 1075 2037 Palzcstinam
1136 1982 1296 2052 fugit,
1325 1983 1637 2052 mansitque
1692 1991 1814 2052 post
1870 1983 2047 2052 ipsum

477 2074 737 2129 cathedra
770 2072 1141 2129 Alexandrina
1201 2078 1411 2143 absque
1449 2076 1760 2145 patriarcha
1799 2074 2048 2129 Melchita

479 2181 646 2221 annos
676 2167 973 2235 nonaginta
1012 2176 1245 2236 septem.
1279 2165 1410 2221 Post
1464 2166 1640 2235 ipsius
1693 2180 1824 2220 vero
1867 2165 2047 2236 fugam

471 2258 811 2314 constitutus
861 2265 948 2314 est
1007 2259 1187 2329 Cyrus
1257 2258 1566 2329 patriarcha
1608 2257 2038 2319 Alexandrinus,

471 2352 561 2421 qui
584 2353 856 2408 MarOnita
902 2352 1029 2418 fuit,
1060 2352 1305 2422 ejusdem
1348 2367 1473 2406 cum
1531 2348 1782 2406 Heraclio
1836 2351 2050 2420 religio-

473 2445 584 2499 nis.
613 2442 741 2499 Fuit
794 2455 977 2500 autem
1038 2444 1385 2499 Alexandriae
1455 2444 1760 2523 monachus
1818 2444 2043 2513 quidam

472 2539 692 2592 nomine
715 2537 1056 2606 Sophronius
1121 2537 1211 2607 qni
1254 2536 1383 2608 Cyri
1456 2536 1780 2606 patriarchae
1840 2535 2050 2591 doctri-

472 2645 594 2683 nam
624 2630 972 2699 improbavit.
1003 2628 1271 2686 Asseruit»
1296 2631 1470 2700 Cyrus
1507 2644 1630 2685 esse
1674 2628 1907 2682 Domino
1951 2644 2052 2682 no-

475 2732 590 2777 stro
626 2724 851 2778 Christo
877 2733 1103 2778 naturas
1130 2723 1290 2788 duas,
1337 2724 1675 2777 voluntatem
1701 2736 1887 2787 unam,
1924 2737 2054 2791 ope-

472 2814 738 2868 rationem
766 2829 956 2878 unam,
998 2829 1286 2882 personam
1315 2831 1509 2880 unam,
1554 2830 1675 2885 qua:
1725 2823 1807 2868 est
1844 2815 2048 2869 Maroni

472 2906 763 2960 sententia.
782 2905 950 2977 268
963 2906 1241 2963 Accedens
1256 2921 1387 2977 ergo
1409 2906 1754 2976 Sophronius
1769 2909 1832 2975 ad
1846 2905 2046 2977 Cyrum

478 3001 874 3067 patriai-chain,
929 3015 1050 3053 cum
1118 3003 1241 3070 ipso
1299 3000 1672 3069 disputatione
1708 3001 1918 3063 habita,
1966 2998 2048 3063 Si,

474 3089 674 3160 inquit,
705 3088 778 3144 ita
808 3105 895 3145 res
929 3089 1154 3145 haberet
1178 3095 1455 3160 quomodo
1489 3099 1547 3143 tu
1590 3090 1815 3156 asset-is,
1875 3099 2050 3145 esset—

490 3194 599 3248 que
630 3180 855 3236 Christo
887 3181 1136 3235 voluntas
1167 3195 1296 3248 una,
1353 3179 1600 3250 operatio
1632 3194 1760 3249 una,
1796 3193 2046 3234 necessa-

474 3274 557 3326 rio
584 3282 729 3329 esset
753 3273 857 3342 ipsi
891 3281 1084 3326 natura
1129 3287 1259 3337 una,
1314 3286 1422 3327 non
1478 3274 1598 3328 dua:
1635 3284 1859 3336 naturae,
1896 3274 2042 3343 quod

474 3370 732 3416 asserunt
785 3360 1073 3416 Jacobitte.
1112 3361 1183 3416 At
1248 3377 1350 3415 nos
1414 3363 1463 3417 ei
1515 3363 1650 3418 duas
1714 3362 2044 3425 voluntates,

474 3452 720 3521 duasque
752 3453 1120 3521 Operationes,
1160 3461 1323 3522 prout
1352 3461 1489 3507 sunt
1512 3454 1612 3523 ipsi
1651 3453 1772 3507 duae
1818 3462 2045 3515 naturai,

474 3545 1000 3622 attribuintus,cutu
1031 3546 1371 3615 impos:ibiie
1424 3547 1516 3609 sit,
1576 3556 1638 3600 ιιι
1683 3548 1754 3601 sit
1795 3546 2048 3600 voluntas

474 3652 576 3690 una
610 3637 749 3693 duas
777 3637 999 3694 babenti
1034 3649 1286 3693 naturas.
1325 3637 1381 3692 Si
1418 3638 1631 3692 unicam
1670 3638 1904 3693 haberet
1955 3653 2047 3693 vo-

473 3728 761 3791 luntatem,
797 3735 945 3782 certe
969 3735 1023 3782 et
1069 3727 1285 3782 unicam
1339 3729 1564 3783 haberet
1593 3736 1866 3782 naturam.
1907 3727 2044 3784 Cum

475 3830 599 3884 ergo
633 3815 772 3872 duas
814 3815 1013 3871 habeat
1036 3826 1287 3882 naturas,
1340 3818 1477 3872 duas
1520 3818 1685 3873 etiam
1740 3818 1902 3874 habet
1948 3833 2047 3873 vo-

474 3914 731 3963 luntates.
762 3908 861 3962 Cui
893 3908 1067 3979 Cyrus
1097 3927 1111 3963 :
1149 3907 1285 3964 Tant
1335 3909 1659 3966 Theodorus
1687 3908 1789 3982 (al.
1823 3909 2046 3982 llorius]

476 4004 671 4068 mqutt,
703 3999 1018 4068 patriarcha
1041 3995 1201 4054 Rom.
1236 4014 1400 4067 quam
1450 3997 1678 4069 Sergius
1731 3999 2038 4056 Constanti-

477 4089 833 4157 nOpolitanus
863 4091 915 4142 in
945 4089 1087 4143 hanc
1113 4091 1438 4144 sententiam
1479 4091 1883 4158 conspirarunt.
1915 4090 2050 4148 Pro-

476 4180 650 4239 iectus
680 4196 811 4252 ergo
870 4182 1216 4251 Sophronias
1261 4181 1818 4253 Constantinopolim,
1853 4199 2049 4239 occur-

476 4273 616 4327 renti
639 4272 713 4326 ibi
748 4271 853 4342 ipsi
883 4270 1075 4342 Sergio
1129 4272 1455 4340 patriarcha:
1517 4275 1760 4326 narravit
1792 4276 1927 4343 quid
1966 4276 2050 4330 itt-

476 4374 556 4417 ter
585 4376 644 4417 se
663 4375 728 4416 ac
760 4363 962 4430 Cyrum
1012 4359 1381 4430 patriarcham
1416 4360 1849 4416 Alexandrinum
1881 4363 2051 4418 inter-

2153 528 2288 577 riam
2355 524 2629 593 exposuit.
2692 521 2942 590 Cumque
2993 535 3100 574 non
3155 526 3303 574 esset
3328 515 3724 587 Hierosolymis

2152 616 2489 687 patriarcha,
2569 614 2784 669 muneri
2859 609 3209 682 patriarchali
3280 606 3574 678 praefectus
3640 613 3726 659 est

2152 708 2494 776 Sophronius
2528 707 2600 761 ob
2628 705 2750 760 ﬁdei
2779 720 2893 761 suae
2931 704 3307 758 sinceritatem
3341 716 3362 756 :
3391 699 3724 767 scripsitque

2149 801 2217 854 de
2258 802 2361 855 [ide
2394 801 2638 855 libellum
2665 814 2827 869 quem
2892 796 2946 850 in
2998 809 3188 849 omnes
3241 793 3491 863 regiones
3550 788 3723 855 misit,

2149 906 2544 961 acceptumque
2611 892 2923 946 habuerunt
2984 885 3202 963 [totius]
3259 884 3448 939 mundi
3506 882 3724 943 incolae,

2149 984 2333 1053 ibique
2387 999 2533 1038 anno
2575 981 2871 1049 chali'l'atns
2929 982 3110 1038 Omari
3166 978 3322 1034 Ebnil
3364 974 3589 1031 Cltetabi
3636 987 3728 1027 se-

2145 1078 2348 1133 cundo.
2381 1076 2537 1132 Anno
2567 1078 2861 1133 chalifatus
2889 1075 3136 1146 ejusdem
3166 1070 3359 1140 quinto
3383 1066 3722 1124 constitutus

2145 1177 2227 1222 est
2274 1167 2627 1223 Macedonius
2681 1168 2994 1238 patriarcha
3046 1164 3424 1219 Antiochenus
3475 1159 3528 1212 in
3584 1156 3723 1210 urbe

2143 1259 2787 1329 Coustantinopolilaua,
2820 1260 2913 1329 qui
2946 1255 3209 1310 Maronita
3244 1253 3367 1307 fuit.
3405 1245 3724 1305 Censtanti-

2144 1350 2326 1420 nopoli
2367 1365 2461 1405 scx
2511 1366 2684 1403 annos
2727 1349 3008 1410 substitit,
3051 1347 3176 1402 dein
3210 1361 3240 1400 e
3283 1343 3420 1398 vivis
3460 1339 3721 1404 excessit,

2144 1457 2438 1516 antequam
2488 1445 2833 1501 Antiochiam
2877 1446 2958 1497 vel
3008 1444 3292 1512 ingressus
3342 1446 3487 1492 esset
3514 1434 3599 1489 vel
3637 1432 3723 1487 vi-

2142 1539 2332 1593 dissct.

2141 1643 2164 1683 t.
2214 1632 2372 1684 Anno
2408 1628 2701 1685 chaliiatus
2732 1627 2916 1683 Omari
2950 1626 3110 1682 Ebnil
3144 1624 3370 1680 Cltetabi
3409 1629 3588 1687 sexto,
3622 1620 3729 1674 im-

2143 1722 2281 1794 perii
2316 1736 2444 1777 vero
2487 1720 2724 1775 lleraclii
2772 1720 2985 1774 decimo
3027 1727 3240 1780 octavo,
3277 1714 3608 1770 constitutus
3641 1717 3726 1764 cst

2152 1814 2327 1887 Syrus
2356 1813 2667 1884 patriarcha
2702 1809 3375 1878 Consmntinopolitanus,
3411 1805 3503 1876 qui
3532 1814 3585 1859 et
3614 1802 3729 1855 Ma-

2152 1907 2329 1961 ronita
2377 1906 2501 1959 fuit.
2534 1906 2725 1959 Annos
2751 1911 2877 1958 octo
2924 1902 3067 1958 sedit
3093 1901 3199 1973 (vel
3231 1898 3536 1955 secundum
3572 1893 3727 1951 aliud
3764 1916 3783 1929 ~

2149 1997 2450 2067 cxi-mplar,
2485 1995 2669 2066 duos),
2707 2010 2891 2050 verum
2920 2009 2951 2047 a
2984 1979 3215 2047 Martini:
3258 2004 3429 2044 uxore
3467 1986 3730 2051 lleraelii,

2150 2105 2272 2161 qua:
2302 2088 2609 2143 orthodoxa
2646 2086 2769 2149 l'nit,
2800 2087 2854 2140 in
2881 2085 3132 2141 exsilium
3166 2084 3360 2152 pulsUs
3390 2092 3495 2146 est,
3524 2093 3646 2150 quae
3675 2088 3731 2131 et

2152 2181 2273 2236 loco
2333 2179 2456 2248 ejus
2520 2176 2749 2232 Paulum
2814 2175 3184 2246 patriarcham
3236 2169 3728 2240 ConstantinOpoli

2152 2271 2432 2345 praefecit:
2467 2271 2555 2325 hic
2581 2271 2744 2325 etiam
2780 2268 3047 2324 Mat-unita
3077 2268 3198 2334 fuit,
3238 2282 3410 2322 annos
3439 2280 3533 2321 sex
3567 2264 3731 2327 se.'it,

2151 2366 2273 2421 dein
2308 2371 2559 2419 mortuus
2592 2373 2700 2419 est.
2730 2363 2859 2418 Post
2894 2361 3016 2432 eius
3045 2362 3254 2416 obitum
3292 2357 3533 2414 restituit
3558 2355 3731 2410 llera-

2130 2459 2290 2514 'clius
2318 2458 2537 2529 Syrum,
2564 2459 2656 2527 qui
2689 2473 2718 2512 a
2749 2457 2981 2529 coniuge
3012 2458 3184 2527 ipsius
3220 2456 3505 2525 relegatus
3528 2451 3731 2513 fuerat,

2153 2549 2450 2613 cathrdrm,
2507 2564 2671 2619 quam
2735 2557 2942 2617 septem
3005 2563 3181 2603 annos
3232 2546 3555 2616 occupavit,
3602 2543 3728 2599 dciu

2152 2659 2402 2702 mortuus
2429 2656 2534 2703 est.
2561 2645 2865 2702 Obsidione
2893 2654 3075 2701 autem
3106 2647 3394 2701 cinxerant
3423 2641 3729 2698 Moslemini

2154 2737 2504 2794 Damascum.
2566 2737 2815 2808 Cumque
2876 2737 3164 2793 chalil‘atni
3236 2739 3527 2809 pra-fectus
3581 2747 3732 2795 esset

2150 2830 2316 2888 Ontar
2348 2826 2533 2887 Ebno’l
2571 2833 2779 2888 Chetab
2809 2834 3029 2903 scriptis
3060 2834 3261 2889 litteris
3281 2875 3296 2899 ,
3333 2833 3496 2905 272
3526 2834 3731 2905 quibus

2151 2924 2410 2979 Omarnm
2435 2926 2609 2981 Ebnol
2638 2927 2732 2982 Asi
2760 2926 3082 2998 praefectura
3108 2927 3407 2992 abdicavit,
3435 2943 3555 2983 eam
3580 2927 3731 2983 Cha-

2152 3018 2275 3072 lcdo
2307 3018 2467 3073 Ebnil
2503 3017 2704 3074 Walidi
2745 3021 3040 3075 commisit.
3075 3019 3362 3076 lleraclius
3400 3033 3581 3076 autem
3618 3020 3731 3073 Ro-

2074 3125 2116 3181 c
2154 3124 2447 3165 manorum
2482 3113 2800 3182 imperator,
2826 3112 2921 3182 qui
2961 3114 3225 3167 Damasco
3252 3111 3510 3168 llemsum
3550 3128 3733 3168 reces-

2147 3212 2323 3265 serat,
2355 3203 2449 3258 ttbi
2484 3201 2839 3260 Mosleminos
2867 3205 3040 3274 captis
3066 3204 3359 3259 Paltestina
3388 3214 3441 3260 et
3467 3200 3732 3259 Ordonno

2148 3291 2436 3348 Bathuiam
2471 3296 2749 3362 profectos
2788 3312 2913 3351 esse
2949 3296 3271 3363 audivisset,
3307 3296 3505 3353 llcmso
3538 3300 3732 3352 Antio-
3811 3292 3827 3305 ’

2149 3385 2328 3438 chiam
2360 3385 2736 3454 descendens,
2770 3386 3023 3442 mandata
3060 3387 3260 3454 edixit,
3293 3396 3345 3441 et
3386 3388 3732 3460 congregatis

2148 3477 2287 3533 Most
2318 3478 2590 3535 Arabibus
2613 3494 2643 3534 e
2667 3479 2813 3535 tribu
2839 3479 3045 3546 Gasan,
3074 3479 3256 3547 ledan,
3281 3481 3432 3545 Calb,
3458 3480 3674 3536 Lacltan
3698 3496 3734 3536 o

2149 3568 2487 3638 reliquisque
2530 3570 2622 3639 qui
2674 3570 2777 3625 sub
2800 3570 3032 3626 arbitrio
3056 3575 3230 3641 ipsius
3251 3581 3408 3627 erant
3430 3572 3731 3647 Arabibus.

2150 3660 2344 3714 ducent
2399 3661 2534 3730 ipsis
2584 3664 2885 3734 praeposuit
2927 3679 2957 3720 e
3006 3667 3125 3720 suis
3169 3666 3462 3735 quemdam
3511 3668 3734 3721 nomine

2150 3751 2473 3819 Mahanttm,
2523 3769 2733 3825 eosque
2782 3754 3111 3812 Damascum
3160 3758 3351 3823 misit,
3404 3759 3628 3828 scriptis
3659 3759 3728 3813 ad

2152 3838 2472 3899 Mansurum
2517 3844 2836 3914 praefectum
2883 3862 3045 3902 suum
3082 3847 3281 3919 litteris
3319 3865 3431 3919 quo
3461 3851 3603 3905 datis
3637 3866 3734 3919 pe-

2150 3937 2330 3993 cuniis
2359 3939 2510 3993 viros
2539 3938 2725 4009 (istos)
2767 3939 2873 3994 sibi
2910 3941 3194 3996 retineret.
3232 3943 3368 3997 Cttm
3407 3951 3588 3999 autem
3618 3943 3732 3997 Ma-

2150 4025 2258 4080 ban
2307 4033 2363 4080 et
2408 4042 2530 4096 qua:
2581 4043 2704 4082 cum
2756 4028 2876 4098 ipso
2917 4039 3106 4085 essent
3152 4031 3346 4102 copiae,
3393 4032 3724 4089 Damascum

2151 4119 2568 4188 pervenissent,
2611 4119 2749 4174 dixit
2782 4122 2921 4192 ipsis
2968 4120 3232 4177 Mansur:
3279 4123 3432 4178 Haud
3468 4140 3607 4195 opus
3643 4137 3730 4180 est

2150 4210 2470 4279 imperatori
2503 4209 2706 4280 ingenti
2735 4211 2837 4265 hoc
2866 4214 3109 4265 exercitu
3139 4228 3156 4277 ;
3190 4213 3396 4267 Arabes
3424 4214 3569 4268 enim
3597 4229 3731 4283 gens

2151 4312 2284 4357 sunt
2318 4301 2614 4367 bellicosa,
2658 4309 2714 4356 et
2751 4302 2795 4355 si
2843 4303 2937 4371 qui
2987 4315 3179 4357 contra
3230 4302 3379 4374 ipsos
3423 4305 3730 4374 prodierint

2151 4407 2333 4464 pugna
2357 4380 2512 4465 ipsos
2537 4393 2880 4473 lacessitum,
2904 4394 3239 4450 exercitibus
3265 4409 3458 4451 eorum
3489 4405 3727 4465 stragem

476 4453 759 4558 ῗξθέθίξδθξς
806 4450 967 4558 Qu?
1016 4450 1248 4506 mirati”
1294 4459 1385 4558 -θδί
1445 4450 1673 4558 Sergi"?
1725 4456 2047 4558 illa-mare"?
2080 4470 2123 4526 υ
2153 4450 2551 4550 illaturi-sunt;
2585 4482 2716 4538 huic
2745 4464 2929 4538 autem
2959 4484 3225 4539 exercitui
3260 4486 3448 4541 tnultis
3475 4450 3731 4558 opusnest

476 4542 1111 4614 Constantinopolitanus
1168 4559 1183 4598 :
1255 4554 1312 4599 at
1371 4560 1498 4600 cum
1546 4556 1670 4614 post
1723 4548 1945 4603 biduum
1978 4552 2046 4606 ad

476 4638 653 4708 ipsum
681 4650 711 4690 a
741 4635 884 4708 Cyro
915 4636 1095 4691 delata
1125 4645 1312 4692 essent
1356 4652 1606 4702 munera,
1654 4650 1862 4695 mutata
1921 4657 2044 4697 sen-

478 4731 642 4786 'entia
663 4745 786 4797 sua,
814 4730 1081 4786 adversus
1110 4729 1420 4800 Sopltronio
1452 4731 1636 4787 factus
1657 4732 1710 4787 in
1766 4736 1888 4804 tlyri
1923 4749 2048 4789 sen-

478 4822 702 4877 tcntiatn
743 4821 899 4876 abiit.
959 4820 1283 4876 Theoderus
1342 4822 1509 4875 etiam
1553 4825 1887 4890 patriarcha
1941 4825 2050 4879 lio-

477 4928 669 4968 manus
691 4928 947 4982 perverse
975 4915 1243 4978 sentiens,
1276 4913 1411 4982 ipsis
1461 4929 1747 4969 assensum
1795 4919 2047 4985 prsebuit,

477 5021 728 5061 as>crens
785 5014 1040 5059 naturam
1108 5006 1282 5060 solam
1330 5004 1536 5061 Christi
1587 5007 1858 5079 duplicent
1901 5025 2045 5065 esse.

476 5099 626 5165 Quod
681 5097 1001 5162 improbans
1060 5098 1404 5166 Sopltronitts
1442 5097 1634 5154 :llaud
1694 5102 1792 5164 ita,
1848 5102 2046 5171 inquit,

475 5208 556 5246 res
587 5201 693 5246 est.
724 5188 1007 5259 Siquidem
1044 5192 1301 5260 qualibet
1360 5207 1466 5259 res,
1517 5191 1597 5265 [in
1641 5193 1783 5265 ipso]
1846 5196 2048 5263 duplex

476 5298 548 5341 )st
588 5285 691 5339 nisi
710 5283 854 5353 quod
879 5283 944 5336 ad
981 5298 1264 5351 personam
1297 5285 1548 5351 pertinet.
1579 5285 1706 5340 Dein
1741 5287 1998 5341 dixerunt
2032 5306 2045 5341 ς

479 5376 577 5431 Nec.
608 5376 743 5429 duas
759 5375 1066 5428 voluntates
1086 5372 1339 5438 dicimus,
1361 5390 1460 5430 nec
1486 5375 1814 5430 voluntatem
1840 5394 2002 5431 unam
2028 5396 2042 5431 :

477 5467 789 5535 mansitque
819 5467 1091 5520 sententia
1125 5463 1382 5519 Ecclesia:
1411 5468 1570 5520 anuis
1602 5466 1823 5522 circiter
1859 5467 2050 5540 269-

480 5560 632 5630 271
662 5558 1021 5629 quadraginta
1053 5572 1151 5611 sex
1187 5556 1454 5612 indecisa.
1511 5558 1640 5613 Dein
1704 5558 2050 5630 Sopltronius

481 5650 945 5719 [Ienstantirwpoli
964 5649 1334 5721 Hierosolyma
1351 5651 1694 5719 pert-enicas,
1715 5655 1929 5710 obviam
1948 5658 2047 5727 ipsi

481 5743 635 5795 lactis
666 5742 951 5797 monachis
982 5743 1241 5812 urbisque
1267 5741 1786 5817 llierosolymitame
1823 5750 2045 5821 incolis,

2149 4574 2429 4644 pecuniis;
2459 4589 2524 4629 ac
2552 4573 2801 4629 Damasci
2828 4591 2935 4630 non
2962 4587 3087 4631 sunt
3114 4592 3252 4648 quas
3282 4578 3418 4648 ipsis
3443 4595 3732 4649 erogetnns

2151 4663 2319 4733 (quod
2358 4664 2426 4718 ad
2461 4663 2613 4731 ipsos
2649 4662 3007 4730 diﬂ'erendos,
3045 4680 3129 4730 ac,
3166 4665 3292 4719 dolo
3328 4668 3472 4722 malo
3506 4668 3576 4721 ab
3613 4668 3732 4737 ipso

2151 4750 2356 4805 factum
2384 4759 2672 4804 autumant
2701 4753 2974 4815 nonnulli,
3001 4770 3111 4823 quo
3140 4753 3410 4820 bovnines,
3442 4757 3731 4813 audientes

2153 4856 2261 4895 non
2300 4855 2423 4895 esse
2455 4841 2704 4896 Damasci
2739 4857 2876 4912 quas
2910 4844 3043 4913 ipsis
3075 4846 3408 4917 elargiretur
3438 4851 3727 4918 pecunias,

2150 4931 2574 5000 dissiparentur,
2599 4946 2663 4986 ac
2690 4932 2989 4991 Damascus
3015 4935 3347 4992 Mosleutinis
3372 4940 3729 5006 traderetur.)

2149 5019 2252 5072 (Ini
2282 5017 2499 5085 Maban,
2526 5018 2705 5076 Trade
2752 5024 2914 5078 nobis
2942 5024 3166 5099 (inquit)
3188 5044 3309 5097 quae
3330 5044 3497 5098 penes
3524 5041 3573 5084 te
3599 5044 3731 5086 sunt

2152 5112 2452 5177 pecunias,
2510 5130 2609 5167 nos
2655 5125 2833 5167 autem
2879 5119 2946 5171 ad
2995 5120 3373 5188 imperatorem
3426 5124 3733 5182 scribentes

2151 5205 2442 5256 certiorem
2487 5220 2609 5257 eum
2657 5206 2921 5262 faciemus
2962 5224 3069 5264 non
3116 5226 3238 5266 esse
3280 5213 3529 5271 iiantaSci
3571 5233 3728 5272 num-

2154 5306 2305 5356 mos,
2339 5300 2397 5344 ιιι
2428 5293 2473 5347 si
2509 5294 2610 5361 ipsi
2645 5294 3016 5370 2733275
3055 5302 3187 5356 viris
3218 5320 3361 5373 Opus
3402 5304 3588 5372 fuerit,
3628 5312 3729 5362 ali-

2152 5400 2318 5452 quam
2381 5386 2641 5454 pecunias
2707 5390 3026 5457 acquirendi
3092 5395 3360 5451 rationem
3432 5401 3730 5471 excogim't,

2151 5492 2355 5547 easque
2404 5478 2471 5541 ad
2517 5479 2643 5534 illos
2681 5497 3020 5554 quocunque
3055 5490 3277 5544 tandem
3322 5495 3484 5568 modp
3526 5497 3727 5550 tnittat.

2152 5570 2287 5623 Cum
2322 5581 2504 5625 autem
2548 5573 2851 5630 audivisset
2894 5576 3130 5647 Maban,
3176 5582 3388 5639 Arabes
3438 5582 3728 5641 Tiberiade

2152 5676 2408 5732 egressos
2444 5661 2767 5719 Damascum
2814 5669 3073 5736 tendere,
3111 5673 3355 5731 collectis
3395 5679 3570 5748 copiis
3609 5687 3727 5733 suis

2153 5755 2423 5810 Damasco
2460 5754 2746 5837 proiectus
2789 5761 2938 5816 bidui
2995 5764 3098 5820 iter
3144 5779 3401 5827 emensus
3441 5778 3560 5833 est.
3600 5769 3727 5824 dein
