4116 6414
390 265 529 331 1097
588 228 603 253 τ

1826 247 2195 311 ANNAIES.

3521 246 3656 312 10ξὸ

383 382 804 433 casti-ametatus
853 380 938 426 cst
964 370 1060 425 .ad
1117 368 1314 425 vadunt
1364 364 1640 437 quoddam
1699 372 1960 432 magnum
1995 359 2039 418 Α
2071 360 2286 415 ritatem
2328 328 2653 432 prmstiissc
2687 360 2834 432 quod
2871 362 2936 417 ad
2984 362 3121 417 vitas
3151 370 3386 428 vestras,
3430 362 3656 419 domos.

383 469 583 523 Wadil‘
616 463 829 522 Ramad
871 462 1076 518 dictum
1099 499 1120 528 ,
1160 461 1282 517 loco
1327 458 1415 514 cui
1446 470 1651 512 nomen
1685 451 1967 523 Aljaulan;

384 578 448 618 ac
482 561 646 632 vulgo
677 557 965 624 Yakusah,
1025 554 1240 625 fuitque
1296 551 1496 607 vadum
1534 550 1677 604 inter
1706 547 1887 618 ipsum
1916 550 1971 599 et

384 653 595 709 Arabes
630 651 806 707 instar
838 649 1021 705 fossae.
1058 645 1139 702 ibi
1173 645 1342 717 igitur
1371 641 1570 700 diebus
1599 640 1809 710 aliquot
1837 635 1970 717 sub-_

389 745 669 810 stiterunt,
693 739 973 796 Arabibus
994 736 1128 806 ipsis
1155 712 1223 792 es
1250 734 1482 790 adverso
1514 731 1732 803 positis.
1759 729 1830 783 At
1855 712 1979 798 pos‘

390 833 511 889 dies
540 831 754 905 aliquot
785 826 1080 884 “ausurus
1121 823 1415 894 praeiectus
1435 858 1452 886 ,
1485 819 1756 874 Damasco
1792 829 1980 889 egres-

391 941 515 989 sus,
544 923 764 981 Maliaci
789 921 1094 978 exercitum
1126 917 1306 989 petiit,
1343 914 1606 987 pectmias
1634 926 1823 969 secum
1848 907 1981 964 aife-

392 1036 523 1076 rens
552 1031 693 1090 quas
732 1015 807 1071 ibi
848 1013 1184 1083 collegerat,
1228 1018 1286 1064 ut
1308 1007 1575 1064 militibus
1612 1002 1832 1061 easdem
1860 999 1981 1056 dis-

394 1112 681 1167 tribueret.
762 1103 939 1161 Noctu
989 1109 1174 1158 autem
1243 1100 1314 1157 ad
1353 1100 1655 1155 exercitum
1712 1093 1981 1165 pervenit,

401 1204 591 1259 multis
621 1201 803 1271 ipsum
831 1213 864 1254 e
902 1194 1156 1251 Damasci
1208 1191 1402 1249 incolis
1440 1188 1838 1246 comitantibus
1885 1186 1979 1256 qui

287 1369 291 1373 ν
403 1298 658 1351 lucernas
689 1297 995 1363 gestarent,
1047 1299 1287 1355 cumque
1334 1283 1403 1338 ad
1431 1282 1731 1338 exercitum
1759 1279 1986 1350 propius

404 1386 798 1446 accessissent.
831 1393 1084 1455 tympana
1118 1377 1440 1449 pulsarent,
1472 1381 1530 1428 et
1558 1372 1810 1429 buccinis
1837 1369 1988 1425 clan-

403 1488 614 1549 gorent,
660 1492 725 1531 ac
752 1474 1048 1532 clamorem
1093 1469 1338 1527 ederent.
1380 1463 1539 1531 Quod
1581 1463 1744 1518 etiam
1773 1477 1803 1516 a
1834 1460 1989 1516 Man-

405 1588 539 1630 suro
563 1571 703 1626 mala
728 1568 923 1626 fraude
948 1565 1176 1622 factum.
1212 1560 1445 1617 Romani
1477 1568 1661 1613 autem
1687 1553 1823 1611 visis
1846 1567 1989 1625 pone

407 1678 467 1721 se
518 1662 784 1725 lucernis,
851 1657 1149 1733 auditoque
1206 1662 1588 1723 tympanorum
1632 1655 1688 1703 et
1731 1645 1985 1701 tubarum

407 1755 661 1826 strepitu,
687 1749 952 1823 suspicati
978 1747 1189 1802 Arabes
1212 1758 1244 1799 a
1268 1752 1420 1813 tergo
1450 1739 1603 1811 ipsos
1623 1752 1983 1813 aggressuros

410 1862 475 1902 ac
522 1843 1003 1908 circumdaturos,
1052 1837 1110 1893 in
1163 1835 1346 1904 fugam
1393 1833 1645 1888 conversi
1691 1844 1886 1885 omnes
1927 1828 1984 1883 in

411 1944 710 1995 torrentem
741 1935 932 1997 istum,
959 1929 1171 1987 scilicet
1192 1925 1374 1981 Wadil
1397 1922 1628 1987 Remad,
1652 1922 1744 1992 qui
1769 1930 1987 1976 torrens

410 2040 496 2088 est
543 2027 703 2085 valde
737 2038 1005 2095 magnus,
1043 2018 1386 2083 incidentes,
1422 2013 1748 2085 perierunt;
1799 2010 1987 2082 paucis

411 2118 704 2175 admodum
754 2131 822 2171 ex
863 2114 999 2185 ipsis
1039 2109 1418 2174 evadentihus,
1465 2119 1697 2176 quorum
1732 2103 1902 2172 aliqui
1933 2101 1986 2157 in

415 2212 532 2268 loca
571 2210 784 2266 diversa
816 2205 945 2277 fuga
975 2220 1035 2262 se
1067 2200 1497 2274 proripuerunt;
1531 2195 1624 2252 alii
1663 2193 1987 2250 Damascum

412 2301 620 2358 reversi
665 2308 836 2362 sunt;
863 2295 955 2351 alii
987 2292 1389 2364 Hierosolyma,
1417 2291 1509 2346 alii
1544 2287 1848 2343 Caesaream
1883 2283 1988 2338 Pa-

342 2375 360 2391 .
417 2396 640 2452 lmstinte
665 2389 832 2460 276
857 2388 1137 2459 fugerunt.
1166 2385 1269 2452 Qui
1290 2390 1473 2438 autem
1497 2381 1821 2435 Damascum
1844 2378 1988 2431 abie~

418 2497 548 2545 runt
576 2501 609 2543 e
653 2482 943 2546 Romanis,
983 2480 1238 2535 timentes
1279 2492 1350 2531 ne
1388 2488 1418 2529 a
1458 2471 1802 2529 Moslemiuis
1840 2469 1991 2526 obsi-

418 2583 581 2637 dione
647 2579 1023 2649 cingerentur,
1089 2570 1232 2627 cibis
1293 2575 1458 2638 atque
1509 2565 1788 2638 opsoniis,
1837 2568 1895 2617 et
1938 2559 1989 2614 id

419 2688 593 2746 genus
633 2670 756 2727 aliis
794 2677 1137 2741 quaecunque
1174 2667 1474 2733 potuerunt
1531 2656 1678 2712 intro
1731 2655 1989 2726 receptis,

396 2769 487 2845 ad
522 2771 714 2837 portas
758 2760 1005 2817 ballistas
1031 2764 1086 2813 et
1114 2753 1402 2810 machinas
1431 2758 1765 2818 statuerunt,
1792 2748 1993 2820 quibus

421 2861 626 2915 milites
661 2853 1030 2926 praefecerunt
1056 2866 1072 2913 ;
1098 2847 1228 2903 dein
1260 2847 1325 2901 ad
1359 2844 1670 2900 Heracliam
1700 2842 1997 2912 imperato-

425 2967 537 3007 rem
573 2949 876 3006 scribentes
910 2957 1070 3013 Opem
1108 2939 1177 2994 ab
1212 2938 1334 3009 ipso
1367 2936 1667 3009 petierunt,
1707 2934 1997 3006 ipsumque

2079 467 2207 523 que,
2237 467 2303 510 ac
2326 468 2480 524 opes,
2510 461 2565 510 et
2593 454 2857 512 ecclesias
2887 465 3120 523 vestras,
3147 469 3214 510 ue
3233 454 3544 522 diruantur,
3569 459 3655 512 vel

2081 545 2475 615 iultabitentur,
2508 548 2605 603 sed
2628 548 2857 618 paciiice
2879 547 3036 603 vobis
3057 547 3451 602 concedantur.
3474 545 3652 614 Quam

2081 653 2207 693 cum
2263 638 2523 695 Mansuro
2580 640 2825 696 chartam
2877 639 3192 696 tradidisset
3244 641 3362 709 ipse
3410 639 3656 695 Chaledo

2082 742 2299 800 portam
2351 731 2673 788 orientalem
2726 732 3058 803 adaperuit,
3128 729 3221 802 qui
3278 746 3411 801 ergo
3460 732 3651 786 urbem

2082 822 2372 894 ingressus
2403 825 2582 882 socios
2614 840 2746 883 suos
2793 823 3133 893 inclamans,
3177 823 3404 881 Gladios
3434 824 3662 894 (inquit)

2087 922 2301 974 vestros
2350 914 2650 973 recondito.
2736 914 2973 986 ingrcssi
3025 924 3209 970 autem
3261 912 3486 971 Chaledi
3542 911 3657 967 Ehu

2087 1005 2301 1063 Waledi
2339 1007 2542 1064 milites
2584 1008 2794 1075 urbem,
2837 1008 3009 1064 Deum
3027 1008 3315 1079 (optimum
3351 1006 3659 1063 maximum

2088 1101 2246 1175 [voce
2273 1102 2407 1177 alta]
2437 1104 2805 1162 celebrarunt.
2835 1104 3035 1161 Milites
3066 1104 3234 1176 igitur
3268 1102 3443 1160 Gnaei
3470 1102 3561 1173 qui
3589 1103 3660 1156 ad

2087 1204 2276 1267 portas
2306 1197 2591 1254 constituti
2624 1197 2863 1263 fuerant,
2894 1212 3043 1264 cum,
3077 1197 3262 1251 audita
3289 1193 3664 1251 celebratione

2086 1289 2228 1357 ista,
2273 1298 2497 1347 nossent
2548 1289 2865 1347 Mansurum
2910 1297 3096 1360 aperta
3148 1297 3306 1359 porta
3348 1286 3559 1342 Arabes
3606 1285 3663 1339 in

2089 1384 2279 1440 urbem
2328 1385 2719 1451 intromisisse,
2764 1383 3001 1438 desertis
3042 1382 3218 1452 portis
3256 1380 3534 1450 ingerunt.
3573 1377 3666 1432 lu-

2089 1491 2312 1547 gressus
2344 1486 2428 1533 est
2461 1491 2594 1548 ergo
2623 1476 2743 1531 Abu
2773 1474 3019 1532 Obsidalt
3047 1472 3225 1530 Ebnol
3256 1469 3437 1528 laralti
3470 1469 3662 1525 urbem

2091 1568 2272 1639 gladio
2316 1569 2510 1626 stricto
2553 1569 2621 1624 ad
2677 1579 2890 1640 portam
2938 1567 3137 1635 labia;
3195 1566 3341 1622 lasid
3392 1565 3507 1621 Ebn
3557 1562 3665 1619 Abi

2092 1661 2319 1733 Soiyan,
2357 1663 2541 1733 gladio
2578 1663 2743 1719 etiam
2787 1662 3001 1729 stricto,
3044 1670 3202 1732 porta
3248 1674 3455 1732 parva;
3500 1656 3667 1713 Omar

2093 1754 2270 1811 Ebnol
2311 1756 2437 1824 Asi,
2474 1757 2657 1827 gladio
2689 1756 2917 1820 stricto,
2961 1763 3119 1825 porta
3160 1752 3426 1808 Thomc:
3465 1750 3561 1805 ubi
3596 1748 3668 1802 ad

2094 1857 2309 1920 tempus
2376 1849 2491 1904 acri
2537 1863 2713 1921 pugna
2760 1847 3079 1911 dimicavit,
3126 1860 3269 1901 ctesa
3315 1859 3383 1900 ex
3433 1852 3669 1911 utroque

2092 1941 2338 1998 exercitu
2368 1940 2438 1997 ad
2469 1949 2682 2012 portam
2713 1940 2939 1997 Thomte
2966 1953 3159 2010 magna
3193 1938 3473 1993 hominum
3502 1935 3670 2006 280

2095 2032 2471 2098 multitudine,
2508 2047 2612 2088 nec
2641 2031 2925 2088 desierunt
2966 2028 3408 2085 Mohatnntedani
3435 2030 3670 2095 cadere,

2094 2136 2153 2183 et
2201 2127 2444 2197 captivos
2510 2124 2710 2180 facere.
2778 2121 3157 2179 Occurrerunt
3222 2132 3404 2175 autem
3464 2119 3673 2177 Cltaled

2098 2217 2296 2277 Ebnol’
2334 2218 2537 2285 Walid,
2571 2217 2692 2274 Abu
2728 2216 2970 2273 Ohaidah
2992 2254 3010 2281 ,
3054 2215 3224 2270 Ebnol
3254 2213 3467 2283 Jarahi,
3509 2213 3675 2270 Yazid

2100 2317 2213 2372 Ehn
2244 2314 2347 2371 Abi
2385 2312 2613 2386 Sofyan,
2640 2318 2695 2366 et
2722 2309 2925 2366 Amrus
2957 2306 3147 2364 Ebnol’
3178 2309 3294 2371 Asi,
3331 2306 3481 2381 [loco
3499 2307 3672 2380 dicto]

2099 2409 2164 2465 Al
2208 2407 2490 2479 Ziyanain.
2548 2404 2784 2474 Fuitque
2836 2403 2892 2458 in
2947 2416 3113 2457 manu
3166 2399 3408 2457 Mansuri
3456 2400 3675 2465 libellus

2098 2515 2400 2573 expansos.
2431 2496 2686 2553 Narravit
2715 2511 2846 2566 ergo
2879 2494 2990 2551 illis
3023 2493 3229 2549 Cbaled
3264 2493 3441 2550 Ebnol
3464 2488 3673 2559 Walld,

2112 2608 2274 2663 quam
2320 2587 2722 2664 [Damascenis]
2757 2587 3110 2644 securitatem
3151 2586 3543 2643 concessisset.
3586 2585 3677 2641 Di-

2092 2697 2370 2758 .centeque
2404 2683 2614 2740 Yazido
2641 2672 2775 2738 Eh‘n.
2794 2682 2897 2736 Abi
2928 2681 3133 2753 Sofyan
3167 2698 3181 2736 :
3213 2680 3332 2737 Hoc
3360 2680 3679 2737 securitatis

2101 2775 2371 2854 [pactum]
2408 2783 2587 2831 ratum
2632 2790 2743 2830 non
2788 2774 3087 2840 habemus;
3123 2771 3523 2841 responderunt
3553 2771 3675 2827 Aha

2102 2874 2348 2931 Ohaidah
2397 2882 2453 2928 et
2493 2873 2659 2926 Omar
2701 2867 2889 2925 Ebnol’
2929 2867 3069 2923 Asi:
3111 2866 3224 2921 Nos
3269 2867 3449 2935 ipsum
3497 2873 3678 2920 ratum

2109 2966 2415 3026 habemus,
2466 2960 2760 3016 comitibus
2807 2957 2925 3015 suis
2974 2958 3349 3012 exclamantes
3389 2975 3403 3012 :
3455 2956 3682 3013 Gladios

421 3046 715 3101 certiorem
744 3038 996 3094 fecerunt
1026 3033 1156 3104 quid
1190 3030 1325 3101 ipsis
1356 3029 1561 3085 iecerat
1586 3027 1899 3093 Mansurus,
1931 3040 1995 3080 ac
2024 3062 2068 3120 ϐ
2104 3052 2422 3118 recondita;
2453 3050 2710 3106 Yazadus
2739 3065 2873 3106 vero
2909 3049 3073 3106 sociis
3106 3048 3225 3103 suis
3251 3063 3267 3102 :
3303 3047 3379 3103 Ne
3410 3047 3683 3103 reconda_

425 3136 625 3207 quibus
665 3145 795 3202 erga
841 3130 994 3199 ipsos
1040 3122 1261 3180 insidiis
1300 3137 1436 3176 usus
1488 3120 1726 3175 virorum
1763 3129 1996 3188 stragem

425 3206 713 3283 edidisset.
756 3219 953 3277 Maban
988 3230 1118 3272 vero
1164 3212 1232 3269 ad
1268 3206 1578 3268 Heracliam
1614 3211 1999 3281 imperatorem

430 3319 612 3374 redire
643 3316 853 3372 veritus
874 3353 893 3380 ,
936 3327 1008 3368 ne
1038 3311 1108 3366 ab
1155 3310 1276 3380 ipso
1311 3307 1755 3368 interﬁceretur,
1785 3304 1910 3374 fuga
1941 3316 2003 3356 se

429 3411 483 3465 iu
515 3414 756 3463 montem
787 3402 923 3460 Sina
956 3399 1254 3470 recipiens,
1288 3399 1461 3452 vitam
1493 3394 1850 3450 monasticam
1885 3408 2003 3445 am-

433 3500 623 3570 plexus
672 3503 785 3560 est,
831 3492 1007 3548 ascito
1039 3488 1142 3545 sibi
1175 3486 1401 3543 nomine
1439 3483 1757 3540 Anastasio.
1798 3479 2005 3551 Estque

430 3569 547 3661 ipse
595 3595 791 3645 auctor
841 3581 1114 3641 sermonis
1162 3593 1272 3650 quo
1319 3576 1596 3633 Psalmum
1650 3589 1682 3629 e
1730 3569 2005 3626 Davidicis

434 3690 650 3739 sextum
708 3680 1099 3748 interpretatus
1147 3681 1252 3728 est.
1301 3668 1406 3726 Ubi
1457 3677 1637 3724 autem
1682 3665 2006 3719 Damascum

436 3772 817 3844 pervenissent
854 3764 1185 3828 Moslemini,
1220 3773 1399 3818 castra
1441 3759 1627 3830 posuit
1655 3754 1860 3812 Chaled
1897 3753 2007 3807 Eb-

435 3841 543 3921 nol’
597 3861 808 3926 Walid,
847 3859 917 3915 ad
959 3867 1169 3929 portam
1219 3851 1589 3913 Orientalem,
1636 3846 1755 3902 Abu
1802 3841 2009 3899 Obaida

433 3957 605 4013 Ebnol
630 3954 842 4018 Jarnhi,
874 3953 939 4007 ad
973 3962 1183 4021 portam
1216 3944 1422 4010 labiae;
1448 3943 1649 3996 Amrus
1683 3938 1857 3993 Ebnol
1887 3935 2008 3998 Asi,

437 4053 502 4104 ad
553 4058 764 4119 portam
807 4044 1061 4112 Thomas;
1102 4038 1271 4095 Ynzid
1322 4037 1437 4092 Ebn
1490 4034 1592 4089 Abi
1640 4029 1886 4103 Sofyau,
1942 4027 2010 4082 ad

437 4152 651 4215 portam
684 4152 930 4210 parvam,
973 4147 1152 4204 usque
1202 4130 1268 4185 ad
1311 4137 1532 4200 portam
1575 4124 1764 4180 Cisan.
1807 4120 2010 4176 Urbem

437 4214 568 4304 ergo
598 4229 884 4287 obsidione
921 4224 1215 4281 cinxerunt
1245 4233 1342 4276 sex
1378 4215 1682 4278 mensibus,
1720 4214 1883 4268 unico
1913 4224 2012 4265 ex-

439 4302 598 4398 cepto
637 4323 764 4388 die,
810 4316 1207 4391 prodeuntibus
1239 4310 1481 4383 quotidie
1519 4306 1727 4363 Graecis
1755 4319 1786 4361 e
1818 4302 2011 4374 portis,

440 4428 736 4487 pugnaque
766 4401 876 4468 eos
919 4405 1341 4465 lacessentibus.
1392 4400 1509 4467 Qua
1550 4399 1617 4454 de
1664 4412 1722 4453 re
1762 4410 1886 4450 cum
1917 4408 2014 4464 per
2045 4404 2094 4461 ι)

442 4484 655 4565 litteras
695 4504 961 4561 Omarum
1009 4497 1183 4555 Ebnol
1227 4493 1460 4552 Chetabi
1513 4491 1801 4548 certiorem
1853 4484 2019 4541 fecis-

443 4609 594 4664 sent,
627 4597 719 4653 ille
762 4592 1048 4665 rescriptis
1079 4588 1276 4645 litteris
1309 4584 1601 4642 Chaledum
1638 4577 1809 4636 Ebual
1838 4576 2019 4632 Walid

445 4690 682 4763 imperio
711 4686 1013 4751 abdicavit,
1059 4682 1228 4739 rebus
1280 4679 1400 4734 Ahu
1449 4675 1713 4739 Obaidam
1745 4671 1861 4726 Ebn
1895 4669 2020 4725 lar-

447 4785 565 4840 rahi
600 4779 933 4853 praeﬁcieus.

517 4877 656 4931 Cum
719 4887 853 4929 vero
913 4868 1201 4927 obsidione
1257 4873 1609 4922 arctareutur
1671 4854 2021 4919 Damasceni,

448 4970 728 5040 profectus
768 4963 993 5020 Mansur
1036 4959 1288 5015 Damasci
1317 4952 1693 5028 277-279
1734 4949 2023 5021 praefectus

449 5061 516 5117 ad
548 5068 761 5129 portam
798 5051 1143 5117 orientalem,
1172 5049 1472 5106 Cltaledum
1501 5044 1620 5100 Ehn
1652 5041 1831 5097 Wal‘td
1857 5054 2022 5112 roga-

385 5218 389 5222 θ
450 5152 552 5218 vit,
593 5157 655 5203 ut
675 5145 778 5203 sibi
823 5142 1070 5212 suisque,
1117 5145 1174 5194 et
1215 5137 1306 5209 qui
1349 5151 1473 5192 cum
1528 5136 1649 5205 ipso
1672 5140 1881 5197 essent,
1926 5143 2028 5184 nec

451 5260 565 5301 non
602 5237 851 5296 Damasci
894 5234 1114 5296 incolis,
1149 5230 1392 5300 exceptis
1430 5227 1718 5294 Romanis,
1752 5223 2027 5280 securita-

455 5345 564 5392 tem
599 5329 946 5388 concederet.
975 5324 1069 5396 qui
1103 5321 1208 5393 ipsi
1260 5320 1507 5375 Damasci
1533 5327 1720 5388 portas
1767 5315 2026 5386 aperiret.

453 5427 555 5484 Cui
606 5424 666 5480 in
713 5436 780 5479 eo
798 5419 947 5492 quod
999 5411 1160 5488 petiit
1213 5425 1467 5467 annuens
1515 5407 1769 5474 Chaled,
1817 5407 2029 5461 litteras

458 5514 780 5577 securitatis
813 5511 917 5582 ipsi
950 5505 1293 5578 perscripsit,
1327 5515 1564 5572 quarum
1596 5501 1700 5554 hoc
1733 5505 1819 5553 est
1847 5510 2032 5551 exem-

461 5610 578 5680 plar
603 5626 616 5661 :
642 5603 880 5661 Libellus
905 5601 1008 5654 iste
1030 5595 1240 5669 [datus]
1262 5602 1347 5649 est
1372 5582 1401 5645 a
1425 5589 1665 5645 Chaledo
1689 5587 1803 5641 Ebn
1825 5582 2030 5647 Walid,

464 5678 620 5759 urbis
645 5694 900 5752 Damasci
930 5689 1163 5754 incolis;
1198 5685 1422 5758 [Notum
1456 5679 1550 5755 sit]
1581 5694 1668 5737 me
1698 5678 1851 5736 vobis
1882 5690 2037 5736 secu-

679 5789 957 5848 Pnnon,
998 5779 1117 5840 Gn.
1153 5777 1305 5840 CXI.

2105 3149 2198 3204 tis.
2241 3147 2385 3202 Dixit
2416 3144 2620 3200 Amrus
2655 3142 2827 3199 Ebnol
2874 3142 3015 3198 Asi:
3055 3141 3480 3198 Consentiamus
3521 3138 3683 3194 dedi-

2107 3242 2259 3297 tione
2306 3248 2522 3311 captam
2574 3252 2699 3293 esse
2762 3236 2986 3301 urbem;
3041 3233 3187 3304 quod
3240 3247 3365 3288 cum
3423 3232 3682 3286 omnibus

2108 3335 2382 3404 placeret,
2443 3332 2586 3387 dixit
2642 3331 2753 3387 illis
2809 3328 3076 3384 Mansur:
3135 3325 3253 3382 Hoc
3310 3325 3444 3380 mihi
3497 3325 3682 3380 statim

2111 3437 2371 3487 testatum
2420 3426 2584 3482 facite
2612 3442 2631 3481 :
2674 3422 2970 3493 libelloque
3017 3434 3155 3489 ergo
3188 3419 3515 3490 inscriptum
3557 3424 3682 3473 est:

2108 3524 2319 3582 Testati
2366 3531 2529 3584 sunt,
2579 3519 2700 3575 Abu
2738 3502 2989 3572 Obaidali
3028 3512 3203 3568 Ebnol
3253 3512 3461 3577 larahi,
3516 3509 3686 3564 Yazid

2114 3618 2228 3675 Ebn
2260 3616 2363 3672 Abi
2387 3614 2620 3686 Sofyan,
2649 3611 2854 3667 Amrus
2883 3606 3058 3664 Ebnol
3083 3607 3199 3670 Asi,
3229 3610 3285 3660 et
3308 3602 3543 3672 Sariabil
3570 3601 3687 3657 Ehn

2112 3710 2335 3780 Baianae
2381 3727 2397 3764 :
2456 3704 2779 3774 accepitque
2844 3698 3070 3756 Mansur
3129 3697 3395 3753 libellum.
3453 3694 3686 3750 Militum

2112 3810 2291 3858 autem
2320 3798 2629 3855 Graecorum
2654 3801 2925 3868 quotquot
2944 3797 3258 3854 evaserunt,
3282 3791 3348 3843 ad
3372 3787 3685 3843 Heraclium

2113 3899 2529 3962 imperatorem,
2580 3891 2928 3947 Antiochiam
2975 3892 3349 3944 accesserunt.
3396 3883 3685 3939 Heraclius

2114 3998 2294 4043 autem
2337 3987 2636 4054 imperator
2678 3980 2865 4036 audito
2903 3987 3117 4049 captam
3165 3991 3287 4033 esse
3313 3975 3684 4031 Damascum:

2115 4076 2248 4134 Vale
2275 4074 2548 4146 (inquit)o
2582 4072 2763 4143 Syria,
2787 4071 2839 4126 id
2872 4079 2975 4136 est,
3015 4066 3168 4132 Vale,
3202 4066 3468 4121 Datnasce
3497 4063 3688 4135 Syria),

2116 4164 2647 4236 Constantinopolim
2687 4175 2858 4232 usque
2893 4158 3169 4231 profectus
3208 4166 3314 4219 est,
3349 4157 3511 4228 idque
3544 4170 3692 4210 anno

2117 4260 2413 4319 chalifatus
2442 4255 2628 4314 Omari
2664 4253 2819 4309 Ehnil
2871 4252 3100 4309 Chetabi
3135 4252 3334 4318 tertio;
3374 4248 3691 4305 Mansurum

2119 4367 2302 4411 autem
2347 4349 2602 4408 Damasci
2645 4345 2961 4415 praefectura
3002 4345 3074 4401 ob
3117 4343 3259 4399 mala
3306 4342 3481 4413 ipsius
3528 4343 3695 4409 facta,

2122 4449 2383 4524 quodque
2417 4446 2622 4503 Graecis
2658 4445 2715 4499 in
2749 4456 2918 4497 causa
2952 4439 3053 4494 fuit
3097 4444 3158 4492 ut
3197 4437 3605 4501 occiderentur,
3648 4446 3704 4492 et

2123 4540 2481 4616 281-283
2542 4529 3015 4593 Mohammedanis
3075 4536 3266 4583 contra
3334 4527 3486 4598 ipsos
3536 4541 3697 4596 opem

2124 4642 2365 4709 tulisset,
2385 4631 2735 4689 anathemate
2757 4622 3148 4696 percusserunt
3167 4634 3358 4675 omnes
3376 4617 3701 4688 patriarchae

2125 4746 2178 4791 et
2217 4706 2459 4803 episcopi
2503 4739 2599 4795 per
2644 4719 2966 4776 universum
3008 4724 3277 4769 terrarum
3321 4710 3533 4764 orbem.
3570 4706 3701 4761 Post

2126 4798 2269 4881 dies-
2304 4830 2483 4876 autem
2537 4823 2745 4885 septem
2804 4809 3056 4881 pervenit
3103 4804 3169 4860 ad
3219 4800 3481 4858 Omarum
3538 4798 3701 4853 Ebnil

2128 4913 2360 4972 Chetabi
2392 4908 2653 4973 nuntius,
2697 4903 2988 4960 certiorem
3031 4899 3209 4968 ipsum
3247 4892 3452 4950 iaciens
3484 4900 3699 4960 captam

2128 5025 2252 5067 esse
2282 5006 2633 5060 Damascum.
2658 4994 2891 5067 Scripsit
2916 5005 3048 5062 ergo
3078 4990 3246 5045 Omar
3273 4984 3447 5040 Ebnol
3475 4982 3703 5038 Chetahi

2131 5106 2196 5160 ad
2229 5103 2456 5158 Amrum
2496 5093 2670 5151 Ebnol
2699 5091 2812 5155 Asi,
2844 5095 2907 5144 ut
2939 5086 3241 5142 exercitum
3272 5095 3433 5137 suum
3460 5077 3705 5135 Palaesti-

2132 5212 2260 5255 nam
2310 5191 2641 5253 ahduceret;
2670 5180 3005 5251 scripsitque
3044 5173 3305 5231 Yazidum
3331 5170 3446 5227 Eho
3473 5171 3574 5226 Abi
3599 5169 3703 5224 So-

2134 5292 2262 5362 fyan
2301 5284 2569 5340 Damasco
2593 5273 2832 5348 praeﬁci;
2872 5270 3197 5339 Scrjabilum
3240 5265 3413 5320 lilium
3448 5264 3703 5325 Hasanae,

2134 5354 2428 5442 Droddano
2468 5370 2704 5449 [regioni
2740 5361 3060 5436 Jordanis];
3096 5361 3220 5417 Abu
3284 5355 3509 5414 Obaidae
3531 5354 3703 5411 Ebnol

2137 5476 2338 5536 Iarahi,
2374 5471 2597 5526 liamso.

2210 5566 2495 5625 Proiecms
2515 5568 2598 5617 cst
2620 5570 2750 5628 ergo
2767 5555 2966 5608 Amrus
2989 5546 3300 5610 Ebnol-Asi,
3324 5541 3664 5598 Palaestinam
3688 5554 3707 5604 ;

2141 5660 2395 5736 Sarjabil.
2446 5651 2800 5713 Oroddanum
2830 5663 2846 5714 ;
2876 5643 3000 5702 Abu
3032 5637 3258 5698 Obaidat
3275 5633 3473 5736 AEbnol
3507 5631 3708 5694 Iarahi,

3274 5726 3349 5790 35
