4116 6410
494 237 629 302 1093

480 354 807 407 Baalbecum
866 349 1046 422 [cujus
1098 350 1319 421 inculte]
1356 350 1457 421 ipsi
1486 351 1775 405 dixerunt:
1811 349 1919 405 Nos
1945 363 2063 403 eas-
2096 352 2140 405 A
2171 360 2278 399 lam
2338 352 2458 405 cmli
2493 369 2505 414 ;

2155 437 2382 508 Estque
2434 444 2548 511 ipsa
2600 443 2653 496 in
2710 449 2875 495 terra:
2937 441 3135 506 medio,
3180 441 3408 511 afuitque
3461 445 3760 498 Sacrarium

2154 526 2469 599 ‘lsraelitis;
2496 534 2596 601 qui
2632 546 2827 600 magna
2862 531 3120 600 ipsatn'iu
3151 532 3503 587 veneratione
3537 533 3759 599 habent,

486 441 612 495 dem
641 441 1009 507 conditiones,
1037 456 1173 510 quas
1202 441 1560 497 Damascenis
1588 439 1733 510 pacti
1764 442 1916 504 estis,
1951 441 2070 495 sine

480 533 919 587 contradictione
977 534 1396 602 amplectimur;
1469 548 1645 603 quare
1706 534 2064 587 securitatem

478 625 613 691 ipsis
639 625 847 693 scripto
877 625 1174 679 concessit.
1200 625 1339 678 Tum
1373 623 1631 680 Hamsum
1653 623 1930 695 profectus
1961 634 2064 686 est,

478 716 641 785 cujus
704 719 871 771 etiam
931 716 1125 771 incola:
1178 715 1436 772 dixerunt
1495 736 1509 772 :

481 808 684 876 quibus
709 823 832 862 cum
866 807 1215 864 Damascenis
1252 824 1441 879 pacem
1467 808 1694 874 fecistis,
1722 810 2067 865 conditiones

486 901 877 971 amplectimur
919 900 1169 969 aquibus
1210 902 1375 956 etiam
1426 899 1717 973 [libellum]
1751 902 2065 958 securitatis

478 995 730 1048 scribens
759 994 948 1048 urbem
978 992 1264 1063 ingressus
1301 1003 1405 1049 est.
1430 992 1629 1050 «Urbis
1670 994 1837 1048 etiam
1872 991 2062 1048 Halebi

478 1086 673 1140 incolis
702 1084 945 1139 libellum
976 1085 1292 1141 securitatis
1314 1086 1538 1155 scripsit
1561 1101 1908 1157 ;Aomnesque
1935 1100 2063 1156 pas-

478 1180 583 1230 sim
641 1177 804 1232 urbes
861 1184 921 1231 ut
986 1191 1045 1231 se
1099 1176 1382 1232 deditione
1438 1178 1713 1247 acciperet
1763 1178 2058 1246 petierunt.

482 1270 706 1335 Deinde,
742 1286 866 1325 cum
902 1270 971 1325 ad
1004 1269 1486 1324 Mobammedanos
1520 1270 1858 1340 pervenisset
1894 1266 2063 1338 [nun-

475 1361 605 1433 tius]
639 1364 706 1417 de
737 1363 924 1418 Omari
962 1362 1123 1417 Ebnil
1154 1362 1366 1417 Chetab
1403 1362 1666 1425 adventu,
1698 1360 1813 1415 Abu
1840 1359 2061 1416 Obaidte

472 1455 888 1511 Ebno’lllarahi
939 1454 1237 1508 comitibus
1287 1455 1402 1508 suis
1452 1452 1792 1525 AiyadEhn
1845 1452 2053 1508 Ganam

472 1548 757 1617 praefecit;
784 1544 957 1601 .Yazid
989 1547 1105 1601 Ebn
1147 1547 1249 1601 Abi
1283 1545 1488 1617 Sofyan
1526 1547 1645 1602 suis
1679 1548 1905 1601 Mawian
1940 1545 2055 1600 Ebn

470 1640 571 1694 Abi
608 1638 867 1707 'Sol'yan:
918 1638 1117 1693 Amrus
1165 1640 1337 1693 Ebnol
1384 1639 1479 1694 Λςί
1530 1625 1847 1694 ευίέείὶιίυιιι
1894 1653 2053 1694 suum

464 1694 889 1785 Abdollalium:
944 1731 1050 1800 ipsi
1117 1728 1286 1802 2841
1332 1728 1537 1785 Omaro
1588 1730 1751 1785 Ebnil
1802 1694 2130 1795 Chetabi,B

466 1822 686 1877 obviam
712 1832 908 1876 euntes
950 1839 963 1875 :
1005 1830 1119 1875 tum
1169 1836 1361 1877 omnes
1406 1818 1781 1891 Hierosolyma
1822 1821 2058 1892 profecti

454 1914 762 1970 obsidione
791 1915 980 1967 urbem
1016 1913 1332 1969 cinxerunt.
1379 1912 1585 1967 Prodiit
1616 1929 1749 1984 ergo
1784 1915 1851 1967 ad
1889 1914 2058 1968 Oma-

464 2022 590 2063 rum
622 2006 781 2060 Ebnil
809 2006 1046 2060 Chetabi
1067 2005 1415 2074 Sophronius
1447 2007 1758 2076 patriarcha
1793 2006 2058 2063 Hieroso-

466 2098 788 2169 lymitanus,
820 2099 906 2153 cui
933 2100 1288 2153 securitatem
1317 2098 1591 2153 concessit
1617 2098 1805 2164 Omar,
1843 2100 2058 2169 ipsique

465 2189 710 2243 libellum
772 2191 1020 2259 scripsit,
1080 2189 1245 2258 cujus
1297 2190 1400 2244 hoc
1453 2193 1736 2260 exemplar
1799 2200 1885 2245 est
1932 2206 1949 2244 :
1996 2191 2056 2245 In

463 2281 689 2336 nomine
739 2282 830 2337 Dei
878 2282 1272 2347 misericordis,
1310 2283 1673 2338 miseratoris.
1722 2284 1806 2339 Ab
1849 2283 2057 2341 Omaro

460 2373 623 2430 Ebnil
671 2373 927 2439 Chetabi,
981 2376 1133 2431 urbis
1177 2373 1338 2431 [Elius
1378 2376 1602 2431 incolis.
1638 2376 1879 2432 Securos
1934 2377 2051 2432 fore

463 2468 617 2533 ipsos
647 2463 791 2534 quod
824 2465 891 2520 ad
930 2466 1069 2520 vitas
1104 2481 1262 2531 suas,
1295 2475 1349 2522 et
1394 2467 1617 2531 liberos,
1652 2482 1808 2537 opes,
1857 2477 1912 2522 et
1959 2483 2054 2524 ec-

463 2558 662 2611 clesias
707 2571 882 2622 suas;
931 2556 1054 2611 illas
1104 2557 1317 2612 scilicet
1368 2570 1469 2611 nec
1521 2558 1761 2611 dirutum
1813 2557 1903 2625 iri,
1954 2573 2055 2614 nec

465 2649 769 2702 habitatum
822 2666 837 2703 :
888 2658 1169 2720 teSIesque
1213 2650 1489 2706 adhibuit.
1540 2651 1741 2721 Aperta
1777 2665 1911 2720 ergo
1947 2652 2051 2722 ipsi

464 2750 624 2810 porta
662 2744 850 2796 urbem
887 2741 1167 2813 ingressus
1211 2742 1378 2799 Omar
1406 2759 1533 2799 cum
1579 2744 1881 2800 comitibus
1911 2746 2049 2814 suis,

462 2833 610 2888 sedit
640 2834 695 2889 in
726 2835 992 2904 penetrali
1025 2833 1263 2907 [templi]
1296 2836 1768 2895 Resurrectionis.
1801 2838 2052 2909 Cumque

454 2927 683 2982 adesset
733 2937 952 2998 tempus
1003 2930 1363 2998 precationis,
1408 2931 1553 2987 dixit
1589 2932 1905 3003 Sophronio
1954 2949 2052 3004 pa-

451 3020 717 3074 triarchae
756 3024 977 3076 :.0rare
1000 3022 1188 3090 cupio.
1225 3022 1325 3077 Cui
1379 3025 1692 3093 patriarcha
1739 3043 1754 3081 :
1791 3025 1836 3081 Ο
1876 3027 2052 3097 impe-

455 3118 608 3164 rator
658 3108 924 3174 ﬁdelium,
966 3124 1033 3166 eo
1065 3125 1175 3180 quo
1207 3125 1268 3167 es
1316 3113 1436 3168 loco
1479 3127 1597 3168 ora.
1645 3115 1793 3171 Dixit
1831 3114 2045 3172 Ornar:

455 3202 598 3258 Nolo
631 3202 720 3257 hic
748 3217 927 3258 orare.
964 3204 1178 3259 Educto
1207 3220 1338 3276 ergo
1371 3207 1441 3261 ad
1491 3208 1750 3277 templum
1783 3210 2049 3265 Constan-

454 3295 554 3348 tini
590 3302 820 3363 tegetem
873 3295 1106 3365 projecit
1144 3298 1197 3352 in
1249 3297 1439 3367 templi
1473 3301 1652 3354 medio
1674 3315 1699 3366 .;
1772 3311 1826 3354 at
1859 3300 2045 3369 Otnar,

453 3383 566 3440 Nec
593 3385 707 3447 hic,
742 3385 942 3454 inquit,
962 3400 1133 3450 orare
1164 3386 1305 3441 volo.
1336 3387 1716 3460 Egressusque
1745 3391 1811 3445 ad
1842 3392 2047 3462 gradus

452 3476 545 3545 qui
601 3486 732 3529 sunt
779 3476 845 3530 ad
900 3484 1115 3547 portam
1167 3477 1413 3532 ecclesi£
1465 3480 1644 3533 sancti
1685 3480 2045 3537 Constantini

451 3576 560 3631 qua
588 3562 865 3618 Orientem
904 3564 1152 3634 respicit,
1187 3564 1260 3619 ibi
1295 3564 1442 3619 solus
1477 3581 1644 3636 super
1678 3568 1878 3639 gradus
1918 3587 2043 3626 ora-

451 3657 529 3707 vit
580 3654 753 3710 :dein
796 3655 1084 3712 considens
1129 3655 1269 3711 dixit
1314 3658 1624 3728 Sophronio
1657 3662 1988 3730 patriarchae
2024 3682 2038 3719 :

446 3745 686 3811 Nostin’,
727 3762 760 3803 ο
808 3748 1147 3817 patriarcha,
1203 3764 1376 3819 quare
1428 3753 1572 3805 intra
1621 3754 1880 3824 templum
1932 3772 2042 3813 non

446 3838 717 3892 oraverim
749 3838 771 3892 ?
804 3838 1108 3909 Respondit
1141 3841 1227 3895 ille
1256 3860 1269 3895 :
1311 3842 1469 3896 llaud
1523 3846 1773 3914 equidem
1823 3848 1971 3916 novi,
2009 3865 2043 3903 0

444 3939 746 4000 imperator
782 3932 1047 3989 ﬁdelium.
1082 3934 1229 3988 Dixit
1263 3935 1337 3988 illi
1369 3933 1578 3992 Omar:
1620 3936 1676 3992 Si
1714 3942 1857 3994 intra
1899 3949 2041 3995 tem-

442 4022 595 4093 plum
635 4037 918 4089 orassem,
949 4025 1208 4094 periisset
1252 4027 1347 4082 tibi
1398 4029 1551 4093 illud,
1602 4045 1667 4084 ac
1710 4047 1741 4087 e
1786 4033 2039 4088 manibus

451 4116 562 4171 tuis
596 4118 803 4182 exiret,
836 4117 1303 4175 Mohatmnedanis
1350 4131 1474 4190 post
1511 4122 1817 4178 discessum
1854 4141 2034 4180 meum

446 4207 547 4262 tibi
590 4207 721 4261 illud
753 4210 1155 4280 eripientibus;
1193 4226 1257 4266 ac
1290 4214 1400 4281 jam
1434 4214 1800 4286 285-287
1833 4219 2034 4273 dicturi

443 4310 570 4355 sunt
598 4320 610 4356 :
637 4300 737 4356 Hic
767 4305 945 4357 oravit
970 4302 1164 4359 .Ontar.
1205 4302 1399 4361 Verum
1432 4309 1568 4362 alIer
1596 4313 1730 4364 mihi
1762 4315 2030 4381 chartam,

1462 232 1840 297 EUTYCHII
1874 230 2416 296 AFEXANDRINI
2466 237 2688 296 PATR.

1574 716 1641 770 Et
1690 731 1790 771 nos
1846 718 2066 772 easdem
2116 788 2120 792 ἱ

2143 2096 2347 2150 domus
2397 2109 2573 2151 vestra
2621 2098 2828 2151 deserta
2859 2097 2879 2129 ⁸
2925 2114 2940 2164 ;

3626 238 3761 299 HGO

2534 351 2815 405 'lsr:tciit;e
2871 359 3051 404 autem
3102 349 3357 405 Smctum
3414 365 3752 406 sanctorum.

2171 631 2334 691 atque
2363 624 2671 694 ubicunque
2703 625 2925 691 fuerint,
2961 625 3101 679 inter
3124 623 3608 681 orandum—facies
3636 641 3762 681 suas

2170 714 2237 769 ad
2271 715 2441 784 ipsam
2485 717 2824 785 conversas),
2862 716 2964 772 hac
2997 717 3311 795 conditione
3358 726 3418 773 ut
3457 717 3591 775 mihi
3635 735 3761 790 syn-

2172 808 2437 878 grapham
2471 810 2709 876 scribas,
2755 825 2821 865 ne
2857 811 2998 864 intra
3045 808 3422 882 Hierosolyma
3450 819 3761 867 exstruatur

2170 909 2370 967 praeter
2404 899 2535 955 illud
2583 901 2951 956 adoratorium
3001 898 3570 975 [Mohammedicum].
3609 903 3759 959 Scri—

2171 991 2279 1059 psit
2309 1006 2439 1062 ergo
2484 992 2653 1047 Omar
2700 991 2870 1048 Ebnol
2906 991 3131 1047 Chetabi
3182 993 3285 1047 hac
3313 992 3381 1048 de
3427 1009 3485 1049 re
3531 1010 3759 1065 syngra-

2164 1082 2325 1152 pham
2356 1099 2516 1153 quatn
2568 1084 2668 1153 ipsi
2715 1084 2962 1141 tradidit.
3034 1082 3313 1153 Siquidem
3350 1101 3474 1140 cum
3530 1085 3759 1143 Itowani

2166 1174 2478 1245 religionem
2533 1176 2900 1232 Christianam
2978 1177 3208 1246 amplexi
3266 1187 3473 1242 essent,
3521 1179 3759 1235 aedifica-

2171 1279 2364 1338 rctque
2400 1269 2601 1326 Helena
2630 1271 2972 1326 Constantini
3009 1282 3201 1337 mater,
3250 1270 3637 1344 Hierosolymis
3669 1260 3773 1330 ec-‘

2162 1368 2397 1435 clesias;
2466 1364 2688 1420 fuerunt
2734 1363 2915 1419 'Petrze
2971 1364 3123 1420 locus
3153 1364 3391 1433 "ipsique
3448 1367 3751 1433 adjacentia

2160 1458 2643 1528 vastata,‘ideoque
2671 1457 2839 1527 288
2873 1457 3079 1512 relicta.
3118 1456 3292 1512 Petra;
3325 1468 3505 1513 autem
3558 1459 3749 1527 pulve-

2156 1568 2274 1606 rem
2320 1550 2622 1619 injecerant
2666 1549 2801 1603 adeo
2851 1558 2909 1601 ut
2953 1564 3114 1618 super
3158 1548 3331 1618 ipsam
3365 1550 3570 1619 grande
3604 1560 3752 1606 esset

2161 1640 2585 1713 Sterquilinium,
2634 1639 2866 1708 ideoque
2918 1640 3086 1709 ipsam
3124 1641 3391 1711 ncglectui
3441 1641 3752 1696 habuerunt

2158 1733 2424 1798 Romani,
2472 1747 2644 1801 neque
2688 1733 2788 1801 ipsi
2830 1746 2953 1785 eum
2992 1748 3153 1802 quem
3181 1733 3451 1788 solebant
3496 1733 3754 1790 Israelita:

2163 1824 2422 1878 honorem
2455 1824 2794 1885 detulerunt,
2828 1839 3006 1894 neque
3037 1840 3201 1894 supra
3252 1827 3423 1894 ipsam
3462 1827 3751 1882 ecclesiam

2141 1924 2497 1980 'Struxerunt,
2549 1928 2614 1968 eo
2659 1914 2805 1983 quod
2852 1915 3059 1968 dictum
3104 1916 3175 1970 sit
3223 1932 3251 1971 a
3294 1917 3523 1970 Domino
3568 1927 3754 1971 nostro

2166 2005 2389 2060 Christo
2420 2005 2472 2059 in
2506 2004 2797 2070 Evangelio
2836 2013 3061 2061 sancto:
3097 2005 3225 2060 Ecce
3260 2007 3584 2076 relinquetur
3610 2008 3751 2062 vobis

2984 2112 3081 2151 nec
3111 2114 3241 2160 non,
3276 2098 3391 2152 Non
3420 2101 3750 2167 relinquetur

2157 2191 2241 2243 hic
2263 2192 2396 2257 lapis
2416 2205 2574 2258 super
2594 2192 2823 2258 lapidem
2845 2190 2937 2261 qui
2963 2207 3065 2245 non
3089 2192 3336 2245 diruatur
3358 2210 3420 2245 ac
3445 2205 3678 2247 vastetur
3701 2195 3743 2248 ⁷.

2161 2281 2308 2336 Hanc
2345 2282 2414 2336 oh
2460 2295 2682 2336 causam
2720 2281 3387 2350 reliqueruntChristiani
3433 2283 3600 2350 ipsum
3650 2283 3749 2337 dc-

2159 2382 2382 2440 sertam,
2419 2372 2566 2427 nulla
2615 2387 2779 2440 super
2829 2372 3002 2441 ipsam
3036 2381 3316 2427 exstructa
3356 2372 3604 2427 ecclesia.
3647 2373 3751 2427 So—

2156 2467 2422 2537 phronius
2470 2480 2605 2535 ergo
2645 2465 2955 2534 patriarcha
2988 2464 3251 2520 Omarum
3302 2466 3476 2520 Ebnol
3512 2466 3743 2521 Chetabi

2158 2574 2317 2613 manu
2370 2560 2700 2628 prehensum
2748 2558 2823 2612 ad
2870 2558 3272 2627 Sterquilinium
3305 2557 3549 2613 deduxit.
3578 2559 3749 2614 Omar

2156 2665 2334 2709 autem
2367 2655 2534 2710 vestis
2569 2669 2681 2709 sua:
2723 2668 2818 2707 ora
2863 2652 3134 2721 prehensa
3171 2652 3345 2719 ipsam
3378 2650 3607 2720 pulvere
3640 2654 3745 2705 im-

2154 2748 2339 2819 plevit,
2372 2763 2537 2819 quem
2584 2746 2637 2800 in
2674 2745 2867 2799 vallem
2904 2742 3180 2799 Gebennas
3215 2742 3468 2812 projecit.
3500 2741 3747 2796 Moham-

2155 2840 2371 2895 tnedani
2412 2852 2541 2909 ergo
2574 2837 2977 2906 conspicientes
3008 2835 3268 2889 Omarum
3308 2833 3481 2888 Ebnol
3515 2833 3742 2887 Chetabi

2155 2932 2363 3003 gremio
2395 2946 2494 2986 suo
2542 2930 2820 3000 pulverem
2855 2939 3117 2998 gestasse,
3173 2927 3273 2996 ipsi
3311 2928 3543 2996 seposita
3595 2940 3744 2979 mora

2078 3037 2123 3097 (ζ
2157 3044 2346 3084 omnes
2379 3026 2601 3097 gremiis
2632 3026 2796 3080 etiam
2836 3023 3269 3086 suis,.vestibus,
3303 3021 3532 3091 clypeis,
3560 3019 3743 3074 corbi-

2152 3119 2276 3183 bus,
2310 3131 2474 3190 atque
2524 3118 2704 3172 urceis
2750 3124 3125 3186 asportarunt,
3166 3115 3342 3169 donec
3387 3112 3647 3167 mundato
3677 3126 3742 3165 ac

2153 3222 2383 3285 purgato
2421 3214 2540 3267 loco
2568 3218 2852 3282 appareret
2886 3219 3061 3278 petra.
3095 3206 3230 3260 Tum
3261 3205 3568 3260 dicentibus
3608 3220 3742 3258 non-

2148 3306 2313 3361 nullis
2365 3317 2382 3363 :
2434 3303 2788 3359 Ediﬁcemus
2849 3300 3110 3369 templum
3176 3298 3248 3352 ita
3304 3309 3361 3351 ut
3413 3307 3620 3366 petram
3674 3296 3741 3349 ad

2144 3399 2349 3454 Keblah
2380 3405 2726 3459 statuamus;
2753 3394 2886 3447 dixit
2914 3391 3081 3447 Omar
3111 3407 3127 3445 :
3155 3388 3527 3460 Nequaquam,
3559 3403 3741 3442 verum

2150 3492 2219 3543 ita
2266 3489 2521 3557 tcmpium
2568 3496 2843 3543 struemus
2876 3491 2934 3539 ut
2971 3495 3174 3553 petram
3212 3484 3277 3537 ad
3314 3493 3520 3553 partem
3563 3482 3737 3550 ipsius

2150 3576 2511 3648 posteriorem
2557 3574 2913 3629 collocemus.
2966 3570 3178 3625 Struxit
3230 3585 3360 3639 ergo
3398 3571 3564 3625 Omar
3599 3579 3738 3624 tem-

2153 3674 2303 3738 plum
2364 3669 2516 3733 cujus
2568 3668 2623 3719 in
2669 3674 2829 3733 parte
2887 3662 3190 3732 posteriore
3252 3670 3461 3732 petram
3518 3663 3738 3716 statuit.

2148 3760 2357 3818 Deinde
2383 3759 2703 3818 'Bethlehem
2740 3757 2808 3811 ad
2840 3771 2959 3811 eam
2983 3754 3261 3811 visendam
3287 3754 3584 3825 profectus,
3616 3770 3739 3808 cum

2148 3855 2367 3909 adesset
2416 3851 2681 3908 orationis
2736 3858 2971 3918 tempus,
3011 3849 3157 3902 intra
3208 3847 3495 3902 ecclesiam
3544 3848 3741 3918 289-

2142 3945 2301 4015 291
2331 3945 2506 3998 oravit
2534 3943 2605 3996 ad
2624 3955 2807 3995 arcum
2844 3940 3174 3994 australem.
3208 3936 3343 3991 Erat
3367 3947 3545 3991 autem
3578 3952 3741 3993 artus

2157 4047 2308 4091 totus
2340 4050 2503 4105 opere
2532 4031 2806 4088 tessellato
2836 4032 3168 4100 varicgatus.
3206 4029 3545 4098 Scripsitque
3574 4027 3741 4084 Omar

2141 4129 2470 4198 patriarcha
2516 4125 2882 4195 syngrapham
2932 4136 3000 4175 ne
3052 4128 3277 4175 orarent
3328 4120 3448 4174 loco
3489 4121 3591 4174 isto
3624 4119 3739 4173 Mo-

2141 4217 2485 4275 hammedani
2522 4218 2625 4271 nisi
2675 4214 2904 4283 singuli,
2946 4213 3089 4267 alius
3131 4222 3252 4281 post
3287 4211 3476 4277 alium,
3512 4227 3644 4267 neve
3668 4213 3736 4267 ad

2139 4310 2402 4365 orandum
2455 4308 2528 4362 ibi
2569 4306 2817 4374 .coirent,
2871 4318 3050 4373 neque
3110 4304 3177 4356 ad
3234 4317 3428 4371 preces
3474 4302 3739 4371 prmconis

441 4408 552 4462 quo
588 4392 682 4446 tibi
716 4396 1088 4465 syngrapham
1126 4398 1388 4453 scribam.
1426 4398 1654 4469 Scripsit
1688 4418 1818 4473 ergo
1861 4378 2030 4460 Omar
2064 4378 2107 4434 θ
2144 4417 2273 4457 voce
2302 4410 2776 4464 couvocareutur;
2817 4411 2993 4466 neque
3035 4403 3341 4448 mutaretur
3380 4394 3528 4448 ineo
3576 4393 3737 4460 qui-J-

440 4485 805 4553 syngraphaln
852 4484 983 4557 [qua
1037 4487 1227 4561 jussit]
1265 4505 1334 4543 ne
1381 4500 1566 4545 oraret
1618 4490 2030 4551 Mohatnmeda-

439 4590 632 4629 norum
669 4578 865 4647 aliquis
896 4594 1062 4648 super
1096 4583 1323 4649 gradus,
1357 4583 1463 4637 nisi
1497 4583 1811 4652 singulatim
1843 4602 1859 4649 ;
1896 4602 2031 4644 nere

440 4670 510 4722 ibi
550 4671 613 4723 ad
659 4687 848 4741 preces
894 4675 1298 4742 cenvenirent;
1350 4691 1530 4747 neque
1566 4692 1731 4747 super
1778 4680 1917 4751 ipsis
1960 4683 2027 4736 ad

437 4775 623 4826 preces
666 4765 931 4829 praaconis
980 4780 1112 4820 voce
1165 4778 1600 4823 convocarentur
1638 4788 1651 4823 :
1692 4770 1795 4825 hac
1847 4773 1911 4827 de
1967 4789 2026 4829 re

437 4855 798 4921 conscriptam
832 4858 1197 4926 syngrapham
1230 4845 1557 4927 patriarchae
1598 4861 1845 4916 tradidit.
1886 4863 2024 4919 Tum

437 4954 490 4999 et
511 4946 583 4999 illi
612 4947 746 5001 dixit
774 4946 939 5003 Omar
972 4966 986 5004 :
1017 4951 1115 5004 Est
1144 4953 1286 5020 quod
1321 4954 1449 5005 ntihi
1485 4969 1512 5006 a
1550 4961 1602 5008 te
1636 4953 1858 5011 fmdcris
1888 4956 2012 5026 jure

437 5038 739 5103 debeatur;
790 5042 965 5093 locum
1019 5056 1147 5111 ergo
1199 5044 1329 5097 mihi
1369 5048 1604 5100 concede
1639 5047 1692 5100 in
1740 5062 1850 5116 quo
1882 5058 2028 5102 tem-

436 5128 581 5197 plum
607 5141 903 5184 cxstruam.
929 5131 1027 5186 Cui
1062 5134 1369 5203 patriarcha
1403 5154 1416 5187 :
1447 5136 1579 5205 Ego,
1610 5138 1810 5208 inquit,
1841 5138 2021 5193 locum

440 5220 756 5287 imperatori
819 5221 1052 5276 ﬁdelium
1108 5226 1402 5279 concedam
1471 5227 1523 5279 in
1582 5242 1689 5295 quo
1749 5210 2019 5296 Templum

440 5322 683 5366 exstruat
732 5314 851 5383 (cui
908 5320 1237 5372 exstruendo
1285 5318 1603 5374 Graecorum
1660 5322 2029 5390 imperatores

441 5415 673 5470 nnpares
709 5402 950 5469 fuerunt,
984 5406 1236 5459 videlicet
1267 5416 1475 5476 petram
1514 5411 1566 5462 in
1613 5425 1719 5477 qua
1757 5412 1899 5465 Deus
1933 5409 2025 5466 Ja-

440 5494 631 5548 cobum
659 5495 922 5552 allocutus
959 5507 1062 5565 est,
1094 5513 1254 5567 quam
1284 5499 1573 5568 appellavit
1601 5498 1839 5560 Jacobus
1870 5503 2010 5561 Por-

554 5673 787 5730 ‘ldatth.
828 5693 982 5743 χλιιι,
1019 5678 1108 5731 38.
1190 5676 1421 5731 Vitlattb.
1461 5694 1607 5745 uiv,
1640 5679 1692 5735 ‘2.

2140 4511 2326 4567 quam.
2356 4494 2423 4548 At
2447 4501 2690 4560 tempore
2718 4491 2819 4544 hoc
2847 4500 3030 4543 nostro
3055 4496 3243 4541 contra
3274 4485 3455 4539 icruut
3484 4484 3735 4538 Mahom-

2140 4585 2355 4640 medani
2384 4582 2576 4637 ‘Omari
2613 4581 2790 4635 Ebnol
2823 4578 3048 4634 Chetabi
3075 4576 3301 4645 scripto.
3331 4572 3466 4627 Nam
3514 4586 3568 4627 et
3599 4574 3734 4627 sub-

2140 4675 2252 4729 lato
2325 4688 2492 4744 opere
2572 4674 2848 4739 varicgato
2906 4670 2974 4723 ab
3034 4682 3208 4731 arcu,
3267 4665 3533 4736 quidquid
3604 4666 3737 4735 ipsis

2137 4770 2309 4822 visum
2360 4767 2462 4819 fuit
2498 4762 2699 4817 ibidem
2747 4761 3107 4830 scripserunt,
3142 4767 3197 4812 et
3243 4759 3312 4812 ad
3367 4773 3557 4825 preces
3592 4759 3737 4811 coie-

2136 4871 2287 4924 runt,
2320 4859 2637 4913 hominibus
2662 4857 2928 4928 praeconis
2955 4869 3086 4908 voce
3112 4851 3448 4906 convocatis.
3476 4852 3735 4920 Idemque

2134 4954 2385 5006 fecerunt
2416 4954 2580 5005 etiam
2636 4954 2687 5004 in
2741 4948 3005 5019 gradibus
3053 4946 3145 5015 qui
3179 4946 3331 5016 juxta
3389 4952 3603 5014 portam
3640 4958 3735 4996 ec-

2137 5046 2314 5098 clesiae
2334 5042 2689 5098 Constantini
2719 5043 2960 5104 fuerant,
2988 5053 3155 5107 super
3184 5052 3325 5105 quos
3342 5037 3517 5090 oravit
3542 5034 3730 5098 Omar,

2138 5137 2351 5207 sibique
2406 5145 2683 5189 sumentes
2732 5131 3020 5187 dimidium
3078 5128 3329 5184 vestibuli
3381 5124 3628 5181 ecclesia:
3677 5126 3731 5213 in

2140 5230 2255 5299 ipso
2286 5228 2585 5283 oratorium
2615 5230 3023 5289 exstruxerunt,
3045 5220 3191 5291 quod
3216 5219 3513 5273 oratorium
3542 5215 3730 5270 Omail

2138 5322 2472 5375 vocitarunt.

2204 5411 2374 5467 Porro
2407 5420 2654 5466 mortuus
2687 5419 2767 5465 est
2802 5408 3147 5479 Sophronius
3184 5405 3496 5476 patriarcha
3531 5401 3724 5457 Hiero-

2139 5505 2521 5577 solymitanus,
2567 5512 2850 5575 postquam
2888 5514 3117 5557 munere
3151 5499 3242 5556 illo
3286 5507 3524 5570 quatuor
3566 5493 3725 5551 annis
