4116 6408
421 276 557 344 1101

1869 231 2236 339 ANNALES.

3564 236 3700 348 11:2.

415 389 636 448 functus
665 398 832 447 esset.
883 390 1012 446 Post
1052 399 1288 447 mortem
1338 397 1520 446 autem
1564 389 1737 460 ipsius
1783 403 1848 444 ex
1899 404 2008 459 quo
2038 394 2082 450 Α
2115 399 2220 458 set,
2257 390 2330 446 ita
2374 391 2465 445 ille
2500 390 2602 462 ipsi
2647 392 2916 464 scripsit:
2959 394 3131 450 Servo
3173 395 3299 462 Dei,
3347 397 3550 454 O.naro
3579 402 3694 457 Et,"

421 483 659 538 decessit
687 492 1008 538 manserunt
1031 481 1408 556 Hierosolyma
1436 482 1644 550 absque
1697 480 2008 551 patriarcha

416 589 592 629 annos
641 574 831 647 viginti
883 590 1104 631 novem.
1156 573 1327 630 Jussit
1384 584 1566 629 autem
1619 572 1785 628 Omar
1836 567 2010 627 Ebnol

415 668 514 724 Asl
541 669 751 739 paratis
775 669 947 737 copiis
973 667 1266 740 Egyptum
1297 667 1568 738 proﬁcisci
1592 683 1606 734 ;
1642 665 2009 736 praecepitque

418 763 468 817 ei
500 771 558 815 ttt
589 761 634 815 si
665 776 788 816 cum
829 762 894 818 ad
937 762 1112 833 ipsum
1143 760 1497 831 pervenirent
1525 759 1722 815 litterae
1754 757 1926 828 ipsius
1957 759 2011 814 itt

419 853 628 909 ditione
656 854 827 924 Syria:
857 865 1025 920 esset,
1061 853 1385 910 subsisteret
1418 868 1517 909 nec
1561 852 1790 907 ulterius
1818 863 2009 918 perge-

420 958 534 1013 ret;
568 948 651 1001 sin
709 947 776 1001 ad
810 947 985 1017 ipsum
1036 934 1413 1016 perferrentur
1451 955 1745 1016 postquam
1787 943 2008 1017 Egypti

420 1040 558 1095 ﬁnes
587 1039 871 1110 ingressus
904 1047 1072 1105 esset,
1105 1039 1546 1110 progrederetur.
1579 1037 1720 1092 Tum
1750 1051 2009 1093 reversus

421 1141 508 1187 est
537 1134 705 1184 Omar
731 1130 904 1186 Ebnol
931 1131 1156 1187 Chetabi
1190 1132 1260 1187 ab
1295 1129 1687 1201 Hierosolymis
1717 1128 2008 1185 Medinam.

421 1224 540 1278 Abu
576 1223 738 1294 292
781 1223 1026 1279 Obaidah
1059 1232 1239 1279 autem
1276 1223 1442 1279 Ebnol
1485 1222 1663 1278 laralti
1702 1222 2007 1285 Hamsum;

423 1314 548 1369 dein
578 1314 781 1368 Hamso
809 1314 1171 1370 Kenasrinum
1208 1314 1489 1386 profectus
1523 1324 1630 1370 est.
1667 1312 2012 1384 Scripsitque

423 1405 492 1458 ad
528 1406 701 1474 ipsum
733 1405 1025 1461 Kenasrini
1070 1405 1354 1476 patricius,
1405 1406 1509 1459 sibi
1557 1405 1722 1460 unius
1756 1402 1882 1458 anni
1929 1402 2014 1456 in-

424 1499 618 1554 ducias
651 1509 864 1567 petens,
913 1514 1020 1569 quo
1048 1498 1114 1552 ad
1152 1497 1466 1554 lleraclium
1497 1498 1886 1568 imperatorem
1919 1509 2011 1550 ac-

424 1588 684 1646 cederent
713 1591 982 1657 homines,
1006 1601 1172 1662 utque
1202 1591 1298 1662 qui
1327 1591 1400 1646 ibi
1437 1597 1723 1646 manerent
1752 1591 1806 1644 in
1837 1588 2013 1644 fmdus

425 1695 479 1739 et
525 1694 739 1754 pactum
787 1687 1187 1757 reciperentur.
1222 1685 1322 1741 Cui
1372 1697 1499 1740 cum
1554 1682 1842 1738 annuisset
1889 1682 2010 1738 Abu

2115 480 2367 543 Chetabi,
2403 481 2643 538 ﬁdelium
2689 483 3054 552 imperatori;
3097 486 3240 556 quod
3289 503 3430 559 aegre
3467 488 3697 564 [primo]

2115 575 2241 629 tulit
2286 573 2455 630 Omar
2504 575 2680 633 Ebnol
2735 577 2985 646 Chetabi,
3044 595 3224 650 neque
3269 584 3510 653 agnovit.
3560 586 3698 641 Dein

2114 669 2254 725 dixit
2286 667 2453 740 :‘Ego
2484 683 2608 725 sum
2642 685 2836 726 servus
2869 671 2988 738 Dei,
3021 687 3122 743 ego
3156 669 3323 728 Omar
3357 673 3528 733 Ebnol
3560 677 3698 733 Che-

2115 761 2251 827 tabi,
2279 777 2380 832 ego
2414 761 2648 817 ﬁdelium
2681 765 3020 834 imperator;
3045 779 3230 820 verum
3261 767 3397 822 dixit
3426 770 3490 824 Al
3525 770 3697 842 Megi-

2115 854 2213 908 rah
2248 854 2364 910 Ebn
2413 852 2659 910 Shaabte.
2703 855 3021 928 Appel’latus
3041 869 3125 916 est
3155 860 3320 932 296
3362 877 3491 932 ergo
3535 864 3703 919 O.nar

2117 947 2292 1002 Ebnol
2345 945 2571 1002 Chetabi
2620 947 2831 1003 Amirol
2878 948 3194 1016 Mumenin,
3248 968 3346 1008 seu
3407 953 3703 1025 imperator

2119 1036 2358 1094 ﬁdelium
2399 1047 2606 1108 :atque
2645 1053 2710 1093 ex
2746 1053 2813 1094 eo
2849 1047 3096 1110 tempore
3127 1039 3377 1112 lnsigniti
3414 1051 3544 1100 sunt
3572 1045 3704 1100 cha-

2118 1129 2227 1184 lifae
2250 1130 2433 1195 titulo,
2466 1128 2678 1186 Amirol
2710 1129 3013 1187 Mumenin.

2083 1281 2094 1292 ,
2189 1221 2482 1292 Yazdejird
2531 1232 2711 1279 autem
2762 1226 3052 1282 Persarum
3104 1242 3198 1282 rex
3261 1227 3455 1284 auditu
3501 1229 3707 1285 certior

2119 1315 2294 1372 factus
2343 1315 2409 1370 de
2450 1316 2686 1371 adventu
2734 1315 2894 1373 Saadi
2940 1317 3053 1374 Ebn
3091 1319 3193 1375 Abi
3235 1319 3518 1388 Wakkasi,
3551 1321 3707 1376 fami-

2116 1407 2244 1462 liam
2278 1423 2434 1463 sttam
2471 1423 2536 1462 ac
2565 1408 2856 1466 thesauros
2888 1409 2945 1464 in
2975 1409 3161 1466 Sinam
3193 1411 3470 1484 deportari
3500 1413 3660 1481 jussit
3687 1433 3703 1478 ;

2117 1502 2294 1575 copiis
2324 1517 2554 1558 numero
2587 1504 2794 1574 paucis,
2843 1518 2909 1558 ac
2948 1503 3302 1562 facultatibus
3350 1507 3582 1562 modicis
3618 1525 3704 1564 re-

2119 1595 2309 1662 tentis;
2345 1595 2715 1665 prtel‘ectoque
2742 1594 2809 1650 Al
2846 1591 3154 1668 Madayeno
3188 1595 3443 1653 Chorado
3473 1599 3539 1653 Al
3566 1598 3702 1655 Uzdi

2117 1685 2288 1742 fratre
2316 1681 2584 1752 Rostami,
2623 1685 2946 1744 Rostamum
2981 1689 3128 1745 misit
3163 1699 3538 1762 oppugnatum
3570 1691 3706 1745 Saa-

425 1775 703 1844 Obaidah,
741 1778 954 1848 rogavit
985 1778 1246 1848 patricius
1280 1777 1397 1833 Abu
1429 1775 1694 1834 Obaidam
1725 1773 2014 1831 utcolum-
2050 1768 2091 1824 Β
2119 1781 2248 1838 dum
2283 1780 2401 1838 Ebn
2443 1782 2546 1838 Abi
2580 1774 2862 1838 Wakkasi.
2905 1783 3003 1839 llle
3047 1799 3180 1856 ergo
3218 1785 3469 1841 Kadesia:
3517 1786 3700 1841 sedem

426 1885 549 1924 nam
615 1860 884 1926 statueret
942 1871 1086 1926 inter
1141 1870 1363 1927 Grmcos
1417 1880 1475 1926 et
1526 1867 2016 1924 lllohammedanos

423 1970 692 2028 erectam,
721 1977 886 2034 quam
939 1977 1117 2035 neque
1153 1964 1391 2019 transire
1433 1960 1902 2018 Mohammedanis
1949 1961 2016 2016 ad

425 2053 650 2111 Graecos
713 2055 920 2122 liceret,
979 2071 1085 2111 nec
1129 2055 1335 2112 Graecis
1390 2055 1457 2111 ad
1508 2055 2016 2120 Mohammedanos,

425 2159 531 2215 qna
603 2146 658 2201 in
730 2149 985 2202 columna
1052 2148 1284 2220 eiligiem
1358 2148 1598 2206 Heraclii
1672 2147 2018 2219 imperatoris

428 2236 682 2311 [throno]
725 2241 875 2311 regio
904 2240 1194 2297 insidentis
1224 2241 1546 2312 pinxerant.
1583 2239 1736 2308 Quod
1770 2249 1825 2296 et
1856 2255 2019 2296 acce-

428 2341 580 2402 ptum
618 2333 811 2386 habuit
854 2333 972 2388 Abu
1000 2330 1244 2389 Obaidae.
1290 2334 1427 2388 Dum
1465 2343 1650 2388 autem
1684 2331 1840 2401 equis
1882 2342 2019 2387 cun-

431 2426 648 2481 scensis
677 2442 706 2480 e
739 2425 1204 2481 Mohammedanis
1235 2425 1454 2496 quidam
1488 2425 1766 2496 equitandi
1813 2435 1930 2480 arte
1964 2438 2022 2479 se

429 2527 766 2580 exercerent,
798 2530 925 2571 ecce
961 2517 1077 2571 Abu
1116 2515 1349 2572 llandali
1388 2513 1503 2570 Ebu
1539 2516 1690 2570 Amri
1726 2517 1886 2586 pleno
1922 2514 2022 2569 im-

430 2615 560 2676 petu
590 2623 734 2676 equo
763 2623 862 2663 suo
899 2619 1107 2672 rectus,
1141 2623 1308 2663 manu
1341 2607 1553 2663 hastam
1593 2613 1786 2662 tenens
1811 2607 2021 2662 colum-

427 2713 560 2753 nam
602 2699 760 2754 istam
793 2708 954 2771 atque
989 2701 1216 2771 elﬁgiem
1253 2699 1496 2765 transiit,
1531 2699 1848 2769 ferrumque
1875 2699 2021 2769 quod

432 2792 501 2848 ad
535 2790 850 2847 inferiorem
895 2793 1068 2848 hastae
1099 2807 1212 2849 sum
1255 2802 1465 2862 partem
1508 2801 1680 2858 esset,
1714 2792 1876 2846 oculo
1907 2790 2024 2846 elli-

435 2885 562 2956 giei,
598 2885 744 2941 haud
780 2885 908 2940 data
950 2899 1137 2954 opera.
1171 2884 1401 2956 inﬁgens
1433 2884 1538 2956 ipsi
1572 2884 1794 2941 oculum
1831 2880 2028 2938 conlo-

437 2975 538 3030 dit.
585 2974 860 3032 Patricius
908 2990 1038 3046 ergo
1086 2973 1376 3030 Kenasrinl
1424 2979 1694 3030 accedens
1745 2973 1883 3028 dixit
1923 2973 2023 3028 Abi

437 3067 660 3124 Obaidae
705 3085 718 3121 :
756 3065 1025 3122 Fraudem
1060 3065 1219 3122 nobis
1273 3065 1506 3133 fecistis,
1553 3079 1587 3121 ο
1619 3065 1777 3121 turba
1824 3065 2024 3122 Mosle-

439 3162 678 3230 morum,
709 3159 914 3237 violata
951 3173 1105 3231 pace,
1133 3166 1300 3229 atque
1330 3157 1569 3214 induciis
1599 3174 1721 3230 quae
1751 3159 1893 3215 inter
1923 3175 2024 3217 nos

439 3260 598 3307 erant
640 3252 858 3308 solutis.
909 3252 1136 3308 Dicente
1181 3251 1299 3307 Abu
1332 3249 1577 3306 Obaidah
1609 3270 1623 3308 :
1658 3249 1724 3305 Et
1771 3253 2022 3322 quisnam

439 3344 618 3415 ipsum
647 3345 919 3401 violavit?
947 3342 1254 3417 Respondit
1286 3345 1557 3400 Patricius
1588 3363 1602 3401 :
1636 3343 1731 3400 ltle
1761 3344 1854 3416 qui
1880 3343 2027 3416 regis

440 3439 614 3494 nostri
642 3440 862 3494 oculum
916 3439 1167 3497 conﬁxit.
1201 3437 1346 3494 Dixit
1395 3440 1512 3494 Abu
1554 3435 1799 3494 Obaidah
1835 3455 1848 3492 :
1885 3436 2024 3503 Quid

440 3548 571 3604 ergo
603 3534 810 3590 vultis?
836 3533 1264 3605 Responderunt
1300 3553 1314 3588 :
1353 3531 1470 3587 Non
1500 3533 1660 3587 aliter
1693 3532 2030 3604 placabimur

441 3640 603 3696 quam
657 3628 702 3683 si
749 3629 897 3697 regis
949 3629 1118 3685 vestri
1174 3627 1367 3684 oculus
1410 3634 1657 3684 eruatur.
1709 3622 1856 3681 Dixit
1908 3625 2030 3681 Abu

441 3723 686 3784 Obaidah
715 3741 729 3778 :
766 3724 1019 3779 Statuam
1051 3733 1226 3775 meam
1251 3719 1437 3789 ponite
1463 3718 1584 3775 loco
1607 3718 1802 3785 istius;
1833 3718 2032 3774 deinde

447 3815 805 3890 293—295
856 3813 985 3884 quid
1035 3811 1194 3868 vobis
1239 3811 1465 3867 libuerit
1515 3825 1580 3866 ac
1639 3810 1814 3865 visum
1865 3808 2032 3865 fuerit

443 3913 629 3969 facite.
670 3906 1093 3977 Responderunt
1129 3923 1143 3960 :
1181 3902 1299 3960 Non
1340 3903 1448 3958 alia
1496 3901 1657 3957 nobis
1701 3903 1880 3972 imago
1919 3900 2034 3970 pla-

446 4006 594 4060 cebit
620 4017 786 4075 quam
831 4000 977 4071 regis
1025 3997 1193 4054 vestri
1224 3994 1471 4060 maximi,
1504 3994 1560 4049 in
1604 4008 1716 4064 quo
1757 4002 2034 4048 annuente

451 4097 588 4168 ipsis
642 4096 760 4151 Abu
820 4091 1027 4151 Obaida
1081 4107 1206 4147 cum
1259 4089 1522 4146 fecissent
1572 4086 1745 4143 Graeci
1792 4093 2033 4141 statuam

450 4189 635 4246 Omari
691 4187 853 4243 Ebnil
907 4185 1132 4242 Chetahi
1188 4183 1458 4239 accedens
1506 4197 1573 4237 ex
1620 4179 1756 4250 ipsis
1811 4177 2034 4250 quidam

452 4283 610 4338 hasta
651 4281 866 4337 oculum
901 4277 1008 4350 ipsi
1043 4277 1293 4334 conﬁxit.
1330 4276 1470 4331 Tum
1503 4273 1778 4329 Patricius
1809 4288 1826 4327 :
1857 4270 2035 4338 Nunc,

454 4372 654 4443 inquit,
680 4372 832 4440 juste
872 4370 1163 4430 nobiscum
1194 4367 1410 4438 egistis.
1441 4364 1604 4420 Anno
1645 4364 1816 4434 igitur
1842 4371 2038 4419 exacto

2121 1875 2289 1947 ﬁgens
2323 1875 2394 1932 ibi
2439 1875 2764 1946 permansit,
2801 1878 2973 1933 donec
3009 1877 3370 1934 occideretur.
3410 1879 3563 1945 Quod
3613 1880 3706 1933 ubi

2119 1964 2444 2036 Yazdejirdo
2483 1967 2797 2023 nuntiatum
2838 1979 3005 2032 esset,
3034 1968 3352 2040 videretque
3386 1985 3550 2041 quam
3577 1986 3707 2040 erga

2121 2058 2301 2130 ipsum
2345 2061 2550 2132 obliqui
2590 2069 2777 2120 essent
2821 2068 3056 2134 populus
3103 2073 3267 2135 atque
3297 2066 3568 2122 exercitus
3596 2067 3707 2132 sui,

2122 2167 2398 2223 quantque
2426 2154 2787 2226 immorigeri,
2823 2169 2887 2210 ac
2917 2153 3148 2226 periisse
3179 2159 3456 2217 exercitus
3480 2161 3563 2216 sui
3601 2161 3710 2232 pri-

2126 2247 2352 2312 marius,
2404 2255 2572 2316 atque
2631 2247 2776 2302 inter
2823 2247 2976 2317 ipsos
3029 2245 3362 2305 discordiam
3417 2267 3559 2320 esse,
3610 2270 3710 2325 pro

2126 2347 2278 2393 certo
2331 2335 2524 2392 habuit
2570 2347 2716 2392 retro
2768 2335 2848 2393 ire
2898 2353 3126 2410 regnum
3178 2355 3363 2397 snum.
3426 2340 3606 2408 Quare
3653 2343 3708 2398 in

2126 2429 2366 2484 Persiam
2401 2426 2681 2496 profectus
2710 2429 2836 2483 inde
2863 2427 3047 2484 Merau
3083 2446 3277 2488 versus
3310 2447 3406 2502 per
3433 2433 3577 2488 viam
3610 2434 3707 2490 Se-

2120 2517 2322 2587 jestani
2371 2519 2637 2588 perrexit,
2687 2520 2863 2575 donec.
2916 2521 2991 2575 ibi
3045 2523 3488 2590 interﬁceretur;
3535 2539 3711 2596 neque

2128 2626 2368 2681 unquam
2390 2610 2656 2666 bellorum
2685 2621 2740 2683 et
2761 2611 3167 2670 dissensionum
3193 2629 3390 2686 expers
3414 2615 3517 2671 fuit
3539 2634 3712 2689 usque

2127 2702 2256 2757 dum
2313 2703 2678 2760 occideretur.
2726 2701 2993 2774 Regnavit
3042 2717 3224 2762 autem
3270 2723 3444 2765 annos
3497 2711 3710 2782 viginti.

2129 2794 2292 2848 Omar
2327 2802 2515 2849 autem
2544 2794 2774 2851 Chetabi
2806 2793 2948 2850 ﬁlius
2987 2796 3078 2850 ubi
3111 2795 3382 2852 Medinam
3420 2801 3706 2868 pervenis-

2129 2894 2232 2949 set,
2267 2885 2487 2956 scriptis
2529 2887 2727 2943 litteris
2771 2885 3032 2942 Omarum
3063 2887 3237 2945 Ebnol
3274 2892 3367 2946 Asi
3409 2892 3712 2950 Palaestinae

2130 2979 2458 3050 prmfectura
2492 2977 2789 3046 abdicavit,
2817 2975 3031 3051 jussum
3061 2983 3305 3040 collectis
3335 2986 3506 3056 copiis
3537 2985 3708 3058 Egy-

2128 3083 2281 3140 ptum
2346 3070 2596 3126 tendere.
2653 3070 2939 3127 Moawiam
3002 3089 3130 3129 vero
3183 3074 3298 3130 Ebn
3350 3077 3451 3131 Abi
3505 3077 3707 3149 Solyan

2127 3157 2423 3228 Askelano,
2485 3163 2764 3229 Caesareae,
2819 3173 2874 3220 et
2926 3165 3227 3223 Palaestinae
3278 3170 3556 3239 praefecit,
3615 3173 3711 3241 qui

2128 3255 2433 3310 Cmsaream
2474 3262 2528 3310 et
2556 3255 2888 3312 Askelanum
2928 3259 3108 3328 gladio
3150 3262 3319 3332 cepit,
3368 3263 3530 3332 idque
3567 3281 3714 3320 anno

2130 3347 2421 3403 chalifatus
2461 3346 2648 3403 Omari
2696 3347 2855 3404 Ebnil
2892 3351 3120 3406 Chetabi
3162 3355 3414 3423 septimo.
3453 3357 3588 3412 Tum
3618 3373 3714 3414 ac-

2130 3438 2346 3494 cedenti
2380 3439 2653 3496 Othmano
2684 3439 2840 3497 Ebnil
2869 3443 3100 3513 Aphano
3130 3445 3196 3499 ad
3228 3444 3486 3503 Omarum
3523 3450 3716 3520 297-

2132 3527 2298 3602 299
2336 3531 2492 3586 Ebnil
2528 3532 2780 3598 Chetabi,
2817 3549 2940 3589 cum
2988 3534 3216 3592 dixisset
3251 3536 3439 3606 Omar,
3489 3543 3716 3612 scriptis

2132 3624 2200 3680 ad
2235 3623 2463 3680 Amrum
2516 3623 2690 3682 Ebnol
2724 3625 2817 3680 Asi
2860 3626 3060 3682 litteris
3107 3627 3282 3698 ipsum
3335 3630 3621 3688 Palaestina
3661 3646 3719 3688 et

2133 3717 2380 3774 Caesarea
2417 3717 2753 3783 abdicatum,
2784 3713 3080 3790 Egyptum
3113 3721 3264 3775 adire
3291 3724 3454 3792 jussi,
3488 3726 3715 3782 Moawia

2133 3805 2254 3862 Ebn
2297 3808 2402 3862 Abi
2445 3807 2647 3879 Sofyan
2683 3807 2985 3865 Palmstinae
3031 3820 3084 3867 et
3136 3813 3396 3871 Caesarea?
3439 3819 3718 3886 praefecto.

2134 3898 2466 3964 Othmanus,
2521 3899 2677 3956 Nosti
2733 3901 2982 3972 (inquit),
3026 3919 3061 3959 ο
3111 3904 3415 3975 imperator
3459 3910 3718 3978 ﬁdelium,

2135 3987 2399 4047 Omarum
2437 3991 2700 4046 audacem
2728 4007 2869 4060 esse,
2897 4007 2961 4048 ac
2997 3995 3357 4065 praecipitem,
3391 3999 3720 4071 imperiique

2138 4095 2434 4151 amantem,
2463 4092 2648 4138 metuo
2675 4099 2808 4155 ergo
2837 4100 2906 4141 ne
2933 4086 3218 4155 profectus
3251 4088 3374 4146 sine
3407 4091 3476 4146 iis
3516 4093 3722 4162 quibus

2139 4177 2412 4233 conlidere
2441 4177 2644 4248 possit,
2677 4177 2760 4233 vel
2807 4177 2930 4235 sine
2957 4179 3153 4250 copiis,
3188 4180 3506 4240 Moslemios
3540 4185 3725 4256 perdi-

2141 4267 2276 4325 tioni
2300 4276 2555 4348 exponat,
2579 4271 3047 4340 opportunitatem
3074 4287 3325 4342 sperans,
3345 4289 3466 4342 quae
3492 4277 3721 4335 nesciat.

2140 4374 2240 4430 pro
2280 4359 2402 4431 ipso
2451 4373 2520 4415 an
2562 4368 2754 4415 contra
2805 4361 2984 4431 ipsum
3035 4359 3222 4418 faciat.
3278 4363 3545 4422 Poenituit
3593 4382 3724 4438 ergo

455 4479 643 4534 pacem
691 4471 744 4518 et
788 4459 970 4516 foedus
1015 4461 1398 4515 observarunt.
1435 4455 1592 4526 Cepit
1634 4462 1818 4511 autem
1864 4452 2036 4525 Aiyad
2073 4473 2115 4530 ο
2146 4451 2405 4507 Otnarum
2434 4449 2881 4520 EhnolChetabi,
2905 4453 3049 4524 quod
3079 4453 3148 4507 ad
3174 4456 3398 4512 Amrum
3428 4457 3600 4514 Ebnol
3628 4462 3720 4513 Asi

455 4555 566 4610 Ebe
615 4553 851 4619 Ganam,
891 4550 1367 4622 Mesopotamiam,
1417 4547 1662 4603 Rakkam
1712 4556 1766 4602 et
1803 4545 2037 4611 Robam,

456 4646 752 4702 securitate
803 4645 938 4714 ipsis
975 4653 1030 4699 et
1077 4657 1211 4714 pace
1259 4649 1440 4711 pacta.
1489 4637 1804 4711 Almogirah
1857 4647 2038 4693 autem

457 4739 846 4808 Aderbijanum
876 4737 1057 4807 gladio
1083 4734 1436 4806 expugnavit.
1467 4731 1688 4789 Primus
1727 4739 1907 4788 autem
1933 4730 2039 4787 fuit

458 4831 774 4902 Almogirab
831 4830 926 4900 qui
979 4827 1240 4884 Omarum
1294 4825 1472 4882 Ebnil'
1523 4825 1775 4891 Chetabi,
1828 4822 2039 4878 Antirol

462 4923 782 4988 Mumenin,
841 4935 938 4976 seu
1003 4921 1392 4990 imperatorem
1442 4917 1684 4972 ﬁdelium
1726 4915 2038 4988 appellavit.

462 5016 724 5072 Homines
769 5011 1039 5083 siquidem
1090 5021 1304 5066 mortuo
1355 5008 1740 5064 Mahummede
1781 5009 1900 5062 Abu
1943 5005 2046 5062 Be-

464 5126 645 5179 crum,
687 5106 978 5172 Chalifam,
1023 5119 1122 5160 seu
1160 5103 1423 5158 vicarium
1473 5101 1651 5156 nuntii
1691 5100 1787 5154 Dei
1837 5100 2046 5156 vocita-

466 5206 620 5260 bant.
651 5201 898 5271 Cumque
935 5197 1004 5252 ad
1037 5197 1213 5267 ipsum
1252 5195 1556 5250 scriberent
1590 5192 1764 5265 ipsius
1803 5191 2043 5262 praefecti

465 5297 711 5354 scribere
758 5293 1010 5352 solebant
1054 5287 1324 5346 :Vicario
1371 5287 1551 5342 nuntii
1605 5286 1721 5351 Dei,
1769 5301 1798 5340 a
1827 5279 2041 5340 N.'etc.

465 5393 604 5447 Cum
633 5404 765 5460 ergo
792 5385 1078 5458 imperium
1117 5381 1448 5437 obtinuisset
1479 5377 1648 5435 Ontar
1680 5377 1872 5433 Ebnol’
1900 5377 2045 5433 Che-

470 5484 801 5552 tabi,ipsum
846 5477 1110 5534 vicarium
1154 5473 1346 5530 vicarii
1392 5471 1570 5527 nuntii
1614 5471 1710 5526 Dei
1754 5469 2048 5540 insignive-

473 5587 602 5633 runt
633 5591 648 5629 :
686 5583 740 5630 et
775 5587 900 5628 cum
932 5571 998 5625 ad
1025 5571 1202 5641 ipsum
1248 5568 1464 5622 litteras
1489 5566 1704 5630 darent,
1736 5564 2049 5620 scribebant

473 5669 712 5743 prtelecti
740 5668 912 5739 ipsius
939 5663 1193 5721 :Vicario
1224 5661 1412 5716 vicarii
1448 5660 1623 5714 nuntii
1657 5655 1750 5712 Dei
1785 5671 1814 5711 a
1844 5655 1908 5711 N.
1940 5663 2047 5712 etc.

474 5769 541 5816 At
568 5776 691 5819 cum
721 5761 787 5819 Al
815 5757 1077 5828 Magiram
1108 5754 1228 5812 Ebn
1259 5751 1491 5810 Shaabat
1521 5750 1738 5840 Basorae
1770 5746 2078 5838 praefecis-l

2150 4543 2488 4614 scripsisset,
2521 4543 2642 4613 ejus
2673 4543 2819 4612 quod
2861 4544 3076 4599 dixerat
3109 4541 3416 4602 Othmanus
3452 4557 3726 4603 metuens.

2148 4634 2387 4691 Rursum
2432 4648 2564 4705 ergo
2603 4633 2670 4688 ad
2713 4633 2892 4704 ipsum
2937 4635 3187 4690 scribens
3222 4652 3239 4689 :
3283 4636 3341 4690 Si
3377 4641 3729 4706 pervenerint

2150 4727 2370 4801 (inquit)
2421 4727 2487 4782 ad
2535 4733 2589 4781 te
2623 4726 2818 4782 litterae
2848 4727 2966 4782 istae
2994 4734 3290 4797 antequam
3317 4727 3537 4800 ΕΒΗ)ιί
3566 4731 3730 4785 diti..-

2149 4835 2275 4876 nem
2323 4820 2607 4891 ingressus
2652 4818 2843 4883 fueris,
2895 4833 2962 4874 eo
3002 4818 3146 4875 unde
3179 4819 3461 4890 profectus
3505 4837 3588 4888 es,
3639 4839 3729 4878 re-

2150 4916 2282 4970 deas
2309 4929 2325 4980 ;
2354 4912 2501 4983 quod
2535 4913 2579 4969 si
2618 4913 2904 4982 ingressus
2935 4909 3126 4978 fueris,
3151 4925 3317 4982 perge
3346 4928 3453 4982 qua
3483 4915 3728 4984 coepisti.

2151 5005 2433 5062 Assccutis
2484 5012 2665 5058 autem
2721 5003 2921 5058 litteris
2965 5003 3219 5071 Amrum,
3267 5019 3391 5060 cum
3445 5003 3729 5077 Rapbachi

2152 5108 2322 5160 esset,
2351 5105 2602 5152 metuens
2642 5093 2734 5149 ille
2773 5110 2843 5150 ne
2883 5093 2932 5150 si
2963 5102 3217 5166 acceptas
3244 5109 3341 5152 eas
3373 5097 3613 5166 aperiret
3649 5101 3734 5151 in-

2153 5189 2365 5247 veniret
2406 5187 2462 5242 in
2512 5188 2645 5259 ipsis
2687 5183 3062 5258 [mandatum]
3106 5185 3399 5255 redeundi,
3448 5189 3656 5243 litteras
3701 5203 3729 5242 a

2155 5283 2352 5338 nuntio
2399 5281 2651 5350 accipere
2692 5292 2958 5343 renuens,
3006 5276 3300 5348 ipsumque
3339 5279 3628 5348 repellens,
3665 5293 3732 5332 eo

2155 5389 2266 5444 quo
2287 5381 2405 5430 erat
2434 5379 2580 5429 statu
2613 5369 2877 5442 perrexit,
2903 5369 3078 5426 donec
3098 5371 3152 5426 in
3184 5372 3306 5426 vico
3324 5369 3560 5442 quodam
3588 5372 3735 5427 inter

2156 5465 2474 5536 Raphacum
2506 5471 2559 5519 et
2592 5463 2846 5517 Arishum
2880 5469 3060 5518 castra
3088 5469 3335 5530 poneret.
3365 5460 3436 5517 De
3469 5475 3579 5532 quo
3607 5476 3730 5516 cum

2160 5560 2501 5627 interrogans
2547 5567 2874 5624 responsum
2915 5552 3175 5607 tulisset:
3204 5548 3297 5607 Est
3335 5552 3424 5606 hic
3458 5567 3490 5608 e
3526 5552 3736 5608 ditione

2159 5650 2416 5723 IEgypti;
2450 5649 2717 5704 accersito
2741 5646 2940 5702 nuntio
2969 5643 3182 5698 litteras
3211 5644 3278 5698 ab
3314 5645 3436 5714 ipso
3462 5653 3735 5714 acceptas,

2163 5761 2269 5802 una
2305 5760 2430 5800 cum
2466 5743 2532 5798 iis
2561 5741 2654 5804 qui
2688 5755 2876 5796 secum
2913 5736 3142 5794 aderant
3174 5733 3530 5792 Mosleminis.
3567 5736 3742 5808 perlea
