4116 6464
340 1625 345 1628 ε
438 1602 911 1657 Mahommedanis
963 1602 1283 1666 tradidisse,

440 480 578 546 1105

1844 486 2217 550 ANNALES.

3565 485 3697 549 1106

434 592 657 648 Hamam
692 592 897 663 [forum
924 592 1134 664 Balnei]
1175 592 1442 647 machinis
1478 607 1541 646 ac
1578 594 1809 649 ballistis
1843 597 2017 663 petic-
2048 612 2093 667 Α
2123 600 2267 664 quod
2311 599 2364 652 in
2425 596 2608 668 fugam
2668 598 2811 653 versi
2868 605 3213 652 recesserunt
3273 596 3445 652 Graeci
3505 616 3518 652 :
3569 600 3696 653 dein

430 695 583 741 runt.
641 683 778 739 Tum
807 684 1081 738 AlZahair
1117 684 1263 739 scala
1299 684 1454 738 lateri
1484 685 1902 751 arcisadmota,
1953 702 2017 741 ea

432 794 557 847 quae
583 777 763 831 forum
795 776 941 832 istud
974 777 1196 844 respicit
1238 783 1415 847 parte,
1462 779 1730 843 ascendit,
1769 794 1876 833 non
1907 780 2021 832 ani-

432 867 910 923 rnadvertentibus
944 868 1078 936 ipsis
1115 866 1292 922 donec
1318 875 1589 935 occupato
1621 868 1767 922 arcis
1801 867 2018 939 fastigio

432 960 769 1015 exclamaret
797 979 811 1014 :
840 960 1000 1014 Allalr
1033 958 1234 1023 Acbar,
1264 974 1385 1023 seu,
1413 960 1556 1015 Deus
1586 961 1856 1015 maximus
1881 969 1967 1017 est
2000 979 2014 1018 :

433 1066 558 1105 eum
636 1052 842 1107 scalam
900 1052 1158 1107 certatim
1211 1050 1607 1107 scandentibus
1676 1051 2017 1116 hominibus,

436 1142 608 1199 Graeci
635 1159 663 1198 a
692 1158 873 1212 pugna
906 1142 1266 1209 desistentes,
1331 1142 1659 1199 conscensis
1701 1141 1935 1211 navigiis
1963 1142 2016 1195 in

434 1234 672 1289 insulam
700 1233 770 1288 ad
803 1233 989 1289 socios
1035 1248 1168 1289 suos
1228 1248 1288 1288 se
1344 1240 1713 1303 receperunt:
1744 1240 1912 1303 atque
1945 1232 2037 1286 ita,

436 1330 899 1393 Mahommedani,
933 1344 1061 1385 arce
1088 1338 1272 1399 capta,
1318 1329 1554 1395 caedere,
1600 1328 1831 1393 vincire,
1871 1328 2020 1383 diri-

434 1436 585 1491 pere.
630 1420 802 1476 Graeci
852 1421 1041 1491 igitur,
1089 1422 1209 1476 viso
1244 1420 1378 1490 quid
1423 1421 1629 1475 fecerat
1657 1417 2020 1474 AlMokaukas

436 1528 673 1583 eumque
697 1552 713 1578 ,
768 1512 906 1583 ipsis
935 1512 1131 1568 fraude
1156 1527 1222 1567 ex
1253 1527 1381 1569 arce
1435 1510 1716 1577 abductis,
1768 1511 2018 1567 eamdem

1355 1611 1632 1671 exparte
1683 1603 1859 1672 ipsius
1909 1618 2021 1658 me-

436 1703 657 1751 tuentes
688 1696 905 1766 navigia
940 1695 1408 1760 conscenderunt,
1447 1705 1608 1766 atque
1642 1694 1697 1749 in
1725 1694 1921 1748 Ceram
1969 1694 2021 1747 ol

435 1786 671 1841 Shoraik
723 1786 1007 1858 [Shorailti
1037 1785 1220 1860 vinea]
1276 1802 1339 1844 se
1393 1786 1449 1841 in
1482 1787 1761 1842 exercitus
1800 1785 2019 1840 modum

436 1892 884 1949 composuerunt.
936 1881 1303 1937 AlMokaukas
1354 1884 1537 1935 autem
1589 1895 1713 1935 eum
1787 1880 2020 1933 Amrum

2126 690 2369 745 Salstano
2521 689 2738 744 obviam
2772 689 2902 744 facti
2926 687 3296 743 novemdecim
3318 688 3513 744 diebus
3532 691 3698 744 dimi-

2121 788 2319 835 carunt
2344 822 2359 848 ,
2394 780 2600 837 deinde
2618 788 2673 837 et
2704 782 2768 836 ad
2803 781 3061 852 Ceryaun
3090 781 3197 837 sibi
3229 781 3463 835 invicem
3506 797 3693 836 occur-

2126 879 2309 928 rentes
2341 874 2494 943 gravi
2537 874 2724 943 praglio
2752 876 3146 940 conﬂixerunt,
3197 874 3344 929 unde
3406 875 3460 928 in
3515 874 3698 944 fugam

2122 963 2373 1019 conversi
2400 962 2575 1020 Graeci
2612 964 3003 1020 Alexandriam
3053 980 3113 1020 se
3155 972 3503 1033 receperunt,
3537 972 3700 1033 atque

2125 1054 2179 1109 in
2211 1055 2330 1123 ipsa
2358 1070 2419 1111 se
2443 1056 2826 1111 muniverunt.
2875 1055 3038 1113 Unde
3076 1055 3335 1111 leoninos
3362 1058 3577 1111 animos
3608 1072 3701 1109 su-

2124 1154 2340 1201 mentes
2367 1146 2602 1212 Arabes,
2635 1146 3042 1203 Alexandrinos
3067 1160 3245 1216 pugna
3280 1146 3699 1210 lacessiverunt,

2127 1245 2294 1306 atque
2330 1237 2445 1293 acri
2495 1238 2798 1293 certamine
2848 1241 2997 1309 ipsos
3050 1239 3293 1309 aggressi
3332 1246 3482 1293 sunt.
3528 1238 3701 1293 Graeci

2125 1337 2308 1385 autem
2346 1330 2589 1399 quotidie
2610 1347 2640 1387 e
2664 1332 2836 1401 portis
2874 1332 3081 1401 egressi
3107 1333 3460 1393 dimicarunt,
3485 1332 3620 1386 adeo
3645 1341 3705 1384 ut

2124 1437 2190 1477 ex
2218 1430 2455 1494 utroque
2480 1426 2729 1481 exercitu
2755 1438 2950 1495 magna
2972 1425 3250 1483 occideret
3269 1424 3581 1479 multitudo.
3610 1424 3704 1478 Die

2126 1517 2308 1565 autem
2332 1513 2567 1582 quodam
2592 1514 2795 1568 acriter
2814 1514 2951 1569 adeo
2974 1524 3245 1568 certatum
3271 1523 3375 1579 est,
3411 1524 3468 1568 ut
3495 1517 3704 1569 Arabes

2125 1609 2316 1670 aperta
2343 1616 2469 1659 arce
2520 1602 2897 1659 Alexandrina
2943 1604 3085 1657 intra
3141 1604 3316 1674 ipsam
3370 1606 3521 1673 gravi
3578 1619 3703 1658 cum

2127 1691 2262 1761 ipsis
2296 1708 2477 1765 pugna
2530 1694 2918 1762 conliixerint;
2950 1695 3078 1749 dein
3133 1696 3186 1748 in
3224 1696 3374 1764 ipsos
3428 1696 3704 1750 irruentes

2125 1784 2323 1850 Grteci,
2344 1788 2555 1841 caeteris
2579 1786 2773 1858 pulsis,
2796 1788 3021 1842 Amrum
3048 1787 3223 1841 Ebnol
3256 1787 3372 1851 Δεῖ,
3398 1785 3701 1842 Musleutah

2130 1872 2302 1929 Ebnol
2362 1874 2686 1932 Mochalledi
2744 1888 2798 1932 et
2862 1877 3203 1933 Wardanurn
3260 1878 3409 1931 Aturi
3462 1892 3703 1937 servum,

437 1971 504 2026 de
553 1970 760 2029 ﬁndere
804 1974 948 2029 inter
990 1976 1139 2044 ipsos
1187 1974 1475 2045 pangendo
1507 1974 1760 2038 adiisset,
1793 1974 1863 2028 de
1914 1972 2020 2026 hoc
2053 1979 2094 2036 Β
2128 1980 2251 2019 cum
2300 1965 2407 2021 alio
2451 1968 2715 2037 quodam,
2765 1970 3009 2039 captivos
3058 1976 3344 2035 ceperunt,
3400 1969 3705 2023 nescientes

439 2064 583 2121 inter
623 2066 772 2137 ipsos
799 2070 1081 2132 convenit,
1116 2076 1176 2122 ut
1205 2068 1464 2122 omnibus
1496 2067 1831 2121 Mesrumum
1863 2079 1894 2118 a
1918 2080 2015 2120 su-

437 2158 638 2225 pcriori
669 2161 788 2229 ejus
822 2171 977 2231 parte
1007 2176 1182 2230 usque
1217 2161 1285 2216 ad
1335 2161 1657 2216 inferiorem
1718 2158 2015 2214 incolenti-

438 2247 564 2315 bus,
597 2248 1014 2319 imponerentur
1045 2252 1157 2305 duo
1199 2250 1349 2307 aurei
1378 2266 1408 2305 a
1463 2250 1697 2321 singulis
1742 2247 2014 2319 pendendi

438 2345 547 2391 tam
580 2339 856 2396 nobilibus
882 2357 1044 2411 quam
1071 2343 1315 2413 plebeiis,
1364 2341 1618 2397 videlicet
1650 2348 1920 2411 quotquot
1949 2340 2015 2394 ad

436 2440 654 2487 aetatem
683 2434 1094 2502 pervenissent;
1120 2444 1176 2491 at
1206 2449 1308 2489 nec
1328 2451 1360 2490 a
1396 2435 1554 2491 senio
1585 2433 1879 2499 confectis,
1913 2447 2016 2489 nec

438 2524 629 2592 pueris
687 2525 1104 2582 minorennibus
1158 2527 1251 2595 qui
1313 2542 1490 2583 annos
1544 2528 1851 2597 pubertatis
1907 2543 2018 2583 non

439 2615 771 2683 attigissent,
808 2618 1165 2689 309-311
1209 2634 1308 2674 nec
1342 2633 1372 2673 a
1404 2618 1729 2674 mulieribus
1777 2620 2020 2688 postula-

439 2717 591 2761 retur
616 2708 944 2778 quidquam.
984 2711 1283 2767 Numerum
1343 2711 1507 2765 etiam
1547 2711 1793 2767 inierunt
1821 2727 2013 2769 eorum

438 2815 470 2855 e
494 2800 765 2869 C0pl;titis
798 2804 1123 2872 praesertim,
1147 2806 1238 2874 qui
1271 2804 1478 2858 tributo
1496 2805 1780 2873 pendendo
1801 2805 2021 2863 obnoxii

436 2904 658 2961 essent;
718 2894 1052 2965 fueruntque
1100 2898 1191 2967 qui
1231 2896 1501 2951 numerati
1547 2904 1698 2960 sunt,
1758 2897 2012 2952 homines

437 2987 636 3042 sexies.
676 2987 878 3045 millies
939 2990 1110 3054 mille,
1169 3004 1404 3058 quorum
1461 3004 1659 3045 census
1704 2988 2039 3045 duodecies,

439 3081 973 3137 milliesanreorum
1004 3083 1211 3148 millia;
1241 3083 1397 3137 binos
1433 3092 1615 3139 autem
1672 3097 1869 3139 aureos
1900 3084 2023 3140 istis

439 3170 724 3238 imposuit,
791 3188 902 3244 pro
941 3174 1069 3230 illis
1106 3174 1516 3231 immunitatem
1576 3175 1711 3241 ipsis
1748 3175 2028 3244 pollicitus

438 3263 545 3318 fide
580 3265 755 3320 firma.

2123 2057 2345 2111 interim
2371 2059 2596 2129 quinam
2626 2071 2835 2117 essent.
2867 2059 3079 2128 Quibus
3104 2059 3377 2117 Patricius
3405 2078 3417 2114 :
3451 2058 3595 2121 Jam.
3623 2060 3705 2114 in-

2119 2150 2264 2219 quit,
2320 2152 2375 2205 in
2435 2153 2694 2209 manibus
2749 2153 2958 2210 nostris
2993 2154 3194 2223 captivi
3253 2154 3420 2220 estis;
3471 2153 3703 2208 indicate

2122 2242 2281 2299 nobis
2317 2245 2446 2314 quid
2480 2256 2565 2301 est
2594 2246 2738 2315 quod
2785 2261 2813 2301 a
2861 2248 3020 2302 nobis
3050 2246 3253 2301 velitis.
3302 2245 3402 2302 Cui
3453 2244 3701 2300 Amrus:
3764 2254 3767 2263 '

2120 2334 2471 2406 313—315
2506 2336 2640 2403 Hoc,
2674 2338 2775 2401 vel,
2812 2346 2874 2393 ut
2900 2338 3211 2405 religionem
3234 2344 3471 2391 nostram
3503 2336 3699 2407 ample-

2120 2428 2367 2493 ctamini,
2404 2429 2488 2485 vel
2524 2431 2688 2495 nobis,
2732 2431 2994 2486 tributum
3050 2431 3335 2500 pendatis;
3393 2431 3530 2487 alias
3557 2446 3701 2486 nun-

2121 2534 2283 2589 quam
2333 2537 2429 2577 vos
2459 2536 2774 2594 oppugnare
2808 2525 3152 2587 desistemus,
3192 2525 3362 2579 donec
3404 2527 3490 2579 vel
3546 2539 3648 2579 nos
3677 2539 3705 2578 e

2125 2613 2303 2667 medio
2360 2614 2591 2679 tollatis,
2654 2616 2737 2671 vel
2792 2618 2896 2685 ipsi
2946 2617 3165 2687 penitus
3218 2617 3510 2673 tollamini.
3563 2617 3702 2671 Dixit

2122 2698 2254 2771 ergo
2310 2718 2341 2758 e
2387 2703 2590 2761 Graecis
2645 2706 2868 2775 quidam
2917 2708 3197 2763 Patricio:
3249 2707 3510 2775 Suspicor
3565 2708 3707 2763 hunc

2125 2794 2310 2864 populi
2342 2797 2732 2867 imperatorem
2768 2813 2912 2865 esse,
2947 2799 3147 2854 collum
3199 2815 3328 2868 ergo
3363 2800 3466 2869 ipsi
3519 2802 3709 2869 praeci-

2125 2886 2268 2952 das;
2306 2886 2474 2942 Amro
2504 2888 2715 2945 scilicet
2755 2889 2930 2944 Ebnol
2979 2889 3098 2944 Asi.
3133 2889 3449 2945 Wardanus
3498 2899 3705 2954 autem,

2126 2977 2254 3044 quid
2313 2979 2521 3034 diceret
2575 2980 2989 3047 animadverso,
3040 2996 3167 3035 cum
3222 2996 3398 3052 graece
3467 2982 3709 3046 calleret,

2128 3067 2232 3137 ipsi
2271 3068 2321 3122 vi
2362 3078 2595 3126 attracto
2641 3071 2935 3141 colaphum
3002 3072 3228 3138 inﬂixit,
3279 3072 3513 3130 dicens:
3566 3073 3709 3141 Quid

2128 3158 2227 3213 tibi
2258 3166 2317 3213 ut
2358 3159 2473 3225 haec
2517 3161 2760 3233 loquaris
2790 3164 2936 3220 inter
2971 3165 3271 3236 principes,
3323 3181 3446 3221 cum
3496 3182 3605 3221 non
3637 3168 3712 3222 sit

2131 3251 2187 3305 in
2217 3252 2462 3307 exercitu
2514 3255 2607 3325 qui
2654 3263 2707 3310 te
2741 3254 2971 3311 inferior
3023 3257 3118 3322 sit,
3171 3256 3253 3309 vel
3287 3257 3498 3322 minor;
3544 3258 3708 3312 alium

509 3356 647 3412 Tum
676 3356 742 3413 ad
756 3359 989 3414 Amrum
1016 3358 1187 3416 Ebnol
1213 3359 1305 3416 Asi
1332 3359 2014 3417 aceedensAlMok’aukas:

2128 3345 2273 3415 loqui
2312 3345 2466 3414 sine;
2492 3355 2551 3403 tu
2574 3365 2685 3418 prae
2716 3350 2920 3405 vilitate
2955 3357 3046 3405 tua
3071 3358 3125 3405 te
3144 3352 3369 3411 cohibe.
3401 3349 3546 3406 Dixit
3579 3367 3711 3423 ergo

439 3448 581 3503 Nihil
622 3450 846 3522 (inquit)
884 3452 1015 3507 mihi
1072 3461 1155 3508 est
1214 3466 1337 3506 cum
1404 3450 1634 3516 Crassis,
1700 3466 1878 3520 neque
1923 3444 2064 3547 ea-"i

439 3542 563 3597 dem
592 3543 727 3596 mihi
757 3559 879 3598 cum
909 3545 1015 3599 illis
1050 3544 1264 3615 religio,
1314 3558 1490 3612 neque
1535 3545 1847 3600 communis
1894 3559 2022 3600 sen-
2046 3542 2074 3610 ’,

440 3634 636 3687 tentia.
666 3634 864 3687 Verum
901 3642 1049 3688 metu
1091 3649 1162 3689 ne
1227 3634 1297 3690 ab
1353 3634 1492 3705 ipsis
1530 3643 1706 3689 morte
1734 3635 2020 3714 multarer,

441 3725 763 3796 religionem
796 3732 1059 3781 etmeam
1092 3725 1159 3779 de
1191 3724 1436 3794 ipsorum
1490 3726 1752 3794 opinione
1797 3736 2021 3782 senten-

443 3818 572 3871 tiam
607 3817 802 3883 celavi,
839 3832 909 3872 ac
933 3816 1072 3870 clam
1103 3815 1289 3871 habui.
1322 3817 1456 3871 Peto
1484 3827 1668 3873 autem
1698 3832 1728 3870 a
1755 3826 1807 3871 te
1832 3826 1890 3872 ut
1921 3820 2020 3873 tria

442 3911 576 3964 mihi
610 3911 887 3981 postulata
922 3908 1219 3964 concedas.
1242 3908 1517 3975 Quasnam
1549 3909 1751 3980 (inquit
1798 3910 2020 3977 Amrus)

440 4011 572 4055 sunt
598 4001 744 4055 ista?
778 3999 1083 4070 Respondit
1114 4017 1128 4053 :
1159 3999 1239 4054 Ne
1266 4014 1353 4054 me
1384 4014 1416 4054 a
1472 3998 1709 4067 Coptitis
1758 4015 2019 4070 separes;

439 4094 535 4148 sed
562 4092 715 4148 mein
734 4108 922 4148 eorum
951 4107 1180 4148 numero
1203 4093 1427 4157 habeas,
1449 4092 1848 4162 idemque-mihi
1875 4092 2020 4162 quod

441 4183 550 4238 illis
598 4184 871 4253 imponas,
903 4182 1177 4253 siquidem
1233 4197 1360 4237 cum
1396 4183 1532 4252 ipsis
1589 4198 1800 4247 assero,
1853 4192 2019 4253 atque

443 4275 563 4329 illis
584 4276 638 4330 in
668 4276 752 4336 iis,
781 4288 903 4345 quae
928 4274 996 4329 ad
1023 4289 1111 4328 me
1139 4271 1590 4342 spectant,lidem
1616 4271 1815 4329 habeo.
1846 4271 2019 4328 Porro

442 4368 672 4438 Coptiue
705 4369 885 4423 foedus
914 4367 1065 4437 quod
1118 4380 1244 4422 cum
1279 4365 1621 4434 ipsis-iniisti
1657 4379 1723 4420 ac
1769 4365 2027 4435 pepigisti

442 4459 785 4513 observaturi
830 4467 979 4512 sunt.
1027 4456 1372 4519 Secundum,
1407 4463 1468 4509 ut
1523 4454 1570 4509 si
1605 4455 1839 4525 posthac
1880 4471 1911 4510 a
1968 4464 2023 4511 te

445 4552 702 4622 petierint
763 4549 967 4615 Graeci,
1027 4557 1249 4603 utcum
1309 4548 1423 4603 illis
1468 4562 1660 4616 pacem
1694 4546 1891 4613 facias,
1950 4562 2022 4602 ne

444 4642 578 4697 illud
609 4642 778 4696 facias
813 4640 990 4695 donec
1024 4640 1175 4710 ipsos
1202 4637 1612 4708 disperdideris,
1632 4638 1759 4692 etin
1790 4637 2026 4693 servitu-

446 4747 554 4790 tetn
591 4735 863 4805 redegeris
893 4751 907 4787 :
941 4734 1210 4803 siquidem
1240 4732 1345 4787 hoc
1371 4732 1521 4801 digni
1570 4740 1719 4787 sunt.
1745 4731 2017 4796 Tertium,

445 4833 505 4878 ut
560 4825 605 4882 si
674 4825 903 4890 moriar,
931 4822 1123 4892 jubeas
1180 4822 1330 4891 ipsos
1383 4837 1471 4876 me
1524 4821 1578 4876 in
1642 4821 1875 4877 ecclesia
1923 4822 2023 4879 Abi

444 4914 678 4970 Joannis
707 4913 1056 4968 Alexandriae
1087 4914 1346 4983 sepelire.
1379 4914 1558 4982 Atque
1607 4912 1723 4967 haec
1752 4914 2027 4969 concessit

446 5010 496 5064 ei
528 5009 730 5062 Amrus
759 5011 869 5061 hoc
899 5017 1087 5075 pacto,
1118 5015 1177 5060 ut
1209 5006 1263 5060 in
1316 5020 1378 5069 se
1432 5004 1782 5074 susciperent
1830 5015 2049 5075 pontes,

446 5100 587 5154 duos
614 5096 959 5163 reficiendos,
1017 5110 1084 5150 ac
1142 5096 1453 5155 diversoria
1504 5096 1642 5165 ipsis
1673 5104 1728 5150 et
1763 5096 2025 5167 hospitia,

448 5202 501 5247 et
531 5192 650 5245 fora
686 5205 750 5244 ac
805 5198 1004 5260 pontes
1062 5188 1270 5259 ubique
1306 5189 1472 5259 312
1523 5191 1667 5243 inter
1704 5189 2026 5245 Phastatum

448 5296 503 5340 et
530 5283 921 5341 Alexandriam
970 5290 1230 5354 pararent
1264 5298 1280 5335 :
1315 5281 1461 5349 quod
1494 5288 1552 5335 et
1594 5280 1868 5348 fecerunt,
1900 5298 2029 5352 pro-

450 5358 747 5432 deuntibus
798 5376 1140 5445 Coptitarum
1194 5373 1527 5442 primoribus
1579 5375 1646 5428 ad
1705 5373 1848 5426 viam
1921 5375 2032 5429 illis

453 5472 783 5539 parandam;
818 5476 1145 5539 pontesque,
1177 5480 1242 5520 ac
1274 5465 1392 5519 fora
1444 5473 1500 5521 et
1543 5464 1847 5520 diversoria
1894 5466 2030 5534 ipsis

452 5564 699 5618 curanda
731 5581 747 5619 :
780 5563 915 5634 quin
942 5568 997 5616 et
1028 5560 1294 5615 auxilium
1340 5559 1475 5629 ipsis
1518 5559 1760 5614 tulerunt
1792 5558 2029 5630 Coptitae

454 5671 791 5726 quacunque
847 5656 905 5712 in
964 5671 1025 5711 re
1090 5656 1386 5709 voluerunt
1443 5652 1509 5706 ad
1572 5651 1793 5708 Graecos
1858 5667 2032 5723 oppu-

455 5748 727 5817 gnandos.
789 5747 1077 5803 Profectus
1138 5756 1225 5802 est
1284 5760 1416 5817 ergo
1474 5760 1599 5800 cum
1654 5744 1771 5799 suis
1827 5745 2029 5799 Amrus

456 5842 632 5898 donec
659 5842 867 5898 Graecis
896 5840 1163 5897 universis
1185 5840 1242 5895 in
1271 5840 1501 5896 Ceramo
1564 5836 1800 5891 Shoraih
1830 5851 2028 5892 occur-

438 5942 649 6022 .rcrct;
689 5935 780 5993 ubi
817 5950 911 6001 per
938 5933 1179 5992 triduum
1233 5950 1410 6007 pugna
1463 5934 1849 5995 dcccrtarunt;
1907 5938 2030 6004 post

2128 3435 2273 3504 apud
2302 3451 2363 3492 se
2392 3436 2701 3496 Patricius:
2734 3440 2790 3495 Si
2824 3450 2971 3497 esset
2993 3441 3083 3497 ille
3106 3445 3410 3513 imperator
3436 3443 3708 3513 ipsorum,
3746 3496 3749 3497 ν

2128 3528 2250 3583 ﬁeri
2284 3544 2394 3585 non
2432 3542 2618 3601 posset
2648 3542 2708 3588 ut
2748 3532 2839 3588 hic
2872 3533 3051 3604 ipsum
3085 3535 3191 3591 hoc
3240 3536 3406 3592 modo
3443 3537 3708 3603 traheret,
3746 3588 3751 3591 Α

2130 3634 2195 3675 ac
2227 3622 2482 3694 colaphis
2512 3624 2770 3681 caederet.
2801 3624 2951 3680 Dixit
2978 3625 3280 3683 Muslemah
3313 3626 3427 3682 Ebn
3461 3627 3711 3685 Mochal-

2126 3713 2276 3768 ledi:
2318 3714 2378 3769 In
2430 3716 2613 3771 animo
2656 3716 2846 3771 habuit
2896 3720 3197 3787 imperator
3250 3726 3438 3775 noster
3490 3737 3523 3775 a
3551 3721 3751 3778 vobis

2127 3808 2515 3876 oppugnandis
2539 3810 2820 3877 recedere,
2879 3818 3046 3881 atque
3076 3810 3224 3866 hunc
3258 3812 3311 3867 in
3368 3813 3529 3869 linem
3565 3814 3712 3869 scri-

2124 3897 2233 3967 psit
2281 3899 2347 3953 ad
2404 3899 2583 3969 ipsum
2639 3900 2941 3971 imperator
2994 3901 3258 3968 lidelium,
3314 3901 3482 3957 Omar
3536 3905 3708 3960 Ebnol

2124 3989 2389 4055 Chetabi;
2431 3990 2598 4061 idque
2628 3993 2779 4062 quod
2809 4003 3077 4052 statuerat
3108 3994 3297 4049 decem
3331 4010 3361 4049 e
3391 3996 3507 4051 suis
3538 3998 3710 4052 duces

2123 4081 2191 4135 ad
2221 4097 2318 4135 vos
2376 4082 2615 4150 mittere,
2654 4097 2702 4139 .e
2750 4085 3046 4154 praecipuis
3105 4084 3321 4141 scilicet
3367 4102 3557 4141 eorum
3616 4092 3708 4155 qui

2125 4174 2364 4230 consilio
2406 4176 2696 4245 pollerent,
2748 4192 2858 4247 quo
2893 4177 3036 4233 inter
3068 4193 3168 4233 vos
3198 4188 3253 4232 et
3305 4179 3454 4248 ipsos
3504 4195 3710 4235 conve-

2126 4263 2268 4317 niret
2302 4264 2370 4320 de
2404 4280 2462 4320 re
2492 4266 2702 4337 aliqua,
2724 4282 2846 4337 quas
2878 4268 3128 4338 utrisque
3155 4275 3309 4339 grata
3350 4277 3520 4335 esset,
3552 4272 3713 4325 adeo-

2126 4370 2232 4424 que
2261 4371 2291 4411 a
2321 4358 2477 4413 vobis
2500 4370 2927 4416 reverteremur.
2961 4360 3021 4417 Si
3050 4376 3184 4433 ergo
3230 4362 3339 4418 hoc
3370 4364 3528 4419 vobis
3575 4366 3713 4418 arri-

2126 4446 2276 4514 dcat,
2324 4448 2588 4508 dimittite
2621 4467 2870 4523 nosque
2901 4455 2969 4507 ad
3020 4454 3408 4524 imperatorem
3458 4466 3706 4511 nostrum
3752 4496 3753 4499 η

2137 4548 2469 4605 accedentes
2503 4550 2796 4606 certiorem
2830 4552 3013 4621 ipsum
3069 4550 3336 4607 faciamus
3370 4564 3576 4624 quanta
3609 4570 3712 4610 nos
3748 4592 3754 4601 .

2055 4675 2101 4731 ι)
2130 4654 2255 4694 cum
2320 4640 2667 4700 humanitate
2720 4643 3120 4709 traetaveritis,
3172 4649 3464 4715 mittatque
3500 4646 3567 4700 ad
3615 4662 3713 4702 vos

2132 4731 2322 4789 decem
2353 4733 2546 4797 duces,
2578 4740 2744 4804 atque
2775 4735 2853 4789 ita
2883 4736 3195 4805 composito
3220 4737 3363 4791 inter
3397 4746 3585 4792 nos-et
3616 4753 3714 4792 vos
3743 4771 3759 4782 κ

2133 4825 2379 4895 negotio,
2410 4824 2585 4896 316,
2601 4840 2672 4880 eo
2703 4825 2869 4882 modo
2895 4826 2991 4896 qui
3041 4827 3299 4897 utrisque
3324 4835 3515 4897 gratus
3551 4827 3644 4893 sit,
3681 4844 3711 4883 a
3749 4862 3755 4867 -

2133 4917 2292 4972 vobis
2322 4918 2671 4975 recedamus.
2699 4917 2872 4974 Batus
2898 4917 3176 4975 Patricius
3205 4935 3397 4974 verum
3420 4934 3540 4975 esse
3560 4922 3711 4989 quod

2136 5010 2372 5073 dixerat,
2424 5010 2851 5082 dimisitipsos,
2883 5026 3114 5082 sperans
3162 5026 3487 5068 accessuros
3544 5013 3715 5067 duces

2133 5101 2322 5156 decem
2355 5117 2494 5171 quos
2524 5103 2779 5159 occidere
2838 5111 3043 5172 posset,
3092 5112 3258 5174 atque
3312 5105 3385 5158 ita
3417 5103 3627 5158 Arabes
3658 5104 3713 5156 in

2135 5202 2457 5263 potestatem
2510 5209 2670 5249 suam
2702 5193 2992 5265 redigere:
3028 5192 3181 5250 abire
3211 5208 3344 5264 ergo
3400 5194 3548 5261 ipsos
3592 5208 3716 5262 pcr-

2136 5285 2308 5340 misit.
2342 5286 2428 5340 llli
2461 5301 2599 5341 vero
2625 5286 2714 5341 ubi
2750 5286 2959 5355 egressi
2993 5292 3204 5350 essent,
3241 5284 3379 5339 dixit
3408 5284 3713 5339 Moslemah

2134 5377 2304 5431 Amro
2336 5375 2495 5431 Ehnil
2535 5378 2670 5432 Asi:
2728 5375 2873 5431 lleus
2906 5376 3073 5431 Atnre
3111 5376 3124 5429 Ξ
3159 5375 3416 5430 liberavit
3464 5382 3520 5429 te
3550 5374 3714 5427 War-

2136 5467 2263 5522 dani
2326 5467 2615 5538 colaphus.
2687 5467 2819 5522 Dein
2882 5466 3050 5521 Deum
3115 5464 3412 5520 maximum
3473 5463 3715 5518 celebra-

2133 5567 2281 5616 runt.

2205 5654 2419 5711 Norunt
2452 5669 2583 5724 ergo
2619 5653 2851 5709 Romani
2882 5654 3109 5708 Amrum
3142 5649 3312 5704 fuisse
3339 5646 3431 5715 qui
3466 5645 3713 5715 captivus

2137 5744 2320 5802 fuerat
2350 5761 2364 5798 :
2400 5747 2763 5817 pmnituitque
2796 5747 2921 5801 illos
2955 5744 3105 5814 quod
3142 5744 3319 5813 ipsum
3354 5738 3711 5794 dimisissent.

2136 5838 2276 5895 Tum
2311 5839 2700 5893 accedentibus
2754 5838 2890 5907 ipsis
2923 5852 2987 5893 ac
3017 5836 3295 5892 Romanos
3327 5832 3567 5887 clamore
3589 5845 3713 5884 evo-

2149 5931 2405 5989 cantibus
2442 5931 2593 5991 tzravi
2642 5931 2948 5988 certamine
2977 5936 3277 5989 ouenatum
3307 5933 3423 5986 cst:
3483 5922 3719 5982 Romani
