4116 6450
457 472 590 535 ῙῙΟἹ
720 506 723 509 ·
1250 492 1279 515 ο

1434 477 1801 537 EUTYClIll
1848 479 2384 542 ALEXANDRINI
2429 485 2650 547 PATR.

3584 485 3717 550 1ῗοῖ

452 597 635 641 autem
692 589 747 641 in
783 586 960 656 fugam
1012 589 1287 652 conversi,
1342 589 1430 644 alii
1494 592 1559 645 ad
1618 607 1768 648 mare
1799 608 1859 648 se
1890 593 2030 647 reci-
2062 598 2103 652 Α
2138 595 2282 651 mina
2334 595 2598 653 Phustato
2652 597 2976 652 Kolzamum
3031 590 3374 659 deferebant,
3424 610 3545 667 quae
3589 596 3714 650 dein

452 683 667 750 pientes
733 683 950 753 navigia
1002 684 1472 752 conscenderunt,
1520 688 1611 741 alii
1669 704 1767 759 per
1821 698 2023 745 terram

452 775 727 837 abierunt,
761 788 825 828 ac
851 773 1083 844 ingressi
1119 784 1249 831 sunt
1274 777 1577 833 Moslemini
1610 780 2024 842 Alexandriam,

452 872 742 932 postquam
775 864 828 917 in
881 865 1052 933 ipsius
1081 866 1370 922 obsidione
1423 884 1638 924 menses
1688 870 2027 940 quatuorde-

451 958 558 1009 eim
595 956 1041 1025 insumpsissent.
1092 957 1376 1029 Captaque
1400 961 1509 1031 jam
1544 962 1679 1018 urbe
1712 972 1871 1032 atque
1904 962 2027 1032 fuga

453 1047 682 1116 dilapsis
737 1048 828 1117 qui
876 1064 908 1104 e
957 1048 1224 1105 Romanis
1277 1050 1554 1121 fugerant,
1616 1056 1897 1123 profectus
1945 1065 2029 1108 est

451 1142 659 1196 Amrus
682 1140 856 1197 Ebnol
878 1142 972 1199 Asi
1002 1158 1099 1199 eos
1126 1146 1218 1214 qui
1248 1160 1345 1217 per
1368 1154 1571 1202 terram
1602 1146 1860 1217 fugerant
1883 1163 2030 1218 qua:-

452 1235 642 1288 sitnm.
682 1234 763 1287 illi
795 1245 976 1289 autem
1012 1250 1076 1290 ex
1135 1237 1269 1304 ipsis
1299 1240 1392 1308 qui
1446 1250 1544 1309 per
1593 1254 1740 1295 mare
1780 1238 2048 1310 fugerant,

452 1325 840 1380 Alexandriam
874 1328 1100 1391 reversi,
1135 1327 1486 1384 Mosleminos
1512 1330 1607 1398 qui
1637 1330 1693 1384 in
1728 1343 1790 1384 ea
1825 1329 2027 1398 reperti

452 1426 583 1470 sunt
615 1417 960 1472 occiderunt.
1001 1418 1283 1489 Cumque,
1336 1434 1402 1473 eo
1436 1419 1623 1474 audito
1653 1434 1908 1475 reversus
1939 1434 2029 1473 es-

454 1518 537 1562 set
566 1509 767 1564 Amrus
801 1511 915 1565 acri
950 1512 1127 1580 ipsum
1175 1525 1353 1581 pugna
1399 1513 1553 1579 juxta
1588 1526 1768 1567 arcem
1796 1522 2029 1580 excepe-

452 1608 618 1665 runt;
655 1616 759 1671 qua
786 1604 854 1657 ab
900 1602 1020 1670 ipso
1076 1612 1235 1673 capta
1285 1617 1505 1657 rursum
1536 1603 1604 1658 ad
1642 1618 1809 1659 naves
1835 1601 2029 1659 confu-

452 1701 652 1761 gerunt
702 1694 955 1748 Romani.
983 1692 1215 1764 Scripsit
1244 1709 1375 1765 ergo
1407 1694 1606 1751 Amrus
1642 1693 1813 1750 Ebnol
1839 1696 1928 1749 Asi
1963 1694 2029 1748 ad

452 1786 711 1839 ()marum
759 1784 917 1840 Ebnil
951 1786 1221 1841 Chetahi:
1260 1785 1461 1857 Urbem
1514 1787 1631 1856 cepi
1663 1785 1720 1840 in
1761 1801 1868 1856 qua
1902 1784 2031 1854 quid

453 1877 525 1931 sit
556 1892 664 1930 non
711 1876 1043 1943 describam,
1092 1877 1198 1947 nisi
1249 1878 1397 1948 quod
1445 1878 1500 1931 in
1554 1878 1672 1947 ipsa
1731 1878 2026 1946 repererim

2140 701 2237 755 per
2288 703 2439 744 mare
2482 688 2697 744 Salsum
2760 687 3027 742 Medinam
3086 685 3496 741 deferebantur.
3560 687 3719 757 Cepit

2137 777 2301 831 etiam
2333 779 2536 835 Amrus
2602 777 2777 833 Ebnol
2836 777 2929 832 Asi
2989 776 3253 847 Tripolim
3316 777 3712 832 occidentalem

2146 881 2292 921 anno
2327 866 2502 923 Heirze
2554 868 2819 924 vicesimo
2872 868 3136 931 secundo,
3196 881 3299 922 nec
3337 882 3449 921 non
3499 867 3712 936 imperii

2139 954 2373 1013 lleraclii
2402 958 2665 1014 vicesimo
2694 958 2962 1024 secundo,
3001 957 3298 1015 chalifatus
3319 958 3505 1014 Omari
3538 957 3714 1014 Ebnol

2138 1047 2365 1103 Cbetabi
2399 1050 2634 1105 decimo.
2655 1049 3048 1120 Exstruxitque
3069 1052 3271 1105 Amrus
3302 1050 3552 1106 Pbustati
3579 1061 3717 1105 tem-

2141 1139 2287 1208 plum
2322 1155 2601 1211 magnum.
2639 1142 2809 1197 Porro
2844 1142 3168 1197 interfectus
3202 1152 3286 1198 est
3331 1141 3499 1197 Omar
3543 1141 3718 1197 Ebnol

2141 1232 2375 1287 Chetabi
2426 1233 2678 1298 Medinae,
2725 1234 3089 1289 interficiente
3128 1235 3306 1303 ipsum
3358 1235 3476 1289 Abu
3529 1232 3719 1289 Luluaa

2139 1340 2300 1381 servo
2355 1325 2578 1397 Mogira:
2638 1327 2756 1381 Ebn
2807 1325 3058 1382 Shaabae.
3111 1326 3258 1382 Obiit
3311 1327 3402 1381 die
3427 1326 3511 1381 Dil
3545 1326 3721 1396 Hojjte

2140 1418 2408 1473 vicesimo
2463 1418 2722 1487 septimo.
2785 1432 2930 1472 anno
2982 1417 3165 1473 Heine
3217 1418 3482 1472 vicesimo
3531 1418 3717 1479 tertio,

2145 1524 2245 1564 nec
2280 1526 2386 1565 non
2424 1509 2637 1580 imperii
2672 1508 2910 1565 Heraclii
2946 1512 3208 1566 vicesimo
3242 1513 3409 1564 tertio
3459 1524 3582 1563 cum
3617 1524 3719 1562 an-

2139 1615 2332 1656 norum
2370 1610 2516 1657 esset
2546 1602 2830 1671 sexaginta
2859 1601 3047 1666 trittm,
3084 1612 3329 1670 tempore
3359 1599 3717 1671 321~323

2140 1694 2407 1749 orationis
2437 1693 2743 1749 matutinae.
2788 1692 2908 1749 1am
2936 1701 3121 1749 autem
3172 1695 3228 1747 in
3265 1694 3563 1748 consilium
3618 1707 3719 1746 vo-

2138 1788 2344 1840 candos
2373 1785 2464 1858 [de
2511 1800 2835 1842 successore
2866 1784 3142 1858 eligendo]
3180 1793 3454 1841 statuerat
3479 1800 3573 1840 sex
3607 1784 3722 1838 Mo-

2142 1878 2265 1931 ham
2318 1879 2570 1944 comites,
2593 1877 2926 1933 Othmanum
2955 1877 3072 1932 Ebn
3100 1877 3278 1940 Affan,
3305 1877 3445 1931 Alim
3477 1875 3593 1932 Ebn
3617 1876 3719 1930 Abi

453 1968 657 2035 palatia
707 1978 897 2037 quater
932 1969 1113 2036 mille;
1151 1969 1340 2024 balnea
1365 1977 1558 2039 quater
1598 1970 1781 2037 mille;
1814 1968 2033 2024 Judaeo-
2072 1954 2112 2008 Β
2141 1970 2350 2035 Talebi,
2382 1968 2612 2025 Talbum
2644 1969 2911 2023 AlZobair
2961 1969 3131 2024 Ebnol
3180 1971 3368 2031 Aram,
3407 1966 3720 2022 Ahdorrah-

454 2076 575 2113 rum
631 2061 726 2128 qui
764 2061 1030 2115 tributum
1058 2061 1655 2132 solvuntquadraginta
1678 2060 2036 2132 317-319

456 2151 650 2217 millia,
700 2152 882 2207 circos
922 2153 1105 2221 regios
1151 2153 1607 2223 quadringentos,
1665 2153 1893 2209 olitores
1937 2153 2032 2222 qui

454 2243 603 2296 olera
628 2243 864 2297 vendunt
887 2243 1180 2299 duodecies
1214 2245 1383 2301 mille.
1415 2247 1593 2314 ipsam
1644 2260 1773 2301 vero
1808 2245 1859 2299 vi
1887 2245 2029 2315 cepi,

458 2333 610 2386 nullo
646 2335 783 2387 inito
837 2345 1021 2404 pacto.
1062 2336 1363 2391 Certiorem
1423 2338 1586 2391 etiam
1644 2337 1824 2407 ipsum
1882 2320 2032 2403 fecit,

460 2438 687 2493 poscere
723 2425 1080 2483 Mosleminos
1112 2429 1287 2498 ipsam
1338 2429 1444 2483 sibi
1500 2429 1877 2485 dividendam.
1930 2430 2030 2484 Cui

458 2516 771 2571 rescribens
803 2516 971 2572 Omar
999 2518 1192 2573 Ebnol’
1224 2520 1476 2585 Chetabi,
1528 2521 1825 2575 consilium
1858 2519 2032 2591 ipsius

458 2607 811 2675 improbavit,
853 2607 1128 2677 iussitque
1169 2625 1238 2665 ne
1272 2613 1447 2682 ipsam
1483 2611 1590 2666 illis
1638 2609 2029 2684 [spoliandam]

460 2700 798 2765 permitteret
834 2710 931 2755 aut
958 2700 1253 2766 divideret,
1285 2718 1477 2757 verum
1515 2704 1746 2775 vectigal
1780 2702 1951 2774 ipsius
1975 2704 2033 2757 in

459 2793 579 2861 ipsa
608 2792 950 2848 Mosleminis
993 2793 1351 2863 relinqueret,
1384 2810 1490 2865 quo
1523 2795 1775 2851 subsidio
1806 2794 1946 2866 ipsis
1977 2795 2031 2849 in

457 2886 838 2955 oppugnandis
891 2887 1147 2944 hostibus
1189 2897 1361 2945 esset.
1415 2889 1547 2943 Eam
1597 2903 1728 2960 ergo
1778 2903 1889 2959 quo
1919 2898 2034 2943 erat

458 2987 606 3031 statu
636 2978 981 3034 confirmavit
1011 2980 1237 3045 Amrus,
1266 2981 1681 3051 uumeratisque
1712 2981 1909 3037 incolis
1944 2981 2036 3033 tri-

465 3072 653 3125 hutum
692 3072 824 3141 ipsis
873 3073 1152 3141 imposuit.
1193 3074 1364 3128 Porro
1394 3074 1660 3145 Egyptus
1691 3074 1948 3129 universa
1981 3072 2034 3126 in

465 3165 643 3219 t'tedus
678 3174 891 3235 recepta
944 3166 1070 3230 fuit,
1118 3166 1328 3222 tributo
1378 3169 1634 3223 binorum
1682 3179 1973 3222 aureorum
2005 3181 2036 3220 a

461 3257 695 3328 singulis
753 3259 1081 3328 pendendo;
1136 3275 1314 3329 neque
1371 3260 1610 3329 cuipiam
1666 3258 1900 3328 amplius
1934 3272 2035 3328 pro

2143 2076 2270 2115 man
2325 2060 2443 2117 Ebu
2496 2059 2631 2127 Orﬁ,
2694 2059 2964 2115 AlZahari
3013 2068 3068 2115 et
3104 2059 3343 2114 Saadutn
3410 2058 3533 2113 Ebn‘
3595 2057 3720 2113 Abii

2143 2154 2407 2211 Wakkas.
2446 2153 2635 2210 Oravit
2684 2168 2787 2224 pro
2816 2169 2883 2209 eo
2931 2152 3102 2211 Sahib
3150 2152 3425 2209 AlRumi:
3471 2152 3723 2220 sepultus

2140 2258 2227 2305 est
2258 2248 2443 2303 eadem
2469 2246 2632 2301 domo
2661 2247 2717 2299 in
2742 2260 2849 2315 qua
2876 2246 3125 2315 sepultus
3156 2244 3720 2301 fueratblahommed.

2141 2341 2448 2397 Chalifatus
2480 2338 2654 2408 ipsius
2685 2353 2955 2393 annorum
3004 2346 3122 2393 erat
3152 2337 3365 2402 decem,
3400 2341 3473 2395 iet
3529 2351 3721 2391 novem

2144 2429 2438 2485 mensium.
2488 2427 2689 2483 Novies
2724 2428 3023 2483 chalifatus
3070 2428 3155 2483 sui
3191 2438 3437 2497 tempore
3491 2431 3722 2498 peregre

2142 2519 2423 2592 religionis
2444 2533 2575 2589 ergo
2594 2519 2976 2588 peregrinatus
3000 2528 3105 2573 est.
3128 2517 3338 2573 Fuscus
3358 2530 3499 2582 erat,
3524 2532 3720 2581 sraxva,

2142 2614 2353 2676 calvus,
2383 2623 2553 2684 caput
2576 2620 2631 2666 et
2663 2613 2887 2667 barbam
2936 2611 3104 2665 hinna
3136 2611 3387 2679 tingens:
3417 2610 3723 2680 spiculata-

2144 2722 2265 2761 rum
2315 2706 2419 2776 ipsi
2448 2705 2743 2778 praefectus
2772 2703 2876 2758 fuit
2904 2701 3171 2758 Abdallab
3207 2699 3329 2757 Ebn
3358 2702 3587 2767 Abbasi,
3632 2701 3723 2771 ja-

2144 2800 2293 2854 nitor
2322 2797 2495 2853 Barka
2526 2812 2719 2852 servus
2742 2796 2938 2867 ipsius.

2425 2889 2727 2959 Chalifatus
2772 2888 3027 2944 O'hmam’
3072 2888 3189 2943 Ebn
3222 2889 3436 2959 -Aﬂ'am'.

2216 2982 2273 3037 In
2308 2981 2631 3037 chaliialum
2680 2982 2945 3038 suifectus
2990 2991 3074 3037 est
3112 2982 3347 3036 OIhman
3396 2980 3508 3035 Ebu
3544 2978 3721 3033 Affani

2145 3079 2262 3134 Ebn
2296 3078 2420 3133 Abii
2443 3077 2562 3143 Asi,
2589 3076 2705 3134 Ebn
2728 3078 2979 3142 Ommiae,
3010 3077 3127 3133 Ebn
3153 3077 3525 3133 Abdishemsi.
3550 3075 3726 3130 Mater

2146 3170 2251 3239 ipsi
2291 3168 2395 3222 fuit
2426 3168 2715 3223 Ommaiab
2746 3167 2853 3222 filia
2880 3167 3131 3235 Cubarte,
3159 3167 3275 3224 Ebn
3311 3166 3518 3231 Rabiae,
3543 3166 3725 3220 tribus

2147 3268 2273 3329 post
2314 3258 2502 3314 Omari
2544 3259 2753 3313 obitum
2781 3258 2975 3314 diebus
3002 3258 3223 3314 finieute
3255 3256 3339 3312 Dii
3364 3256 3541 3325 Hojja.
3570 3256 3725 3309 Fuit-

463 3351 643 3419 capite
671 3365 772 3405 suo
797 3351 1116 3407 solvendum
1180 3310 1571 3423 imponebatur.
1616 3351 1742 3419 (nisi
1795 3350 1890 3405 ubi
1939 3350 2038 3404 ad-
2069 3310 2113 3370 Ο
2146 3310 2253 3419 que
2299 3348 2569 3422 [initium]
2614 3348 2909 3405 chalifatus
2955 3348 3075 3418 ejus
3128 3348 3464 3404 novilunium
3520 3347 3724 3402 mensis

458 3444 725 3508 jiceretur
779 3442 1012 3512 aliquid,
1059 3459 1220 3513 etque
1275 3445 1650 3514 imponeretur
1690 3443 1901 3498 ratione
1931 3452 2038 3499 ter-

464 3551 645 3589 rarum
676 3542 729 3590 et
758 3534 975 3606 frugum
1002 3549 1138 3605 quas
1162 3534 2041 3606 haberet),exceptisAlexandriae

464 3629 702 3684 incolis:
742 3628 819 3682 illi
863 3628 1012 3684 enim
1062 3628 1292 3698 veCtigal
1345 3644 1409 3685 ae
1442 3630 1708 3685 tributum
1766 3628 1832 3683 ad
1890 3627 2041 3681 arbi-

466 3720 630 3774 trium
666 3720 786 3790 ejus
816 3720 907 3789 qui
951 3719 1089 3790 ipsis
1127 3721 1534 3791 prmﬁciebatur
1568 3720 1903 3790 pendebant.
1937 3718 2041 3774 Ca-

466 3824 555 3882 pta
584 3820 669 3868 est
692 3813 969 3882 siquidem
1005 3813 1340 3869 Alexandria
1370 3814 1447 3878 vi,
1482 3814 1604 3870 sine
1638 3812 1911 3883 promisso
1942 3818 2038 3865 aut

465 3911 641 3975 pactis
672 3907 979 3971 conventis,
1008 3906 1163 3961 nullo
1188 3921 1314 3962 cum
1353 3908 1488 3977 ipsis
1538 3908 1676 3961 inito
1704 3906 1911 3961 foedere
1945 3914 2040 3960 aut

467 3999 790 4067 sponsione.
852 4000 1023 4071 Capta
1092 4008 1273 4057 autem
1323 4009 1408 4057 est
1461 4001 1550 4055 die
1608 3998 1838 4055 Veneris
1888 4012 2040 4051 meu-

462 4093 541 4147 sis
592 4092 899 4146 Moharram
959 4092 1266 4158 novilunio,
1316 4108 1462 4148 anno
1534 4092 1712 4148 Heiraa
1755 4091 2038 4156 vicesimo,

466 4198 570 4237 nec
601 4199 713 4239 non
763 4185 979 4255 imperii
1006 4185 1240 4241 Heraclii
1295 4186 1581 4249 vicesimo,
1618 4184 1711 4254 qui
1746 4181 2042 4239 chalifatus

464 4275 653 4330 Omari
708 4275 880 4331 Ebnol
932 4276 1163 4332 Chetabi
1214 4286 1444 4333 octavus
1496 4278 1621 4332 fuit.
1673 4275 1847 4331 Porro
1896 4274 2045 4330 misit

464 4375 667 4424 Amrus
708 4369 883 4424 Ebnol
912 4370 1033 4434 Asi,
1066 4369 1307 4425 Bokbam
1364 4369 1480 4425 Ehn
1514 4369 1723 4440 Naphei
1781 4367 2041 4422 Zawilam

468 4478 662 4533 usque,
697 4472 861 4533 atque
906 4463 977 4517 ita
1014 4461 1282 4532 quidquid
1333 4463 1477 4517 inter
1510 4460 1745 4515 Barkam
1784 4469 1837 4516 et
1866 4459 2045 4512 ΖΜγί-

466 4556 569 4607 Iam
597 4562 679 4610 est
729 4568 897 4623 penes
950 4553 1263 4608 Moslemios
1318 4552 1442 4618 fuit,
1475 4567 1539 4607 ac
1600 4561 1728 4607 tunc
1777 4549 2040 4621 temporis

2148 3442 2454 3497 Moharram
2487 3439 2616 3494 anni
2647 3438 2825 3495 Heirae
2846 3440 3112 3494 vicesimo
3133 3447 3357 3509 quarto,
3385 3438 3548 3508 idque
3580 3452 3724 3491 anno

2148 3533 2362 3603 imperii
2396 3532 2635 3587 Heraclii
2672 3532 3022 3601 imperatoris
3048 3532 3429 3587 Romanorum
3467 3530 3725 3584 vicesimo

2144 3636 2366 3697 quarto.
2398 3622 2732 3679 Chalifatum
2763 3622 3000 3677 obtinuit
3024 3626 3187 3679 annls
3216 3623 3530 3679 duodecim.
3565 3623 3724 3676 Anno

2146 3717 2446 3773 chalifatus
2477 3715 2598 3781 ejus
2642 3715 2807 3769 tertio
2837 3715 3179 3771 constitutus
3230 3725 3318 3771 est
3371 3714 3586 3769 laribus
3631 3728 3726 3783 pa.

2148 3809 2391 3863 triareha
2421 3807 2825 3873 Antiochenus,
2858 3808 2954 3876 qui
2996 3806 3257 3862 Maronita
3297 3807 3418 3863 fuit.
3459 3806 3727 3861 Constan-

2148 3898 2380 3967 titmpeli
2419 3904 2600 3951 autem
2637 3895 2709 3967 [ei
2734 3895 2975 3967 muneri]
3000 3896 3290 3965 praefectus
3320 3905 3422 3960 est,
3451 3894 3613 3966 324
3631 3894 3724 3948 ubi

2148 3994 2395 4065 quinque
2429 4004 2605 4045 annos
2640 3992 2911 4054 substitit,
2948 4004 3124 4060 neque
3154 3989 3500 4045 Antiochiam
3537 4004 3726 4059 perve-

2150 4086 2250 4140 nit.
2284 4084 2532 4139 Mortuus
2564 4091 2742 4138 autem
2774 4092 2857 4138 est
2895 4082 3399 4153 Constantinopoli,
3428 4082 3613 4154 ibique
3638 4100 3729 4138 se-

2150 4178 2351 4247 pultus.
2384 4177 2545 4231 Anno
2581 4176 2877 4231 chalifatus
2905 4176 3153 4246 ejusdem
3185 4177 3403 4232 decimo
3434 4178 3613 4231 factus
3643 4186 3728 4231 est

2148 4270 2423 4324 Macarius
2454 4268 2768 4339 patriarcha
2797 4269 3199 4332 Antiochenus,
3252 4270 3344 4340 qui
3373 4276 3428 4324 et
3454 4269 3727 4323 Maronita

2149 4362 2274 4416 fuit.
2331 4359 2435 4416 Hic
2481 4360 2649 4417 etiam
2681 4359 3160 4431 Constantinopoli
3196 4351 3435 4425 creatus,
3483 4375 3609 4415 cum
3650 4360 3725 4414 ibi

2146 4461 2274 4509 octo
2304 4465 2483 4507 annos
2510 4453 2929 4521 permansisset,
2960 4468 3137 4522 neque
3162 4453 3509 4507 Antiochiam
3537 4466 3728 4506 acces-

2150 4549 2334 4615 sisset,
2372 4556 2622 4603 mortuus
2672 4555 2778 4612 est,
2821 4547 3008 4617 ibique
3061 4547 3328 4616 sepultus.
3362 4546 3518 4598 Anno
3558 4544 3731 4598 chali-

464 4647 628 4716 320
661 4660 764 4701 non
798 4646 1212 4717 ingrediebatur
1241 4645 1473 4699 Barkam
1502 4645 1596 4715 qui
1634 4644 1897 4699 tributum
1929 4642 2039 4697 eti.
2068 4654 2119 4713 Β
2151 4640 2291 4695 fatus
2313 4640 2557 4711 ejusdem
2580 4653 2725 4693 nono
2741 4639 3072 4694 constitutus
3093 4649 3175 4692 est
3193 4636 3389 4692 Petrus
3416 4634 3729 4706 patriarcha

464 4746 639 4803 geret,
673 4749 859 4788 verum
897 4742 1140 4803 tempore
1191 4736 1501 4805 praestituto
1532 4735 1802 4788 tributum
1861 4732 2042 4787 mitte-

463 4827 616 4881 bant.
651 4827 953 4896 Occupavit
984 4834 1169 4881 autem
1203 4828 1452 4882 homines
1504 4827 1790 4881 calamitas
1846 4839 2043 4894 magna

461 4919 694 4974 Medinae
726 4934 837 4988 prae
892 4934 1123 4973 annonae
1170 4920 1420 4975 caritate.
1455 4919 1688 4988 Scripsit
1715 4933 1847 4989 ergo
1877 4917 2045 4973 Omar

463 5012 639 5066 Ebnol
670 5010 901 5067 Chetabi
929 5013 994 5067 ad
1026 5013 1253 5067 Amrum
1292 5012 1469 5067 Ebnol
1502 5012 1594 5067 Asi
1626 5011 1919 5066 certiorem
1960 5008 2045 5078 ip-

464 5113 585 5151 sum
624 5098 833 5153 faciens
861 5108 1066 5169 quanta
1095 5108 1477 5169 premerentur
1510 5101 1764 5155 homines
1793 5099 2045 5170 angustia

463 5204 530 5241 ac
568 5204 804 5244 annona:
833 5191 1087 5246 caritate.
1127 5191 1386 5260 Misitque
1418 5192 1621 5247 Amrus
1674 5192 1916 5247 camelos
1944 5192 2045 5244 tri-

462 5284 573 5337 tico
605 5284 855 5345 onustos,
884 5299 1120 5351 quorum
1166 5284 1328 5352 primi
1360 5284 1632 5339 Medinam
1670 5285 2039 5354 pertigerttnt,

464 5375 590 5428 dum
625 5375 802 5429 ultimi
837 5375 1016 5430 adhuc
1048 5375 1103 5428 in
1159 5373 1398 5446 Egypto
1442 5382 1650 5441 essent,
1700 5377 1842 5431 serie
1871 5374 2044 5429 conti-

466 5484 596 5522 nua.
631 5466 861 5538 Scripsit
897 5484 1025 5538 ergo
1052 5468 1221 5522 Omar
1246 5468 1421 5523 Ebnol
1456 5469 1685 5524 Chetabi
1721 5469 1786 5523 ad
1812 5469 2041 5521 Amrum

466 5558 641 5613 Ebnol
677 5558 768 5613 Asi
804 5567 865 5611 ut
910 5559 1226 5615 fodiendum
1268 5568 1489 5615 curaret
1547 5560 1758 5613 alveum
1788 5558 1878 5625 qui
1912 5557 2045 5611 Κοι-

468 5664 683 5701 zamum
719 5650 1075 5720 pertingeret,
1110 5666 1220 5719 quo
1263 5650 1479 5705 facilius
1512 5658 1894 5720 apportaretur
1927 5648 2046 5703 fru-

470 5748 737 5793 mentum.
769 5739 935 5795 Fodit
967 5756 1100 5810 ergo
1136 5744 1336 5797 Amrus
1366 5742 1568 5798 flumen
1601 5742 1730 5798 illud
1762 5744 1911 5813 quod
1945 5743 2045 5798 sub

473 5836 637 5890 ponte
662 5838 766 5891 est,
797 5831 941 5897 quod
980 5831 1206 5887 Flumen
1230 5834 1569 5901 imperatoris
1597 5834 1835 5891 ﬁdelium
1864 5838 2044 5904 appel-

476 5912 620 5963 latur
653 5930 663 5941 ·
725 5930 818 5973 per
845 5920 987 5985 quod
1021 5935 1185 5977 naves
1218 5924 1486 5989 triticum,
1520 5923 1785 5980 hordeum
1817 5935 1871 5981 et
1895 5926 2047 5996 legu~

2146 4731 2823 4800 Constantinopolitanus,
2855 4730 2947 4798 qui
2982 4740 3036 4784 et
3067 4729 3333 4784 Maronita
3369 4728 3508 4782 fuit:
3553 4740 3730 4780 annos

2148 4840 2239 4878 sex
2271 4823 2433 4885 sedit,
2471 4822 2599 4876 dein
2630 4829 2880 4876 mortuus
2915 4830 3019 4876 est.
3063 4821 3222 4876 Anno
3252 4819 3546 4875 chalifatus
3582 4818 3733 4887 ejus-

2147 4917 2271 4970 dem
2305 4923 2503 4983 qnarto
2534 4923 2754 4969 creatus
2788 4922 2870 4968 est
2915 4912 3112 4967 Petrus
3148 4912 3457 4983 patriarcha
3497 4912 3734 4965 Alexan-

2147 5009 2371 5072 drinus;
2402 5004 2668 5060 Maronita
2703 5004 2838 5071 fuit;
2869 5019 2993 5057 cum
3030 5019 3205 5061 annos
3242 5019 3434 5059 novem
3470 5006 3731 5073 sedisset,

2150 5107 2399 5155 mortuus
2434 5107 2539 5154 est.
2598 5099 2758 5152 Anno
2801 5098 3047 5167 ejusdem
3094 5107 3290 5154 octavo
3341 5108 3592 5153 mortuus
3646 5108 3734 5152 est

2151 5192 2428 5247 Honorius
2461 5190 2770 5259 patriarcha
2803 5190 3109 5255 Romanus,
3159 5191 3250 5260 qui
3292 5191 3456 5245 etiam
3490 5190 3733 5246 Maronis

2148 5286 2455 5340 doctrinam
2496 5284 2783 5354 amplexus
2820 5282 2949 5346 fuit,
2990 5294 3152 5354 atque
3200 5298 3299 5353 per
3328 5284 3507 5350 ipsum
3555 5281 3731 5337 divisa

2149 5387 2232 5433 est
2269 5376 2521 5431 Ecclesia:
2552 5376 2844 5430 sententia.
2884 5376 3015 5429 Post
3062 5375 3235 5445 ipsius
3280 5375 3490 5428 obitum
3523 5374 3730 5429 electus

2150 5479 2235 5524 est
2265 5467 2487 5535 quidam
2526 5467 2747 5522 nomine
2780 5467 3102 5529 Severinus,
3148 5466 3241 5537 qui
3278 5466 3467 5521 Roma:
3501 5465 3731 5532 patriar—

2151 5563 2249 5617 cha
2292 5561 2644 5625 constitutus,
2680 5559 2773 5614 ubi
2814 5574 2911 5614 sex
2946 5573 3165 5614 menses
3201 5559 3458 5623 sedisset,
3480 5564 3732 5611 mortuus

2151 5659 2254 5705 est.
2290 5650 2417 5703 Post
2455 5665 2618 5719 quem
2668 5650 2878 5704 electus
2919 5661 3007 5705 est
3034 5651 3140 5703 vir
3185 5656 3475 5719 praestans,
3508 5648 3733 5702 nomine

2150 5742 2412 5806 Joannes,
2444 5742 2511 5796 ad
2557 5754 2718 5810 quem
2758 5754 2881 5795 cum
2922 5741 3105 5795 delata
3157 5751 3303 5795 esset
3360 5741 3520 5797 istius
3578 5739 3731 5793 dubii

2152 5848 2353 5895 causa,
2402 5834 2709 5903 imperante
2760 5840 2892 5889 tunc
2937 5834 3204 5902 temporis
3250 5831 3728 5899 Constantinopoli

2155 5927 2405 5984 Heraclio
2444 5943 2567 5983 cum
2604 5927 2771 5983 fratre
2804 5928 3320 6016 sugConstantino,
3359 5927 3578 5994 scripsit
3610 5926 3727 5993 ipse
