4116 6422
377 453 522 520 1109

1773 455 2148 518 ANNALES.

3538 465 3670 532 1110

373 575 440 629 ad
479 574 606 628 illos
633 571 928 642 epistolam
965 573 1020 627 in
1050 586 1158 643 qua
1185 571 1340 627 dubii
1371 571 1534 627 istius
1562 585 1784 628 causam
1835 570 1971 643 [exc
2001 582 2044 636 Α
2078 570 2198 641 pori
2244 569 2464 627 Domini
2520 575 2696 630 nostri
2746 575 2953 632 Christi
3003 592 3111 633 non
3144 577 3317 635 fuisse
3362 581 3671 639 voluntates

373 664 610 737 posuit,]
668 665 977 736 apologiam
1036 666 1204 721 edens
1257 680 1355 736 pro
1405 664 1812 733 przrdeeessore
1871 678 1972 718 suo

375 760 622 814 llouorio
652 757 966 830 patriarcha
1004 757 1276 816 Romano.
1329 757 1588 828 Epistolas
1635 766 1818 812 autem
1869 757 1974 811 ini-

372 856 512 907 tium
567 854 640 908 ita
696 869 757 910 se
807 851 1046 907 habuit:
1085 849 1389 906 AJoanne
1440 865 1600 922 papa,
1660 851 1972 921 patriarcha

378 943 652 1009 lionmno,
705 943 791 1000 ad.
832 941 1144 998 lleraclium
1191 950 1247 998 et
1293 940 1720 997 Constantinum
1771 941 1971 997 fratres

375 1038 740 1106 imperatores
801 1036 1018 1107 325-
1041 1035 1204 1106 327
1267 1035 1475 1105 quibus
1526 1037 1842 1092 concredita
1888 1043 1973 1091 est

376 1131 619 1186 Ecclesia
665 1131 872 1186 Christi
929 1129 1027 1184 Dei
1075 1128 1230 1196 veri,
1287 1128 1448 1198 cujus
1490 1129 1585 1185 lux
1633 1130 1689 1184 in
1728 1131 1971 1186 tenebris

377 1223 694 1294 splenduit;
752 1222 847 1292 qui
899 1237 999 1278 nos
1048 1237 1078 1276 a
1131 1230 1404 1292 p0testate
1453 1222 1803 1278 tenebrarum
1850 1223 1973 1278 luce

378 1333 476 1372 sua
530 1318 672 1372 mira
721 1317 998 1381 liberavit,
1052 1317 1174 1372 luce
1209 1331 1336 1372 vera
1365 1315 1462 1370 cui
1505 1315 1672 1371 nulla:
1720 1315 1971 1373 admistte

380 1421 511 1468 sunt
551 1410 830 1475 tenebrae;
880 1410 975 1480 qui
1033 1410 1299 1481 sanguine
1366 1411 1577 1464 crucis
1613 1423 1726 1464 suze
1778 1424 1967 1478 pacem

382 1503 513 1558 fecit
549 1502 692 1556 inter
721 1502 922 1556 emtum
960 1508 1013 1554 et
1046 1508 1289 1565 terram;
1344 1498 1436 1569 qui
1475 1498 1734 1554 Ecclesiae
1772 1497 1969 1552 faciem

383 1610 606 1663 semper
637 1591 1036 1649 intueturﬂlle
1071 1604 1159 1648 est
1205 1591 1300 1662 qui
1335 1591 1494 1647 vobis
1547 1591 1690 1645 hanc
1738 1590 1969 1662 gratiam

382 1682 533 1745 fecit,
574 1699 609 1739 ο
641 1681 1026 1753 imperatores,
1062 1691 1123 1736 ut
1163 1681 1454 1750 opiniones
1489 1682 1731 1751 optimas
1762 1696 1826 1737 ac
1870 1695 1972 1734 no-

381 1775 686 1832 bilissimas
718 1778 772 1832 in
810 1776 1060 1832 Ecclesia
1095 1775 1526 1845 profiteremini,-
1555 1775 1824 1845 fidemque
1846 1791 1971 1847 per-

380 1869 738 1924 fectissimam
805 1883 893 1924 ac-
933 1869 1038 1939 ipsi
1102 1869 1413 1936 proximam
1479 1868 1965 1938 amplecteremini.

2080 665 2222 720 duas
2277 666 2591 722 contrarias
2637 684 2818 739 neque
2878 673 3282 727 eontradixisse
3331 673 3665 730 voluntatem

2080 757 2393 813 intellectus
2445 759 2620 830 ipsius
2677 761 2944 817 voluntati
2995 763 3355 836 329-331
3396 766 3665 837 corporis,

2081 864 2260 920 neque
2293 853 2468 908 fuisse
2501 863 2786 922 peceatum
2828 856 2903 910 illi
2962 858 3055 926 qui
3108 860 3279 924 venit,
3340 869 3396 917 ut
3455 863 3664 918 tolleret

2078 955 2362 1014 peccatum
2394 948 2582 1003 mundi
2615 950 2815 1016 (absit!
2875 949 2993 1007 ﬁeri
3033 966 3145 1006 non
3197 955 3421 1025 potest).
3478 955 3668 1026 Neque

2085 1035 2252 1094 fuisse
2286 1039 2520 1096 Domino
2552 1050 2744 1096 nostro
2777 1041 3007 1098 Christo
3036 1054 3323 1114 peceatum
3359 1045 3442 1101 vel
3470 1063 3665 1109 unum.

2076 1123 2258 1202 neque
2290 1134 2344 1189 in
2376 1135 2554 1205 ipsius
2609 1137 2926 1201 nativitate,
2979 1153 3161 1208 neque
3205 1148 3665 1209 temperamento.

2079 1222 2282 1280 Verum
2314 1225 2548 1282 dicimus
2581 1227 2807 1299 (inquit)
2839 1245 2904 1285 ac
2951 1232 3281 1288 confitemur
3325 1234 3666 1289 voltmtatem

2078 1331 2248 1371 unam
2302 1331 2412 1387 qua
2462 1317 2816 1390 dirigeretur-
2839 1323 3016 1392 ipsius
3067 1324 3385 1379 humanitas
3428 1334 3665 1382 sanctas:

2077 1425 2210 1463 non-
2243 1418 2429 1465 autem
2465 1414 2775 1468 asserimus
2816 1416 3129 1471 voluntates
3163 1419 3303 1472 duas
3329 1420 3665 1482 contrarias,

2076 1519 2198 1572 qua:
2249 1504 2558 1561 intellectui
2617 1507 2791 1576 ipsius
2850 1516 2906 1562 et
2959 1509 3178 1577 corpori
3246 1507 3475 1566 fuerint.
3553 1508 3665 1564 lloc

2075 1597 2298 1666 scripsit
2327 1596 2609 1655 Honorius
2642 1600 2957 1671 patriarcha
2983 1599 3279 1656 Romanus
3305 1602 3370 1656 ad
3409 1602 3662 1672 Sergium

2075 1690 2443 1759 patriarcham
2481 1690 3181 1764 Constantinopolitannm.
3248 1693 3359 1751 Nos
3391 1695 3664 1766 siquidem

2077 1783 2406 1840 confitemur
2454 1785 2592 1841 ditas
2639 1786 2955 1843 voluntates
2983 1789 3322 1852 contrarias,
3358 1788 3664 1844 intellectus

2079 1885 2132 1930 et
2164 1876 2414 1946 corporis
2445 1894 2460 1932 :
2497 1877 2644 1948 quod
2673 1879 3070 1936 transferentes
3118 1879 3368 1935 nonnulli
3419 1879 3485 1934 ad
3536 1895 3662 1934 sen-

379 1962 595 2017 ACCidit
631 1962 718 2017 hic
752 1976 843 2016 res
884 1976 1006 2030 quae
1057 1961 1377 2015 necessario
1426 1960 1702 2015 narranda
1757 1969 1862 2024 est.
1913 1967 1973 2014 ut
2005 1942 2046 1998 Β
2076 1942 2278 2025 tentias
2338 1985 2470 2026 suas
2515 1942 2713 2037 falsas,
2763 1981 3028 2042 putarunt
3084 1970 3390 2028 Honorium
3435 1974 3644 2041 patriar

383 2053 557 2120 ipsam
598 2051 906 2123 intelligant
939 2052 1034 2121 qui
1074 2054 1392 2122 aequitatem
1443 2052 1654 2115 colunt,
1708 2061 1874 2122 atque
1916 2052 1970 2106 in

382 2145 555 2214 ipsam
586 2144 900 2213 inquirttnt,
933 2159 1046 2214 quo
1082 2145 1284 2201 veritas
1309 2144 1564 2216 superior
1589 2144 1818 2210 evadat;
1847 2158 1970 2198 cum

382 2239 449 2290 ad
504 2253 591 2291 tne
645 2237 957 2308 pervenerit
1016 2253 1268 2308 quaenam
1303 2238 1417 2294 sint
1454 2237 1599 2309 apud
1657 2235 1972 2294 Occidentis

384 2322 550 2376 etiam
612 2323 821 2378 incolas
879 2323 1267 2394 discrepantia:
1333 2337 1388 2382 et
1446 2327 1634 2391 dubia,
1673 2337 1842 2399 atque
1897 2327 1965 2381 ad

385 2431 476 2469 me
533 2415 802 2484 perlatum
859 2417 932 2472 sit
990 2418 1125 2472 illud
1179 2434 1286 2473 una
1350 2435 1476 2475 eum
1541 2420 1730 2476 fratris
1795 2421 1966 2477 nostri

386 2507 584 2579 Pyrrhi
617 2513 941 2579 patriarcha:
966 2510 1592 2584 Constantinopolitani,
1621 2517 1967 2588 aliorumque

385 2603 605 2657 litteris.
661 2601 896 2659 Necesse
929 2613 1013 2659 est
1069 2620 1201 2674 ergo
1253 2614 1310 2660 ut
1339 2607 1645 2677 explicetur
1696 2624 1784 2666 res
1836 2611 1964 2674 ista,

385 2709 494 2763 quo
552 2703 662 2749 tota
717 2696 1091 2766 dignoscatur.
1151 2697 1370 2754 lnitiutn
1416 2699 1587 2770 ipsius
1636 2701 1719 2756 sic
1759 2717 1819 2756 se
1865 2703 1967 2758 ha-

385 2789 510 2854 bet,
553 2789 696 2857 quod
749 2799 874 2844 ante
918 2805 1090 2846 annos
1145 2793 1363 2846 circiter
1407 2795 1708 2849 octodecim
1751 2797 1966 2852 dicatur

383 2880 556 2951 Cyrus
608 2884 918 2952 patriarcha
969 2884 1374 2940 Alexandrinus
1435 2885 1678 2943 Maronis
1738 2898 1962 2944 senten-

387 2973 514 3027 tiam
558 2975 839 3042 amplexus
883 2989 898 3028 :
949 2974 1241 3042 videlicet,
1293 2975 1526 3034 Domino
1569 2977 1790 3034 Christo
1843 2993 1966 3036 esse

385 3074 612 3122 mturas
673 3068 833 3130 duas,
893 3068 1230 3123 voluntatem
1289 3085 1477 3137 unam,
1549 3080 1714 3141 atque
1766 3088 1965 3143 opera-

386 3154 816 3220 tionemuuam.
877 3165 1034 3232 Quod
1086 3183 1210 3220 cum
1252 3168 1556 3224 audivisset
1619 3164 1966 3240 Sophronius

384 3258 477 3325 qui
521 3258 835 3325 patriarcha
899 3261 1435 3332 Hierosolymitanus
1486 3262 1611 3328 fuit,
1673 3279 1796 3318 cum
1846 3266 2042 3347 ipso-c

384 3349 673 3419 disputans
723 3353 1062 3418 argumentis
1114 3353 1292 3423 ipsum
1328 3354 1478 3410 vicit.
1517 3354 1656 3410 Tum
1715 3357 1964 3426 Sephro-

383 3440 512 3496 nius
533 3442 598 3496 ad
629 3442 878 3514 Sergium
903 3447 1268 3514 patriarcham
1289 3447 1964 3520 Con-stantlnopolitanum

385 3538 691 3606 profectus,
743 3553 869 3592 cum
929 3539 1110 3608 ipsum
1173 3541 1318 3596 idem
1378 3557 1503 3598 cum
1559 3545 1706 3614 Cyro
1766 3545 1967 3603 docere

385 3631 676 3698 reperiret,
712 3642 878 3700 atque
923 3633 1126 3700 dicere,
1161 3633 1466 3692 Honor-ium
1520 3637 1684 3692 etiam
1723 3641 1966 3710 patriar-

385 3722 545 3778 cham
609 3722 944 3780 Romanum-
986 3726 1128 3780 idem
1183 3727 1455 3784 allii-mare
1513 3729 1681 3800 328
1719 3745 1748 3786 a
1815 3731 1966 3788 Con-

385 3818 1182 3890 stantinopoliHierosolyma
1246 3805 1501 3877 reversus
1550 3833 1657 3880 est.
1714 3823 1966 3896 Cumque

383 3911 697 3976 patriarcha
747 3921 898 3967 esset
954 3913 1104 3982 (eum
1156 3911 1456 3982 siquidem,
1499 3925 1722 3985 propter
1770 3920 1962 3973 ortho-

383 3995 603 4050 doxiam
629 3997 806 4067 ipsius
837 4009 1147 4068 acceptum,
1177 3997 1571 4069 Hierosolymis
1600 3997 1968 4068 patriarcham

380 4088 770 4157 praefecerunt,
827 4089 984 4144 urbis
1035 4089 1156 4160 ejus
1209 4089 1459 4160 incolae),
1499 4090 1698 4145 librum
1750 4091 1818 4146 de
1868 4091 1972 4148 fide

383 4179 626 4249 scripsit,
665 4193 828 4250 quem
864 4183 1032 4237 totius
1080 4184 1278 4237 mundi
1319 4183 1512 4237 incola:
1551 4192 1837 4254 acceptum
1874 4183 1973 4241 ha-

383 4272 646 4329 buerunt.
707 4272 822 4328 Hoc
855 4289 982 4330 cum
1033 4275 1291 4330 scivisset
1333 4273 1611 4330 Honorius
1658 4271 1970 4346 patriarcha

381 4363 690 4431 Romanus,
727 4381 840 4421 nec:
867 4380 976 4420 non
1015 4364 1269 4436 Sergium
1297 4367 1666 4432 patriarcham
1699 4360 1971 4424 Constan-

385 4457 821 4528 tinopolitanum
850 4458 993 4514 falso
1017 4457 1223 4514 dixisse
1250 4459 1431 4529 ipsum
1469 4459 1798 4515 Maronitam
1825 4476 1968 4529 esse,

381 4549 584 4605 librum
620 4549 842 4619 scripsit
876 4549 930 4604 in
968 4565 1077 4618 quo
1109 4552 1324 4614 asserit,
1367 4549 1664 4605 Dominum
1714 4561 1966 4608 nostrum

2074 2064 2234 2117 cham
2278 2062 2584 2121 Romanum
2632 2065 2943 2122 asseruisse
3001 2065 3344 2121 voluntatem
3401 2080 3564 2120 unam
3611 2065 3665 2120 in

2073 2153 2293 2211 Domini
2347 2157 2519 2212 nostri
2573 2155 2781 2214 Christi
2835 2158 3122 2214 divinitate
3167 2166 3223 2213 et
3273 2158 3666 2218 humanitate:

2074 2245 2224 2315 quod
2263 2248 2358 2318 qui
2388 2258 2706 2316 autumant,
2745 2265 2999 2322 rogarem
3048 2267 3173 2319 ego,
3223 2251 3279 2306 in
3317 2266 3423 2320 qua
3469 2259 3664 2306 natura

2072 2333 2266 2391 dicunt
2298 2353 2461 2392 unam
2495 2353 2619 2394 esse
2665 2339 2897 2396 Christo
2929 2340 3038 2396 Deo
3086 2342 3472 2398 voluntatem?
3515 2342 3571 2396 Si
3609 2343 3664 2396 in

2073 2429 2367 2486 divinitate
2417 2439 2674 2496 tantum,
2731 2441 2845 2487 tum
2903 2448 3011 2488 non
3062 2443 3148 2489 est
3207 2436 3262 2488 in
3322 2432 3666 2487 humanitate

2077 2520 2252 2592 ipsius
2299 2522 2578 2592 voluntas,
2627 2538 2694 2580 ac
2728 2525 2959 2594 proinde
3021 2540 3134 2581 non
3186 2533 3271 2580 est
3319 2525 3486 2580 homo
3539 2539 3665 2596 per~

2077 2612 2274 2671 fectus.
2335 2613 2433 2670 Sin
2489 2615 2732 2695 dixerint
2776 2617 2832 2673 in
2890 2618 3234 2674 humanitate
3279 2617 3484 2674 Christi
3544 2630 3667 2671 esse

2077 2707 2218 2762 hanc
2243 2707 2605 2772 voluntatem,
2633 2707 2872 2766 dicimus
2889 2709 3025 2780 ipsis
3052 2728 3066 2766 :
3087 2711 3375 2777 Quomodo
3389 2709 3496 2765 erit
3521 2708 3666 2764 Deus

2075 2799 2349 2869 perfectus
2364 2802 2403 2854 ϊ·
2441 2798 2675 2870 Quodsi,
2704 2803 2922 2860 duabus
2947 2803 3160 2860 naturis
3184 2819 3306 2860 esse
3325 2804 3664 2859 voluntatem

2076 2909 2274 2962 unam;
2317 2897 2421 2951 hoc
2451 2905 2536 2953 est
2564 2899 2710 2969 quod
2746 2899 2867 2955 fieri
2899 2916 3011 2955 non
3029 2929 3037 2938 ι-
3062 2908 3261 2972 potest.
3297 2899 3497 2954 Verum
3527 2915 3664 2956 con-

2077 2986 2298 3042 frtemur
2328 2987 2770 3046 incarnationem
2805 2991 3012 3047 Christi
3045 2993 3232 3061 unius,
3282 2992 3515 3062 ideoque
3561 3005 3665 3046 nec

2077 3092 2344 3148 negamus
2369 3077 2510 3134 duas
2533 3080 2846 3136 voluntates
2876 3096 2998 3151 quae
3026 3088 3157 3136 sunt
3181 3080 3396 3135 duabus
3421 3080 3659 3142 naturis,

2076 3181 2145 3220 ne
2173 3167 2547 3236 proprietates
2587 3170 2832 3238 ipsarum
2861 3184 3307 3239 corrumpamus.
3342 3167 3545 3222 Verum
3577 3168 3664 3223 di-

2075 3259 2252 3316 cimus
2290 3261 2512 3330 utrique
2546 3261 2783 3316 duarum
2818 3269 3141 3317 naturarum
3173 3259 3334 3331 332
3366 3258 3573 3316 Christi
3603 3260 3659 3312 in

2074 3352 2463 3410 incarnatione
2510 3369 2762 3425 persona:
2797 3353 2986 3418 unius,
3021 3370 3144 3410 esse
3179 3355 3561 3418 voluntatem;
3605 3361 3661 3405 at

2076 3451 2186 3499 non
2237 3461 2361 3501 esse
2390 3447 2530 3502 duas
2568 3461 2852 3517 personas,
2895 3445 3362 3517 quemadmodum
3411 3442 3661 3517 [asserit]

2074 3535 2365 3592 Nestorius
2420 3538 2772 3594 maledictus.
2828 3538 2932 3605 Qui
2983 3548 3166 3593 autem
3219 3545 3477 3594 asserunt
3521 3536 3661 3591 duas

2073 3645 2195 3686 esse
2274 3640 2506 3686 naturas
2585 3639 2642 3686 et
2719 3632 3056 3687 voluntatem
3131 3645 3296 3686 unam
3380 3629 3658 3684 divinitati

2072 3719 2281 3776 Christi
2315 3733 2368 3776 et
2397 3722 2730 3778 humanitati
2765 3723 2958 3792 ipsius,
2991 3737 3093 3778 nec
3142 3738 3251 3776 non
3278 3721 3656 3792 operationem

2077 3827 2272 3880 unam,
2308 3824 2498 3870 errant
2525 3814 2604 3870 illi
2629 3815 2803 3871 instar
2834 3813 3078 3871 Maronis
3109 3814 3388 3869 maledicti
3419 3831 3434 3868 :
3467 3823 3522 3868 et
3560 3812 3655 3882 qui

2075 3904 2252 3971 aiunt,
2307 3921 2468 3960 unam
2513 3915 2790 3972 naturam,
2823 3906 3160 3962 voluntatem
3195 3922 3358 3960 unam
3418 3911 3474 3959 et
3527 3918 3658 3972 ope-

2069 3997 2340 4054 rationem
2389 4012 2576 4065 unam,
2617 4007 2847 4068 peccant
2905 3999 3080 4054 instar
3127 3996 3381 4084 Euychii
3432 4005 3487 4050 et
3531 3995 3659 4083 Dio-

2070 4089 2216 4146 scori
2238 4089 2497 4146 etSeveri
2514 4090 2901 4146 haereticorum
2923 4108 2936 4144 :
2957 4098 3124 4160 atque
3148 4092 3262 4145 lucc
3278 4095 3363 4145 est
3384 4087 3656 4148 sententia

2073 4178 2475 4236 Jacobitarum.
2515 4179 2718 4237 Verum
2767 4181 3020 4237 doctrina
3056 4196 3187 4236 sana
3219 4190 3274 4235 et
3299 4178 3504 4235 veritas
3542 4192 3659 4232 ma-

2071 4274 2271 4330 nifesta
2290 4275 2382 4328 illa
2403 4283 2487 4330 est
2502 4276 3038 4347 quam-protulerunt
3060 4275 3336 4340 doctores,
3371 4271 3654 4328 videlicet:

2071 4368 2210 4425 Esse
2257 4367 2498 4425 Domino
2552 4379 2746 4424 nostro
2791 4369 3017 4426 Christo
3060 4369 3198 4424 duas
3238 4377 3490 4432 naturas,
3520 4365 3658 4421 duas

2071 4459 2408 4526 voluntates,
2461 4462 2814 4530 Operationes
2844 4459 2985 4515 duas
3014 4467 3069 4514 et
3107 4473 3398 4529 personam
3450 4473 3654 4515 unam:

2071 4565 2196 4608 cum
2229 4551 2570 4620 impossibile
2607 4553 2683 4608 sit
2709 4565 2770 4608 ut
2798 4551 2870 4608 sit
2899 4551 3116 4606 duabus
3152 4551 3366 4606 naturis
3397 4550 3657 4605 voluntas

381 4640 687 4704 Christum,
719 4641 813 4711 qui
839 4649 927 4696 est
967 4641 1222 4711 princeps
1256 4642 1400 4706 vitae,
1442 4650 1626 4696 natum
1671 4657 1796 4699 esse
1840 4643 1960 4699 sine
1992 4655 2213 4709 D-una:
2243 4643 2393 4713 quod
2416 4643 2642 4699 siunam
2669 4644 2895 4698 haberet
2921 4642 3278 4709 voluntatem,
3300 4657 3461 4696 unam
3486 4642 3652 4696 etiam
3680 4689 3683 4693 .

378 4741 630 4804 peccato.
659 4728 942 4804 Siquidem
965 4733 1205 4788 Verbum
1229 4749 1325 4804 per
1346 4735 1493 4803 quod
1521 4733 1966 4804 fueruntomnia,
1993 4790 1998 4795 ,
2075 4737 2305 4791 haberet
2329 4743 2618 4802 naturam;
2644 4752 2765 4792 cum
2794 4746 2976 4792 autem
3009 4739 3147 4792 duas
3179 4736 3374 4790 habeat
3403 4744 3656 4798 naturas,
3690 4790 3697 4810 ,

377 4840 503 4881 cum
528 4840 558 4882 e
585 4824 726 4879 caelo
752 4823 1131 4893 descenderet,
1153 4826 1545 4896 assumpsisse
1564 4827 1630 4882 de
1659 4825 1829 4884 Maria
1856 4829 1969 4882 vir-
2072 4829 2213 4886 duas
2250 4828 2416 4884 etiam
2456 4828 2624 4884 habet
2679 4830 3012 4886 voluntates.
3056 4827 3336 4900 Rogamus
3387 4839 3522 4896 ergo
3557 4811 3694 4880 vosJ

377 4920 504 4992 giae
534 4932 758 4986 corpus,
799 4931 866 4972 ac
902 4925 1097 4973 natura
1149 4919 1533 4974 nobisasimile
1562 4918 1770 4976 factum
1805 4935 1965 4988 esse,

379 5026 730 5083 nequaquam
755 5017 939 5064 autem
972 5012 1261 5066 voluntate
1297 5010 1532 5080 peccati.
1585 5011 1778 5068 Dicere
1815 5013 1962 5069 enim

377 5104 634 5168 Paulum,
691 5100 972 5172 accepisse
1001 5099 1182 5169 ipsum
1239 5101 1655 5158 similitudinem
1708 5112 1960 5160 nostrum

384 5207 730 5266 peccatorum
755 5211 769 5260 ;
797 5207 994 5261 nempe
1013 5207 1216 5262 corpus
1240 5194 1358 5249 sine
1381 5202 1608 5264 peccato
1630 5211 1755 5250 cum
1783 5198 1965 5251 anima

380 5288 663 5353 rationali,
697 5283 1080 5346 intellectuali,
1107 5295 1275 5355 atque
1315 5285 1390 5339 ita
1425 5302 1592 5341 unam
1627 5290 1963 5345 voluntatem

381 5381 484 5448 ipsi
515 5381 701 5435 visum
727 5392 851 5433 esse
880 5391 1190 5440 assumere,
1237 5392 1358 5446 quas
1405 5379 1736 5435 humanitati
1793 5382 1966 5451 ipsius

379 5481 546 5537 esset,
578 5487 684 5527 non
716 5471 863 5527 sicut
913 5485 1015 5526 nos
1050 5470 1272 5528 scimus-
1303 5470 1630 5527 nobis-csse
1677 5473 1816 5529 duas
1858 5489 1966 5537 ,νο-

380 5568 622 5619 luntates
673 5562 1026 5626 contrarias,
1086 5576 1319 5630 quarum
1391 5563 1732 5618 voluntatum
1789 5566 1964 5620 altera

381 5657 627 5727 plantata
655 5655 725 5710 sit
762 5655 817 5710 in
855 5654 1157 5720 intellectu,
1191 5655 1367 5710 altera
1413 5655 1470 5710 in
1518 5671 1771 5726 corpore,
1821 5656 1964 5715 sint-

380 5764 489 5818 que
548 5751 692 5804 inter
744 5763 806 5802 se
856 5749 1186 5812 contraria;
1260 5747 1408 5818 quod
1465 5749 1722 5804 universo
1777 5751 1964 5821 generi

379 5839 624 5894 humano
670 5837 981 5909 contingit,
1034 5853 1162 5893 eum
1203 5837 1308 5893 sub
1357 5848 1584 5908 peccato
1617 5839 1710 5903 sit,
1759 5853 1859 5894 nec
1893 5839 1966 5894 sit

380 5934 656 6006 quispiam
692 5947 722 5989 a
773 5938 1000 6003 peccato
1035 5931 1350 5989 rebellionis
1399 5931 1704 5990 immunis:
1740 5945 1794 5992 at
1841 5949 1965 5991 cor-

2074 4929 2133 4977 ut
2179 4921 2424 4992 iubeatis
2478 4921 2733 4976 comburi
2771 4922 3022 4977 chartam
3068 4933 3192 4990 quae
3235 4917 3541 4972 calumnias
3599 4915 3654 4968 in

2072 5014 2310 5070 Leonem
2345 5014 2715 5083 patriarcham
2749 5013 3058 5068 Romanum
3100 5010 3504 5075 continetsnec
3543 5023 3654 5062 non

2072 5109 2126 5162 in
2163 5109 2459 5165 concilium
2492 5109 2962 5172 Chalcedonense,
3013 5122 3083 5162 ne
3127 5106 3343 5178 legatur
3376 5113 3430 5158 et
3460 5103 3529 5158 ab
3571 5104 3658 5158 in-

2071 5200 2293 5256 telleetu
2326 5199 2512 5258 minus
2535 5199 2864 5256 valentibus
2888 5198 3171 5268 probetur,
3208 5198 3480 5268 fidemque
3504 5194 3654 5265 ipso-

2070 5309 2192 5348 rum
2227 5301 2552 5365 corrumpat
2588 5308 2637 5349 :'
2668 5307 3048 5363 rogamusque.
3073 5290 3363 5345 Dominum
3401 5299 3654 5344 nostrum

2069 5385 2350 5441 Christum
2392 5398 2452 5440 ut
2498 5401 2598 5440 vos
2658 5402 2784 5441 cum
2850 5384 3271 5450 misericordia,
3326 5383 3652 5447 clementia,
3715 5451 3726 5458 _

2069 5486 2235 5546 atque
2269 5477 2475 5532 auxilio
2527 5478 2812 5548 respiciat,
2864 5476 3173 5548 subdatque
3204 5474 3436 5545 imperio
3464 5480 3650 5528 vestro

2068 5578 2258 5635 gentes
2281 5569 2525 5637 potentia
2559 5569 2735 5638 ipsius
2769 5567 3154 5638 inSUperabili.
3185 5563 3485 5634 Epistolam
3509 5563 3652 5618 hanc

2069 5672 2196 5716 cum
2252 5660 2580 5716 absolvisset
2640 5659 2880 5716 Joannes
2950 5657 3260 5730 patriarcha
3325 5656 3650 5719 lloutanus,

2071 5749 2247 5820 ipsam
2279 5753 2428 5808 ntisit
2470 5767 2571 5824 per
2615 5753 2796 5807 virum
2833 5761 3206 5824 prazstantem,
3258 5750 3477 5804 nomine
3522 5747 3653 5801 Bar-

2075 5845 2270 5910 sicam,
2315 5843 2574 5900 Ecclesiae
2627 5843 2888 5901 Romana:
2938 5844 3416 5906 arehidiaconum,
3454 5841 3545 5910 qui
3585 5840 3652 5895 ad

2071 5932 2380 5995 iieraclium
2425 5937 2778 6005 333-335
2829 5947 2896 5994 et.
2947 5937 3372 5996 Constantinum
3420 5935 3652 6005 impera—
