4116 6412
487 417 615 482 1111

1452 422 1824 484 EUTYCHII
1862 425 2162 484 ALEXAN
2177 427 2276 484 Ι)Ιί
2289 427 2399 486 [NI
2436 428 2652 488 ΡΑΤΒ.

3618 421 3754 487 1112

486 543 634 588 tores
662 531 966 602 perferens.
994 533 1202 589 invenit
1225 533 1650 590 Constantinum
1675 535 1815 590 diem
1845 535 2073 601 Obiisse,
2103 551 2147 604 Α
2179 541 2324 596 scias
2358 541 2518 596 fidem
2550 555 2732 596 veram
2778 539 3137 592 orthodoxam
3191 537 3427 591 fructum
3486 551 3608 591 esse
3657 553 3752 604 pa-

490 639 592 678 uec
631 640 740 679 non
808 624 1119 681 Heraclium
1155 641 1184 680 a
1245 626 1592 694 consiliariis,
1629 627 1723 697 qui
1781 628 1835 681 in
1889 629 2069 698 ipsum

489 715 756 785 impetum
808 715 1076 784 fecerant,
1117 719 1398 783 occisum;
1439 717 1584 788 quod
1633 719 1845 775 scilicet
1887 721 2064 790 ipsum

492 823 594 876 pro
620 808 973 878 inauspicato
998 809 1282 875 haberent,
1327 826 1450 866 cum
1495 811 1766 882 Aigyptus
1811 818 1869 866 et
1916 810 2071 881 Syria

496 900 637 969 ipsis
711 909 916 971 ereptae
975 909 1181 967 essent,
1237 904 1491 973 quodque
1553 904 1821 960 Maronita
1879 910 2068 964 esset;

500 991 761 1061 ipsosque
791 993 1019 1062 imperio
1045 994 1357 1064 patefecisse
1381 995 1564 1051 fratris
1585 997 1704 1066 ejus
1727 994 2073 1050 Constantini

499 1083 771 1138 demortui
821 1084 1013 1150 filium,
1049 1101 1208 1154 quem
1263 1094 1319 1141 et
1371 1087 1441 1143 de
1504 1088 1722 1142 nomine
1772 1085 1941 1156 patris
1993 1085 2077 1140 sui

503 1175 924 1232 Constantinum
954 1179 1321 1248 appellarunt.

576 1266 698 1321 Fuit
728 1276 908 1324 autem
947 1270 1341 1325 Constantinus
1374 1273 1479 1328 iste
1511 1272 1807 1340 imperator
1830 1271 1972 1338 pius,
1992 1262 2078 1322 cui

504 1373 625 1411 cum
659 1357 884 1412 Barsika
925 1361 1153 1415 nuntius
1190 1361 1479 1434 epistolam
1522 1376 1644 1430 qua:
1673 1376 1702 1413 a
1737 1359 1950 1416 Joanne
1987 1373 2082 1427 pa-

503 1450 742 1504 triarcha
773 1450 1025 1507 Romano
1059 1453 1126 1507 ad
1157 1455 1541 1523 imperatorem
1599 1453 1766 1512 missa
1819 1452 1920 1506 fuit
1975 1459 2085 1504 tra-

505 1538 757 1608 didisset,
795 1542 913 1611 ipse
972 1550 1252 1612 acceptam
1319 1543 1571 1613 perlegit,
1641 1557 1704 1598 ac
1758 1541 2085 1614 patriarchae

507 1632 851 1688 intellectum
887 1633 1142 1697 miratus,
1180 1635 1410 1691 rescribi
1439 1634 1607 1704 jussit
1632 1648 1983 1704 responsum,
2019 1633 2086 1686 ad

507 1725 655 1779 hunc
689 1725 911 1780 modum
943 1743 958 1780 :
993 1726 1342 1796 Accepimus,
1383 1733 1573 1782 sancte
1601 1725 1896 1790 excellens,
1932 1739 2089 1777 man-

505 1815 692 1869 datum
746 1826 922 1870 tuum.
972 1817 1082 1872 Nos
1129 1828 1309 1874 autem
1357 1817 1682 1872 confitemur
1711 1831 1775 1870 ac
1814 1814 2089 1870 credimus

509 1920 739 1964 naturas
774 1909 934 1975 duas,
974 1911 1286 1965 voluntates
1334 1909 1494 1975 duas,
1541 1917 1703 1978 atque
1736 1908 2085 1978 operationcs
2118 1897 2158 1952 Β

511 1999 650 2054 duas
682 1999 909 2054 Domino
937 1999 1157 2056 Christo
1187 2016 1335 2066 esse,
1385 2016 1448 2056 ac
1479 2015 1766 2070 personam
1802 2014 1989 2064 unam,
2036 2009 2089 2053 et

515 2093 609 2162 qui
649 2093 733 2148 his
766 2093 1163 2148 contradixerit
1199 2094 1748 2150 anathematizamus.
1798 2091 2089 2148 Credimus

513 2186 680 2242 ctiam
743 2185 877 2242 illud
928 2186 1074 2258 quod
1131 2195 1489 2245 asseruerunt
1546 2186 1791 2257 episcopi
1844 2184 2086 2242 sexcenti

514 2275 738 2346 triginta
788 2276 882 2346 qui
933 2275 986 2331 in
1040 2277 1176 2333 urbe
1225 2277 1662 2334 Chalcedonensi
1693 2284 2087 2343 convenerunt,

515 2379 569 2422 et
604 2366 948 2423 anathemate
977 2369 1307 2424 dcvovemus
1356 2369 1483 2426 illos
1531 2369 1624 2441 qui
1677 2369 1809 2425 illud
1859 2368 2090 2423 anathe-

515 2468 662 2514 mate
682 2460 972 2516 devovent.
1001 2462 1179 2530 Atque
1211 2461 1343 2517 illud
1364 2462 1507 2532 quod
1545 2463 1610 2518 de
1641 2462 1826 2516 charta
1858 2459 2085 2516 combu-

517 2551 712 2619 renda,
749 2553 804 2608 in
839 2568 944 2624 qua
979 2554 1271 2610 calumnia:
1301 2565 1487 2610 essent
1517 2555 1569 2608 in
1598 2552 1832 2610 Leonem
1863 2551 2096 2623 patriar-

518 2643 679 2700 cham
714 2643 1022 2712 Romanum
1055 2655 1332 2715 sanctum,
1366 2656 1420 2704 et
1450 2647 1505 2702 in
1544 2646 1835 2703 concilium
1867 2643 2094 2700 Chalce-

521 2739 784 2806 donense,
814 2747 994 2793 ratum
1028 2739 1346 2808 habuimus,
1396 2748 1450 2795 et
1479 2739 1654 2809 ipsam
1704 2739 1815 2810 igni
1871 2738 2099 2795 tradidi-

453 2845 458 2850 '
524 2845 664 2886 tntis.
699 2828 812 2887 Nos
864 2840 1047 2886 autem
1083 2832 1393 2889 doctrinam
1450 2843 1623 2898 tuam,
1676 2847 1801 2902 quae
1848 2833 2101 2889 doctrina

524 2939 652 2978 vera
681 2932 786 2990 est,
819 2923 1047 2980 firmiter
1082 2931 1380 2984 retinemus
1416 2946 1428 2982 :
1455 2942 1825 2999 rogamusque
1855 2940 1915 2982 ut
1944 2927 2101 2982 nobis

525 3019 712 3073 pacem
765 3008 1042 3076 preceris,
1089 3017 1251 3078 atque
1301 3008 1464 3079 336
1524 3013 1592 3064 ab
1637 3010 1894 3065 erunibus
1943 3009 2100 3066 malis

525 3096 828 3153 incolumes
853 3113 1158 3153 serventur.
1193 3099 1417 3160 Barsika
1445 3102 1628 3169 igitur,
1665 3102 1902 3172 acceptis
1931 3102 2099 3172 impe-

2179 633 2390 698 ratlisi,
2447 632 2658 703 tibique
2707 631 3024 688 incumbere
3077 638 3137 684 ut
3207 630 3380 698 ipsam
3439 629 3642 682 tuearis
3689 643 3757 682 ac

2184 741 2522 798 propugncs,
2558 741 2792 796 eamque
2819 725 3134 780 hominibus
3161 731 3344 778 notam
3380 722 3567 777 facias.
3591 719 3755 775 Chri-

2181 831 2326 877 stum
2354 831 2536 875 autem
2573 820 2862 876 Dominum
2900 832 3192 889 precamur
3220 824 3280 872 ut
3313 815 3410 871 tibi
3438 815 3489 869 in
3524 815 3626 869 hoc
3653 829 3755 884 pro

2186 914 2433 966 bonitate
2472 926 2572 967 sua
2619 909 2884 964 auxilium
2945 909 3104 964 ierat.
3147 906 3439 978 Epistulam
3481 905 3624 958 hanc
3654 904 3756 956 ob-

2184 1005 2462 1074 signatam
2503 1004 2650 1058 misit
2681 1003 3006 1060 Theodorus
3036 1001 3344 1072 patriarcha
3390 999 3456 1054 ad
3491 1000 3757 1052 Constau~

2184 1098 2358 1152 tinum
2398 1099 2811 1166 imperatorem,
2858 1094 2925 1150 ad
2976 1095 3182 1148 litteras
3216 1106 3352 1162 quas
3378 1091 3446 1144 ad
3488 1088 3754 1144 Joannem

2185 1187 2558 1258 patriarcham
2611 1186 2920 1238 Romanum
2958 1183 3204 1241 miserat.
3250 1194 3594 1248 responsum.
3625 1176 3760 1241 Quae

2191 1281 2280 1335 ubi
2315 1280 2382 1334 ad
2421 1275 2849 1333 Constantinum
2884 1273 3132 1344 pervenit
3170 1271 3355 1326 dolore
3403 1269 3627 1323 all'ectus
3675 1273 3760 1320 est

2189 1372 2262 1426 ob
2307 1369 2538 1424 Joannis
2590 1375 2850 1426 mortem.
2899 1364 3106 1436 apertis
3149 1371 3328 1416 autem
3387 1360 3580 1414 litteris
3619 1359 3760 1410 mire

2199 1465 2401 1533 placuit
2436 1463 2540 1532 ipsi
2573 1462 2793 1516 bonitas
2829 1457 3080 1527 responsi
3129 1455 3272 1524 quod
3314 1453 3415 1522 ipsi
3449 1449 3758 1507 reddiderat

2195 1555 2518 1610 'l‘heodorus
2544 1552 2856 1624 patriarcha
2885 1551 3000 1603 sive
3021 1546 3271 1612 Joannis,
3304 1547 3395 1614 qui
3430 1550 3557 1597 ante
3584 1541 3759 1609 ipsum

2191 1647 2533 1711 decesserat;
2585 1644 2860 1715 iussitque
2912 1639 3078 1709 scribi
3123 1651 3469 1707 responsum.
3515 1633 3582 1688 At
3635 1647 3761 1685 cum

2196 1739 2426 1796 Romam
2468 1737 2780 1808 perveniret
2812 1735 3041 1790 nuntius
3079 1727 3459 1800 imperatoris,
3508 1723 3763 1779 Theodo-

2196 1847 2315 1887 rum
2371 1831 2536 1887 etiam
2587 1836 2858 1885 mortuum
2913 1823 3143 1888 invertit,
3202 1828 3324 1890 post
3369 1834 3528 1888 quem
3581 1818 3765 1870 Roma:

2196 1924 2486 1995 praefectus
2518 1929 2603 1977 est
2645 1919 2928 1974 Martinus.

2267 2017 2439 2072 Porro
2483 2023 2732 2084 tempore
2778 2010 3030 2066 Othmani
3064 2007 3179 2062 Ebu
3219 2004 3394 2060 Aﬂ'ani
3436 2005 3583 2054 misit
3622 1999 3756 2050 Cou-

2196 2110 2478 2166 stantinus
2531 2106 2832 2176 imperator
2901 2116 3119 2158 servum
3170 2099 3459 2167 quemdam
3541 2092 3766 2146 nomine

2195 2200 2500 2257 Mauuelem
2548 2196 2897 2261 eunuchum,
2955 2208 3083 2247 cum
3129 2189 3375 2245 exercitu
3430 2184 3637 2256 ingenti
3675 2198 3767 2253 per

2197 2307 2368 2356 mare,
2405 2289 2500 2360 qui
2541 2287 2924 2344 Alexandriam
2956 2285 3121 2353 cepit.
3153 2279 3388 2348 Fuitque
3420 2293 3487 2333 eo
3511 2286 3757 2345 tempore

2197 2387 2251 2442 in
2295 2383 2529 2456 Egypto
2564 2383 2766 2436 Amrus
2813 2377 2986 2435 Ebnul
3027 2375 3144 2431 Asi.
3179 2375 3382 2430 Contra
3417 2371 3596 2440 ipsum
3627 2381 3758 2436 ergo

2198 2477 2480 2548 profectus
2520 2473 2719 2527 Amrus
2760 2485 2866 2524 una
2901 2483 3022 2522 cum
3071 2464 3235 2520 Mesri
3288 2462 3485 2518 incolis
3528 2458 3762 2529 Coptitis

2203 2571 2461 2640 aliisque.
2514 2566 2813 2622 comitante
2845 2559 3008 2633 3&0
3045 2558 3210 2613 etiam
3258 2551 3640 2609 Amoltankaso
3675 2549 3769 2618 qui

2200 2663 2351 2734 ipsos
2379 2659 2604 2730 Opibus,
2637 2654 2896 2723 hospitio,
2943 2659 2998 2705 et
3034 2649 3235 2705 viatico
3269 2645 3555 2709 instruxit,
3587 2657 3769 2712 pugna

2201 2756 2350 2826 ipsos
2387 2750 2539 2823 gravi
2565 2746 2782 2817 excepit
2807 2745 2874 2800 ad
2906 2753 3119 2815 portatu
3148 2737 3492 2795 Alexandriae
3517 2751 3532 2798 ;
3560 2749 3680 2803 quae
3714 2739 3771 2787 et

2200 2862 2296 2919 per
2325 2845 2445 2901 dies
2474 2843 2682 2912 aliquot
2708 2839 3024 2894 continuata
3042 2843 3158 2899 est;
3188 2833 3312 2889 dein
3344 2833 3399 2886 in
3429 2828 3609 2898 fugata
3634 2843 3769 2882 con—

2203 2954 2394 2997 versus
2418 2945 2501 2991 est
2526 2929 3041 2990 Manuelennuchus
3061 2942 3187 2983 cum
3223 2924 3478 2980 omnibus
3517 2921 3608 2991 qui
3642 2935 3767 2974 cum

2203 3035 2323 3106 ipso
2345 3033 2560 3086 fuerant
2582 3024 2864 3088 Romanis,
2885 3023 2976 3092 qui
2995 3019 3314 3076 conscensis
3344 3014 3577 3070 navibus
3625 3013 3774 3066 Cou-

2203 3103 2614 3191 stautinopolitn
2647 3116 2845 3173 reversi
2892 3122 3042 3169 sunt.
3075 3111 3271 3166 Diebus
3312 3109 3478 3165 etiam
3511 3103 3768 3162 Othmani

526 3188 729 3281 ratoris
752 3188 1096 3247 Constantini
1133 3192 1349 3256 litteris.
1384 3207 1508 3248 cum
1529 3193 1598 3249 iis
1622 3193 1900 3264 profectus
1920 3203 2005 3250 cst
2030 3193 2096 3249 ad
2126 3227 2168 3281 ο
2206 3221 2319 3273 Eb"
2339 3188 2516 3274 Amm
2538 3220 2705 3280 ρθμιω
2724 3216 2852 3266 sum
2877 3206 3081 3268 Africa,
3103 3202 3358 3259 Armenia
3379 3208 3433 3255 et
3453 3198 3763 3254 Chorasau.

525 3276 793 3334 Joannem
823 3284 1192 3351 patriarchatn
1225 3282 1555 3350 Romanum,
1589 3285 1655 3339 ad
1700 3285 1860 3356 cujus
1889 3285 2098 3339 litteras

528 3385 856 3440 responsum
879 3374 1258 3432 continebant.
1295 3378 1363 3430 At
1393 3392 1518 3432 cum
1550 3375 1777 3434 Romam
1805 3376 2100 3448 appelleret

532 3463 744 3517 invenit
772 3464 1040 3522 Joannem
1074 3469 1443 3539 patriarcham
1479 3477 1755 3525 mortuum
1783 3485 1924 3525 csse.
1974 3470 2102 3525 l’ost
2141 3530 2150 3538 ,

529 3570 690 3625 quem
719 3557 859 3612 sedit
885 3559 968 3612 vir
991 3559 1212 3629 quidam
1233 3559 1481 3631 egregius
1509 3561 1730 3616 nomine
1757 3560 2100 3624 Theodorus,

527 3651 595 3706 ad
629 3668 790 3722 quem
846 3654 1114 3711 accedens
1167 3655 1410 3720 Barsika,
1465 3656 1752 3712 certiorem
1807 3671 1930 3711 eum
1978 3655 2106 3710 fecit

529 3745 661 3813 quid
694 3744 797 3815 ipsi
833 3745 1065 3802 dixisset
1095 3747 1418 3818 imperator,
1455 3762 1731 3818 quamque
1759 3747 2104 3804 orthodoxus

528 3843 715 3903 esset,
772 3853 990 3910 unaque
1037 3838 1139 3910 ipsi
1211 3841 1422 3897 litteras
1475 3840 1700 3897 tradidit
1753 3840 2102 3911 imperatoris

527 3927 872 3984 Constantini
907 3930 976 3987 ad
1020 3931 1305 4002 epiStolam
1345 3933 1593 3999 Joannis,
1623 3946 1786 4004 quam
1834 3933 1902 3988 ad
1934 3935 2106 4002 impe-

529 4033 746 4077 ratores
797 4023 1120 4093 scripserat,
1168 4026 1546 4094 responsorias
1599 4043 1614 4077 :
1668 4041 1806 4096 quas
1850 4034 2104 4094 acceptas

531 4115 665 4185 legit
695 4113 1018 4172 Theodorus
1051 4117 1390 4187 patriarcha,
1427 4127 1481 4174 et
1513 4118 1893 4174 orthodoxiam
1926 4118 2103 4190 ipsius

531 4209 765 4260 miratus
810 4221 1137 4276 responsum
1186 4208 1256 4264 ad
1306 4209 1452 4278 ipsas
1499 4211 1603 4265 hoc
1647 4213 1809 4266 modo
1834 4210 2100 4276 scripsit:

530 4294 610 4349 Ad
637 4295 1060 4352 Constantinum
1099 4298 1480 4368 imperatorem
1525 4300 1648 4355 fidei
1685 4300 1914 4355 sincerae
1956 4299 2106 4372 [pro-2

527 4386 821 4460 fessorem]
852 4389 1110 4444 unicum:
1138 4404 1166 4444 a
1188 4388 1475 4446 Theodoro
1500 4391 1812 4462 patriarcha
1835 4391 2102 4449 Romano.

529 4479 885 4538 Cratificatus
915 4489 998 4538 est
1025 4482 1186 4539 nobis
1219 4482 1482 4538 Dominus
1534 4483 1678 4538 Deus
1725 4485 2102 4552 omnipotens,

2203 3309 2424 3368 Praefuit
2456 3307 2743 3367 Damasco,
2779 3299 2997 3356 nomine
3021 3293 3328 3357 Othmanis,
3361 3291 3614 3347 Moawias
3654 3287 3769 3341 Ehn

2204 3406 2321 3474 Aby
2352 3401 2579 3472 Sofyau.
2609 3394 2872 3450 Moawias
2902 3392 3004 3447 iste
3027 3404 3152 3444 cum
3181 3388 3338 3457 Cypri
3363 3384 3560 3440 incolis
3597 3379 3774 3435 foedus

2205 3495 2408 3568 pepigit
2455 3505 2600 3546 anno
2647 3487 2826 3543 ileirte
2856 3482 3117 3538 vicesimo
3166 3487 3382 3544 octavo,
3427 3476 3590 3545 idque
3632 3488 3776 3527 anno

2204 3587 2499 3642 chalifatus
2536 3579 2796 3638 Othmani
2838 3585 3058 3646 quarto,
3105 3574 3317 3628 tributo
3365 3581 3659 3624 aureorum
3690 3580 3776 3619 se—

2204 3681 2344 3750 pties
2373 3674 2524 3730 mille
2557 3673 2922 3728 ducentorum
2960 3666 3252 3738 quotannis
3283 3662 3352 3717 ab
3397 3660 3529 3731 ipsis
3566 3661 3618 3712 in
3641 3672 3777 3750 per—

2207 3781 2431 3841 petuum
2458 3763 2796 3822 Moslemiuis
2830 3759 3139 3830 pendendo.
3174 3770 3240 3811 ac
3271 3764 3423 3809 tanto
3469 3753 3634 3807 etiam
3666 3749 3777 3802 lto-

2209 3839 2498 3920 tuauorum
2531 3855 2877 3930 imperatori.
2902 3851 3076 3910 Porro
3101 3846 3322 3920 collegit
3355 3843 3592 3902 Othmau
3619 3839 3780 3898 Altio-

2207 3969 2424 4017 rauum,
2454 3954 2615 4020 longa
2659 3949 2864 4020 longis,
2898 3946 3082 4003 brevia
3116 3941 3373 3998 brevibus
3394 3949 3773 4004 componens:

2207 4058 2374 4118 atque
2423 4047 2527 4100 hoc
2559 4043 2715 4098 libris
2745 4049 2956 4110 septem
3002 4037 3152 4099 fecit,
3183 4033 3405 4088 abolitis
3436 4029 3652 4084 caeteris
3683 4042 3780 4080 an-

2207 4154 2276 4193 no
2314 4136 2489 4192 tleira:
2525 4134 2806 4190 tricesimo
2837 4128 3100 4185 secundo.
3148 4125 3279 4181 Dein
3331 4120 3781 4178 discordantibus

2205 4243 2330 4284 cum
2377 4229 2498 4297 ipso
2535 4224 2850 4280 hominibus
2881 4219 3206 4276 interfectus
3237 4225 3323 4273 est
3369 4216 3602 4268 Othmau
3657 4207 3772 4297 Ebu

2206 4293 2417 4378 Aﬂani:
2453 4315 2861 4372 lnterfeceruut
2903 4311 3079 4382 ipsum
3128 4304 3469 4365 Mahommed
3512 4304 3629 4358 Ebu
3669 4293 3771 4354 Αιιί

2207 4410 2365 4466 Becri
2393 4409 2622 4462 Ammar
2649 4403 2766 4458 Ebu
2796 4400 3014 4465 Yascri,
3041 4408 3096 4454 et
3126 4400 3347 4454 Cauana
3376 4394 3494 4450 Ebu
3528 4392 3778 4456 Bashari,

2206 4503 2296 4556 die
2337 4499 2422 4556 Dil
2454 4497 2626 4568 Hajjae
2679 4502 2874 4550 octavo
2923 4493 3028 4561 (vel
3065 4490 3365 4547 secundum
3407 4487 3555 4542 aliud
3596 4498 3781 4538 exem-

529 4573 620 4641 qui
658 4571 957 4629 Ecclesiam
991 4590 1142 4630 suam
1176 4575 1549 4631 moderamine
1585 4576 1968 4632 misericordiae
1994 4591 2107 4632 sua:
2141 4588 2183 4641 ι)
2213 4595 2352 4664 plan
2376 4591 2591 4647 decimo
2611 4587 2864 4655 octavo);
2894 4601 3037 4640 anno
3061 4583 3237 4639 Βοὴ-ω
3263 4583 3542 4637 tricesimo
3565 4581 3778 4649 quinto,

531 4664 755 4734 respicit
801 4665 854 4719 in
897 4665 1097 4731 pietate
1132 4672 1226 4720 tua
1253 4705 1268 4733 ,
1317 4665 1576 4734 deditque
1631 4667 1793 4723 nobis
1838 4668 2017 4723 locum
2057 4677 2110 4724 te

530 4754 841 4826 alloquendi
876 4770 1002 4810 cum
1035 4754 1232 4826 gaudio
1272 4765 1326 4810 et
1375 4754 1672 4822 hilaritate,
1719 4771 1829 4827 quo
1880 4756 2106 4825 gratiam

532 4847 674 4903 hanc
723 4847 903 4918 palam
955 4846 1243 4904 faciamus.
1300 4845 1406 4902 Vos
1453 4847 1724 4916 siquidem
1781 4856 2105 4918 potestatem

533 4951 774 4994 vestram
808 4938 1100 5010 accepistis
1136 4940 1254 4994 vice
1286 4939 1667 5009 apostolorum
1702 4949 2016 4997 sanctorum
2048 4949 2108 4994 ut

534 5032 694 5086 fidem
727 5032 1090 5087 orthodoxam
1122 5035 1500 5103 propuguctis,
1548 5044 1602 5088 et
1647 5033 1968 5106 religionem
2010 5049 2108 5088 ve-

534 5137 647 5177 ram
683 5122 1047 5179 manifestetis
1074 5139 1228 5179 anon
1263 5137 1322 5179 ut
1352 5124 1657 5189 Heraclius,
1693 5127 1785 5196 qui
1817 5126 1887 5183 ob
1918 5124 2106 5178 inﬁde.

533 5218 738 5271 Iitatem
772 5230 928 5270 suam
954 5217 1210 5286 quodque
1239 5217 1522 5273 veritatem
1557 5219 1884 5279 deseruerit.
1907 5218 2106 5287 dignus

533 5325 641 5363 non
674 5315 757 5363 est
791 5307 882 5377 qui
916 5323 1009 5363 rex
1037 5311 1372 5378 appelletur;
1406 5326 1502 5365 nec
1538 5319 1596 5365 ut
1630 5311 1877 5382 Sergius,
1921 5307 2104 5363 [lono-

532 5403 671 5468 rius,
706 5400 927 5464 Paulus,
963 5409 1019 5456 et
1055 5400 1252 5456 Petrus
1284 5403 1612 5470 patriarcha:
1641 5401 2105 5469 Constantinopo-

530 5491 708 5555 litaui,
770 5492 1127 5564 337-339
1177 5495 1271 5564 qui
1331 5495 1546 5549 veritati
1605 5492 2102 5558 contradixerunt,

531 5593 698 5654 atque
727 5588 1072 5642 anathemate
1105 5590 1248 5660 digni
1288 5598 1449 5652 sunt,
1495 5589 1698 5660 quique
1735 5591 1802 5644 de
1843 5590 2102 5645 Ecclesiae

531 5677 701 5744 gradu
752 5678 1078 5745 dejiciautur
1124 5684 1194 5736 oh
1234 5684 1632 5736 sententiarum
1681 5698 1902 5736 suarum
1956 5683 2102 5737 falsi-

535 5776 724 5830 tatem,
763 5785 966 5838 cosque
1000 5788 1139 5842 quos
1185 5774 1238 5827 in
1283 5773 1564 5829 hominum
1595 5773 1853 5847 [animas]
1897 5776 2096 5844 iniece-

538 5865 666 5908 runt
718 5862 1030 5937 scrupulos.
1078 5863 1157 5916 'l‘u
1209 5873 1427 5932 autem,
1479 5866 1928 5935 praestantissime
1981 5885 2092 5939 rex,

2212 4696 2388 4738 annos
2416 4687 2530 4735 tum
2554 4687 2739 4730 natum
2777 4675 3059 4744 octoginta
3095 4673 3269 4740 duos;
3305 4687 3398 4742 per
3429 4669 3670 4725 triduum
3699 4668 3784 4722 iu-

2209 4773 2462 4843 sepultus
2505 4767 2727 4824 mansit.
2779 4767 2905 4821 Fuit
2961 4763 3228 4838 [staturae]
3287 4763 3590 4833 quadratae,
3643 4759 3784 4814 facie

2215 4863 2446 4936 pulchra
2467 4902 2483 4927 ,
2514 4860 2722 4926 fuscus,
2761 4858 2928 4913 barba
2955 4857 3133 4926 ampla
3167 4871 3330 4926 quam
3356 4855 3612 4924 plicabat,
3648 4854 3786 4906 den-

2214 4971 2294 5012 tes
2335 4967 2472 5010 auro
2504 4949 2940 5020 coustringebat.
2981 4947 3286 5005 Plurimum
3349 4962 3474 5001 cum
3503 4960 3568 4998 eo
3607 4944 3788 5013 potuit

2205 5043 2559 5119 341-3“
2593 5043 2829 5100 Merwan
2855 5042 2972 5096 Ebu
3001 5039 3242 5106 Hacem;
3275 5037 3522 5106 sepultus
3559 5044 3645 5091 est
3675 5033 3788 5087 Me-

2210 5136 2354 5190 dius:
2383 5134 2506 5189 loco
2540 5130 2689 5186 dicto
2728 5129 2878 5184 lasar
2918 5127 3143 5185 Caucab
3185 5127 3349 5200 [pons
3380 5124 3575 5196 stellae]
3613 5141 3627 5178 :
3677 5124 3784 5180 Sa-

2211 5227 2440 5280 tellitum
2487 5225 2744 5298 princeps
2792 5225 2895 5294 ipsi
2953 5223 3059 5280 fuit
3097 5220 3366 5276 Abdallah
3413 5219 3529 5273 Ebu
3592 5214 3784 5271 Phabd

2212 5321 2559 5379 Adawensis.
2585 5318 2825 5385 Janitor,
2870 5315 3193 5372 Hamdanus
3221 5313 3398 5383 ipsius
3423 5326 3640 5368 servus.

2520 5410 2826 5479 Chalifatus
2856 5409 2970 5464 Alis
2997 5407 3114 5462 Ebn
3137 5405 3239 5461 Abi
3269 5404 3465 5459 Talebt'.

2278 5502 2613 5559 Chalifatum
2665 5514 2788 5574 post
2816 5502 3148 5557 Othmanum
3190 5499 3426 5553 obtinuit
3456 5495 3538 5550 Ali
3565 5494 3678 5549 Ebu
3708 5489 3789 5548 Ab

2203 5595 2412 5660 Talehi,
2467 5595 2605 5664 (Ebu
2637 5595 2796 5650 Alidil
2838 5592 3133 5656 Motallabi,
3166 5589 3282 5644 Ebu
3315 5588 3595 5652 llashetni,
3649 5585 3788 5645 Ebni

2201 5688 2363 5742 Ahdil
2417 5686 2701 5756 Mauaphi;
2737 5687 2824 5740 cui
2866 5695 3038 5739 mater
3080 5683 3376 5738 Phatemah
3443 5683 3550 5736 filia
3597 5681 3785 5743 Asadi,

2202 5781 2318 5833 Ebu
2392 5777 2670 5844 llashemi,
2735 5778 2852 5833 Ebn
2913 5777 3072 5832 Abdil
3131 5776 3408 5846 Manaphi)
3461 5789 3649 5830 mense
3701 5771 3786 5827 Dil

2203 5871 2368 5942 llajjae
2395 5871 2522 5927 anni
2563 5869 2740 5929 licitae
2769 5871 3032 5929 tricesimi
3058 5872 3259 5939 quinti.
3293 5872 3454 5933 idque
3490 5885 3634 5926 anno
3675 5869 3784 5926 im-
