4116 6422
405 384 545 449 1115

1386 383 1757 444 EU’FYClIIl
1791 381 2329 445 ALEXANDR‘INI
2365 385 2586 448 PATR.

3524 381 3663 444 1116

404 497 656 566 idemque
681 496 914 568 professi
945 505 1077 552 sunt
1099 511 1221 552 cum
1243 496 1481 551 concilio
1517 494 1977 562 Chalcedonensi,
2006 497 2055 556 Α
2089 506 2261 562 stros,
2305 506 2361 555 et
2401 498 2620 555 dolores
2659 506 2884 554 nostros
2922 497 3197 567 suscepit;
3248 496 3406 565 cujus
3438 495 3665 551 vulnere

402 588 654 643 videlicet
689 588 857 642 Deum
905 586 1108 642 Filium
1138 588 1346 641 ultimis
1389 586 1731 654 temporibus
1761 602 1978 640 assum-

402 680 583 749 psisse
606 695 671 734 ex
707 678 951 749 Virgine.
989 678 1217 731 Domina
1239 677 1399 747 352
1437 677 1599 730 Maria
1629 686 1823 731 sancta
1852 693 1978 732 car-

403 786 507 841 pus
533 771 833 827 lunnanum
866 787 987 826 cum
1026 771 1205 825 anima
1250 769 1499 824 rationali
1530 808 1546 833 ,
1596 768 1926 827 intellectiva
1956 787 1971 825 :

402 862 568 931 idque
618 877 683 918 ex
735 861 1120 918 misericordia
1171 860 1262 914 Dei
1317 859 1671 919 inhomines
1719 860 1975 929 propitii:

406 970 584 1023 neque
636 955 742 1011 hoc
794 963 951 1025 pacto
980 953 1278 1021 contigisse
1309 952 1414 1021 ipsi
1441 952 1839 1016 confusionem,
1874 965 1975 1007 nec

401 1046 958 1114 corruptionem,'nec
996 1042 1421 1113 separationetn,
1463 1056 1567 1097 nec
1603 1040 1980 1108 divisionem;

405 1138 498 1191 sed
531 1152 652 1192 esse
675 1137 849 1202 ipsum
875 1151 1041 1189 unum
1081 1135 1396 1195 facientem,
1425 1148 1549 1203 qum
1581 1132 1857 1187 hominem
1896 1131 1977 1186 fa-

403 1244 529 1283 cere
571 1228 746 1290 decet,
778 1228 830 1281 in
875 1236 1068 1281 natura
1112 1226 1307 1296 ipsius.
1339 1234 1394 1279 et
1452 1240 1571 1294 quo:
1614 1225 1778 1277 Deum
1827 1222 1976 1278 face-

403 1336 461 1375 re
507 1319 663 1374 decet
698 1321 752 1373 in
785 1326 979 1372 natura
1034 1318 1242 1387 ipsius,
1293 1318 1501 1386 quiest
1550 1314 1724 1369 Filius
1756 1315 1981 1378 unicus,

406 1411 638 1467 Verbum
666 1411 1086 1481 sempiternum,
1123 1410 1554 1478 incorporatum,
1590 1406 1735 1476 quod
1786 1422 1973 1461 revera

399 1506 604 1560 factum
636 1513 724 1559 est
753 1518 884 1558 caro
909 1543 925 1568 ,
971 1502 1118 1559 sicut
1147 1502 1280 1558 dicit
1313 1500 1662 1567 Evangelium
1684 1508 1971 1554 sanctum:

399 1596 470 1647 ita
517 1594 736 1648 interim
779 1601 839 1648 ut
888 1609 996 1647 non
1031 1593 1251 1647 recedat
1301 1606 1330 1645 a
1375 1589 1544 1659 gloria
1600 1602 1699 1667 sua
1745 1599 1980 1651 aeterna,

401 1701 582 1753 neque
610 1686 784 1754 ipsam
812 1691 1013 1747 mutet.
1051 1699 1239 1738 verum
1272 1682 1345 1738 sit
1382 1696 1505 1740 cum
1531 1680 1745 1736 duabus
1772 1694 1972 1749 opera:-

400 1777 663 1842 tionibus,
695 1776 910 1832 duabus
937 1775 1337 1840 voluntatibus,
1366 1784 1422 1830 et
1464 1774 1682 1831 duabus
1735 1773 1973 1833 naturis.

2078 605 2279 646 omnes
2321 592 2499 646 sanati
2543 606 2755 646 sumus.
2784 588 2911 645 Fuit
2941 590 3088 645 enim
3116 599 3177 643 ut
3201 588 3323 643 ovis
3347 604 3468 657 quae
3494 588 3661 644 ducta

2079 696 2165 737 est
2198 682 2265 737 ad
2300 685 2687 738 mactationem
2713 725 2729 750 ,
2772 693 2831 740 et:
2870 693 2932 738 ut
2974 700 3150 754 agnus
3183 681 3277 753 qui
3310 697 3496 737 coram
3539 692 3661 736 ton-

2078 775 2244 829 dente
2274 774 2455 845 ipsum
2490 776 2730 840 tacebat,
2777 776 2853 831 ita
2877 790 2983 830 nec
3016 791 3079 830 os
3112 777 3348 843 aperuit.
3382 773 3440 828 lu
3476 774 3661 827 humi-

2079 866 2303 921 liatione
2326 866 2499 935 ipsius
2520 868 2805 922 sublatum
2821 879 2901 924 est
2922 867 3185 937 judicium
3209 865 3349 932 eius.
3383 864 3505 919 Jam
3532 881 3666 921 vero

2078 956 2386 1025 intelligant
2439 959 2536 1012 lilii
2566 958 2830 1015 Ecclesia:
2862 959 2954 1013 Dei
2991 958 3081 1029 pie
3111 956 3346 1029 [ipsum]
3385 957 3658 1021 colentes,

2076 1047 2207 1103 Jesu
2244 1047 2465 1105 Christo
2496 1050 2729 1106 Domino
2769 1061 2826 1105 et
2873 1049 2982 1105 Deo
3016 1057 3207 1107 nostro
3233 1063 3367 1105 esse
3386 1048 3527 1103 duas
3563 1063 3665 1102 na-

2082 1152 2241 1197 turas
2264 1144 2558 1212 perfectas,
2589 1143 2731 1199 duas
2766 1143 3084 1198 voluntates
3128 1150 3184 1197 et
3215 1141 3352 1196 duas
3383 1140 3666 1209 operatio-

2080 1250 2179 1289 nes
2220 1249 2433 1300 revera,
2467 1249 2759 1303 pet-sonam
2806 1242 2991 1289 autem
3014 1249 3201 1289 unam.
3242 1231 3357 1287 Hoc
3379 1241 3465 1287 est
3500 1234 3666 1287 testi-

2079 1326 2325 1379 monium
2372 1336 2427 1381 et
2464 1326 2602 1380 ﬁdes
2633 1326 2853 1381 concilii
2905 1324 3046 1381 sexti
3110 1324 3313 1380 sancti.
3360 1323 3667 1381 Conﬁrma-

2078 1425 2208 1468 runt
2237 1416 2399 1469 etiam
2430 1418 2575 1485 quod
2612 1418 3088 1471 conﬁrmaverunt
3125 1407 3370 1484 quinque
3420 1416 3654 1471 concilia

2081 1513 2272 1557 sancta
2298 1503 2518 1571 priora:
2549 1502 2978 1557 etvanathemate
3006 1502 3350 1557 devoverant
3383 1502 3476 1572 qui
3518 1502 3667 1557 illud

2078 1593 2591 1657 anathematizaret,
2625 1603 2680 1648 et
2704 1594 3013 1662 reiecerunt
3045 1594 3138 1663 qui
3169 1594 3351 1664 ipsum
3377 1593 3649 1659 rejiceret.

2078 1682 2387 1749 Quinetiam
2411 1683 2571 1738 ﬁdem
2594 1684 2883 1755 Sophronii
2907 1685 3233 1755 patriarchae
3252 1683 3665 1755 Hierosolymi-

2080 1775 2192 1830 tani
2232 1777 2289 1831 in
2322 1776 2556 1830 medium
2585 1778 2849 1847 prolatam
2878 1786 3209 1847 receperunt
3249 1786 3319 1831 etv
3370 1778 3665 1831 continua-

403 1867 549 1923 Dcus
574 1879 628 1924 et
664 1869 854 1935 homo,
899 1868 1102 1938 quibus
1151 1868 1432 1937 perﬁcitur
1461 1880 1641 1921 sermo
1684 1879 1845 1919 verus
1874 1879 1887 1917 :
1922 1871 1978 1917 et
2010 1846 2050 1904 Β
2080 1876 2229 1922 runt.
2288 1868 2513 1924 Peracta
2549 1846 2679 1923 sunt
2730 1880 2913 1925 autem
2954 1846 3085 1925 haec.
3109 1871 3325 1939 negotia
3364 1868 3666 1922 auxiliante

404 1971 718 2033 utramque,
743 1971 999 2015 naturam
1029 1958 1242 2026 operari
1292 1973 1417 2014 cum
1469 1957 1853 2013 communione
1894 1955 1974 2009 al-

401 2053 598 2117 terius,
646 2051 863 2107 duabus
910 2049 1288 2105 voluntatibus
1325 2049 1546 2104 minime
1577 2048 1725 2102 inter
1764 2062 1824 2101 se
1853 2061 1977 2102 con-

404 2144 612 2208 trariis,
636 2151 733 2196 aut
763 2143 1159 2213 pugnantibus,
1185 2142 1357 2196 altera
1390 2140 1534 2195 aliud
1566 2139 1977 2209 amplectente;

403 2251 595 2289 Verum
636 2250 857 2290 manere
889 2236 1223 2289 voluntatem
1268 2234 1563 2287 humanam
1609 2232 1660 2285 in
1705 2230 1982 2287 voluntate

402 2328 592 2381 divina
628 2328 1026 2397 omnipotente.
1076 2325 1236 2391 Quod
1268 2325 1375 2380 nisi
1408 2324 1644 2380 Verbum
1678 2321 1798 2384 Dei.
1852 2328 1977 2377 cum

403 2416 785 2477 descenderet,
818 2414 1217 2483 assumpsisset
1249 2413 1527 2469 hominem
1569 2410 1813 2482 undique
1851 2424 1980 2477 per-

402 2504 629 2570 l‘cctum,
665 2504 862 2560 luisset
919 2505 1070 2560 salus
1101 2514 1288 2559 nostra
1337 2504 1519 2571 imago
1572 2512 1626 2557 ct
1669 2503 1980 2574 phantasia.

403 2594 693 2659 Quomodo
745 2603 924 2648 autem
966 2592 1305 2647 convcniret-
1351 2592 1771 2647 beneﬁcentiam
1840 2604 1984 2659 prac-

403 2684 591 2750 s'anti,
635 2684 724 2752 qui
761 2692 846 2739 est
891 2683 1138 2739 medicus
1178 2684 1442 2753 sapiens,
1468 2697 1653 2737 revera
1693 2681 1981 2736 sanitatem

406 2782 542 2833 dans
578 2780 898 2847 (secundum
948 2777 1080 2831 illud
1133 2778 1282 2847 quod
1339 2775 1476 2832 dicit
1533 2775 1826 2830 Malachias
1855 2789 1983 2843 pro-

404 2869 566 2938 pheta
595 2868 845 2922 :Orietur
868 2866 959 2921 Sol
983 2868 1230 2936 justitiae,
1263 2866 1424 2936 cujus
1460 2880 1656 2921 nomen
1687 2864 1981 2925 timebunt.

404 2960 502 3029 qui
533 2960 749 3015 sanabit
776 2958 945 3028 ipsos,
981 2960 1329 3029 gestabitque
1356 2958 1507 3028 ipsos
1525 2957 1626 3011 alis
1647 2955 1810 3026 suis).
1846 2953 1984 3008 illud

405 3066 697 3108 assumere
741 3052 929 3122 inquo
962 3064 1230 3107 creatura:
1270 3052 1577 3121 antiquitus
1611 3046 1979 3120 353-355

405 3160 546 3198 noxa
567 3146 694 3209 fuit,
720 3154 782 3201 ut
798 3155 939 3201 esset
961 3157 1240 3216 peccatum
1275 3145 1507 3214 primum
1543 3144 1607 3197 in.
1638 3143 1853 3198 homine
1881 3156 1979 3211 pen

405 3250 505 3291 nes
531 3236 844 3303 arbitrium,
891 3237 1261 3302 voluntatem,
1298 3248 1351 3290 et
1392 3245 1717 3304 potestatem
1767 3250 1923 3291 suam
1958 3234 1991 3287 2·

405 3328 482 3380 Ac
504 3327 778 3395 quomodo
807 3343 915 3380 non
947 3336 1099 3383 esset
1124 3328 1227 3381 hoc
1255 3327 1627 3382 necessarium
1651 3326 1675 3379 ?
1705 3325 1843 3380 Cum
1881 3324 1986 3379 do:-

404 3417 586 3470 cuerit
613 3430 712 3471 nos
746 3417 1033 3481 Dominus,
1057 3417 1151 3485 qtti
1182 3428 1268 3471 est
1301 3417 1353 3471 in
1394 3416 1520 3471 sinu
1563 3415 1763 3479 Patris,
1806 3413 1980 3470 Eilius

405 3508 501 3578 qui
543 3509 697 3562 solus
750 3518 837 3563 est
891 3508 1059 3574 liber,
1094 3524 1202 3561 non
1258 3522 1473 3571 servus,
1503 3523 1692 3562 verum
1743 3506 1987 3577 seipsum

407 3613 628 3651 servum
665 3597 792 3651 fecit
828 3607 1053 3667 propter
1089 3599 1325 3653 salutem
1358 3605 1602 3651 nostram
1626 3638 1642 3664 ,
1673 3596 1990 3665 dederitque

408 3688 575 3742 nobis
612 3689 906 3742 victoriam
946 3688 1000 3742 in
1029 3688 1151 3743 illos
1179 3688 1274 3759 qui
1312 3687 1597 3758 'oquentes
1627 3687 1811 3741 dicant
1841 3686 1989 3740 Ada-

408 3791 559 3831 mum
601 3779 912 3833 necessario
940 3792 1308 3847 peccasse;.ac
1340 3777 1512 3834 fuisse
1543 3786 1827 3849 peccatum
1864 3777 1984 3834 absv'

408 3883 515 3937 que
588 3869 868 3924 voluntate
945 3870 1163 3940 ipsius,
1233 3881 1409 3940 neque
1458 3870 1630 3927 fuisse
1679 3871 1733 3925 in
1790 3879 1989 3925 natura

408 3960 583 4030 ipsius
614 3969 939 4028 potestatem
977 3962 1229 4024 liberam,
1255 3977 1362 4031 qua
1391 3976 1429 4016 a.
1456 3962 1609 4031 lapsu
1632 3975 1828 4016 cavere
1851 3974 1980 4031 pos-

409 4060 514 4105 set.
562 4052 682 4117 Quo
728 4053 972 4119 ipsontm
1008 4053 1158 4108 dicto
1202 4053 1412 4108 crimen
1458 4062 1515 4108 et
1566 4052 1842 4108 defectum
1891 4052 1989 4105 im-

408 4142 642 4212 pingunt
672 4142 922 4199 Creatori
946 4183 962 4205 .
1010 4143 1111 4212 qui.
1146 4143 1305 4212 longe
1347 4158 1513 4213 supra
1545 4143 1664 4197 haec
1691 4152 1798 4206 est,
1825 4153 1989 4214 atque

411 4233 681 4307 Adamum
718 4235 771 4287 in
804 4234 1082 4302 peccando
1116 4242 1407 4289 excusant.
1452 4232 1570 4287 Jam
1621 4249 1751 4289 vero
1781 4234 1830 4289 vi
1863 4250 1990 4289 sen-

413 4325 597 4379 tcntiae
621 4339 811 4378 eorum
838 4325 1114 4394 prmcipue
1142 4326 1235 4395 qui
1270 4326 1375 4380 hoc
1404 4334 1682 4390 asserunt,
1709 4325 1989 4384 omnium-

410 4430 524 4484 que
553 4416 645 4485 qui
706 4416 773 4469 iis
816 4430 1106 4470 assensum
1157 4413 1447 4485 praebent,
1490 4417 1819 4472 necessario
1836 4431 1987 4472 com-

2084 1959 2212 2021 Deo,
2249 1969 2301 2013 et
2334 1968 2599 2028 praesente
2621 1958 2991 2019 Constantino
3022 1961 3351 2029 imperatore
3374 1958 3544 2025 ﬁdeli,
3572 1959 3661 2012 cui

2081 2050 2220 2105 bene
2246 2051 2450 2120 precati
2484 2051 2683 2106 reversi
2714 2051 2937 2105 sunt‘ad
2974 2052 3091 2106 loca
3125 2066 3221 2105 sua
3249 2068 3265 2116 ;
3293 2050 3456 2118 idque
3494 2049 3668 2115 impe-

2082 2142 2148 2196 rii
2213 2143 2556 2198 Constantini
2610 2156 2756 2197 anno
2830 2142 3047 2198 decimo
3101 2142 3304 2207 tertio,
3365 2139 3675 2197 cbalifatus

2082 2232 2325 2288 Moawiae
2353 2233 2466 2287 Ebu
2498 2234 2597 2289 Abl
2631 2234 2858 2307 Sofyani
2890 2245 3112 2305 quarto.
3145 2236 3200 2287 Λα
3221 2233 3459 2288 concilio
3481 2241 3680 2287 autem.

2084 2328 2283 2398 quinto
2333 2327 2720 2397 episcoporum
2790 2337 3010 2382 centum
3053 2327 3342 2398 sexaginta
3403 2337 3663 2394 quatuor.

2086 2421 2180 2490 qui
2246 2418 2719 2485 Constantinopoli
2767 2427 3172 2475 conveneruntw
3197 2429 3443 2489 tempore
3489 2416 3666 2472 Iusti-

2082 2512 2233 2566 niani
2300 2510 2644 2580 imperatoris
2701 2508 3119 2591 liomanorum,
3175 2510 3239 2564 ad
3291 2518 3504 2565 sextum
3558 2507 3673 2561 hoc

2083 2604 2445 2661 ducentorum
2491 2604 2771 2674 octoginta
2833 2619 3033 2660 novem
3087 2604 3513 2673 episcoporum,
3569 2599 3675 2668 qui

2084 2697 2284 2752 ibidem
2338 2706 2714 2753 convenerunt
2747 2706 2987 2766 tempore
3013 2694 3373 2766 357-359
3398 2695 3685 2747 Constan-s

2084 2789 2182 2846 tini
2233 2789 2614 2856 imperatoris,
2638 2796 2856 2842 centum
2904 2796 3033 2842 sunt
3060 2788 3212 2841 anni.
3244 2786 3495 2850 Cumque
3538 2797 3671 2853 per-

2086 2893 2266 2937 actum
2314 2880 2477 2934 fuerit
2525 2882 2645 2936 hoc
2677 2882 2952 2951 negotium
2983 2921 2998 2946 ,
3046 2889 3293 2949 tempore
3355 2876 3547 2947 Agubil
3575 2890 3673 2944 pa-

2088 2973 2346 3027 triarchae
2390 2970 2620 3026 Romani
2666 2972 2875 3036 sancti,
2919 2971 3248 3026 mentionem
3284 2969 3529 3026 fecerunt
3561 2968 3668 3022 Da-

2087 3062 2257 3119 masci
2285 3072 2339 3116 ct
2373 3061 2594 3134 Egypti
2620 3038 2814 3117 incoim
2845 3062 3088 3118 nominis
3113 3060 3302 3131 Agabii
3331 3058 3661 3130 patriarchae

2089 3154 2319 3209 Romani
2349 3155 2403 3208 in
2439 3155 2721 3225 diptycbo,
2759 3154 2929 3209 ab-eo
2953 3154 3019 3208 ad
3058 3153 3161 3207 hoc
3220 3167 3396 3223 usque
3420 3158 3666 3220 tempus.

2162 3247 2409 3303 Mortuus
2437 3256 2522 3302 est
2563 3256 2742 3302 autem
2773 3247 3169 3302 Constantinus
3200 3246 3500 3314 imperator
3534 3242 3673 3297 ﬁde—

2088 3343 2159 3399 lis
2209 3352 2498 3412 postquam
2531 3340 2810 3395 sexdecim
2844 3354 3018 3394 annos
3043 3352 3213 3409 regno
3241 3336 3446 3406 potitus
3483 3344 3668 3399 esset;

2088 3432 2452 3505 regnavitque
2506 3438 2632 3498 post
2673 3432 2945 3500 ipsum‘in
2979 3429 3261 3483 Romanos
3304 3426 3449 3483 ﬁlius
3491 3427 3671 3496 ipsius

2087 3524 2443 3582 Justinianus
2476 3537 2653 3578 annos
2680 3521 2973 3579 duodecim
3002 3541 3014 3574 :
3067 3523 3230 3592 idque
3260 3535 3409 3575 anno
3434 3519 3670 3576 obstitis-

2091 3623 2181 3670 tus
2211 3613 2452 3670 Moawiae
2484 3612 2600 3666 Ebu
2632 3609 2750 3681 Aby
2779 3609 3229 3678 Sofyanoctavo.

2161 3704 2707 3761 Accedeutesautem
2741 3699 2966 3771 quidam
2994 3699 3061 3754 ad
3091 3697 3673 3768 .instinianumimpe-

2090 3807 2331 3852 ratorem
2355 3796 2663 3851 Romanqu
2688 3793 2950 3847 dixerunt
2979 3810 2994 3846 :
3038 3792 3180 3847 Sunt
3212 3807 3243 3846 ο
3275 3790 3672 3846 Constantino‘

2088 3889 2348 3959 politanis
2405 3888 2631 3959 quidam
2686 3886 2778 3955 qui
2844 3884 3141 3939 concilium
3201 3892 3462 3945 sextum,
3521 3882 3668 3952 quod

2091 3981 2194 4037 fuit
2219 3988 2467 4051 tempore
2504 3980 2679 4050 patris
2710 3978 2787 4031 tui
2817 3975 3207 4042 Constantini,
3236 3976 3566 4044 vituperent,
3603 3974 3671 4028 ad

2090 4072 2294 4127 falsum
2320 4070 2811 4142 (conﬁrmandum)
2849 4067 3179 4124 convenisse
3207 4082 3302 4123 eos
3331 4076 3672 4122 asserentes.

2088 4164 2311 4221 Mittens
2380 4178 2512 4233 ergo
2564 4160 2919 4217 Justinianus
2958 4174 2961 4177 ‘
3000 4159 3303 4229 imperator
3378 4161 3670 4228 episcopos

2089 4263 2313 4310 centum
2347 4252 2568 4322 triginta
2602 4250 2951 4314 convocavit.
2979 4250 3072 4319 qui
3108 4249 3329 4304 concilii
3357 4249 3497 4303 sexti
3543 4264 3670 4305 sen-

2092 4345 2323 4399 tentiam
2353 4339 3031 4408 conlirmarunt,.et,diris
3059 4354 3156 4394 eos
3188 4338 3549 4401 de‘voverunt.
3576 4338 3670 4406 qui

2094 4433 2201 4503 ipsi
2260 4432 2674 4497 maledicereut,
2740 4432 2824 4486 vel
2882 4430 3367 4495 contradicerent;
3415 4444 3517 4484 nec
3563 4443 3670 4484 non

409 4507 551 4577 petit
594 4516 876 4576 peccatum
925 4508 1026 4563 toti
1055 4507 1340 4563 hominum
1376 4508 1591 4577 generi.
1635 4506 1748 4564 Nos
1801 4519 1983 4565 antem

2093 4527 2423 4601 sententiam
2472 4527 2731 4598 quinque
2767 4523 3131 4580 conciliorum
3183 4524 3427 4593 priorum
3475 4520 3671 4576 conﬁr-

410 4600 653 4656 dicimus
700 4598 755 4653 in
799 4606 1071 4669 potestate
1110 4600 1305 4655 Adami
1367 4599 1538 4657 fuisse
1596 4609 1656 4655 ut
1708 4598 1987 4655 Creatoris

415 4692 734 4746 mandatum
769 4700 1037 4757 servaret,
1070 4708 1169 4746 nec
1192 4708 1300 4747 non
1337 4701 1403 4747 ut-
1427 4692 1719 4748 consilium
1746 4691 1989 4746 mulieris

415 4784 706 4852 rejiceret;
749 4798 936 4838 verum
986 4796 1094 4837 non
1150 4785 1222 4836 ita
1254 4784 1513 4849 voluisse,
1550 4783 1646 4839 sed
1690 4782 1873 4837 cibum
1920 4796 1986 4836 ex

413 4875 610 4929 arbore
638 4883 691 4928 et
720 4888 750 4929 e
776 4888 941 4928 manu
984 4872 1233 4928 mulieris
1271 4873 1573 4942 accepisse,
1632 4872 1990 4943 quemadmo-

417 4968 547 5020 dum
573 4973 627 5020 et
654 4965 854 5020 mulier
883 4964 1173 5020 consilium
1211 4966 1486 5032 serpentis
1520 4973 1710 5019 secuta
1740 4971 1844 5027 est,
1880 4977 1988 5017 non

419 5055 748 5111 necessitate
788 5064 996 5109 natura:
1020 5094 1036 5118 ,
1078 5057 1172 5110 sed
1210 5055 1584 5110 imbecillitate
1630 5053 1989 5109 intellectus:

417 5147 631 5216 fuitque
659 5146 762 5201 hoc
804 5147 979 5215 prima
1011 5147 1291 5202 voluntate
1324 5153 1704 5202 creaturarum
1738 5146 1994 5202 videlicet

420 5237 614 5293 Adami
657 5245 712 5293 et
765 5236 912 5301 Evae.
944 5239 1086 5295 unde
1117 5249 1447 5307 acceperunt
1493 5238 1706 5309 plagam
1751 5235 1996 5292 doloriﬁ—

420 5346 568 5396 cam,
597 5338 761 5401 atque
791 5330 936 5385 unde
965 5332 1132 5386 etiam
1168 5330 1457 5386 medelam.
1491 5330 1774 5401 Siquidem
1808 5328 1996 5383 Denti-

421 5439 529 5479 nus
560 5432 747 5481 noster
790 5421 954 5478 Jcsus
996 5424 1251 5479 Christus
1282 5423 1504 5479 morbos
1548 5431 1771 5479 nostros
1822 5422 1997 5476 etde-

424 5517 802 5572 loresuostros
822 5519 1085 5586 suscepit,
1132 5519 1274 5571 sicut
1309 5514 1447 5571 dixit
1491 5516 1660 5571 lsaias
1694 5518 1992 5586 propheta:

426 5609 750 5677 Aspeximus
783 5624 908 5664 eum
949 5624 1051 5664 nec
1109 5608 1275 5681 356
1319 5609 1418 5663 fuit
1464 5611 1566 5678 ipsi
1605 5610 1838 5679 species,
1899 5623 1999 5663 ncc

427 5698 815 5767 pulchritudo,
871 5697 1084 5770 fuitque
1128 5699 1580 5771 contemptibilis,
1626 5700 1791 5772 cujus
1849 5700 1997 5754 nulla

431 5787 617 5842 habita
650 5796 733 5844 est
765 5790 927 5846 ratio.
954 5789 1076 5850 lose
1113 5801 1197 5848 est
1231 5793 1325 5854 cui
1357 5794 1598 5858 portavit
1638 5792 1860 5851 morbos
1897 5808 1997 5850 no-

2096 4627 2340 4682 marnnt,
2388 4618 2531 4674 etin
2555 4632 2652 4672 eos
2696 4615 2788 4687 qui
2831 4630 2894 4670 ea
2953 4614 3511 4677 anathematizarent,
3542 4626 3673 4666 aua-

2090 4710 2275 4768 thema
2310 4710 2589 4773 dixerunt,
2623 4707 2748 4762 dein
2779 4706 2982 4762 reversi
3005 4713 3157 4760 sunt.

2181 4796 2354 4853 Porro
2402 4810 2548 4849 anno
2603 4793 2899 4849 cbalifatus
2955 4791 3199 4847 bioawiae
3246 4792 3480 4862 septimo
3542 4807 3675 4848 con-

2100 4890 2328 4947 stitutus
2357 4896 2441 4942 est
2478 4886 2719 4943 Joannes
2768 4885 3081 4954 patriarcha
3109 4883 3676 4955 Hierosolymitanus.

2095 4981 2190 5051 qui
2233 4994 2408 5035 annos
2446 4979 2805 5050 quadraginta
2867 4978 3031 5042 sedit.
3080 4978 3209 5033 dein
3270 4988 3529 5033 mortuus
3568 4987 3679 5035 est.

2095 5069 2375 5123 Manserat
2406 5076 2590 5124 autem
2633 5067 2794 5124 sedes
2826 5065 3324 5138 Hicrosolymitana
3359 5077 3484 5134 post
3532 5082 3678 5120 mon

2096 5169 2204 5216 tem
2256 5160 2547 5229 Sophronii
2612 5176 2785 5229 usque
2830 5159 2961 5215 dum
3030 5159 3379 5214 suiﬁceretur.
3438 5158 3685 5214 Joannes

2097 5251 2218 5308 sine
2245 5253 2552 5320 patriarcha
2578 5251 2747 5323 360
2763 5266 2938 5306 annos
2962 5250 3152 5321 viginti
3181 5265 3402 5305 novem.
3426 5250 3683 5304 Mortuus.

2096 5351 2183 5399 est
2232 5346 2396 5399 etiam
2451 5343 2722 5416 Georgius
2762 5344 3093 5413 patriarcha.
3112 5341 3675 5410 Constantinopolita-~

2099 5452 2226 5503 nos,
2252 5451 2375 5491 cum
2418 5450 2592 5491 annos
2642 5436 2830 5491 decem
2857 5449 2924 5492 eo
2965 5450 3190 5490 munere
3241 5434 3461 5488 functus
3504 5441 3691 5490 esseta

2099 5524 2258 5577 Anno
2306 5524 2596 5578 cbalifatus
2636 5522 2875 5577 Moawire
2934 5522 3261 5576 duodecimo
3333 5531 3553 5577 creatus
3591 5528 3688 5574 cst.

2102 5614 2342 5669 Tliontas
2394 5615 2703 5685 patriarcha
2750 5610 3415 5679 Coustantinopolilanus,
3452 5612 3546 5679 qui
3582 5626 3676 5663 an,

2103 5718 2206 5760 nos
2248 5703 2432 5759 decem
2476 5704 2617 5759 sedit
2687 5702 2794 5773 (vel
2838 5701 2996 5771 juxta
3038 5698 3186 5755 aliud
3229 5699 3549 5769 exemplar,
3596 5699 3675 5753 vi-

2104 5793 2284 5863 ginti),
2333 5794 2458 5851 dein
2501 5801 2750 5850 mortuus
2793 5803 2893 5850 est.
2926 5794 3082 5850 Anno
3108 5792 3401 5851 chalifatus
3427 5792 3683 5855 eiusdem.
