4116 6502
387 431 529 494 Ill?

1833 443 2210 506 ANNAI.ES.

3516 441 3650 511 1118

387 554 652 608 vicesimo
697 557 862 611 tertio
909 556 1121 614 addidit
1157 559 1456 616 Molsemah
1486 560 1602 616 Ebn
1659 560 1962 616 Mocballed
1993 561 2042 620 Α
2071 563 2160 620 hic
2197 565 2577 636 Hierosolyma
2619 565 2884 635 templum
2939 564 3090 617 anxit
3137 564 3308 618 donec
3359 575 3565 635 petram
3593 567 3647 620 in

386 647 740 702 Ansartensis
811 657 1104 705 structum
1149 653 1337 720 templi
1395 654 1543 722 quod
1588 663 1674 708 est
1710 653 1962 708 PhuStati

382 737 546 792 Mesri
569 779 585 805 ,
619 747 746 809 post
779 739 1006 795 Amnim
1036 741 1208 797 Ebnol
1237 744 1352 806 Δεῖ,
1380 747 1599 806 turrim,
1635 746 1724 800 cui
1766 758 1964 800 nomen

383 845 540 885 suum
577 832 885 901 inscripsit.
940 834 1114 891 Porro
1160 839 1464 906 imperante
1501 839 1768 893 Moawiah
1806 845 1962 906 capta

381 929 468 976 est
512 921 734 979 Rhodos
758 940 789 979 e
825 936 968 981 terra
1002 928 1405 986 Romanorum.
1459 933 1575 986 Sub
1602 935 1792 988 eodem
1829 933 1964 986 cha-

385 1013 480 1067 liia
529 1015 763 1085 eclipsin
807 1033 1004 1086 passus
1049 1030 1132 1074 est
1178 1023 1283 1086 sol,
1328 1023 1469 1077 adeo
1513 1033 1572 1078 ut
1634 1035 1964 1094 apparerent

380 1105 572 1171 stellae,
625 1121 774 1162 anno
823 1109 1003 1164 Heira:
1036 1112 1521 1186 quinquagesimo.
1578 1115 1828 1174 Mortuus
1873 1126 1961 1174 est

379 1207 564 1252 autem
592 1197 858 1255 Moawiah
895 1201 1009 1256 Ebu
1043 1205 1142 1258 Abi
1169 1206 1373 1281 Sofyan
1403 1223 1590 1264 mense
1621 1209 1797 1279 Rajeb
1827 1212 1959 1266 anni

379 1287 556 1342 llcirze
587 1293 931 1360 sexagesimi,
980 1299 1390 1365 octogenarius.
1444 1298 1569 1353 Fuit
1608 1309 1792 1356 autem
1828 1302 1962 1356 obe-

380 1396 499 1446 sus,
523 1381 780 1436 clunibus
837 1387 1071 1454 magnis,
1114 1396 1327 1443 statura
1370 1389 1574 1452 brevis,
1625 1406 1761 1447 voce
1792 1391 1956 1459 elata,

377 1474 554 1527 ocu!is
583 1474 959 1542 exstantibus,
1030 1485 1252 1548 pectore
1317 1480 1450 1547 lato,
1507 1482 1681 1536 barba
1717 1483 1955 1551 prolixa,

377 1580 542 1632 quam
574 1580 742 1621 succo
769 1567 923 1622 AlNil
975 1571 1238 1641 tingebat.
1270 1571 1528 1642 Sepultus
1563 1579 1648 1629 est
1679 1574 1952 1630 Damasci.

379 1656 691 1712 Sntellitum
726 1662 1021 1729 prtefectus
1075 1663 1177 1733 ipsi
1236 1662 1340 1718 fuit
1367 1663 1539 1719 Yazid
1584 1664 1760 1720 Ebnol
1793 1664 1956 1721 Horri

375 1751 440 1802 Al
466 1751 816 1809 Abasiensis.
848 1752 978 1810 Dein
1010 1755 1139 1812 Kais
1171 1757 1284 1812 Ebu
1313 1759 1555 1814 Hamzah
1582 1760 1957 1817 Hamadanen-

374 1843 474 1897 sis.
537 1843 674 1898 Tum
724 1846 910 1928 Dahak
969 1849 1084 1904 Ebn
1145 1849 1277 1908 Kais
1331 1843 1655 1909 Pbarensis.
1701 1853 1949 1919 .Janitor,

373 1935 622 2007 Itiyahus
650 1953 844 1993 servus
873 1939 1069 2008 ipsius.

657 2028 964 2100 Clialifatus
1011 2032 1202 2090 Yazidi
1244 2036 1364 2092 Ebn
1402 2037 1663 2092 Moawiw.

448 2121 718 2206 Prmstitis
755 2123 860 2192 ipsi
898 2125 1232 2194 juramentis
1279 2130 1643 2201 inauguratus
1671 2140 1751 2186 est
1787 2132 1958 2187 Yazid

371 2213 490 2269 Ebn
526 2217 765 2275 Moawiaa
787 2221 898 2275 Ebu
933 2221 1032 2275 Abi
1059 2222 1283 2292 Sofyaui
1305 2225 1394 2277 cui
1427 2232 1604 2278 mater
1633 2223 1732 2277 fuit
1759 2224 1955 2291 Misua,

375 2310 484 2362 tilia
509 2310 864 2382 361-363
901 2311 1152 2368 Yabdaki
1184 2314 1512 2380 Calbensis;
1560 2331 1745 2370 mense
1785 2316 1958 2383 aneb

372 2402 503 2456 anni
540 2401 718 2458 l‘leira:
750 2405 1103 2473 sexagesimi.
1155 2405 1325 2459 Porro
1359 2405 1680 2462 interfectus
1735 2416 1819 2461 est
1850 2405 1958 2462 Ho-

371 2495 514 2558 sain,
549 2493 696 2549 [ilius
737 2494 850 2551 Alis
874 2494 991 2550 Ebn
1022 2496 1123 2550 Abi
1160 2495 1348 2552 Talebi
1395 2496 1642 2551 Carbalm
1687 2514 1718 2553 e
1747 2499 1956 2553 ditioue

371 2584 559 2650 Eraki,
601 2586 690 2641 die
719 2587 936 2643 decimo
968 2587 1220 2651 Mobarra
1242 2590 1371 2644 anni
1409 2590 1588 2659 Hejraa
1619 2592 1951 2660 sexagesimi

369 2677 555 2755 primi,
593 2693 770 2736 annos
802 2680 1013 2737 habens
1054 2683 1335 2751 sexaginta
1380 2690 1518 2747 tres,
1546 2691 1822 2753 caputque
1867 2684 1952 2754 ip-

371 2786 491 2823 suts
519 2769 843 2826 Damascum
878 2772 1116 2828 delatum
1151 2774 1294 2829 circa
1327 2774 1518 2829 urbem
1546 2779 1817 2845 gestatum
1845 2785 1950 2830 est.

371 2860 570 2917 Occiso
618 2873 800 2917 autem
855 2863 1096 2921 ilosaino
1138 2865 1252 2920 Ebn
1299 2865 1381 2919 Ali
1431 2865 1546 2920 Ebn
1590 2866 1690 2920 Abi
1739 2866 1950 2930 Talebi,

373 2953 631 3020 prodiens
651 2954 917 3010 Abdallah
950 2957 1121 3011 Ebnol
1156 2957 1356 3012 Zobair
1383 2959 1555 3013 Ebnol
1581 2959 1787 3013 Awa‘mi
1818 2958 1956 3013 Mec-

369 3060 469 3108 caa,
503 3047 790 3116 imperium
827 3050 930 3104 sibi
964 3052 1288 3106 vindicavit.
1315 3051 1487 3107 Mater
1518 3051 1622 3120 ipsi
1661 3050 1760 3106 fuit
1785 3052 1951 3107 Asina

367 3138 482 3192 filia
522 3139 622 3192 Abi
670 3139 824 3196 Becri
851 3141 1007 3211 justi.
1044 3139 1147 3198 Hic
1185 3159 1308 3198 cum
1341 3126 1488 3199 litem
1523 3158 1681 3200 suam
1710 3145 1950 3199 excitas-

2070 660 2248 728 ipsum
2301 657 2531 713 inferret
2582 659 2948 729 hominesque.
2996 657 3374 727 Hierosolyma
3403 659 3648 728 peregri-

2065 751 2186 805 nari
2233 750 2424 822 jussit,
2471 751 2754 806 Meccbam
2801 767 2931 806 vero
3000 752 3152 806 adire
3220 753 3388 805 vetuit
3426 763 3649 821 propter

2064 843 2398 898 Abdollaum
2449 844 2562 899 Ebn
2605 842 2827 898 Zobair.
2862 844 3012 898 ldcm
3055 842 3230 898 Abdol
3279 843 3486 898 Malech
3534 845 3646 898 Ebu

2063 934 2301 989 Marwan
2349 937 2661 990 convocatis
2700 934 2952 990 Damasci
2990 935 3328 990 Christianis
3379 935 3539 1004 petiit
3581 937 3650 990 ab

2063 1029 2195 1098 ipsis
2225 1027 2525 1082 Ecclesiam
2558 1026 2749 1082 Sancti
2801 1025 3092 1089 Johannis,
3134 1025 3281 1096 quod
3310 1025 3468 1096 juxta
3511 1036 3649 1102 tem-

2064 1121 2214 1191 plum
2251 1134 2504 1190 magnum
2539 1131 2682 1173 erat.
2708 1119 2812 1186 Qui
2847 1135 2972 1174 cum
3001 1120 3228 1173 Cbaledi
3265 1118 3422 1173 Ebnil
3447 1119 3645 1173 Walidi

2063 1212 2333 1280 scriptum
2364 1209 2703 1274 attulissent,
2733 1209 2966 1262 multum
3006 1209 3120 1262 illis
3148 1208 3396 1278 pecunia:
3419 1209 3648 1272 obtulit,

2062 1319 2174 1372 quo
2232 1302 2466 1357 similem
2515 1301 2622 1356 sibi
2674 1301 2967 1356 ecclesiam
3008 1314 3344 1370 quacunque
3397 1299 3647 1354 Damasci

2060 1407 2217 1466 parte
2253 1394 2491 1459 vellent,
2531 1401 2934 1449 exstruerem:
2979 1407 3218 1460 cumque
3265 1392 3371 1446 hoc
3417 1391 3646 1454 nollent,

2061 1490 2273 1544 dimisit
2323 1490 2495 1556 ipsos.
2531 1488 2706 1542 Porro
2736 1493 2987 1541 mortuus
3019 1497 3106 1540 est
3130 1485 3374 1538 Thomas
3413 1484 3652 1553 patriar-

2059 1583 2161 1639 cha
2219 1581 2578 1653 365-367
2625 1579 3031 1642 Antiochenus,
3073 1592 3201 1631 cum
3259 1591 3461 1630 munus
3514 1574 3650 1628 illud

2062 1675 2258 1745 viginti
2292 1689 2471 1729 annos
2505 1673 2759 1727 obiisset.
2792 1671 2954 1724 Anno
2991 1683 3123 1739 ergo
3151 1667 3449 1723 ehalifatus
3475 1665 3651 1735 ipsius

2058 1767 2238 1839 primo
2259 1807 2273 1831 ,
2312 1765 2659 1828 constitutus
2681 1771 2762 1818 est
2791 1762 3064 1831 Georgius
3111 1760 3427 1830 patriarcha
3458 1757 3652 1812 Antio-

2060 1866 2293 1926 chenus,
2340 1863 2433 1930 qui
2461 1875 2639 1916 annos
2667 1859 2860 1930 viginti
2889 1867 3134 1928 quatuor
3160 1856 3324 1916 sedit,
3350 1854 3473 1908 dein
3500 1869 3649 1908 mor-

2063 1969 2192 2012 tuus
2238 1963 2342 2011 est.
2389 1955 2590 2008 Eodem
2643 1967 2790 2006 anno
2856 1959 3080 2005 creatus
3147 1957 3231 2002 est
3277 1947 3518 2002 Joannes
3561 1961 3652 2014 pa-

2064 2048 2308 2102 triarcha
2341 2042 3027 2112 Constantinopolitanus,
3066 2039 3161 2108 qui
3190 2055 3313 2094 cum
3347 2054 3524 2092 annos
3547 2038 3647 2090 tri-

2061 2142 2214 2211 gin'a
2246 2140 2492 2209 quinque
2542 2137 2815 2199 sedisset,
2871 2140 3126 2188 mortuus
3159 2144 3266 2186 est.
3299 2130 3363 2184 Et
3399 2140 3650 2184 mortuus

2059 2242 2146 2289 est
2196 2229 2545 2285 .lnstinianus
2600 2228 2901 2294 imperator
2945 2224 3271 2279 Romanus:
3320 2228 3446 2290 post
3484 2233 3646 2288 quem

2059 2325 2311 2394 regnavit
2359 2320 2468 2375 Leo
2509 2329 2622 2374 tres
2655 2333 2868 2382 annos,
2899 2317 3026 2372 dein
3077 2321 3335 2368 mortuus
3365 2324 3484 2376 est;
3525 2316 3650 2379 post

2059 2431 2223 2486 quem
2272 2413 2568 2483 imperavit
2611 2410 2870 2465 Tiberius
2911 2408 3176 2463 Romanis
3211 2415 3421 2475 septem
3451 2418 3645 2467 annos,

2057 2512 2222 2580 idque
2255 2522 2400 2562 anno
2436 2503 2732 2561 chalifatus
2765 2501 2927 2557 Abdil
2961 2502 3171 2556 Malecb
3222 2499 3317 2553 lilii
3386 2495 3645 2552 lilerwani

2059 2604 2274 2657 decimo
2325 2602 2509 2654 tertio.
2545 2597 2695 2653 Misit
2749 2605 2933 2651 autem
2987 2593 3166 2650 Abdol
3219 2592 3426 2646 Malcch
3483 2587 3646 2656 lleja-

2053 2697 2194 2766 jium
2244 2694 2361 2748 Ebu
2393 2692 2640 2761 Yuseph,
2684 2691 2988 2755 bleccham,
3019 2696 3400 2758 oppugnatum
3449 2684 3650 2739 Abdol-

2056 2788 2242 2841 lahum
2279 2785 2394 2838 Ebu
2427 2783 2630 2836 Zobair
2677 2783 2730 2834 in
2783 2781 2990 2851 templo
3023 2779 3345 2842 Meccbano,
3400 2776 3453 2829 in
3501 2775 3646 2844 quod

2057 2893 2191 2934 saxa
2225 2877 2526 2948 projiciens
2562 2872 2815 2943 Hejajius
2865 2873 3046 2942 ipsius
3090 2871 3373 2940 fastigium
3422 2867 3645 2936 dejecit.

2057 2967 2306 3022 Metuens
2351 2980 2482 3036 ergo
2535 2963 2808 3019 Abdollab
2878 2978 2946 3016 ue
3005 2964 3059 3015 in
3118 2961 3297 3030 ipsum
3360 2966 3644 3013 corruerat

2057 3057 2225 3122 aedes,
2268 3069 2528 3124 egressus
2568 3063 2676 3108 est.
2728 3053 2981 3119 Dixitque
3028 3051 3131 3119 ipsi
3188 3058 3362 3104 mater
3428 3047 3640 3116 ipsius:

2061 3150 2166 3205 Fili
2203 3150 2299 3213 mi,
2355 3149 2401 3202 si
2435 3147 2725 3202 veritatem
2771 3157 3087 3214 propugnas
3109 3185 3124 3207 ,
3154 3142 3354 3198 veritas
3387 3141 3441 3196 iu
3479 3155 3645 3194 manu

368 3233 765 3297 set,‘mortuus
800 3243 883 3290 est
930 3235 1100 3290 Yazid
1146 3235 1391 3291 Moawizn
1437 3235 1600 3302 liliUs,
1652 3251 1776 3292 cum
1813 3253 1950 3306 prae-
1989 3245 2030 3304 ρ
2068 3254 2159 3298 tua
2212 3241 2342 3307 erit,
2381 3239 2540 3309 prodi
2576 3253 2708 3308 ergo
2750 3236 2815 3290 ad
2859 3238 3009 3306 ipsos
3039 3232 3064 3286 :'
3113 3234 3384 3305 siquidem
3430 3232 3647 3286 occisus

369 3325 760 3382 fuissetanuos
787 3337 897 3385 tres
933 3341 984 3384 et
1016 3330 1431 3389 mensesB.Post
1459 3332 1638 3402 ipsum
1668 3332 1946 3405 [imperio]

369 3419 722 3474 substituitur
756 3421 898 3475 [ilius
928 3422 1102 3492 ipsius
1154 3424 1414 3481 Hoawias
1467 3425 1583 3480 Ebn
1618 3424 1781 3484 Yazid
1827 3427 1947 3482 Ebn

366 3512 615 3572 Moawiae
670 3513 1032 3585 quadraginta
1078 3516 1220 3572 dies.
1281 3515 1407 3571 Fuit
1472 3518 1574 3587 ipsi
1640 3519 1944 3573 satellitum

365 3602 687 3670 praefectus.
715 3603 934 3673 llamid,
970 3605 1084 3660 Ebn
1125 3608 1372 3664 Cbarbat
1409 3609 1528 3665 Ebn
1565 3611 1790 3667 Yabdac
1825 3611 1954 3666 Cal-

364 3694 614 3762 biensis;
674 3696 799 3751 dein
855 3697 1023 3759 Amer
1064 3698 1180 3754 Ebn
1228 3702 1520 3756 Abdollahi
1565 3702 1950 3761 Hamadanen-

367 3787 464 3843 sis.
499 3787 738 3854 Janitor,
773 3789 992 3852 Safwan
1023 3792 1251 3846 libertus
1287 3793 1484 3863 ipsius.

646 3883 948 3954 Chalifatus
970 3884 1217 3938 Μενωαηὶ
1241 3883 1400 3940 Ebnil
1425 3887 1669 3940 Hacemi.

436 3972 799 4045 lnauguratus
854 3984 940 4031 est
999 3976 1235 4032 Merwan
1300 3977 1472 4033 Ebnol
1528 3977 1749 4034 Hacemi
1829 3978 1946 4036 Ebn

363 4068 505 4121 Abil’
535 4069 651 4132 Asi,
685 4069 802 4124 Ebu
835 4069 1120 4132 Ommaire.
1153 4071 1268 4126 Ebn
1299 4059 1691 4136 Abd-Shemsi,
1715 4073 1806 4128 cui
1836 4088 1948 4126 ma-

364 4170 450 4215 ter
474 4169 592 4216 erat
623 4161 868 4216 Amenab
904 4161 1007 4216 filia
1032 4162 1296 4230 Alkemze,
1343 4163 1461 4217 Ebn
1505 4162 1726 4220 Safwan
1760 4166 1944 4221 Alcat-

365 4252 502 4313 tnui,
535 4267 726 4308 mense
760 4252 932 4320 Rajeb
959 4253 1088 4307 anni
1117 4252 1446 4324 sexagesimi
1474 4256 1655 4322 quarti
1684 4271 1697 4307 :
1741 4254 1948 4310 Abdol-

365 4343 454 4401 lab
505 4353 685 4398 autem
725 4342 837 4397 Ebu
873 4343 1071 4399 Zobair
1115 4343 1312 4400 Meccte
1369 4358 1428 4398 se
1455 4344 1813 4413 continebat;
1848 4360 1944 4400 ne-

361 4451 471 4498 que
506 4437 834 4505 permissum
858 4445 977 4492 erat
1013 4435 1266 4494 Damasci
1300 4444 1392 4492 aut
1411 4435 1717 4492 Palaestina!
1743 4436 1945 4492 incolis

362 4527 834 4596 peregrinationes
859 4528 1034 4591 obire,
1076 4529 1411 4597 impediente
1441 4529 1590 4598 ipsos
1625 4527 1903 4583 Merwano
1927 4568 1942 4593 ,

361 4619 551 4679 Ebno’l
585 4617 830 4685 Haeemi,
855 4628 1080 4690 propter
1113 4621 1481 4676 Abdollahum
1508 4619 1698 4674 Ebnol‘
1719 4619 1939 4674 Zobair.

360 4713 846 4783 Commissumque
914 4712 1080 4784 364.
1129 4723 1215 4768 est
1266 4713 1512 4782 praelium
1555 4711 1690 4782 Marj
1755 4710 1947 4783 [prati]

361 4805 405 4859 [ἰ
427 4806 533 4858 lbet
565 4821 690 4859 cum
721 4804 940 4860 Dadako
970 4804 1086 4859 Ebn
1115 4804 1246 4860 Kais
1276 4804 1569 4862 Pharensi.
1592 4804 1952 4873 Mortuusque

359 4903 439 4951 est
465 4895 697 4950 Merwan
723 4897 892 4950 Elmol
914 4896 1159 4962 Hacemi,
1182 4911 1366 4951 mense
1381 4895 1567 4950 [labiae
1593 4895 1790 4966 prioris
1820 4892 1948 4947 anni

359 4988 680 5056 sexagesiini
729 4987 931 5056 quinti,
989 5003 1118 5042 cum
1169 4986 1364 5053 fuisset
1413 4987 1736 5056 praal‘ectura
1775 4986 1950 5056 ipsius

357 5091 551 5128 novem
628 5076 927 5131 mensium.
993 5075 1143 5131 Obiit
1199 5091 1375 5130 annos
1429 5089 1598 5131 natus
1667 5076 1948 5145 sexaginta

357 5186 547 5222 ttzttlut.
582 5167 711 5223 Fuit
743 5178 924 5223 autem
964 5184 1253 5239 prooerus,
1288 5167 1466 5233 rufus,
1499 5167 1675 5224 oculis
1709 5169 1943 5238 glaucis.

359 5259 620 5330 Sepultus
651 5269 734 5340 est
766 5261 1042 5316 Damasci.
1103 5259 1377 5315 Satellitio
1411 5263 1532 5331 ejus
1553 5259 1773 5330 praefuit
1798 5259 1944 5330 Yaya

357 5353 474 5408 Ebu
519 5353 650 5409 Kais
688 5353 1018 5415 Asauensls.
1081 5353 1296 5408 Janitor
1337 5353 1441 5424 ipsi
1498 5353 1606 5408 fuit
1663 5352 1942 5421 Abusahel

354 5443 543 5516 Niger,
564 5444 798 5499 libertus
832 5445 1025 5499 matris
1054 5444 1252 5515 ipsius.

571 5535 880 5607 Chalifatus
905 5537 1072 5591 Abdil
1102 5536 1298 5590 Μαιεεὶ
1334 5536 1450 5590 Ebu
1479 5535 1734 5590 .Herwnn.

429 5631 799 5701 lnauguratus
821 5639 906 5689 est
932 5632 1093 5686 Abdil
1128 5630 1319 5684 Maleci
1364 5630 1480 5686 Ebn
1522 5631 1762 5685 Merwau
1798 5629 1941 5684 Ebu-

357 5725 649 5791 ol-Acemi,
685 5724 803 5780 Ebn
837 5725 980 5780 Abil’
1017 5725 1132 5793 Asi,
1180 5728 1268 5780 cui
1308 5735 1480 5778 mater
1509 5725 1794 5795 Ayesshab
1831 5725 1937 5780 lilia

361 5817 621 5884 bloawiae,
649 5817 766 5873 Ebn
803 5818 1024 5890 MOgirze
1067 5817 1184 5874 Ebn
1219 5817 1342 5872 Abil
1372 5817 1466 5874 Asi
1490 5858 1506 5884 ,
1533 5816 1650 5874 Ebu
1675 5817 1938 5875 Ommaia:

360 5909 477 5964 Ebu
501 5908 618 5965 Abd
651 5909 891 5974 Sbcmsi,
919 5925 1061 5966 anno
1087 5911 1430 5978 sexagesimo
1465 5913 1678 5981 quinto.
1715 5909 1936 5970 Mittens

2063 3331 2256 3398 fueris,
2295 3339 2504 3400 martyr
2553 3329 2701 3392 eris,
2744 3343 2870 3383 cum
2916 3326 3166 3382 veritatis
3207 3324 3384 3396 gratia
3421 3322 3649 3377 interfe-

2057 3435 2181 3480 ctus
2207 3424 2305 3479 sis.
2338 3423 2438 3478 Cui
2469 3423 2561 3476 ille
2600 3439 2612 3474 :
2668 3419 2874 3487 Mater,
2918 3435 3030 3475 non
3074 3419 3242 3472 timeo
3291 3432 3390 3486 ego
3417 3414 3645 3476 caedem,

2053 3531 2196 3586 algre
2221 3523 2403 3569 autem
2442 3513 2558 3568 fero
2593 3522 2652 3566 ut
2693 3509 3038 3582 ignominiaa"
3065 3523 3334 3577 exponar.
3400 3505 3646 3573 Respono

2053 3610 2136 3666 dit
2170 3610 2260 3664 illa
2291 3627 2305 3662 :
2350 3608 2456 3662 Fili
2493 3608 2594 3673 mi,
2626 3607 2746 3662 ovis
2783 3605 2874 3660 ubi
2903 3601 3150 3674 iugulata
3179 3601 3469 3655 fueritnon
3491 3597 3648 3652 timet

2053 3703 2511 3760 excoriationem.
2549 3699 2748 3754 Fertur
2797 3697 2965 3752 etiam
2999 3703 3174 3749 mater
3205 3693 3308 3762 ipsi
3345 3691 3517 3746 musci
3571 3689 3643 3741 li-

2063 3799 2220 3853 bram
2271 3793 2564 3849 bibendam
2609 3791 2848 3845 dedisse.
2887 3788 3025 3843 Tum
3069 3787 3135 3840 ad
3178 3783 3450 3854 liejajium
3511 3797 3644 3852 pro-

2027 3889 2210 3942 'diens
2287 3884 2554 3954 pugnavit
2605 3883 2785 3936 donec
2865 3877 3309 3940 interﬁceretur,
3380 3871 3645 3941 crueiqne

2052 3982 2292 4038 Meet-hae
2351 3977 2544 4032 afﬁxus
2611 3987 2716 4032 est.
2781 3973 3238 4040 Olfaciebantque
3307 3967 3562 4022 homines
3611 3979 3645 4020 e

2049 4089 2287 4144 corpore
2322 4072 2498 4141 ipsius
2528 4069 2702 4124 musci
2736 4068 2962 4123 odorem
2987 4064 3181 4118 diebus
3210 4061 3422 4115 multis.

2121 4165 2352 4221 Occisus
2385 4173 2470 4219 est
2501 4174 2680 4216 autem
2727 4159 2896 4230 368
2943 4155 3212 4211 Abdollab
3263 4153 3379 4206 Ebu
3429 4149 3630 4204 Zobair

2038 4258 2238 4314 ‘meuse
2293 4255 2513 4311 lomada
2564 4253 2755 4324 priori,
2802 4251 2934 4306 anni
2999 4249 3174 4319 Hejra:
3239 4243 3633 4314 septuagesimi

2049 4351 2222 4414 tertii,
2258 4348 2311 4403 in
2335 4346 2598 4403 chalifatu
2631 4343 2806 4399 Abdii‘
2844 4341 3015 4396 Malec
3047 4337 3443 4395 EbnMerwan.
3469 4334 3641 4390 Porro

2049 4443 2280 4513 eclipsin
2317 4455 2516 4511 passus
2549 4447 2633 4494 est
2684 4436 2765 4493 sul
2806 4435 2943 4492 adeo
2979 4442 3039 4488 ut
3087 4440 3409 4503 apparerent
3469 4427 3640 4486 stellae

2052 4539 2138 4592 die
2208 4537 2368 4600 lunae,
2441 4532 2638 4588 ultimo
2695 4529 2927 4585 lomadze
2993 4526 3234 4596 prioris,
3297 4523 3422 4577 anni
3462 4519 3638 4575 llcirte

2052 4625 2439 4697 septuagesimi
2483 4622 2688 4692 quarti.
2726 4619 2850 4674 Fuit
2879 4629 3059 4672 autem
3103 4616 3156 4669 in
3191 4612 3427 4684 [Egypto
3466 4609 3636 4674 Abdol

2053 4721 2181 4774 Aziz
2215 4718 2329 4771 Ebu
2362 4715 2596 4769 Merwan
2627 4714 2796 4768 frater
2822 4710 2980 4766 Abil“
3013 4708 3223 4772 Maleei,
3257 4709 3349 4776 qui
3381 4705 3637 4774 templum

2052 4825 2310 4881 magnum
2341 4807 2490 4878 quod
2518 4803 2766 4860 Phustati
2809 4803 2914 4858 fuit
2943 4802 3184 4857 dirutum
3217 4797 3308 4869 [de
3337 4794 3503 4866 novo]
3538 4812 3637 4850 ex-

2054 4901 2276 4958 struxit.
2328 4901 2609 4968 Apparere
2652 4905 2833 4950 autem
2884 4895 2941 4948 in
2996 4893 3118 4962 ipso
3173 4896 3414 4957 coeperat
3464 4886 3639 4958 lepra,-

2051 5013 2221 5070 quare
2252 4997 2437 5051 urbem
2470 4994 2691 5050 Holwan
2719 4993 2821 5062 ipsi
2858 4992 3137 5060 elegerunt
3169 4987 3368 5041 medici
3400 5003 3412 5038 :
3443 4987 3496 5040 in
3531 5001 3636 5055 qua

2049 5103 2181 5158 ergo
2209 5086 2328 5140 loca
2369 5095 2666 5138 consessus
2701 5080 2991 5136 aediﬁcavit
3017 5120 3030 5143 ,
3087 5093 3183 5134 nec
3216 5093 3322 5131 nou
3369 5077 3638 5146 piscinam

2052 5180 2312 5252 grandem
2344 5183 2468 5248 qute
2500 5175 2697 5230 ibidem
2738 5181 2844 5239 est,
2877 5180 3042 5242 atque
3081 5171 3149 5226 ad
3181 5172 3354 5238 ipsam
3384 5208 3399 5234 ,
3439 5185 3636 5239 aquam

2049 5269 2350 5326 efontibus
2390 5266 2482 5338 qui
2532 5267 2586 5320 iu
2638 5274 2843 5329 monte,
2893 5263 2956 5316 Al
2991 5263 3288 5318 Mokattam
3343 5262 3634 5331 appellato,

2049 5377 2200 5428 sunt,
2238 5366 2509 5420 derivavit
2545 5378 2638 5433 per
2673 5361 2930 5425 fornices,
2966 5373 3107 5427 quos
3163 5373 3343 5426 usque
3371 5355 3437 5408 ad
3469 5353 3638 5424 pisci-

2048 5473 2173 5512 nam
2214 5457 2519 5513 exstruxit:
2559 5469 2724 5524 super
2746 5452 2946 5522 quibus
2969 5459 3025 5505 et
3053 5450 3250 5506 solium
3277 5449 3507 5504 vitreum
3553 5447 3635 5502 fe-

2048 5549 2147 5603 cit.
2182 5549 2550 5618 Erogavitque
2589 5545 2838 5600 Holwani
2876 5557 3074 5597 aureos
3104 5542 3302 5596 millies
3332 5541 3586 5596 millenos
3613 5541 3638 5591 :'

2044 5639 2420 5710 plantavitque
2457 5641 2509 5694 in
2543 5655 2604 5694 ea
2641 5637 2884 5706 dactylos
2913 5652 2927 5688 :
2960 5634 3190 5707 singulis
3221 5641 3405 5687 autem
3429 5633 3626 5689 diebus

2039 5729 2193 5786 Jovis
2228 5731 2358 5788 inde
2387 5732 2716 5787 Pbustatum
2759 5731 3030 5799 equitans,
3087 5727 3159 5782 ibi
3210 5727 3481 5796 reliquum
3512 5725 3625 5780 diei

2043 5823 2202 5878 istius
2229 5838 2352 5877 cum
2391 5829 2553 5876 nocte
2587 5821 2902 5892 insumpsit,
2933 5822 3056 5877 dein
3088 5819 3340 5876 oratione
3374 5818 3480 5873 diei
3512 5815 3626 5872 Ve-

2041 5917 2189 5976 neris
2215 5925 2434 5982 peracta
2460 5914 2836 5977 revertebatur
2857 5913 3199 5975 llolwanam.
3225 5911 3433 5971 Struxit
3457 5909 3624 5969 etiam
