4116 6412
306 293 437 349 11‘21

1733 285 2107 343 ANNALES.

3403 286 3540 350 119.2

312 401 647 452 testamento
672 392 1512 464 imperiumlegavitOmaro‘Ebn
1543 392 1696 447 Abdil
1730 393 1882 447 Aziz.
1911 399 1962 458 Α
1989 391 2089 462 ipsi
2123 391 2174 444 in
2206 389 2384 446 fronte
2415 391 2944 449 cicatrix.Tradente
2965 395 3258 466 exemplari
3292 400 3556 467 quodam,

305 488 424 542 Fuit
457 488 706 556 pulcher,
738 486 968 556 pinguis,
996 487 1162 542 barba
1206 487 1382 554 nigra.
1418 485 1720 541 Satellitnm
1746 501 1882 555 prae-

307 579 483 632 frctus
509 579 612 647 ipsi
640 577 742 632 fuit
763 579 908 632 Caab
937 575 1054 631 Ebn
1077 577 1308 644 Chaled,
1329 577 1644 644 Abasensis;
1667 577 1882 632 Janitor

303 673 424 727 Abu
451 672 691 736 (lbadize,
716 673 940 728 libertus
981 673 1176 741 ipsius.

566 767 864 838 Chalifatus
895 768 1077 822 Omari
1112 767 1228 822 Ebn
1258 766 1430 820 Abdit’
1471 767 1626 821 Aziz.

372 861 734 927 lnauguratns
765 869 850 916 est
881 858 1049 914 Oinar
1085 859 1200 913 Ehn
1235 859 1392 913 Ahdil
1433 859 1560 912 Aziz
1591 858 1707 914 Ebn
1737 857 1880 912 Mer-

304 969 449 1019 wan,
492 955 603 1007 Ebn
643 953 865 1008 llacetni
895 995 909 1020 ,
945 955 1031 1007 cui
1073 951 1380 1006 materfuit
1423 952 1624 1006 Omnto
1673 952 1878 1019 Asetni,

309 1047 415 1102 ﬁlia
445 1045 538 1100 Asi
573 1047 687 1099 Ebn
717 1045 882 1099 Omar
905 1044 1021 1098 Elin
1046 1045 1293 1110 Cbetabi,
1329 1059 1515 1099 mense
1558 1041 1715 1098 Safar
1749 1044 1877 1097 anni

309 1139 648 1210 nonagesimi
681 1139 829 1192 noni.
874 1137 975 1192 Hic
1020 1137 1158 1193 facta
1191 1137 1410 1192 familia:
1440 1152 1554 1193 suae
1597 1148 1880 1193 aversatus

308 1241 426 1292 est;
464 1239 627 1300 atque
664 1231 746 1284 Ali
778 1229 878 1282 Abi
911 1227 1098 1284 Talebi
1125 1229 1480 1284 maledicendi
1515 1230 1569 1282 in
1603 1230 1876 1300 suggestis

308 1304 828 1393 {consuetudinem}
898 1322 1140 1376 sustulit.
1199 1321 1481 1390 Siquidem
1536 1336 1568 1376 a
1620 1321 1879 1376 cbalifatu

306 1414 546 1468 Moawia:
583 1414 697 1468 Ebn
747 1413 852 1469 Abi
901 1413 1146 1484 Sofyan,
1198 1429 1374 1484 usque
1425 1414 1491 1467 ad
1553 1413 1870 1466 cbalifatum

307 1500 490 1558 Omari
523 1502 638 1558 Ebn
672 1503 774 1557 Abi
809 1504 968 1557 Abdil
1012 1504 1143 1558 Aziz
1169 1545 1183 1570 ,
1215 1505 1463 1559 solebant
1506 1503 1717 1558 chalifm
1747 1501 1880 1558 Om-

308 1597 501 1650 maidaa
557 1596 640 1649 Ali
693 1595 808 1650 Ebn
858 1595 1048 1651 Talebi
1094 1597 1147 1650 in
1203 1597 1476 1667 suggestis
1530 1595 1880 1660 maledicere,

305 1687 485 1756 ipsum
508 1687 624 1741 Aha
645 1686 830 1741 Torab
854 1685 1086 1758 [patrem
1119 1687 1380 1759 pulveris]
1405 1689 1876 1759 cognominantes.

305 1779 433 1834 Erat
457 1780 744 1835 chalifatus
777 1781 951 1850 ipsius
983 1782 1253 1835 mensium
1284 1782 1531 1851 triginta.
1581 1779 1706 1836 Fuit
1739 1791 1875 1835 tem-

303 1887 439 1941 pore
465 1871 636 1942 ipsius
666 1871 1040 1928 Romanorum
1081 1873 1376 1943 imperator
1403 1875 1750 1942 Anastasius,
1784 1874 1877 1944 qui

302 1979 507 2018 annum
548 1980 671 2019 cum
710 1965 935 2020 dimidio
975 1965 1282 2036 imperavit.
1313 1965 1512 2022 Notum
1562 1977 1748 2021 autem
1787 1967 1874 2022 fe-

299 2067 498 2112 cerunt
525 2057 822 2113 Christiani
851 2056 1049 2113 Omaro
1079 2058 1193 2113 Ebn
1228 2058 1387 2114 Abdil
1413 2060 1566 2126 Aziz,
1601 2061 1729 2131 quid
1766 2061 1876 2116 illis

299 2159 463 2217 pacto
479 2147 643 2218 380
673 2147 947 2202 ﬁrmatum
977 2149 1155 2204 fuerat
1175 2151 1317 2218 quod
1345 2150 1412 2204 ad
1441 2151 1702 2207 ecclesias
1749 2165 1881 2206 suas

307 2257 380 2294 ne
430 2241 510 2294 vel
564 2241 934 2306 diruerentur,
994 2242 1078 2296 vel
1136 2242 1550 2308 habitarentur;
1613 2244 1878 2313 scriptum

299 2335 524 2389 Cbaledi
566 2335 678 2390 Ehn
703 2333 914 2390 Waledi
939 2335 1312 2405 proferentes.
1342 2336 1550 2392 Obtulit
1581 2351 1710 2406 ergo
1743 2338 1879 2406 ipsis

302 2426 470 2481 Omar
504 2411 863 2497 quadraginta
900 2441 1194 2481 aureorum
1230 2427 1420 2493 millia,
1451 2442 1652 2498 rogans
1687 2438 1744 2482 ut
1785 2445 1880 2482 ac-

304 2527 466 2587 cepta
525 2519 754 2588 pecunia
786 2519 1071 2574 ecclesiam
1104 2520 1484 2586 dimitterent,
1521 2530 1684 2590 atque
1719 2521 1879 2576 aliam

297 2615 425 2678 egus
458 2609 573 2665 vice
602 2610 914 2674 ecclesiam,
965 2625 1068 2679 qua
1117 2611 1316 2665 vellent
1377 2611 1626 2666 Damasci
1684 2624 1879 2682 parte,

303 2711 647 2758 exstrucrent
681 2718 694 2754 :
723 2701 866 2772 quod
921 2704 1304 2758 recusantibus
1339 2704 1494 2774 ipsis,
1541 2720 1606 2759 eo
1663 2706 1882 2759 devenit

308 2808 418 2859 res,
457 2801 514 2848 ut
545 2794 868 2849 redderetur
896 2794 1028 2863 ipsis
1058 2797 1289 2851 ecclesia
1319 2812 1417 2850 sua
1451 2811 1574 2852 cum
1612 2799 1880 2854 limitibus

306 2888 499 2956 ipsius,
539 2903 652 2957 quo
701 2903 820 2943 eam
864 2897 1264 2944 restaurarent.
1301 2889 1415 2946 Hoc
1460 2900 1638 2945 autem
1678 2891 1883 2946 Moste-

1987 486 2237 557 sepultus
2285 496 2370 542 est
2417 487 2471 540 in
2526 489 2860 542 monasterio
2915 488 3189 545 Simeonis
3242 492 3296 545 in
3353 491 3564 547 ditione

1989 576 2156 648 ﬂetus
2184 577 2481 649 [Emissae].
2521 577 2828 634 Satellitum
2874 579 3049 649 ipsius
3110 579 3402 650 praefectus
3459 583 3565 638 fuit

1987 668 2260 724 ﬂawahus
2294 670 2408 724 Ehn
2444 669 2638 735 Yazid,
2674 669 3045 727 Saccasensis.
3073 671 3288 729 Janitor
3327 673 3563 745 llobaisb

1987 758 2217 816 libertus
2245 762 2442 832 ipsius.

2214 854 2517 924 Chalifalus
2555 853 2743 910 Yazidt'
2779 855 2894 910 Ebn
2927 858 3086 912 Abdil
3119 858 3336 917 Maieci.

2054 941 2418 1016 lnaugnratus
2463 955 2547 1002 est
2594 944 2767 1002 Yazid
2818 950 2935 1002 Ehn
2987 951 3148 1004 Abdil
3200 951 3391 1006 Maleci
3444 953 3563 1007 Ebn

1982 1031 2259 1099 Merwan,
2303 1037 2420 1092 Ebn
2460 1037 2796 1104 ol'llacetni,
2849 1041 2936 1093 cui
2978 1049 3155 1094 mater
3199 1045 3402 1098 Atecah
3452 1045 3566 1100 filia

1984 1126 2171 1182 Yazidi
2212 1128 2330 1182 Ebn
2375 1127 2654 1196 Moawite;
2705 1139 2945 1200 quatuor
2993 1148 3168 1188 annos
3215 1142 3268 1188 et
3316 1151 3562 1190 mensem

1984 1219 2295 1288 imperavit.
2355 1220 2570 1277 Primus
2610 1223 2696 1276 hic
2728 1221 3053 1278 cbalifarum
3102 1227 3337 1294 puellam
3371 1237 3567 1283 canta-

1984 1311 2174 1368 tricem
2205 1312 2310 1368 sibi
2343 1312 2669 1382 assumpsit.
2703 1313 2830 1370 Fuit
2862 1317 2952 1369 illa
2985 1318 3160 1384 puella
3197 1321 3418 1372 nomine
3455 1323 3564 1372 Ila-

1985 1403 2164 1460 habah
2193 1405 2493 1461 admodum
2524 1409 2631 1476 ipsi
2661 1409 2849 1474 chara,
2879 1423 3002 1479 quae
3035 1410 3321 1479 prafectos
3353 1413 3567 1481 injussu

1983 1495 2160 1568 ipsius
2199 1501 2603 1568 constitueret,
2639 1511 2695 1558 et
2728 1503 2849 1557 loco
2890 1511 3156 1558 moveret.
3201 1501 3350 1559 Obiit
3381 1521 3569 1560 mense

1973 1589 2665 1649 Scbabanannicentesimi
2712 1594 2929 1662 quinti,
2969 1593 3136 1666 385.
3179 1611 3355 1652 annos
3402 1611 3566 1653 natus

1985 1680 2205 1751 triginta
2237 1697 2446 1749 unum;
2482 1685 2566 1738 vel
2599 1682 2912 1739 secundum
2947 1686 3094 1738 aliud
3129 1685 3430 1754 exemplar,
3465 1687 3566 1740 tri-

1912 1761 1960 1821 Β
1989 1773 2138 1842 ginta
2185 1765 2458 1841 septem,
2491 1776 2742 1846 sepultus
2789 1785 2876 1831 est
2927 1774 3203 1830 Damasci.
3258 1777 3565 1831 Satellitntn

1982 1861 2088 1932 ipsi
2133 1863 2423 1932 praefectus
2473 1865 2571 1920 fuit
2613 1866 2763 1921 Caab
2793 1865 2912 1920 Ebn
2956 1866 3192 1930 Chaled,
3242 1867 3568 1924 Abasensis,

1981 1951 2196 2009 Janitor
2223 1955 2425 2010 Chaled
2456 1957 2694 2014 libertus
2720 1943 2918 2028 ipsius.

2180 2043 2488 2116 Chalifatus
2521 2047 2778 2103 Hes/rami
2809 2049 2928 2104 Elm
2961 2049 3123 2104 Abdil
3155 2051 3367 2106 Maleci.

2055 2137 2426 2209 lnauguralus
2467 2150 2552 2196 est
2593 2139 2826 2196 Hesham
2866 2143 2982 2198 Ehn
3014 2143 3174 2198 Ahdil
3216 2144 3418 2208 Maleo,
3449 2143 3566 2199 Ebn

1981 2228 2244 2295 Mervvan,
2269 2229 2465 2286 Ebnol'
2486 2230 2730 2298 Haeetni,
2756 2233 2843 2288 cui
2874 2241 3048 2290 mater
3066 2233 3258 2290 Omnto
3285 2233 3568 2298 Hashemi,

1993 2324 2102 2376 ﬁlia
2143 2322 2434 2387 Hasbemi,
2482 2323 2598 2380 Ebn
2632 2325 2824 2381 lsmael
2849 2366 2863 2391 ,
2901 2327 3020 2381 Ebn
3054 2328 3349 2390 Hasltemi,
3395 2327 3568 2382 Ehnol

2000 2417 2214 2472 Waledi
2235 2455 2253 2484 ,
2289 2417 2459 2473 Ehnol
2492 2418 2780 2490 Magairaz,
2813 2419 3275 2476 Macbzumensis.
3307 2421 3431 2475 Fuit
3464 2422 3570 2475 im—

1994 2510 2207 2578 perium
2258 2509 2432 2578 ipsius
2488 2526 2760 2566 annorum
2816 2514 3195 2568 novemdecitn
3251 2523 3306 2569 et
3362 2523 3570 2584 septem

1987 2602 2283 2658 mensium.
2345 2601 2482 2673 Ejus
2536 2613 2778 2676 tempore
2835 2603 3209 2660 Romanorum
3266 2607 3570 2678 imperator

1989 2690 2095 2745 fuit
2124 2691 2491 2757 Theodosius,
2523 2695 2618 2764 qui
2649 2709 2774 2748 cum
2809 2679 3014 2749 annum
3050 2706 3104 2752 et
3138 2698 3426 2761 dimidium
3464 2697 3570 2749 int-

1987 2794 2259 2854 perasset,
2292 2795 2544 2840 mortuus
2583 2797 2701 2852 est;
2746 2786 3052 2858 imperante
3092 2801 3216 2859 post
3242 2790 3419 2859 ipsum
3461 2788 3569 2842 Bo-

1987 2881 2168 2933 manis
2195 2879 2374 2934 Leone
2401 2894 2575 2934 annos
2608 2881 2796 2950 viginti
2823 2890 3081 2950 quatuor,
3104 2892 3227 2952 post
3253 2898 3391 2950 quos
3422 2896 3568 2935 mor-

306 2978 428 3034 tniis
461 2994 621 3049 grave
652 2979 827 3034 visum
860 2988 964 3044 est,
992 2979 1364 3050 dixeruntque
1413 2998 1428 3034 :
1470 2981 1751 3035 Traditum
1789 2992 1873 3038 est
1906 3016 1949 3074 ϐ
1985 2979 2114 3027 tuus
2151 2982 2258 3027 est.
2294 2973 2456 3027 Anno
2485 2973 2646 3028 tertio
2678 2974 2973 3028 cbalifatus
3002 2973 3263 3030 Hesliami
3295 2975 3568 3028 constitu-

308 3070 414 3125 illis
445 3071 706 3140 templum
743 3080 1011 3135 nostrum,
1053 3072 1104 3125 in
1137 3086 1247 3140 quo
1285 3074 1348 3126 ad
1385 3088 1574 3142 preces
1613 3089 1885 3128 convoca-

304 3162 502 3227 vimus,
530 3169 694 3232 atque
729 3150 1009 3219 oravimus
1041 3205 1055 3228 ,
1091 3179 1390 3234 precesque
1431 3164 1538 3218 Deo
1584 3167 1686 3220 rite
1735 3167 1882 3220 fudi-

305 3268 451 3316 tnus,
491 3262 547 3307 ut
578 3256 849 3320 diruatur,
886 3267 1336 3326 restaurelurque
1389 3260 1642 3314 ecclesia.
1711 3260 1883 3325 Quin-

302 3346 466 3398 etiam
497 3345 635 3399 dixit
660 3347 776 3401 Abu
807 3349 962 3402 Edris
987 3347 1381 3405 llolwanensis:
1408 3350 1542 3406 Cum
1566 3352 1890 3409 Christian-is

303 3437 552 3505 equidem
593 3439 773 3494 foedus
805 3441 996 3494 initum
1028 3453 1114 3496 est
1141 3445 1282 3512 quod
1316 3445 1382 3498 ad
1415 3445 1703 3498 dimidium
1740 3446 1889 3502 urbis

307 3526 672 3594 Damasceuae,
702 3539 776 3595 et,
806 3548 928 3602 quae
963 3534 1015 3587 in
1068 3533 1186 3604 ipso
1239 3544 1367 3590 sunt
1415 3535 1542 3601 illis,
1576 3537 1838 3592 ecclesias
1869 3553 1886 3591 :

311 3620 455 3689 quod
485 3621 550 3674 ad
582 3621 807 3676 alteram
834 3637 966 3677 vero
998 3623 1117 3692 ejus
1141 3634 1374 3693 partem,
1399 3625 1575 3694 gladio
1601 3635 1758 3696 capta
1781 3636 1888 3695 est;

301 3709 600 3780 eodemque
633 3712 795 3766 modo
828 3714 970 3781 quod
1005 3714 1149 3768 circa
1190 3715 1514 3769 Damascum
1562 3725 1644 3770 est
1679 3734 1707 3771 e
1738 3717 1882 3772 valle

305 3800 543 3864 Goutab,
578 3819 808 3872 qumque
838 3804 891 3858 in
923 3820 984 3860 ea
1013 3814 1140 3860 sunt
1173 3808 1500 3860 monasteria
1521 3816 1575 3862 et
1605 3809 1888 3876 ecclesias;

303 3908 424 3963 qua:
455 3910 584 3964 ergo
627 3897 810 3951 omnia
867 3897 1284 3952 Moseminornm
1331 3908 1478 3960 sunt.
1532 3915 1654 3953 cum
1707 3899 1888 3969 gladio

307 3994 468 4054 capta
501 3987 611 4040 sint
643 4002 658 4040 :
688 3988 732 4041 si
768 4002 899 4057 ergo
928 3988 1098 4042 velint
1129 3988 1426 4044 Christiani
1457 3999 1516 4043 ut
1545 3989 1678 4059 ipsis
1709 3994 1885 4047 eccle-

303 4077 440 4129 siam
493 4077 637 4132 hanc
698 4093 854 4132 suam
908 4078 1218 4143 reddamus,
1267 4081 1559 4136 reddemus
1607 4083 1777 4149 ipsam
1817 4097 1881 4136 ea

306 4167 627 4223 conditione
664 4178 720 4223 ut
759 4169 1028 4224 ecclesias
1072 4172 1314 4238 reliquas
1353 4171 1406 4225 in
1457 4173 1688 4226 dimidia
1731 4173 1888 4228 urbis

305 4257 656 4314 Damascenaz
688 4269 866 4329 parte,
900 4275 996 4314 nec
1029 4275 1137 4314 non
1162 4262 1427 4316 ecclesias
1456 4271 1512 4316 et
1557 4264 1886 4318 monasteria

1993 3075 2082 3121 tus
2113 3075 2196 3120 est
2224 3065 2622 3121 Constantinus
2653 3067 2960 3136 patriarcha
2992 3067 3562 3135 Constantinopolita-

1991 3176 2128 3225 nus,
2171 3159 2264 3229 qui
2308 3174 2486 3214 annos
2518 3159 2711 3230 viginti
2761 3168 2888 3214 octo
2929 3162 3103 3224 sedit,
3146 3161 3274 3214 dein
3321 3169 3570 3216 mortuus

1991 3263 2097 3309 est.
2131 3254 2290 3307 Anno
2320 3251 2618 3309 chalifatus
2653 3253 2900 3322 ejusdem
2933 3253 3194 3322 septimo,
3229 3253 3566 3308 constitutus

1991 3357 2077 3400 est
2124 3343 2331 3400 Kozma
2385 3345 2699 3414 patriarcha
2752 3344 3197 3410 Alexandrinus,
3247 3344 3342 3414 qni
3394 3359 3571 3400 annos

1994 3438 2186 3508 viginti
2228 3447 2354 3492 octo
2389 3437 2554 3491 sedit.
2589 3437 2830 3491 Orabant
2874 3447 3058 3491 autem
3101 3436 3405 3491 Christiani
3437 3437 3574 3492 Mel-

1992 3529 2152 3584 cbitae
2206 3529 2549 3584 Alexandriae
2595 3530 2648 3583 in
2698 3530 2933 3584 ecclesia
2979 3529 3170 3583 Sancti
3213 3527 3400 3594 Sabae,
3445 3519 3580 3584 cum?

1990 3619 2254 3676 Jacobitte
2280 3621 2392 3690 jam
2423 3635 2615 3676 omnes
2645 3620 2913 3675 ecclesias
2938 3627 3300 3688 occupassent
3326 3637 3339 3672 :
3369 3617 3570 3674 Kozma

1993 3723 2172 3766 autem
2207 3713 2300 3782 qui
2335 3713 2650 3782 patriarcha
2688 3710 3028 3766 constitutus
3090 3719 3195 3776 est,
3250 3712 3413 3766 idiota
3447 3712 3568 3777 fuit,

1990 3806 2080 3874 qui
2140 3820 2241 3859 nec
2299 3804 2474 3875 legere
2525 3812 2711 3872 posset
2760 3818 2862 3857 nec
2905 3803 3148 3859 scribere
3204 3819 3326 3859 cum
3363 3820 3454 3860 ars
3491 3806 3568 3862 illi

1989 3905 2138 3952 esset
2187 3909 2320 3950 acus
2378 3896 2671 3948 conficere.
2736 3892 2876 3948 Huic
2931 3909 3054 3948 cum
3123 3894 3443 3949 Damascum
3495 3895 3567 3950 ad

1991 3986 2319 4042 Hesbamum
2349 3986 2513 4058 385
2557 3986 2720 4056 387
2748 3985 2864 4040 Ebn
2895 3987 3054 4040 Abdil
3087 3986 3258 4042 Malec
3290 3988 3568 4056 profectus

1990 4087 2173 4144 esset,
2205 4094 2484 4134 concessa:
2515 4091 2642 4134 sunt
2674 4095 2776 4148 ope
2806 4078 3146 4134 eruditorum
3183 4081 3568 4150 quorumdam,

1989 4171 2235 4228 ecclesiae
2266 4186 2408 4242 quas
2441 4179 2847 4241 occupaverant
2887 4171 3193 4227 Jacobitaa:
3238 4171 3570 4242 scripsitque

1991 4262 2304 4319 Heshamus
2352 4263 2420 4318 ad
2468 4262 2784 4333 praefectum
2836 4261 3059 4335 Egypli
3092 4279 3292 4329 suum,
3342 4265 3437 4333 qui
3471 4264 3572 4320 fuit

302 4366 424 4420 quae
455 4363 604 4405 extra
640 4352 826 4405 urbem
859 4351 912 4404 in
947 4351 1159 4406 Gout-ah
1193 4352 1652 4419 sunt,'diruatnus
1684 4369 1698 4405 :
1733 4354 1879 4422 quod
1916 4355 1962 4415 D
1988 4355 2256 4411 Ahdollab
2286 4355 2460 4410 Ehnol
2496 4355 2659 4425 ltjani
2692 4352 3028 4422 Saewensis,
3062 4365 3122 4411 ut
3155 4356 3421 4412 ecclesias
3448 4373 3572 4425 qua:

303 4444 348 4496 si
396 4443 534 4496 hanc
566 4443 725 4496 nobis
761 4443 1048 4498 ecclesiam
1091 4444 1476 4512 permiserint,
1539 4445 1642 4498 ista
1698 4444 1879 4500 oinnia

304 4534 412 4588 illis
435 4535 822 4598 concedetnus,
840 4535 1108 4604 siquidem
1137 4535 1398 4590 ecclesias
1420 4535 1572 4588 vallis
1592 4535 1800 4590 Goutab
1827 4545 1882 4590 et

303 4624 699 4678 monasterium
731 4625 924 4679 Moran
953 4625 1308 4693 possederant
1339 4624 1663 4690 Mosleniini,
1691 4625 1883 4694 381-

302 4715 465 4784 383
493 4731 664 4784 eaque
699 4716 1060 4771 incoluerant.
1088 4715 1392 4772 Metuentes
1423 4732 1553 4787 ergo
1584 4717 1882 4772 Christiani

303 4825 370 4861 ne
401 4808 756 4864 diruerentur
791 4810 1033 4866 ecclesiae
1081 4817 1134 4864 et
1181 4811 1512 4865 monasteria
1539 4851 1554 4875 ,
1595 4812 1888 4866 ecclesiam

302 4902 412 4956 illis
445 4902 818 4970 reliquerunt.
861 4902 1204 4974 Scripsitque
1236 4905 1372 4973 ipsis
1419 4902 1583 4958 Omar
1615 4905 1894 4973 diploma,

302 5007 529 5046 securos
557 4992 673 5047 fore
706 4994 854 5063 ipsos
890 4993 1037 5064 quod
1065 4994 1132 5048 ad
1163 4995 1424 5050 ecclesias
1454 5009 1580 5051 suas
1603 5011 1723 5064 quae
1747 4996 1888 5049 intra

302 5086 628 5142 Damascum
654 5096 859 5154 essent,
892 5103 998 5144 nec
1027 5104 1134 5144 non
1170 5090 1433 5145 ecclesias
1465 5095 1520 5143 et
1550 5088 1881 5148 monasteria

301 5195 424 5250 qua:
464 5191 615 5234 extra
657 5181 983 5237 Damascum
1022 5182 1075 5235 in
1108 5182 1360 5247 Goutah,
1415 5198 1483 5238 ne
1533 5181 1888 5237 diruerentur

305 5270 386 5324 vel
435 5271 830 5332 habitarentur.
879 5288 1013 5328 neve
1047 5272 1490 5328 Moslctninorum
1543 5275 1776 5345 cuipiam
1835 5277 1888 5328 in

304 5361 422 5431 ipsa
457 5371 703 5433 potestas
725 5375 874 5419 esset
905 5381 918 5418 :
958 5365 1212 5433 idemque
1249 5365 1510 5418 adhibitis
1539 5367 1772 5420 testibus
1816 5364 1885 5420 iis

302 5453 670 5510 conﬁrmavit.
723 5453 896 5512 Porro
947 5467 1194 5512 mortuus
1242 5465 1326 5511 est
1378 5455 1545 5510 Omar
1580 5457 1691 5511 Ebn
1725 5458 1885 5511 Abdil

301 5546 434 5600 Aziz
470 5563 658 5604 mense
686 5547 858 5619 Rajeb
883 5550 1010 5604 anni
1044 5550 1217 5606 llcirae
1248 5551 1533 5605 centesimi
1566 5551 1746 5620 primi,
1783 5568 1884 5604 an-

306 5653 410 5693 nos
446 5649 609 5697 natus
639 5643 864 5713 triginta
897 5659 1111 5700 novem.
1159 5644 1382 5697 Statura
1434 5646 1700 5712 quadrata
1737 5643 1881 5708 fuit,

304 5745 535 5801 corpore
557 5743 610 5791 et
635 5732 772 5792 facie
803 5735 1069 5803 pulchris,
1101 5737 1307 5793 canitie
1353 5750 1632 5800 aspersus,
1685 5733 1897 5800 fuitque

1992 4449 2048 4502 in
2092 4463 2260 4503 manu
2303 4447 2678 4503 Jacobitarum
2713 4456 2873 4503 erant
2920 4449 3180 4516 repetitas
3221 4448 3440 4503 Kozma:
3481 4465 3571 4518 pa-

1993 4532 2565 4603 triarchaa‘traderet,
2611 4547 2666 4595 et
2711 4541 3080 4610 quodcunque
3127 4555 3311 4594 earum
3353 4543 3570 4595 nomine

1991 4634 2568 4705 comprehenderetur.
2597 4631 2821 4699 Accepit
2854 4645 2984 4700 ergo
3013 4630 3219 4685 Kozma
3257 4632 3570 4700 patriarcha

1993 4740 2023 4779 a
2057 4723 2321 4780 Jacobitis
2354 4723 2631 4776 ecclesias
2653 4760 2668 4786 ,
2703 4730 2867 4790 atque
2902 4721 3070 4793 [inter
3105 4721 3355 4792 caeteras]
3397 4723 3570 4777 eccle-

1994 4818 2132 4872 siam
2165 4818 2230 4871 Al
2257 4815 2548 4870 Kaisat‘ite.
2582 4814 2860 4883 Siquidem
2887 4829 2953 4868 ex
2985 4829 3092 4884 quo
3124 4823 3370 4883 tempore
3405 4815 3571 4869 Gror-

1995 4911 2118 4979 gius
2149 4908 2456 4978 patriarcha
2490 4904 2818 4962 Alexandria
2850 4905 3380 4975 Constantinopolim
3413 4904 3572 4977 fugit,

1995 5013 2138 5053 anno
2167 5000 2330 5053 tertio
2359 4997 2656 5052 chalil‘atus
2686 4995 2872 5051 Omari
2904 4995 3078 5051 Ehnol
3107 4996 3358 5057 Chetabi.
3397 4998 3573 5052 donec

1996 5092 2425 5146 constitueretur
2450 5089 2654 5143 Kozma
2692 5089 3034 5145 Alexandria:
3064 5089 3401 5158 patriarcha,
3424 5105 3574 5145 anno

1997 5184 2234 5252 septimo
2263 5180 2557 5235 chalifatus
2586 5179 2868 5243 llesbaml,
2905 5178 3009 5231 fuit
3042 5179 3302 5233 cathedra
3333 5180 3571 5233 Alexan-

1997 5274 2156 5328 drina
2212 5272 2422 5341 absque
2475 5271 2788 5342 patriarcha
2821 5270 3105 5337 Melebita,
3153 5271 3332 5340 spatio
3365 5271 3572 5326 scilicrt

2002 5378 2272 5420 annorum
2314 5366 2612 5434 nonaginta
2648 5372 2894 5432 septem;
2933 5371 3441 5432 occupaverantque
3476 5360 3572 5416 Ja-

1997 5458 2192 5512 cobita:
2235 5471 2430 5512 omnes
2465 5455 2728 5512 ecclesias
2763 5466 2870 5510 tam
2911 5455 3129 5526 Egypti
3154 5469 3317 5524 quam
3343 5456 3571 5507 Alexan-

1999 5551 2152 5603 driae.
2180 5548 2428 5619 Cumque
2456 5563 2594 5618 opus
2627 5547 2893 5602 baberent
2912 5546 3073 5602 Nubii
3099 5547 3394 5616 episcopis,
3423 5546 3572 5600 ordi-

2006 5641 2156 5695 navit
2226 5642 2540 5712 patriarcha
2604 5639 2977 5712 Jacobitarum
3045 5640 3180 5709 ipsis
3243 5638 3573 5708 episcopos:

2004 5740 2167 5801 atque
2199 5747 2269 5790 ex
2309 5748 2376 5791 eo
2408 5742 2653 5803 tempore
2689 5731 3060 5790 Jacobitarum
3094 5728 3419 5790 sententiam
3454 5742 3574 5784 am-
