4116 6422
520 285 656 350 ῙΙΞ3

1541 288 1914 351 EUTYCIIII
1957 280 2496 351 ALEXANDRINI
2531 284 2747 352 PATR.

3656 280 3799 349 Πἲὶ

520 397 674 467 plexa
725 401 811 450 est
856 394 1065 464 Nuhia;
1115 406 1167 451 et
1222 396 1653 469 quotiescunque
1702 394 2012 456 mereretur
2049 399 2103 454 in
2137 406 2177 461 Α
2210 402 2430 459 ilacemi
2465 404 2584 457 Ehn
2618 399 2900 455 Armenihi
2957 397 3068 469 (cui
3100 408 3274 455 mater
3298 406 3420 456 erat
3452 401 3638 470 Arina,
3668 404 3791 475 qum

527 489 709 557 aliqua
742 486 966 556 JEgypti
1010 488 1145 542 urbc
1179 489 1490 560 episcopus,
1533 492 1700 545 alium
1736 492 1866 562 ipsis
1901 491 2110 547 consti-

523 579 713 632 tuebat
738 576 1120 633 dac‘obitarum
1156 581 1483 647 patriarcha.
1519 583 1775 653 Adeoque
1835 584 1974 638 facta
2024 590 2111 639 est

524 668 791 740 Egyptus
836 678 946 723 tam
995 673 1246 737 superior
1286 687 1451 740 quam
1498 674 1728 729 inferior
1776 674 2105 739 JacobitiCa,

2216 511 2354 549 uxor
2386 494 2565 550 fuerat
2594 492 2806 549 Mosabi
2844 491 3002 547 Ebnil
3036 491 3257 559 Zobair,
3292 501 3345 546 at
3374 482 3666 564 postquam
3698 499 3794 553 ille

2213 588 2614 645 interﬁceretur
2662 586 3027 644 Mohammcdi
3080 585 3197 641 Ebn
3258 585 3565 652 Merwani,
3627 588 3792 645 Ebnil

2213 676 2485 752 Hacemi).
2536 679 2845 735 Merwauus
2886 678 2989 735 iste
3032 693 3158 734 cum
3200 679 3254 733 in
3303 678 3516 750 Syriam
3552 680 3795 737 venisset

491 742 751 830 iexcepta
782 760 1017 816 ecclesia
1056 761 1334 819 Michaelis
1358 806 1373 830 ,
1422 780 1543 834 qua:
1578 765 1631 818 in
1664 765 1843 820 Kasril
1879 765 2103 820 Sbamai
2209 742 2585 844 juramentum
2607 772 2889 828 lidelitatis
2915 771 3017 840 ipsi
3045 742 3469 842 praestiteru'nte
3499 770 3797 829 Damascea

523 851 693 923 [.\rce
781 852 1043 925 candelas]
1112 853 1233 908 fuit.
1286 856 1436 910 Illam
1499 857 1710 913 scilicet
1771 859 2113 913 retinuerunt.

522 942 812 1009 Melchitae,
842 952 1008 1013 atque
1042 946 1093 997 in
1121 960 1184 999 ea
1218 946 1472 1002 orabant.
1509 947 1757 1018 Cumque
1790 958 2098 1004 moreretur

526 1036 659 1104 ipsis
687 1036 995 1106 episcopus,
1023 1037 1093 1091 ad
1123 1037 1292 1109 388
1321 1037 1448 1109 Tyri
1486 1040 1889 1108 metropolitam
1927 1041 2110 1097 mitte-

532 1128 666 1184 bant
699 1128 793 1196 qui
835 1128 968 1195 ipsis
1008 1128 1328 1199 episcopum
1367 1130 1672 1185 ordinaret.
1713 1129 1901 1201 Neque
1937 1133 2009 1185 ita
2051 1145 2112 1188 se

529 1219 730 1274 habere
754 1218 917 1275 desiit
943 1218 1324 1275 Melchitarum
1352 1220 1405 1276 in
1435 1221 1673 1294 Egypto
1695 1231 1749 1278 et
1777 1224 2107 1279 Alexandria

526 1316 702 1365 status
734 1323 907 1379 usque
937 1311 1002 1365 ad
1036 1310 1300 1365 Kozmam
1332 1300 1726 1382 patria’rcham.
1760 1312 1933 1369 Porro
1964 1328 2112 1369 anno

530 1399 823 1456 chalil‘atus
859 1400 1118 1458 lieshami
1148 1403 1364 1458 decimo
1390 1404 1625 1475 septimo
1658 1404 1997 1461 constitutus
2024 1415 2109 1461 est

526 1494 676 1550 Elias
718 1493 1028 1563 patriarcha
1058 1494 1637 1568 Hierosolymitanus,
1681 1497 1773 1554 ubi
1800 1513 1977 1554 annos
2011 1500 2112 1554 trl~

527 1587 677 1658 ginta
707 1593 946 1656 quatuor
970 1588 1136 1655 sedit,
1171 1590 1295 1645 dein
1332 1602 1580 1648 mortuus
1609 1601 1715 1647 est.
1745 1592 1893 1648 Obiit
1919 1602 2102 1648 autem

2213 866 2300 922 nis
2328 865 2573 937 quidam,
2603 866 3019 920 contradicente
3050 861 3335 918 Solimano
3359 860 3477 917 Ehn
3504 860 3795 927 Heshami,

2213 959 2331 1014 Elin
2382 936 2546 1014 Abdil
2603 958 2814 1023 Maleo,
2867 958 3103 1029 aliisque
3151 955 3590 1012 Ommaidarum.
3650 954 3796 1010 Tum

2213 1052 2562 1124 congregatis
2592 1059 2785 1106 contra
2823 1050 3002 1120 ipsum
3038 1049 3211 1122 Syriae
3243 1048 3438 1105 incolis
3461 1090 3479 1113 .
3517 1058 3574 1104 et
3604 1049 3804 1120 pletis3

2212 1160 2323 1214 que
2354 1159 2547 1199 eorum
2580 1144 2674 1213 qui
2706 1145 2774 1198 ab
2810 1142 3270 1198 Hasheznidarum
3302 1142 3556 1213 partibus
3584 1148 3797 1196 starent

2215 1235 2270 1291 in
2321 1235 2677 1301 Cborasano,
2740 1233 2999 1303 fugerunt
3059 1233 3235 1304 ipsius
3290 1234 3502 1303 copim,
3558 1233 3803 1300 caesique

2213 1335 2344 1384 sunt
2368 1326 2647 1382 exercitus
2679 1325 2821 1397 ejus,
2863 1323 3328 1380 interﬁcientihus
3369 1323 3675 1378 Cborasaui
3708 1321 3803 1377 in-

2216 1420 2355 1477 colis
2388 1434 2643 1490 magnam
2669 1432 2701 1474 e
2731 1417 2906 1489 Syria:
2930 1417 3282 1472 Damascenze
3325 1423 3381 1470 et
3408 1414 3567 1469 Eraki
3595 1414 3803 1471 incolis

2212 1511 2644 1574 multitudinem,
2677 1524 2916 1577 quorum
2944 1515 2999 1563 et
3038 1523 3169 1580 opes
3199 1507 3574 1578 diripuerunt,
3607 1506 3805 1561 mulie-

2214 1620 2412 1674 resque
2465 1618 2530 1658 ac
2581 1603 2784 1658 liberos
2835 1600 3082 1671 captivos
3139 1599 3441 1656 duxerunt.
3500 1598 3805 1668 Imperavit

529 1678 838 1734 Ηθοιὶεπιιιθ
895 1694 1084 1735 mense
1141 1680 1317 1737 Rabia
1379 1684 1673 1753 posteriori
1736 1684 1867 1738 anni
1929 1682 2108 1753 "vita!
2145 1743 2183 1764 h
2217 1695 2453 1751 Merwan
2484 1708 2658 1749 annos
2688 1692 2935 1764 quinque
2970 1707 2986 1746 :
3021 1691 3182 1747 bellis
3212 1691 3451 1758 interim,
3479 1704 3806 1760 oppugnan-

524 1771 811 1827 centesimi
866 1770 1113 1826 vicesimi
1165 1773 1385 1843 quinti.
1443 1790 1568 1830 cum
1626 1791 1898 1830 annorum
1960 1784 2110 1830 esset

2215 1790 2361 1846 tibus
2384 1788 2627 1858 undique
2645 1787 2825 1857 ipsum
2848 1785 3132 1856 regionum
3158 1781 3550 1855 [diversarum]
3576 1783 3801 1848 incolis,

527 1860 928 1932 quinquaginta
955 1860 1125 1915 trium
1155 1864 1441 1935 :sepultus
1461 1874 1549 1921 est
1570 1863 1791 1921 Rosat‘ae
1817 1868 1873 1921 in
1903 1867 2111 1922 ditione

529 1951 596 2005 Al
658 1949 883 2008 Bakkm.
940 1951 1118 2008 Rufus
1177 1952 1300 2020 fuit,
1353 1958 1608 2024 strabus,
1660 1958 1802 2013 facie
1853 1956 2108 2023 deformi,

529 2039 979 2112 indolispravas,
1020 2058 1243 2110 avarus,
1286 2060 1451 2115 opum
1492 2062 1768 2105 corrasor.
1803 2048 2111 2104 Satellitum

530 2133 704 2203 ipsius
749 2134 1038 2205 pra-fectus
1089 2135 1192 2191 luit
1239 2138 1387 2194 Caab
1431 2139 1546 2195 Ebn
1596 2141 1824 2197 Hamed.
1870 2140 2113 2206 ianitor,

531 2225 738 2290 Galeh,
786 2226 1015 2283 libertus
1066 2227 1259 2297 ipsius.
1305 2228 1409 2296 Qui
1455 2233 1692 2287 maxima
1736 2234 1878 2303 apud
1934 2232 2112 2303 ipsmn

530 2318 707 2388 gratia
743 2318 979 2388 pollebat
1017 2318 1145 2374 Said
1180 2319 1352 2376 Ebnol
1385 2321 1565 2378 Walid
1601 2324 1663 2378 Δὶ
1700 2325 1912 2380 Abrash
1936 2367 1950 2391 ,
1984 2324 2116 2380 Cal-

533 2410 741 2465 bcnsis.
777 2408 994 2477 Scriba,
1030 2412 1210 2468 Salem
1251 2412 1367 2469 Ebn
1400 2416 1564 2472 Ahdil
1595 2419 1749 2474 Aziz.

815 2522 1123 2591 Chalifatus
1159 2524 1414 2581 Alwalt’di
1450 2526 1566 2583 Ebn
1618 2528 1831 2586 Yazidi.

603 2615 968 2685 lnauguratus
997 2625 1083 2671 est
1109 2615 1173 2670 Al
1200 2612 1381 2672 Walid
1407 2610 1523 2674 Ebn
1558 2619 1771 2685 Yazidi,
1803 2623 1915 2677 Ehn
1941 2621 2117 2679 abdii.

529 2705 724 2771 Malec,
754 2706 868 2761 Ehu
902 2705 1164 2773 Merwan,
1199 2709 1287 2763 cui
1318 2719 1492 2766 mater
1518 2710 1750 2767 Onnnol’
1782 2711 1981 2784 llajaji,
2009 2714 2116 2769 tilia

531 2799 929 2855 ldohammedis
967 2799 1083 2854 Elin
1114 2799 1310 2868 Yusel',
1345 2802 1539 2858 Ebnol’
1579 2802 1825 2873 Hacemi,
1860 2805 1976 2861 Ebn
2012 2806 2115 2862 Abi

530 2890 711 2956 Okail,
740 2889 1121 2948 Thakat‘ensis.
1166 2891 1291 2949 Fuit
1324 2890 1412 2949 hic
1442 2894 1703 2961 stolidus,
1731 2895 1935 2963 fatuus,
1971 2899 2114 2955 lusui

530 2981 789 3037 deditus:
840 2983 1133 3053 imperarit
1186 3000 1391 3040 annum
1439 2994 1493 3042 et
1543 2996 1656 3043 tres
1707 3002 1944 3055 menses,
1989 2990 2115 3046 dein

533 3073 928 3128 convenientes
966 3074 1217 3129 homines
1260 3077 1351 3145 qui
1398 3075 1543 3131 facta
1582 3078 1702 3146 ejus
1740 3080 2116 3148 improbarent
2145 3102 2185 3159 ο

531 3162 713 3232 ipsum
746 3162 1141 3219 interfecerunt
1173 3163 1405 3221 Jomada
1438 3168 1892 3237 posteriori,anni
1925 3184 2111 3228 cente-

531 3255 655 3310 simi
709 3256 952 3331 vicesimi
1013 3258 1195 3323 sexti;
1235 3260 1623 3330 proiectusque
1675 3270 1759 3318 est
1793 3263 1846 3316 in
1879 3261 2112 3320 Bohaira

529 3346 751 3417 regione
769 3344 1141 3414 Damascena;
1167 3348 1525 3420 389-391
1553 3366 1824 3406 annorum
1852 3350 1955 3408 fuit
1973 3370 2115 3424 qua-

534 3434 812 3505 dragiuta.
840 3437 1053 3492 Accidit
1077 3453 1211 3508 ergo
1239 3441 1293 3493 in
1328 3440 1487 3512 Syria
1515 3444 1798 3499 contentio
1825 3452 1880 3499 et
1909 3458 2112 3502 motus.

527 3525 689 3583 Facie
717 3536 836 3585 erat
866 3531 1119 3600 pulchra,
1157 3532 1345 3604 lingua
1377 3535 1679 3604 eloquenti,
1701 3544 1913 3593 statura
1937 3538 2116 3609 perfe-

524 3629 633 3676 cta.
656 3618 962 3676 Satellitum
996 3623 1099 3692 ipsi
1126 3625 1420 3694 praefectus
1439 3625 1542 3681 fuit
1561 3626 1979 3685 Abdorrahman
2000 3629 2116 3686 Ebn

528 3709 1120 3778 iiomaidi,Calhensis.
1167 3713 1401 3782 Janitor,
1432 3717 1883 3778 Katruslibertus
1920 3724 2113 3795 ipsius.

808 3805 1114 3875 Chalifatus
1151 3806 1344 3862 Yazidi
1378 3807 1567 3866 Ebnol‘
1606 3809 1830 3868 Walidi.

600 3898 967 3967 lnauguratus
1027 3908 1113 3954 est
1164 3898 1333 3955 Y.:zid
1384 3901 1578 3958 Ebnol’
1618 3901 1799 3959 Walid
1851 3905 2113 3974 Alnakes,

525 3990 620 4059 qui
671 3996 757 4044 est
783 3989 954 4044 Yazid
982 3992 1153 4045 Ehnol
1193 3990 1376 4047 Walid
1395 3988 1532 4050 ~Ebn
1563 3995 1725 4051 Abdil
1752 3995 1943 4066 Malec,
1992 4001 2111 4056 Ebn

524 4079 806 4147 Merwan;
836 4080 926 4135 cui
953 4090 1131 4138 mater
1162 4083 1333 4139 Persa
1367 4083 1490 4150 fuit,
1524 4087 1784 4143 videlicet
1817 4090 2107 4159 Shahkud,

525 4174 635 4229 tilia
667 4175 884 4229 Phiruzi
915 4175 1097 4261 Cesrae
1126 4179 1269 4246 regis
1303 4177 1617 4247 Persarum,
1643 4182 1737 4236 ﬁlii
1764 4181 2109 4258 Yazdejerdi,

528 4266 623 4320 lilii
655 4264 1026 4333 Shariar;cui
1057 4269 1176 4322 avia
1205 4268 1310 4324 fuit
1337 4270 1445 4325 [ilia
1478 4272 1720 4329 Mauricii
1754 4268 2110 4348 imperatoris

530 4355 903 4412 Romanorum
940 4376 954 4413 :
992 4369 1157 4430 atque
1193 4362 1265 4414 ita
1304 4362 1489 4419 dicere
1530 4366 1785 4423 solebat:
1835 4369 1968 4426 Sum
2008 4388 2110 4443 ego

2212 1895 2469 1939 vexatus.
2505 1880 2730 1944 Deinde,
2770 1892 2895 1935 cum
2925 1878 2995 1932 ab
3026 1878 3089 1931 Al
3122 1876 3234 1931 Zab
3264 1876 3515 1931 Musilam
3556 1874 3798 1947 fugeret,

2214 1977 2342 2035 inde
2366 1978 2419 2033 in
2443 1975 2919 2044 Mesopmamiam,
2937 1972 3132 2028 deinde
3153 1987 3248 2043 per
3261 1972 3477 2045 Syriam
3495 1971 3798 2040 transiens,

2214 2068 2390 2125 donec
2437 2071 2508 2123 in'
2541 2064 2835 2138 Egyptnm
2883 2064 3216 2135 perveniret,
3257 2063 3410 2117 missi
3461 2070 3586 2131 post
3617 2062 3813 2129 ipsum‘

2215 2161 2442 2217 Saidum
2514 2174 2690 2229 usque
2758 2155 3220 2213 Hashemidarum
3285 2154 3562 2209 exercitus
3613 2153 3796 2222 ipsum

2216 2253 2506 2324 quaesitum
2571 2250 2807 2307 assecuti
2872 2258 3006 2305 sunt
3063 2262 3190 2302 eum
3257 2246 3314 2303 in
3376 2247 3502 2302 vico
3558 2246 3800 2315 quodam

2216 2344 2511 2409 Ashmuri,
2548 2344 2639 2399 cui
2679 2357 2881 2397 nomen
2920 2339 3080 2396 Busir
3107 2338 3414 2401 Kurindes.
3449 2336 3542 2392 ubi
3579 2337 3804 2390 occisus

2215 2446 2325 2503 cst,
2362 2448 2490 2492 cum
2532 2449 2803 2490 annorum
2845 2441 2992 2488 esset
3031 2432 3316 2503 sexaginta
3357 2444 3573 2484 novem.
3619 2426 3807 2483 Caedis

2218 2529 2396 2599 ipsius
2427 2542 2560 2583 cura
2588 2525 2882 2581 commissa
2917 2523 3020 2579 fuit
3052 2523 3253 2578 Amero
3294 2520 3410 2576 Ebu
3445 2520 3636 2575 Ismael
3674 2517 3810 2571 Sal-

2217 2618 2448 2673 mensis.
2476 2614 2836 2688 393-395
2863 2613 3299 2685 Cognominatus
3332 2618 3517 2666 autem
3548 2617 3632 2664 est
3660 2608 3813 2663 Mer-

2216 2726 2340 2766 vran
2368 2712 2433 2766 Al
2458 2710 2637 2775 Jaadi,
2666 2713 2793 2780 quia
2825 2712 2880 2764 in
2911 2709 3089 2777 ipsum
3116 2719 3313 2775 resque
3344 2703 3521 2773 ipsius
3555 2709 3814 2772 potesta-

2219 2812 2326 2858 tem
2358 2804 2636 2874 praecipue
2665 2802 2849 2857 habuit
2884 2782 2948 2855 Al
2978 2797 3111 2854 Jaad
3145 2798 3263 2852 Ebn
3299 2794 3580 2852 Darhami.
3615 2792 3811 2848 Satcl:

2218 2896 2339 2950 iitio
2387 2895 2561 2965 ipsius
2615 2891 2835 2964 praefuit
2881 2891 2946 2946 Al
2996 2889 3240 2945 Cautbar
3290 2887 3406 2944 Ebn
3462 2884 3813 2951 Al‘Aswad,

2219 2989 2564 3045 Anawensis.
2624 2987 2839 3042 Janilor
2898 2984 3021 3056 ejus
3084 2984 3231 3051 fuit,
3274 2982 3476 3040 S.»klah
3540 2981 3808 3036 libertus.

2718 3077 2947 3148 Chalifre
2996 3076 3301 3144 Abbasidgr,

2291 3171 2590 3229 Chalit’atus
2623 3169 2761 3224 Abil’
2810 3169 2993 3225 Abbas
3027 3166 3324 3224 AlSatl‘ahi.
3361 3166 3599 3238 Fuitque
3632 3167 3807 3235 jura-

2217 3276 2462 3320 mentum
2490 3262 2772 3317 ﬁdelitatis
2797 3260 3103 3331 praestitum
3135 3259 3279 3317 Ahil'
3302 3258 3524 3315 Abbaso
3562 3259 3677 3329 (qui
3714 3265 3815 3313 est

2217 3357 2481 3413 Abdollab
2506 3355 2621 3411 Ebn
2652 3353 3021 3417 Multammed,
3050 3352 3166 3408 Ebn
3191 3353 3300 3414 Ali,
3331 3349 3450 3406 Ebn
3481 3351 3812 3415 Abdollalti,

2218 3450 2394 3505 Ebnol
2447 3448 2673 3515 Abbasi,
2733 3446 2849 3502 Ehn
2901 3444 3063 3500 Abdil
3122 3444 3427 3510 Ilotallahi,
3484 3444 3572 3500 cui
3623 3453 3815 3498 mater

2217 3540 2429 3596 Radiah
2489 3540 2597 3594 ﬁlia
2651 3537 2964 3600 Ahdollahi,
3016 3536 3131 3592 Ebn
3186 3534 3579 3600 Obaidollahi,
3638 3533 3812 3590 Ebnil

2218 3634 2467 3701 Abbasi,
2498 3632 2618 3688 Ebn
2656 3629 3128 3692 AbdiLMaddeni,
3168 3628 3328 3686 Ebnil
3374 3628 3591 3692 Daiani,
3631 3627 3815 3683 Hare-

2217 3726 2477 3798 thcnsis),
2504 3724 2670 3781 Cusae
2706 3723 2797 3779 die
2822 3721 3101 3785 Mercurii,
3137 3718 3429 3775 undecimo
3458 3720 3668 3774 mensis
3693 3717 3810 3774 Ra-

2216 3821 2320 3876 bia:
2350 3819 2674 3893 posterioris
2719 3816 2846 3873 anni
2883 3814 3060 3886 Hejrae
3090 3812 3380 3870 centesimi
3412 3810 3680 3867 tricesimi
3711 3827 3807 3867 se-

2215 3912 2404 3971 cundi.
2457 3909 2561 3965 Hic
2592 3922 2736 3981 equo
2767 3909 2835 3963 ad
2882 3907 3144 3978 templum
3197 3917 3385 3962 vectus
3432 3903 3523 3961 die
3565 3902 3807 3961 Veneris

2215 4005 2284 4062 ad
2320 4003 2600 4067 homines,
2632 4000 2864 4070 pedibus
2897 4007 3052 4055 stans
3088 4011 3397 4054 sermonem
3433 3995 3803 4085 habuitﬁcum

2215 4092 2516 4149 Ommaidae
2544 4092 2800 4165 sedentes
2832 4090 3112 4146 orationes
3146 4103 3277 4144 suas
3298 4087 3503 4143 habere
3533 4086 3805 4142 solerent.

2214 4187 2363 4242 Misit
2390 4185 2479 4241 hic
2511 4186 2791 4255 exercitus
2819 4191 3014 4239 contra
3036 4179 3305 4236 Yazidum
3336 4178 3454 4233 Ebn
3483 4177 3652 4235 Omar
3681 4177 3804 4232 Ehn

2213 4278 2315 4333 Abi
2371 4277 2617 4333 nomine
2671 4275 2959 4332 Wasetum
3006 4290 3021 4327 :
3081 4274 3234 4329 misit
3304 4273 3474 4328 etiam
3539 4278 3805 4341 patruum

2215 4386 2374 4426 suum
2404 4369 2770 4425 Abdollahum
2808 4367 2923 4424 Ebn
2952 4366 3038 4422 Ali
3079 4376 3271 4422 contra
3314 4364 3642 4421 Merwancm
3682 4362 3805 4417 Ehn

528 4449 673 4505 ﬁlius
702 4448 884 4505 Cesrze
914 4457 968 4505 et
1000 4449 1143 4509 ﬁlius
1185 4451 1468 4522 Merwani,
1512 4458 1756 4529 mihique
1785 4476 1921 4518 avus
1954 4438 2110 4517 Mau-
2144 4438 2186 4493 θ
2219 4460 2582 4529 Μυιιειηιιηθά,
2614 4474 2776 4531 quem
2837 4460 2893 4513 in
2935 4457 3118 4529 fugam
3153 4457 3343 4521 dedit,
3382 4456 3558 4511 donec
3613 4450 3804 4525 ipsum

526 4542 736 4608 ricius,
791 4550 846 4598 et
889 4559 1024 4600 avus
1080 4543 1280 4601 Sasan.
1332 4548 1637 4607 Praefectus
1692 4552 1924 4623 imperio
1980 4556 2106 4623 fuit,

526 4653 719 4695 mense
753 4636 948 4706 Rajeh,
983 4639 1380 4713 imperavitque
1425 4660 1641 4701 menses
1685 4648 1947 4718 quinque,
1979 4649 2107 4707 dein

524 4740 776 4787 mortuus
805 4741 889 4787 est
918 4737 1023 4787 line
1057 4735 1261 4789 mensis
1292 4734 1583 4790 Dulkaadze
1610 4739 1740 4792 anui
1771 4738 1945 4807 Hejrae
1976 4756 2107 4797 cen-

526 4824 702 4877 tesimi
731 4825 973 4880 vicesimi
1006 4827 1170 4887 sexti,
1200 4840 1375 4881 annus
1402 4828 1607 4883 habens
1634 4829 1891 4899 triginta;
1924 4833 2109 4902 sepul-

526 4924 613 4969 tus
663 4925 746 4970 est
795 4913 1071 4970 Damasci.
1131 4914 1439 4971 Satellitum
1499 4916 1604 4987 ipsi
1662 4920 1958 4989 praefectus
2007 4924 2111 4979 fuit

524 5000 694 5056 Yazid
731 5001 922 5058 Ebnol’
963 5001 1281 5076 Sammadjy
1313 5006 1597 5063 chmensis
1626 5026 1641 5065 :
1684 5006 1898 5065 Janitor
1925 5010 2108 5067 Salam

523 5095 753 5150 libertus
782 5096 979 5164 ipsius.

582 5183 886 5254 Chalifatus
929 5183 1186 5242 Κονωαηὶ
1218 5188 1332 5244 Ebn
1375 5190 1708 5247 Mohammed
1766 5193 2064 5268 [cognomi-

1089 5284 1205 5336 nati
1236 5283 1304 5335 Αι
1323 5280 1535 5357 laudi].

592 5368 806 5426 Mortuo
861 5369 1069 5429 Yazido
1117 5376 1399 5442 Alnakes,
1452 5378 1772 5444 iuramento
1830 5380 2107 5438 ﬁdelitatis

523 5463 764 5528 praestita
794 5460 1078 5534 [chalil‘am
1112 5467 1522 5542 renuntiarunt]
1552 5471 1805 5527 homines
1835 5472 1889 5527 in
1929 5473 2093 5545 392

524 5552 681 5623 Syria
737 5553 1100 5611 Abrahimum
1161 5558 1332 5613 tilium
1391 5560 1456 5613 Al
1511 5557 1709 5616 Walidi
1762 5561 1879 5617 Ebn
1938 5565 2099 5621 Itde

524 5641 745 5712 Maleci;
772 5656 829 5700 at
847 5660 972 5702 cum
999 5659 1241 5719 quatuor
1264 5665 1487 5711 menses,
1506 5652 1854 5722 imperasset,
1882 5655 2114 5725 itttperio

527 5744 820 5793 exuerunt.
847 5735 1114 5810 Venitque
1138 5740 1376 5799 Mervvan
1400 5742 1514 5801 Ebn
1543 5743 1910 5811 Mohammed.
1937 5747 2109 5807 Ebnol

2218 4552 2614 4623 Mesopotamia
2661 4560 2716 4608 et
2766 4549 2925 4621 Syria
2977 4550 3302 4621 expelleret.
3343 4548 3482 4603 Tum
3538 4546 3806 4602 Salebum

2219 4644 2341 4698 Ebn
2370 4643 2456 4695 Ali
2489 4641 2660 4704 misit,
2693 4641 2787 4710 qui
2815 4640 3068 4694 eumdem
3106 4638 3159 4695 in
3192 4638 3489 4711 Egyptum
3519 4640 3617 4694 ius.
3638 4646 3811 4725 cutus

2217 4741 2318 4793 est,
2368 4727 2560 4798 primae
2589 4725 2711 4796 ejus
2744 4727 2881 4782 aciei
2921 4727 3188 4797 praefecto
3238 4730 3358 4783 Abu
3404 4728 3589 4794 Auno,
3624 4728 3811 4783 donec

2220 4823 2401 4892 ipsum
2463 4818 2856 4874 interfecisset.
2896 4817 3133 4874 Romani
3187 4831 3369 4875 autem
3405 4836 3530 4876 cum
3582 4828 3811 4876 mortuo

2220 4913 2560 4982 imperatore
2607 4910 2792 4967 Leone
2836 4911 2992 4966 multi
3026 4912 3192 4985 396
3237 4915 3359 4970 illos
3398 4914 3543 4970 male
3591 4922 3810 4969 tracta-
3916 4930 3919 4931 ν

2221 5013 2367 5072 rent,
2403 5020 2467 5061 ac
2496 5007 2729 5061 turbata:
2767 5013 2954 5061 essent
2990 5006 3169 5077 ipsius
3199 5007 3416 5077 imperii
3469 5022 3582 5072 res,
3620 5008 3806 5061 virum

2220 5097 2517 5170 quemdam
2578 5113 2610 5153 e
2654 5096 2892 5153 Marashi
2932 5097 3130 5155 incolis
3192 5099 3415 5154 nomine
3468 5099 3804 5154 Artabatum

2220 5192 2329 5247 sibi
2378 5188 2781 5260 praefecerunt,
2830 5189 2989 5260 cujus
3019 5190 3314 5261 imperium
3370 5191 3548 5246 turbis
3575 5194 3807 5260 plenum

2218 5285 2323 5341 fuit
2351 5290 2597 5353 tempore
2626 5280 2751 5336 Abil
2777 5281 2981 5339 Abbasi
3012 5291 3066 5337 et
3091 5281 3382 5340 Mausoris.
3412 5282 3671 5338 Condidit
3704 5299 3823 5336 au»

2219 5387 2328 5432 tem
2369 5375 2510 5429 Ahul
2547 5375 2733 5430 Abhas
2778 5375 2832 5428 in
2867 5374 3088 5430 Anbaro
3131 5374 3322 5430 urbem
3373 5389 3538 5445 quam
3590 5374 3806 5429 ilashe-

2220 5468 2385 5523 miam
2445 5466 2764 5536 appellavit.
2802 5464 2930 5521 Fuit
2953 5466 3248 5524 chalifatus
3300 5466 3475 5535 ipsius
3523 5481 3800 5524 annorum

2209 5569 2468 5632 quatuor,
2495 5565 2551 5612 et
2579 5572 2771 5613 novem
2807 5559 3078 5614 mensium
3109 5575 3125 5615 :
3166 5571 3420 5616 mortuus
3464 5570 3550 5616 est
3588 5561 3643 5616 in
3690 5561 3805 5614 An-

2210 5656 2369 5718 baro,
2399 5651 2486 5706 die
2522 5650 2832 5716 Dominico,
2871 5651 3077 5709 mensis
3103 5651 3186 5706 Dil
3227 5651 3405 5723 llujize
3434 5652 3795 5718 duodecimo,

2215 5746 2342 5801 anni
2374 5742 2554 5813 Hejra:
2587 5742 2874 5800 centesimi
2919 5744 3183 5803 tricesimi
3225 5744 3392 5807 sexti.
3444 5744 3690 5815 sepultus
3732 5744 3796 5799 in
