4116 6424
336 288 480 356 1125

1784 291 2166 356 ANNALES.

3483 290 3619 356 1156

333 407 470 460 urbe
505 401 818 458 llashemia.
848 401 973 457 Fuit
1006 402 1144 458 Abul
1208 403 1393 459 Abbas
1436 417 1725 474 procerus.
1780 403 1924 460 facie
1957 407 2000 464 Α
2030 401 2334 458 centesimo
2368 402 2832 474 quinquagesimo
2862 411 3076 470 octavo,
3124 403 3371 471 oblitque
3421 403 3622 461 Martiae

327 499 580 569 pulchra,
616 505 828 553 statura
861 496 1126 566 perfecta.
1151 495 1465 551 Satellitum
1498 497 1601 567 ipsi
1629 495 1924 566 praefectus

328 593 430 646 fuit
465 589 638 644 Abdol
677 589 869 646 labbar
900 587 1017 644 Ebn
1054 590 1862 658 Abdor-Ralnnani,Azdensis
1905 606 1920 644 :

324 684 562 748 Janitor,
595 682 712 736 Ebn
749 681 942 738 Gaﬂ‘an
975 684 1213 739 libertus
1253 684 1449 753 ipsius.

647 774 950 845 Chalifatus
1000 775 1217 848 laafart‘
1259 776 1598 832 Almansuri.

384 867 728 924 Confecerat
797 868 942 923 Abul
983 869 1169 923 Abbas
1245 877 1632 924 testamentum
1701 867 1755 922 in
1810 881 1922 938 quo

324 959 602 1018 heredem
633 961 1008 1015 constituerat
1055 957 1282 1014 fratrem
1333 974 1501 1014 suum
1539 959 1662 1015 ‘Abi
1713 958 1921 1025 laafar,

322 1051 692 1107 Abdoliahutn
729 1051 848 1106 Ebn
874 1049 1249 1117 Moliatmned,
1283 1049 1399 1106 Ebn
1422 1051 1534 1118 Ali,
1562 1051 1682 1107 Ebn
1706 1050 1920 1108 Abdol-

324 1146 455 1212 lahi,
488 1144 664 1200 Ebnol
719 1143 920 1200 Abbasi
954 1144 1144 1215 (cujus
1201 1153 1381 1201 mater
1430 1145 1744 1202 concubina
1786 1145 1921 1214 fuit,

325 1239 548 1293 nomine
580 1237 836 1293 Salamah
875 1237 984 1293 filia
1017 1237 1268 1304 Bashari,
1291 1253 1524 1310 quaeque
1563 1237 1781 1294 Basorae
1813 1255 1924 1295 na-

325 1341 375 1388 ta
453 1329 603 1403 fuit),
643 1332 948 1402 eodemque
975 1339 1175 1401 patruo
1222 1347 1324 1387 suo
1357 1332 1454 1388 [sae
1487 1329 1604 1389 Ebn
1655 1333 1766 1400 Ali,
1800 1332 1920 1389 Ebn

324 1421 616 1478 Abdollahi
653 1420 825 1476 Ebnol
853 1422 1056 1476 Abbasi
1093 1422 1328 1488 tradito;
1357 1421 1460 1478 Ubi
1494 1423 1723 1495 (inquit)
1764 1439 1921 1480 mor-

324 1525 449 1570 tuus
480 1514 661 1578 fuero,
691 1514 945 1568 homines
1001 1513 1163 1568 fidem
1191 1513 1506 1583 juramento
1552 1515 1906 1587 obstringere

326 1607 497 1663 facias
528 1607 792 1677 illi‘cujus
819 1607 1005 1662 in'hoe
1040 1615 1371 1663 testamento
1397 1609 1604 1664 mentio
1639 1607 1782 1663 facta
1815 1618 1920 1665 est.

323 1699 425 1756 Ubi
471 1716 601 1772 ergo
635 1715 665 1755 e
715 1701 859 1756 vivis
889 1708 1208 1756 excesserat
1255 1700 1401 1755 Abul
1452 1702 1696 1766 Abbasi,
1747 1701 1910 1757 (idem

322 1793 458 1849 dare
493 1792 620 1848 fecit
653 1792 735 1846 lsa
799 1792 914 1846 Ebn
973 1792 1055 1847 Ali
1099 1792 1498 1860 Hashemidas,
1551 1795 1646 1865 qui
1698 1795 1910 1850 Anhari

322 1894 503 1947 erant,
528 1882 808 1952 ducesque
833 1883 1194 1956 397-399
1224 1886 1328 1941 Abi
1359 1885 1572 1942 laafaro
1604 1887 1916 1942 Abdollaho

323 1970 439 2030 Ebn
470 1973 852 2030 Mohammedi.
889 1975 1070 2030 laafar
1103 1987 1289 2033 autem
1347 1989 1480 2034 tunc
1533 1980 1795 2050 temporis
1827 1995 1926 2052 pe-

322 2067 749 2137 regrinationem
794 2068 1078 2140 religionis
1125 2086 1258 2142 ergo
1312 2070 1671 2137 instituerat,
1738 2075 1921 2128 comi-

323 2169 477 2215 tante
511 2161 692 2230 ipsum
726 2161 844 2216 Abu
883 2160 1234 2220 Moslemino.
1260 2163 1485 2220 Litteris
1523 2180 1655 2235 ergo
1688 2164 1916 2235 scriptis

326 2253 491 2323 hujus
539 2254 616 2309 rei
668 2255 974 2311 certiorem
1044 2256 1225 2327 ipsum
1281 2257 1563 2324 fecerunt,
1631 2258 1794 2329 cujus
1831 2257 1924 2313 ubi

328 2346 521 2420 notitia
553 2346 619 2402 ad
657 2349 834 2416 ipsum
871 2349 1143 2418 pervenit,
1177 2347 1556 2417 juratnentum
1615 2351 1721 2420 ipsi
1775 2367 1922 2420 prae-

326 2443 588 2506 stiterunt
621 2439 738 2494 Abu
789 2438 1038 2504 Moslem,
1094 2440 1409 2511 caeterique,
1465 2442 1556 2512 qui
1618 2458 1745 2498 cum
1798 2446 1922 2516 ipso

323 2539 483 2584 erant
532 2529 724 2585 duces.
765 2530 1050 2585 Anbarum
1107 2545 1241 2602 ergo
1299 2532 1495 2588 tendit.
1552 2535 1682 2590 Fuit
1737 2547 1920 2594 autem

323 2623 590 2677 Abdcllalt
627 2623 742 2678 Ebn
777 2624 886 2688 Ali,
919 2625 1046 2679 Ebn
1105 2624 1430 2693 Abdollahi,
1490 2625 1665 2682 Ebnol
1717 2631 1922 2687 Abbasi

327 2716 381 2768 iu
414 2714 807 2785 MesOpotatnia
840 2714 1072 2788 [ibique]
1104 2717 1210 2772 sibi
1246 2718 1540 2788 imperium
1565 2705 1920 2792 vendicavit;

324 2804 393 2860 ad
427 2821 592 2876 quem
631 2807 852 2862 mittens
881 2807 1009 2863 Abu
1059 2809 1235 2864 laafar
1277 2809 1400 2865 Abu
1451 2813 1804 2881 Mosletnum,
1840 2816 1926 2886 ip-

323 2913 444 2954 sum
471 2897 804 2970 proﬂigavit.
841 2897 1234 2971 Reversusque
1265 2912 1349 2957 est
1379 2903 1673 2960 AlMansur
1695 2907 1918 2963 Cuiam.

324 2987 464 3041 Tutn
505 2986 822 3058 Bagdadum
856 2991 1058 3066 urbem.
1095 2991 1368 3056 condidit,
1398 3008 1564 3063 quam
1599 2994 1917 3053 Medinatol’

2037 494 2248 548 mensis
2298 493 2378 548 Dil
2429 493 2598 564 liajjae
2643 510 2814 556 nono,
2867 509 3042 550 annos
3110 507 3273 552 natus
3335 499 3621 569 sexaginta

2017 595 2182 655 loeto,
2237 602 2362 642 cum
2411 587 2676 642 chalifatu
2725 589 2952 644 functos
2993 601 3139 644 esset
3188 605 3363 645 annos
3418 593 3621 662 viginti
3671 643 3686 654 ,

2028 680 2190 736 duos.
2221 679 2415 735 Oravit
2465 695 2564 750 pro
2599 681 2720 751 ipso
2754 681 2902 739 filius
2937 683 3109 751 ipsius
3139 681 3398 752 Salehus,
3430 687 3622 755 sepul-

2031 779 2228 842 tusque
2256 783 2342 828 est
2391 771 2594 828 Mechte
2637 774 2794 844 juxta
2849 783 3074 844 puteum
3127 775 3442 832 hlaimonis.
3501 777 3626 834 Fuit

2029 863 2148 918 Abu
2183 862 2360 918 laafar
2395 863 2696 920 AlMansur
2741 882 3036 936 procerus,
3072 865 3290 936 fuscus,
3322 870 3468 924 raris
3506 887 3624 941 my-

2029 955 2303 1020 stacibus,
2347 956 2537 1012 barba:
2568 969 2724 1028 parte
2756 961 3024 1015 anteriori
3059 961 3298 1031 prolixa.
3350 962 3622 1018 Satellitio

2027 1048 2208 1118 ipsius
2240 1049 2579 1120 praefuerunt
2599 1052 2773 1106 Abdol
2803 1053 2996 1108 lahhar
3022 1053 3134 1109 F.th
3162 1055 3623 1122 Abdir‘rahntan,

2025 1137 2332 1206 Azdensis,
2385 1139 2505 1196 Ebn
2539 1143 2711 1208 Caab,
2755 1142 2872 1198 Ebn
2920 1143 3098 1210 Musa,
3153 1143 3526 1201 Tatnimensis
3569 1159 3626 1200 et

2026 1228 2377 1304 AlMosaiyeb
2406 1231 2706 1300 AlZahari,
2738 1233 3070 1290 Dabbensis.
3107 1232 3329 1288 Janitor
3357 1235 3482 1306 ejus
3519 1235 3626 1289 fuit

2025 1324 2168 1380 Abul
2201 1323 2406 1382 Chatib
2439 1325 2662 1381 Marzuc
2696 1328 2932 1382 libertus
2960 1328 3142 1397 ipsius
3175 1338 3254 1393 et,
3285 1335 3409 1398 post
3442 1327 3622 1397 ipsum

2025 1416 2308 1476 Alliabius
2345 1419 2581 1475 libertus
2619 1420 2826 1491 ipsius.

2283 1510 2642 1583 ωιοω3
2698 1513 3006 1583 Chalifalus
3059 1513 3359 1568 ΑΙΜοΙκίίἱ.

2101 1601 2318 1660 Mortuo
2350 1605 2586 1660 Meechte
2623 1606 2953 1661 Almansuro
2991 1609 3148 1660 fidem
3201 1607 3623 1664 obstrinxerunt

2031 1695 2192 1751 Saleb
2221 1695 2398 1751 Ebnol
2427 1695 2674 1762 Mansur;
2709 1706 2766 1751 et
2799 1700 2882 1752 lsa
2939 1697 3056 1753 Ebn
3106 1697 3285 1764 Musa,
3330 1697 3622 1751 Alblohdio

1945 1753 1988 1808 Β
2029 1786 2145 1841 Ebn
2179 1786 2548 1852 Mohammed,
2594 1753 2710 1844 Ebn
2745 1789 3041 1855 Abdollah,
3083 1790 3198 1845 Ebn
3245 1753 3621 1855 hiohammed,

2024 1879 2142 1935 Ebu
2173 1881 2282 1944 Ali,
2312 1881 2429 1936 Ebn
2463 1881 2776 1942 Abdollahi,
2819 1882 2994 1936 Ebnol
3037 1882 3240 1938 Abbasi
3271 1900 3286 1950 ;
3322 1884 3410 1937 cui
3448 1891 3623 1935 mater

2021 1980 2140 2028 erat
2172 1971 2352 2029 Omno
2389 1973 2565 2039 Musa,
2595 1974 2700 2028 filia
2733 1973 3071 2035 Alblattsuri,
3118 1975 3237 2029 Ebtt
3295 1974 3607 2040 Abdollah’,

2021 2065 2143 2123 Ebn
2171 2066 2351 2122 Sabwi
2387 2067 2800 2139 Hamyarensis,
2835 2068 2950 2124 Ehn
2983 2068 3266 2124 AlRoaini.
3299 2067 3624 2137 Peregrina-

2033 2157 2199 2215 tionis
2231 2173 2364 2229 ergo
2392 2157 2583 2233 [ritus]
2641 2160 2968 2216 hominibus
3021 2161 3252 2231 perfecit
3303 2159 3468 2214 Saleb
3502 2159 3619 2214 Eba

2025 2248 2340 2305 AlMansuri
2373 2268 2386 2305 :
2423 2253 2509 2308 vel
2547 2252 2921 2307 referentibus
2956 2253 3312 2322 quibusdam,
3376 2253 3622 2308 Moham-

2023 2343 2174 2408 med,
2225 2344 2338 2399 Ebn
2370 2343 2583 2416 Yabya,
2632 2344 2748 2401 Ebn
2794 2347 3175 2409 Mohammod,
3209 2346 3326 2401 Ebn
3362 2346 3469 2410 Ali,
3497 2348 3617 2402 Elin

2021 2437 2343 2502 Abdollahi,
2407 2439 2580 2493 Ebnol
2633 2439 2833 2493 Abbasi
2871 2459 2882 2494 :
2915 2449 2967 2493 et
3013 2440 3079 2494 ad
3131 2439 3404 2492 Alilobdii
3457 2439 3638 2494 obse—’

2021 2526 2215 2596 quium
2272 2529 2545 2584 invitavit.
2579 2527 2845 2582 Nuntium
2897 2537 3080 2584 autem
3143 2529 3208 2583 ad
3240 2528 3617 2594 Allllohdium,

2019 2619 2113 2689 qui
2148 2618 2389 2687 Bagdadi
2421 2630 2551 2676 tunc
2577 2631 2717 2694 erat,
2739 2622 2968 2691 pertulit
3001 2620 3267 2675 Monarab
3298 2619 3614 2675 AlMansnri

2025 2726 2245 2767 servus.
2296 2712 2544 2768 Praestita
2579 2728 2710 2782 ergo
2741 2721 2871 2769 sunt
2904 2713 2980 2767 illi
3003 2713 3320 2782 jttramcnta
3351 2715 3615 2784 Bagdadi,

2029 2802 2227 2858 ultimo
2288 2801 2586 2873 Dilﬂajjte,
2642 2818 2790 2858 anno
2853 2805 3158 2859 centesimo
3219 2805 3617 2876 quinquagesi-

2023 2910 2114 2953 mo
2187 2908 2402 2952 octavo.
2475 2897 2649 2953 Porro
2716 2907 2972 2953 mortuus
3053 2906 3136 2953 est
3205 2896 3608 2954 Constantinus

2023 2987 2224 3046 Leonis
2277 2990 2420 3046 filius
2471 2988 2848 3045 Romanorum
2901 2991 3222 3059 imperator,
3265 2992 3604 3047 succedente

326 3077 508 3132 Salam
545 3076 631 3151 {id
677 3087 762 3135 est
795 3081 987 3136 urbem
1023 3080 1200 3156 pacis]
1226 3085 1549 3154 appellavit.
1606 3086 1808 3144 vocata
1833 3101 1917 3149 εει
1946 3095 1990 3157 c
2025 3081 2127 3152 ipsi
2167 3081 2221 3136 in
2252 3081 2482 3153 imperio
2504 3081 2616 3136 lilio
2649 3082 2824 3152 ipsius
2859 3081 3062 3146 Leone,
3098 3083 3209 3138 filio
3235 3085 3613 3151 Constantini,

324 3179 509 3224 autem
543 3170 675 3226 urbs
734 3170 956 3244 Bagdad
1001 3172 1129 3228 ideo
1159 3175 1309 3245 quod
1342 3177 1394 3230 in
1424 3193 1489 3233 ea
1535 3191 1683 3236 esset
1729 3198 1922 3239 mona-

321 3263 461 3318 chus
503 3265 728 3334 quidam
767 3265 989 3320 nomine
1019 3265 1276 3338 Bagdad;
1324 3271 1412 3325 cui
1457 3273 1767 3328 claustrum
1796 3286 1916 3334 erat

321 3352 378 3408 in
412 3365 571 3410 terrae
589 3358 781 3425 ampla:
807 3372 869 3410 ac
885 3357 1120 3426 pulchra:
1147 3361 1346 3424 medio,
1373 3364 1465 3431 qui
1487 3362 1644 3418 locus
1661 3381 1785 3420 cum
1813 3367 1916 3424 Abi

318 3443 532 3500 laafaro
562 3447 825 3517 placeret,
864 3455 984 3519 ipso
1015 3450 1314 3520 delineato,
1363 3455 1416 3508 in
1455 3470 1521 3510 eo
1558 3459 1749 3514 urbem
1783 3476 1920 3517 con-

318 3537 478 3603 didit,
509 3555 632 3608 quae
667 3541 884 3611 Bagdad
919 3543 1193 3611 appellata
1230 3557 1316 3600 est
1347 3548 1572 3604 nomine
1605 3554 1862 3608 monachi
1895 3571 1910 3616 ;

322 3628 482 3696 quasi
515 3629 708 3683 dicat:
749 3629 1031 3685 Exstruxit
1077 3633 1198 3687 Abu
1231 3633 1409 3689 laafar
1442 3637 1632 3693 urbem
1687 3642 1743 3695 in
1795 3643 1915 3698 loco

318 3716 559 3789 Bagdadi
591 3722 873 3777 monachi.
919 3724 1082 3776 Anno
1117 3725 1418 3783 chalifatus
1449 3728 1553 3784 Abi
1588 3731 1785 3788 laafari
1820 3734 1915 3788 Al-

317 3807 566 3868 Mansuri
597 3815 795 3883 primo,
832 3816 1170 3872 constitutus
1198 3827 1283 3874 est
1313 3819 1710 3892 PrOphylactus
1747 3828 1916 3894 patri-

322 3905 488 3958 archa
513 3907 912 3973 Antiochenus,
937 3911 1038 3978 qui
1071 3924 1246 3966 annos
1269 3912 1576 3969 octodecim
1600 3917 1761 3982 sedit,
1787 3919 1914 3975 dein

317 4005 572 4053 mortuus
618 4007 724 4054 est.
793 3996 1056 4069 Ejusdem
1091 4002 1522 4059 annovicesimo
1566 4009 1912 4066 constitutus

311 4097 398 4144 est
439 4089 766 4147 Theodorus
806 4094 1122 4162 patriarcha
1169 4093 1575 4164 Antiochenus,
1611 4103 1706 4171 qui
1735 4117 1912 4159 annos

312 4181 506 4251 viginti
540 4192 652 4237 tres
679 4184 842 4250 sedit,
878 4186 1006 4241 dein
1049 4181 1448 4246 mortuus’est.
1480 4193 1642 4248 Anno
1673 4194 1910 4250 chalifa-

314 4283 408 4328 tus
449 4276 698 4345 ejusdem
733 4287 937 4346 quarto
973 4281 1312 4335 constitutus
1349 4295 1434 4337 est
1463 4283 1785 4343 Balatianus
1815 4303 1912 4357 pa-

315 4371 557 4422 triarcha
594 4369 1030 4436 Alexandrinus,
1067 4371 1234 4443 400
1261 4375 1354 4446 qui
1388 4384 1444 4430 et
1483 4379 1731 4434 medicus
1762 4379 1905 4436 fuit:

312 4457 913 4535 annos'quadraginta
965 4479 1061 4520 sex
1098 4468 1267 4534 sedit,
1315 4468 1443 4523 dein
1501 4480 1753 4529 mortuus
1801 4485 1908 4530 est.

313 4551 484 4610 Anno
520 4554 762 4623 ejusdem
789 4556 968 4624 prino
987 4557 1325 4613 constitutus
1350 4571 1436 4615 est
1466 4558 1790 4627 Theodorus
1813 4579 1909 4634 pa-

313 4649 560 4704 triarcha
607 4647 1305 4717 Constantinopolitanus;
1343 4651 1438 4721 qui
1494 4665 1672 4708 annos
1711 4655 1906 4725 viginti

311 4758 410 4800 sex
446 4741 612 4808 sedit,
643 4740 772 4793 dein
803 4741 962 4794 obiit.
1029 4739 1148 4814 Non
1185 4752 1364 4796 autem
1394 4744 1526 4798 mihi
1560 4745 1705 4801 scire
1767 4762 1906 4801 con-

314 4835 441 4905 tigit
494 4832 718 4888 nomina
769 4833 1210 4902 patriarcharum
1265 4833 1912 4908 Constantinopolitano-

312 4941 434 4980 rutn
466 4938 495 4977 a
528 4931 776 4990 tempore
802 4936 913 4990 quo
944 4933 1200 4978 mortuus
1228 4932 1312 4977 est
1337 4923 1666 4982 Theodorus
1699 4929 1767 4983 ad
1806 4931 1910 4985 hoc

314 5031 487 5084 usque
512 5028 624 5084 quo
658 5014 805 5086 hunc
839 5011 1042 5066 librum
1092 5016 1409 5084 composui,
1446 5027 1502 5070 ut
1537 5033 1640 5072 nec
1671 5021 1911 5088 patriar.

2021 3171 2118 3226 filii
2174 3171 2394 3228 Leonis.
2444 3172 2570 3229 Fuit
2612 3185 2795 3230 autem
2843 3175 3114 3231 Alhlehdii
3174 3176 3472 3231 chalifatus
3513 3191 3613 3230 an-

2021 3279 2216 3320 norum
2259 3267 2448 3322 decem
2507 3283 2637 3323 cutn
2696 3283 2886 3323 mense
2924 3277 2980 3322 et
3047 3268 3326 3324 sexdecim
3387 3271 3611 3328 diebus.

2019 3356 2166 3413 Obiit
2192 3372 2380 3414 mense
2416 3358 2727 3415 Moharram
2761 3359 2889 3414 anni
2918 3359 3097 3428 llejrae
3129 3361 3417 3416 centesitni
3454 3378 3612 3419 sexa-

2018 3452 2210 3522 gesimi
2285 3455 2439 3518 noni,
2546 3469 2673 3508 cum
2737 3469 3006 3508 annorum
3068 3465 3214 3509 esset
3241 3455 3462 3524 triginta
3507 3471 3613 3511 no-

2017 3558 2160 3608 vem,
2214 3543 2376 3615 idque
2423 3543 2477 3598 in
2533 3543 2658 3600 vico
2715 3544 2862 3599 dicto
2905 3543 3100 3600 AiBud
3134 3562 3164 3600 e
3218 3555 3362 3600 terra
3396 3547 3614 3604 Masab-

2012 3631 2142 3695 dan,
2174 3631 2265 3686 ubi
2295 3640 2350 3687 et
2385 3631 2638 3702 sepultus
2670 3642 2775 3687 est.
2809 3631 2936 3688 Fuit
2969 3636 3112 3688 idem
3149 3635 3312 3700 facie,
3349 3653 3604 3707 corpore,

2013 3731 2068 3778 et
2087 3729 2296 3778 Statura
2315 3724 2582 3791 pulchris,
2614 3724 2667 3777 in
2691 3724 2854 3779 oculo
2889 3726 3082 3780 dextro
3106 3725 3417 3797 albuginem
3442 3729 3609 3802 4,οά

2017 3813 2247 3869 habens.
2279 3815 2621 3871 Satellitibus
2648 3817 2821 3885 ipsius
2845 3817 3138 3887 praefectus
3180 3820 3283 3874 fuit
3304 3821 3414 3878 Nas
3483 3823 3601 3879 Ebn

2017 3903 2237 3970 Nosair,
2296 3906 2413 3960 Ebn
2471 3906 2665 3972 Maleo,
2721 3907 3094 3975 Chozaensis;
3156 3926 3336 3980 eoque
3388 3925 3608 3969 mortuo

2018 3995 2258 4052 llamzab
2311 3997 2429 4052 Ebn
2472 3997 2668 4064 Malec,
2719 3999 2833 4055 Ebn
2887 4000 3204 4076 Abdoilahi,
3244 4003 3361 4059 Ebn
3411 4005 3602 4062 Maleo.

2011 4086 2219 4143 Janitor
2267 4089 2442 4158 ipsius
2491 4090 2768 4146 Alltabius
2809 4091 3042 4149 libertus
3078 4095 3298 4164 ipsius:
3333 4097 3458 4152 dein
3509 4098 3606 4153 Al-

2014 4178 2212 4236 Hosaia
2247 4181 2369 4237 Ebn
2401 4179 2622 4237 Rashed
2662 4183 2897 4240 libertus
2927 4185 3126 4254 ipsius.

2412 4271 2722 4343 C/talifatus
2759 4273 2929 4330 Musae
2960 4275 3202 4333 ΑΙΗαάί.

2089 4360 2302 4418 Mortuo
2348 4363 2641 4422 AiMohdio
2683 4367 2746 4422 in
2785 4368 2982 4422 AlRud
3025 4371 3272 4440 regionis
3302 4372 3602 4434 ldosabdan

1937 4436 1992 4496 Ι)
2018 4457 2241 4526 oppido,
2271 4457 2534 4515 suffectus
2559 4467 2643 4515 est
2670 4460 2824 4516 Musa
2862 4461 3036 4518 Ebnol
3065 4436 3275 4530 rdohdi,
3307 4469 3395 4521 cui
3429 4481 3606 4526 mater

2016 4551 2346 4617 concubina,
2400 4551 2623 4606 nomine
2668 4553 3062 4620 Alchizaram,
3120 4556 3224 4609 ﬁlia
3277 4559 3394 4611 Atze
3441 4571 3605 4616 natus

2013 4642 2222 4698 Jorftee
2241 4645 2467 4713 regione
2499 4643 2731 4700 Yaman.
2760 4644 2884 4700 Fuit
2913 4659 3093 4702 autem
3123 4647 3273 4703 Musa
3298 4651 3527 4706 Alllatlii
3570 4671 3603 4710 n

2018 4737 2231 4806 regione
2264 4734 2452 4807 Jorjan
2488 4737 2628 4792 bello
2672 4737 2864 4794 Madar
2907 4738 3184 4796 Hormon
3225 4743 3452 4799 domino
3493 4745 3602 4798 Ta-

2014 4827 2287 4883 barcstani
2337 4830 2625 4885 inferendo
2674 4840 3002 4901 occupatus.
3041 4831 3429 4888 Juranientum
3464 4854 3598 4906 ergo

2011 4925 2286 4981 fidelitatis
2334 4940 2462 4996 erga
2508 4924 2745 4982 fratrem
2778 4942 2940 4982 suum
2996 4927 3065 4982 ab
3104 4930 3172 4984 iis
3217 4929 3308 4998 qui
3369 4931 3601 4988 ade-rant

2011 5014 2380 5083 Hashenidis,
2415 5017 2762 5088 ducibusque
2800 5020 2916 5074 suis
2955 5021 3138 5090 exegit
3176 5019 3363 5076 Harnn
3396 5023 3597 5079 ltlohdii

2014 5107 2182 5172 ﬁlius,
2216 5109 2382 5164 misso
2431 5108 2699 5164 Salmatol
2741 5108 2969 5180 Wasiph
3005 5111 3209 5168 Mohdii
3240 5114 3460 5177 lubeato.
3500 5119 3594 5188 qui

1993 5200 2216 5257 veredis
2234 5202 2526 5272 praefectus
2549 5211 2690 5266 erat,
2715 5220 2825 5272 quo
2850 5207 3107 5261 nuntium
3139 5208 3206 5267 ad
3231 5208 3443 5264 Musam
3475 5227 3598 5279 per-

312 5112 543 5164 charum
577 5106 978 5178 Romanorum,
1005 5121 1036 5160 a
1069 5116 1318 5176 tempore
1349 5109 1542 5179 Agabii
1577 5112 1911 5180 patriarchae

313 5201 576 5268 Romani;
610 5216 710 5256 nec
740 5199 874 5270 quid
901 5200 970 5255 de
1002 5199 1138 5268 ipsis
1167 5211 1446 5257 narretur.
1477 5202 1638 5258 Anno
1667 5204 1907 5258 chalifa-

313 5305 402 5350 tus
447 5295 699 5365 ejusdem
747 5292 1060 5348 AlMansuri
1118 5292 1383 5348 vicesimo
1430 5296 1771 5370 constitutus
1820 5303 1901 5370 cst
2005 5294 2187 5360 ferret,
2224 5310 2592 5364 reversusque
2647 5307 2732 5352 est
2793 5298 2978 5352 llarun
3013 5298 3187 5354 Ebnol
3233 5300 3419 5356 Mohdi
3467 5317 3592 5356 cum

310 5386 581 5457 Georgius
611 5385 924 5456 patriarcha
973 5383 1545 5456 Hicrosolymitanus;
1599 5369 1694 5456 qui
1722 5369 1902 5443 annos
2005 5386 2232 5442 ducibus
2256 5386 2786 5458 Bagdadum,donec
2842 5390 3125 5445 adveniret
3175 5391 3329 5446 Musa
3362 5392 3593 5450 AlHadi.

311 5480 538 5550 triginta
573 5493 669 5533 sex
705 5479 868 5542 sedit,
905 5478 1032 5532 dein
1079 5487 1335 5534 mortuus
1379 5489 1484 5533 est.
1524 5477 1774 5535 Mortuus
1806 5489 1894 5536 est
2001 5477 2441 5536 Fuitchalifatus
2470 5481 2646 5549 ipsius
2677 5481 2946 5535 mensium
2977 5483 3418 5551 quatuordecitn.
3441 5485 3594 5538 Obiit

309 5569 480 5625 etiam
499 5569 797 5623 Artabatus
817 5567 1191 5622 Romanorum
1221 5567 1546 5636 imperator,
1571 5579 1698 5638 post
1732 5585 1899 5639 quem
1989 5581 2179 5631 autem
2213 5570 2368 5627 Musa
2426 5571 2632 5627 Allladi
2669 5581 2828 5629 extra
2881 5574 3203 5643 Bagdadum
3261 5576 3382 5631 loco
3426 5591 3589 5644 quem

311 5663 509 5719 iisdem
537 5659 825 5730 imperavit
855 5659 1253 5715 Constantinus
1287 5659 1434 5715 (ilius
1471 5657 1696 5717 Leonis.
1725 5659 1898 5716 Porro
1993 5661 2190 5720 lsabad
2227 5672 2462 5730 vocant;
2495 5664 2808 5736 ibidemque
2846 5666 3121 5737 sepultus,
3155 5681 3280 5722 cum
3312 5682 3587 5723 annorum

313 5755 812 5830 peregrinationem
857 5755 1096 5811 instituit
1157 5752 1457 5816 AlMansut‘
1516 5769 1662 5814 anno
1721 5753 1899 5826 Hejrte
1993 5763 2140 5815 esset
2162 5755 2354 5828 viginti
2386 5761 2674 5830 quinque:
2713 5757 2944 5829 pulcher
2981 5758 3109 5829 fuit,
3138 5774 3333 5829 eques,
3357 5773 3594 5831 corpore
