4116 6436
396 389 532 452 Ηὲἱ)

1739 346 1746 351 ’
1836 372 2202 438 ANNALEs

3521 377 3658 438 113i)

386 482 501 536 Ebn
563 476 780 537 Maban,
829 473 1031 527 bellum
1085 463 1392 526 Alhlamuui
1452 457 1702 533 illatum;
1773 467 1952 519 Mamu
1999 471 2046 525 Α
2099 465 2165 518 ad
2197 466 2297 518 Abi
2334 464 2399 517 Ν.
2430 464 2498 517 ab
2530 463 2596 518 N.
2628 462 2748 517 Ebn
2779 460 2873 526 N.,
2925 461 3043 515 sine
3074 461 3180 516 ulla
3211 462 3264 516 in
3299 464 3468 520 titulis
3501 481 3657 519 com-

384 583 516 625 vero
547 569 744 622 Marwa
783 567 931 620 misit
962 565 1314 618 Tdhaherum
1363 560 1538 616 Ebnol
1595 559 1798 614 ilosaiu
1849 558 1962 611 Ehu

385 658 532 716 Saab
555 659 962 729 AlBusjeusem,
995 659 1088 727 qui
1123 655 1208 709 Ali
1246 654 1359 708 Ebu
1397 653 1492 706 lsze
1520 667 1686 716 caeso,
1718 649 1966 704 Moham-

386 754 564 809 medis
593 750 843 805 AlAmini
869 749 1055 818 copias
1086 749 1139 800 in
1174 747 1356 816 fugam
1392 744 1593 808 vertit;
1626 743 1967 812 Bagdadum-

383 860 492 913 que
526 840 806 912 profeCtus
858 838 1289 908 adjungentibus
1337 851 1396 891 se
1444 838 1492 889 ei
1536 833 1797 888 l’iazimah
1852 834 1968 887 Ebn

396 932 572 1005 Ayoni
626 942 677 984 et
739 929 1007 983 Homaido
1043 927 1161 982 Ehn
1220 926 1396 986 Abdil‘
1455 927 1652 985 Hamid
1704 926 1963 982 'l‘usensi.

381 1027 781 1094 Salutatusque
831 1033 916 1078 est
947 1022 1230 1078 AlMamun
1250 1019 1449 1075 chalifa
1480 1020 1784 1074 Chorasani
1825 1033 1972 1072 anno

386 1118 694 1173 centesimo
742 1115 1100 1185 nonagesimo
1133 1121 1308 1179 sexto,
1343 1129 1406 1168 ac
1462 1113 1801 1182 pertingente
1855 1113 1968 1164 dis-

388 1212 651 1267 sensione
684 1209 996 1280 Bagdadum
1041 1223 1214 1277 usque
1258 1207 1473 1262 occisus
1502 1215 1588 1260 est
1621 1207 1689 1259 ibi
1727 1203 1973 1260 illohaln-

386 1301 507 1352 med
532 1298 759 1352 AlAmiu
790 1299 878 1352 die
909 1297 1154 1359 Sabbati,
1200 1297 1394 1364 quinto
1424 1305 1549 1349 ante
1579 1296 1789 1350 liuitum
1822 1311 1974 1350 men-

351 1403 502 1445 .sem
573 1387 957 1446 AlMoharram
1031 1404 1179 1440 anno
1245 1387 1551 1442 centesimo
1615 1387 1971 1456 nonagesimo

386 1489 604 1533 octavo.
659 1477 784 1533 Fuit
849 1479 1145 1533 chalifatus
1193 1479 1366 1547 ipsius
1419 1495 1592 1548 usque
1645 1478 1712 1531 ad
1769 1478 1971 1532 caedem

386 1570 564 1640 ipsius
615 1585 886 1624 annorum
939 1582 1178 1640 quatuor
1228 1586 1355 1624 cum
1409 1581 1535 1624 octo
1586 1571 1868 1625 mensibus
1907 1585 1972 1624 ac

384 1677 482 1718 sex
509 1661 725 1716 diebus.
777 1664 970 1716 Annos
1023 1672 1156 1715 tunc
1213 1671 1376 1715 natus
1430 1662 1533 1715 l‘uit
1584 1663 1773 1731 viginti
1826 1672 1975 1718 octo.

385 1752 558 1806 Porro
592 1762 842 1806 mortuus
891 1751 1058 1823 416
1091 1760 1173 1806 est
1204 1751 1548 1823 Nicephorus
1576 1751 1865 1807 Estabraki
1915 1753 1976 1808 li-

385 1842 494 1900 iius
535 1843 912 1898 Romanorum
966 1845 1286 1913 imperator,
1345 1847 1651 1914 imperante
1709 1855 1838 1915 post
1895 1846 1979 1914 ip-

386 1951 508 1990 sum
542 1935 804 1992 Romanis
839 1935 1140 2014 Estabrakp
1165 1937 1478 2006 Nicephori,
1540 1937 1636 1991 lilii
1671 1935 1983 2004 Estabraki,

385 2028 524 2082 ﬁlio.
559 2029 719 2083 Auno
755 2029 1051 2083 ehalifatus
1085 2027 1483 2084 Mohanimedis
1518 2029 1768 2086 AlAmiui
1817 2031 1981 2086 tertio

386 2121 724 2174 constitutus
751 2128 834 2174 est
867 2119 1111 2175 Thomas
1142 2121 1256 2191 (cui
1293 2134 1600 2190 cognomen
1658 2119 1982 2188 Tamrikus)

387 2213 700 2282 patriarcha
763 2211 1340 2283 Hierosolymitanus;
1405 2215 1500 2270 ubi
1557 2229 1733 2269 annos
1789 2214 1980 2269 decem

387 2306 549 2360 sedit.
581 2304 707 2359 Fuit
738 2305 1088 2359 Mohammed
1125 2305 1360 2363 AlAmin
1396 2306 1536 2362 facie
1564 2306 1816 2375 pulchra,
1851 2322 1979 2361 cor-

387 2413 519 2466 pore
582 2399 821 2467 integro,
887 2397 1074 2451 colore
1129 2397 1390 2459 candido,
1453 2397 1692 2467 pinguis,
1751 2411 1982 2468 corpore

385 2491 637 2554 robusto,
688 2489 873 2558 digitis
921 2489 1293 2559 elegantibus.
1334 2489 1626 2559 Sepultum
1664 2502 1750 2545 est
1780 2505 1982 2560 corpus

386 2581 562 2642 ipsius
582 2580 841 2650 Bagdadi,
865 2591 1027 2649 caput
1051 2589 1233 2634 autem
1257 2579 1648 2636 Chorosanum
1681 2580 1980 2650 perlatum.

389 2673 728 2728 Satellitibus
782 2672 956 2742 ipsius
989 2672 1207 2740 praefuit
1262 2673 1346 2724 Ali
1388 2671 1501 2725 Ebn
1536 2671 1659 2734 Lai,
1716 2670 1830 2724 Ebu
1865 2667 1978 2724 Ma-

387 2761 962 2832 han.Janitoripsius,
994 2761 1263 2816 AlFadlus
1295 2760 1464 2815 Ebnol
1496 2760 1716 2821 ilahiae;
1745 2763 1984 2814 maxima

387 2858 534 2928 apud
566 2857 740 2926 ipsum
777 2855 948 2925 gratia
979 2853 1216 2922 pollebat
1243 2851 1513 2906 AlFadlus
1543 2853 1710 2906 Ebnol
1745 2851 1952 2907 Rabzae.

816 2944 1125 3012 Chalifatus
1191 2943 1558 2997 Attilamunis.

463 3039 726 3113 Praestitis
752 3037 1086 3108 juramentis
1115 3036 1318 3090 chalifa
1349 3037 1701 3090 renuntiatus
1760 3046 1843 3089 est
1889 3036 1980 3088 Al-

2079 555 2413 626 precatione,
2439 569 2614 623 usque
2644 553 2712 608 ad
2741 553 2943 608 caedem
2959 549 3357 610 Mohammedis
3377 557 3659 626 AlAmini;

2081 646 2440 715 meminitque
2471 662 2758 700 cursorum
2811 639 3052 717 Bagdadi
3096 646 3411 717 praefectum
3446 652 3658 708 litteras

2080 737 2145 795 ad
2181 743 2357 810 ipsum
2393 757 2423 794 a
2455 737 2554 794 Dil'
2587 741 2926 814 ltiyasataini
2976 741 3141 815 [duos
3173 745 3512 814 principatus
3563 749 3664 801 ha~

2078 830 2261 905 beute]
2293 831 2566 887 Ail’hadlo
2597 847 2826 888 curasse
2856 833 2938 889 sic
2968 837 3267 906 inscriptas
3295 851 3309 890 :
3343 837 3444 891 Abi
3470 839 3660 892 isaaco

2079 940 2242 994 quem
2293 935 2581 980 conservet
2633 925 2772 979 Deus
2833 928 3086 982 excelsus
3145 929 3215 984 ab
3263 929 3363 984 Abi
3419 929 3663 986 Abbaso.

2081 1015 2323 1082 Quarum
2378 1017 2592 1087 (inquit
2636 1017 2756 1071 Abu
2819 1015 2991 1084 Isaac)
3023 1019 3190 1091 420
3226 1021 3314 1075 ubi
3350 1021 3678 1092 inscriptio-'r

2083 1124 2206 1163 nem
2239 1109 2502 1173 viderem,
2531 1109 2680 1179 ipsas
2710 1110 2776 1164 ad
2811 1119 3069 1180 patruum
3108 1128 3288 1166 meum
3318 1108 3666 1167 Solimanum

2089 1198 2239 1264 misi,
2264 1214 2372 1268 quo
2404 1198 2508 1269 ipsi
2540 1209 2596 1252 ut
2630 1216 2827 1255 novum
2860 1202 2988 1270 quid
3023 1196 3396 1273 ostenderem,
3427 1220 3665 1274 cumque

2083 1293 2148 1345 ad
2186 1298 2362 1362 ipsum
2420 1293 2800 1361 pervenissent
2853 1294 3050 1350 littera:
3097 1311 3253 1360 meae,
3284 1298 3464 1352 attulit
3529 1299 3662 1353 mihi

2079 1385 2287 1458 janitor
2331 1385 2502 1454 ipsius
2533 1385 2670 1442 alias
2703 1401 2730 1438 a
2764 1384 3205 1457 Dil-ltiyasatain
3238 1389 3303 1443 ad
3331 1390 3509 1458 ipsum
3539 1391 3675 1446 mis-

2083 1492 2198 1543 sas,
2230 1477 2536 1547 eodemque
2571 1479 2736 1533 modo
2768 1494 2878 1549 quo
2911 1495 3050 1549 quas
3085 1481 3152 1534 ad
3201 1487 3300 1535 me‘
3321 1481 3548 1534 dederat
3581 1481 3671 1535 in-

2083 1571 2341 1638 scriptas.
2382 1570 2561 1640 Atque
2606 1587 2670 1626 ex
2704 1588 2768 1626 eo
2795 1581 3044 1642 tempore
3098 1574 3151 1626 in
3221 1573 3675 1642 inscriptionibus

2081 1655 2387 1718 litterarum
2424 1681 2648 1719 suarum
2697 1667 3174 1735 comprecationes
3232 1665 3493 1720 adhibere
3542 1682 3676 1721 con—

2083 1766 2402 1813 sueveruut.
2436 1756 2611 1812 Porro
2642 1757 2697 1811 in
2752 1758 2990 1829 Egypto
3047 1758 3150 1812 fuit
3187 1755 3536 1816 Mohauuned
3572 1758 3678 1812 Eb—

2084 1850 2175 1904 nol
2215 1849 2376 1913 Sarii,
2410 1849 2584 1904 Ebnol
2620 1848 2864 1915 Hacemi,
2906 1852 2998 1920 qui
3063 1852 3287 1908 rebellis
3348 1851 3549 1916 factus,
3589 1868 3679 1907 se-

2088 1957 2198 2010 que
2230 1942 2296 1996 ab
2331 1932 2672 1997 Alhlamunis
2698 1943 2969 2012 obsequio
3000 1932 3338 2007 subduceris,
3383 1933 3675 2014 XEgyptum

2097 2035 2414 2102 occupavit,
2454 2049 2618 2103 quam
2655 2044 2710 2092 et
2743 2042 2872 2088 ante
2909 2032 3091 2104 ipsum
3121 2043 3490 2104 oceupaverat
3520 2046 3677 2104 pater

2091 2127 2268 2194 ipsius
2299 2127 2563 2182 AlSarius
2595 2145 2607 2180 :
2644 2125 2795 2181 misit
2825 2142 2958 2194 ergo
3005 2127 3318 2190 Aliiamun,
3353 2121 3666 2181 Obaidalla-

2084 2220 2216 2272 hum
2252 2219 2368 2271 Elin
2400 2216 2677 2274 Tdhaheri
2731 2220 2785 2271 in
2845 2217 3183 2288 Egyptum;
3222 2218 3314 2284 qui
3365 2233 3432 2272 eo
3485 2235 3681 2287 perve-

2087 2313 2246 2365 niens
2280 2311 2456 2365 Ebnol
2492 2309 2710 2365 Sarium
2769 2310 3053 2375 salutavit,
3089 2318 3277 2377 utpote
3308 2311 3400 2378 qui
3434 2326 3499 2365 eo
3533 2321 3680 2364 tem-

2085 2420 2217 2474 pore
2249 2420 2359 2474 quo
2388 2401 2684 2474 [Egyptum
2724 2404 3007 2473 ingressus
3039 2410 3124 2458 est
3157 2403 3501 2465 Obaidallah,
3531 2419 3678 2473 prte-

2099 2493 2277 2549 fectus
2314 2495 2514 2549 fuerat.
2555 2487 2657 2549 Hic
2691 2509 2822 2564 ergo
2877 2491 3178 2564 Egyptum
3233 2493 3521 2561 ingressus
3551 2496 3682 2548 col-

2094 2592 2260 2644 lectas
2296 2603 2426 2657 opes
2478 2587 2795 2658 Bagdadum
2849 2583 2917 2641 ad
2982 2585 3375 2643 AIMamunem
3426 2587 3677 2641 abduxit.

2093 2679 2376 2750 Idemque,
2412 2681 2566 2750 t‘Opia
2603 2687 2704 2748 per
2737 2679 2948 2735 litteras
2979 2679 3048 2734 ab
3082 2678 3404 2736 AlMamune
3432 2681 3677 2748 scriptas

2084 2775 2188 2850 ipsi
2224 2789 2512 2831 concessa.
2554 2773 2818 2840 templum
2871 2787 3166 2828 commune
3199 2771 3342 2842 quod
3385 2768 3546 2827 Mesri
3575 2784 3681 2831 est.

2090 2859 2342 2936 [palatio]
2404 2864 2567 2917 liaril’
2601 2859 2779 2917 Ramli
2830 2873 2947 2920 toto
2984 2864 3156 2928 auxit,
3208 2874 3459 2933 excepta,
3515 2879 3680 2933 quam

2097 2957 2342 3028 reliquit,
2399 2959 2832 3012 monetariorum
2898 2958 3084 3012 domo.
3154 2959 3331 3013 Porro
3399 2958 3679 3012 vacillavit

2092 3049 2484 3121 Hierosolymis
2513 3049 2761 3104 ecclesia:
2793 3049 3240 3106 Resurrectionis
3265 3051 3506 3111 testudo,
3541 3053 3684 3104 adeo

390 3133 608 3187 Mamun
648 3133 701 3184 in
738 3131 1022 3185 Chorasau
1080 3128 1299 3197 (estque
1355 3129 1469 3199 ipse
1522 3129 1813 3194 Abdollah,
1867 3127 1981 3182 Ebn

2093 3153 2150 3197 ut
2185 3160 2377 3213 parum
2431 3145 2654 3199 abesset
2689 3144 2822 3213 quin
2863 3143 3166 3199 decideret.
3224 3143 3441 3198 Accidit
3498 3152 3685 3196 autem

383 3223 939 3288 -l|aruuAlRashidi,
974 3223 1091 3277 Ebu
1142 3221 1484 3276 Mohammed
1535 3220 1814 3280 AlMohdi.
1865 3221 1980 3276 Ebn

391 3317 686 3378 Abdollah,
745 3314 862 3368 Ebn
895 3313 1107 3379 Harun,
1140 3313 1313 3368 Ebnol
1371 3313 1618 3378 Mansur,
1674 3314 1760 3368 cui
1810 3321 1985 3366 mater

393 3410 495 3464 fuit
528 3407 751 3477 lilarajel
777 3404 1257 3474 AlBadegisensis)
1323 3419 1467 3458 anno
1493 3403 1793 3460 centesimo
1821 3419 1986 3458 noua-

400 3502 610 3572 gesimo
630 3510 804 3554 sexto.
827 3498 1152 3552 Interfectus
1183 3505 1267 3550 est
1287 3505 1470 3549 autem
1500 3495 1843 3552 biohaunned
1871 3496 1986 3549 Aﬁ-

398 3595 584 3657 Amin,
611 3593 779 3646 frater
801 3591 1140 3645 Albiamunis
1158 3589 1401 3658 Bagdadi
1422 3591 1523 3642 sub
1545 3590 1650 3642 line
1674 3605 1877 3643 menss
1898 3590 1986 3642 Al-

396 3688 734 3745 moharram,
773 3700 917 3737 anno
943 3682 1247 3734 centesimo
1275 3681 1636 3750 nonagesimo
1678 3691 1872 3734 octavo
1905 3697 1995 3734 oc-

393 3787 632 3847 cupante
653 3775 944 3830 Tdhahero
967 3773 1141 3827 Ebnol
1167 3771 1368 3826 ilosain
1399 3772 1548 3825 urbis
1578 3779 1784 3838 partem
1817 3771 1998 3824 orien-

394 3866 578 3931 talem,
619 3864 882 3919 iiozaima
905 3861 1317 3920 occidentalem,
1352 3869 1516 3928 atque
1581 3859 1848 3912 llomaido
1883 3859 1997 3913 Ebn

395 3957 752 4012 AbdilHamid
779 3955 1007 4009 Tuseusi
1060 3963 1292 4023 quatuor
1324 3953 1391 4004 ab
1443 3950 1628 4005 eadem
1681 3951 1999 4021 parasangis

395 4046 637 4101 sedente.
699 4042 1058 4122 417-419
1120 4041 1527 4110 l’rzrl‘ectusque
1584 4049 1667 4094 est
1726 4039 1996 4097 AlHosain

397 4137 512 4192 Ebn
538 4137 663 4191 Sabl
687 4136 882 4198 Erako,
915 4137 968 4189 in
995 4135 1154 4205 cujus
1186 4142 1509 4204 potestatem
1533 4143 1799 4188 venerunt
1834 4128 1999 4190 Eraki

399 4221 634 4285 ditiones
685 4244 902 4298 unaque
938 4229 1076 4282 aliae.
1113 4226 1353 4281 Fuerunt
1385 4239 1561 4281 autem
1593 4227 1845 4296 regiones
1884 4243 2004 4282 omo

401 4339 501 4377 nes
547 4321 794 4376 dissidiis
827 4321 1022 4388 plenae,
1051 4334 1173 4374 cum
1208 4319 1262 4372 in
1296 4318 1528 4386 singulis
1560 4328 1744 4373 essent
1773 4317 1865 4388 qui
1895 4319 2001 4374 sibi

403 4413 694 4483 imperium
761 4409 1116 4463 vendit-arent
1154 4416 1262 4462 tam
1294 4422 1358 4462 ex
1394 4406 1480 4459 Ali
1519 4406 1804 4475 prognatis
1833 4421 1997 4476 quam

402 4505 545 4559 aliis.
580 4500 876 4556 Discedens
913 4509 1090 4554 autem
1137 4498 1423 4554 Albiamun
1457 4513 1488 4553 e
1511 4497 1833 4552 Chorasano
1863 4497 2000 4570 Bag-

2091 3234 2145 3288 in
2173 3234 2461 3290 Palaestina
2493 3243 2656 3303 atque
2679 3231 3078 3304 Hierosolymis
3106 3234 3280 3288 fames
3309 3233 3519 3304 gravis,
3557 3247 3685 3286 cum

2092 3329 2434 3384 locustarum
2489 3324 2869 3388 multitudine,
2929 3325 3065 3380 adeo
3121 3333 3183 3377 ut
3235 3323 3378 3378 fame
3441 3322 3688 3391 perirent

2095 3419 2366 3480 homines,
2400 3416 2761 3488 fugerentque
2793 3411 3105 3472 Moslemini
3139 3413 3539 3485 Hierosolymis
3574 3429 3686 3480 prae

2105 3525 2340 3564 annonae
2387 3508 2642 3571 caritate,
2693 3523 2875 3577 neque
2911 3522 3102 3562 eorum
3151 3506 3350 3561 ibidem
3384 3505 3552 3575 aliqui
3593 3520 3688 3558 su-

2097 3607 2379 3671 peressent
2408 3595 2766 3670 421-ﬁ23
2821 3596 3013 3666 paucis
3065 3596 3361 3652 admodum
3418 3598 3686 3660 exceptis.

2099 3693 2340 3747 Thomas
2373 3707 2506 3760 ergo
2545 3689 2865 3760 patriarcha
2922 3686 3042 3758 (qui
3091 3685 3313 3746 Tamrik
3366 3688 3538 3755 audit)
3591 3703 3688 3757 0p,—

2103 3782 2498 3855 portunitatem
2548 3783 2711 3838 hanc.
2764 3795 2872 3848 qua
2924 3777 3262 3834 Moslemniis
3315 3795 3483 3833 vacua
3540 3788 3688 3835 esset

2103 3875 2256 3939 urbs,
2290 3875 2562 3936 lucratus,
2591 3872 2829 3943 Cyprum
2883 3872 3108 3927 mittens
3145 3871 3280 3926 caedi
3333 3872 3542 3926 curavit
3594 3887 3688 3926 eeo

2102 3971 2326 4023 drorum
2361 3976 2416 4021 et
2449 3966 2690 4021 abietum
2726 3965 3128 4034 quinquaginta
3185 3973 3436 4028 truncos,
3479 3979 3688 4035 eosque

2103 4057 2484 4128 ilierosolyma
2515 4054 2738 4109 adduci.
2773 4052 3014 4123 Fuitque
3058 4054 3144 4108 vir
3175 4053 3400 4122 quidam
3435 4069 3502 4109 ex
3532 4054 3690 4110 Burse

2103 4152 2155 4206 in
2189 4150 2425 4222 Egypto
2481 4148 2689 4204 incolis
2743 4146 2975 4201 nomine
3024 4146 3227 4201 Bocam
3279 4147 3479 4215 opibus
3509 4147 3690 4205 abun-

2100 4249 2261 4308 dans,
2298 4242 2396 4296 Hic
2427 4243 2496 4297 ad
2547 4241 2815 4296 Thomam
2851 4239 3236 4310 patriarcham
3287 4238 3694 4314 Hierosolymi»

2099 4346 2291 4391 tanum
2329 4351 2584 4403 magnam
2641 4333 2887 4405 pecunia:
2918 4333 3028 4387 vim
3083 4333 3330 4398 mittens,
3367 4350 3474 4405 qua
3515 4342 3692 4392 testu-

2097 4429 2279 4482 dinem
2363 4427 2720 4489 instauraret,
2791 4424 2952 4494 jussit
3000 4441 3031 4480 a
3091 4426 3312 4480 nemine
3373 4425 3689 4483 mortalium

2105 4521 2400 4592 quidquam
2440 4519 2732 4588 accipere:
2788 4517 2935 4587 quod
2995 4517 3041 4571 si
3079 4517 3331 4586 pluribus
3361 4516 3538 4571 adhuc
3596 4533 3693 4590 pc.

403 4598 605 4651 dudum
651 4593 916 4663 pervenit,
993 4606 1180 4645 mense
1233 4590 1446 4660 Saphar
1476 4589 1604 4643 anni
1639 4588 1998 4644 ducentesimi
2032 4594 2079 4650 ο
2108 4588 2292 4678 (Ennii—3
2319 4627 2460 4684 opus
2496 4610 2745 4676 haberet,
2793 4624 2851 4666 se
2883 4609 2950 4664 ad
2983 4610 3165 4680 ipsum
3199 4625 3324 4665 esse
3365 4588 3686 4668 missurum,

403 4691 614 4761 quarti,
634 4687 962 4743 satellitibus
979 4687 1091 4740 suis
1111 4686 1367 4753 praefecto
1385 4682 1674 4738 Tdhahero
1698 4683 1871 4736 Ebnol
1896 4681 2005 4737 Ho-

408 4783 550 4847 saiu,
574 4779 934 4849 hominesque
951 4779 1016 4831 ad
1039 4793 1206 4831 unum
1227 4791 1416 4830 omnes
1433 4790 1656 4830 securos
1677 4789 1798 4831 esse
1814 4775 2000 4844 jussit.

411 4873 705 4943 Superavit
756 4872 921 4925 etiam
949 4870 1306 4924 Abrahimum
1338 4868 1508 4923 Ebnol
1540 4868 1745 4935 Mohdi,
1767 4869 1861 4940 qui
1883 4869 2000 4925 Ebn

414 4964 657 5020 Shaklah
710 4961 905 5027 audiit,
937 4961 1030 5030 qui
1093 4962 1384 5030 imperium
1435 4961 1537 5015 sibi
1605 4960 1998 5024 vindicaverat,

411 5066 576 5126 at;ue
652 5057 951 5125 imperator
1005 5053 1248 5108 fidelium
1320 5054 1634 5124 appellatus
1687 5057 1888 5108 fuerat.
1941 5053 1996 5108 ln

414 5160 638 5205 cmteras
665 5150 826 5201 etiam
867 5145 1119 5215 regiones
1170 5162 1296 5199 cum
1330 5148 1516 5216 copias
1571 5147 1830 5210 mitteret,
1868 5146 2000 5201 sub-

411 5243 612 5313 jugata:
648 5249 777 5294 sunt
831 5237 1069 5292 ditiones
1123 5253 1334 5302 omnes,
1369 5253 1545 5308 eoque
1581 5239 1768 5292 audito
1803 5255 1998 5293 manus

417 5334 688 5387 dederunt
722 5339 988 5399 quotquot
1018 5329 1123 5383 sibi
1155 5337 1476 5397 potestatem
1517 5332 1889 5400 arripuerant,
1945 5343 2000 5388 et

418 5425 788 5478 seditionibus
825 5422 950 5477 finis
1003 5422 1295 5488 impositus
1326 5432 1431 5476 est.
1469 5422 1616 5477 Dixit
1670 5427 1790 5478 Abu
1846 5424 2000 5478 lsaac

417 5517 678 5571 Abrahim
715 5517 834 5570 Ebll
867 5516 918 5569 oi
951 5513 1157 5579 Mohdi,
1193 5516 1284 5584 qui
1344 5515 1459 5570 Ebn
1493 5517 1728 5572 Shaclah
1764 5519 2005 5586 appella-

421 5619 511 5661 tus
543 5616 648 5662 est.
680 5606 798 5660 Non
832 5609 1114 5663 desierunt
1139 5606 1383 5675 epistola:
1439 5607 1580 5662 inter
1617 5609 1868 5663 homines
1904 5613 2002 5662 hac

421 5699 596 5752 ferina
634 5699 888 5763 inscribi,
923 5699 1004 5754 Ab
1041 5697 1106 5752 N.
1145 5698 1258 5752 Ebn
1309 5695 1375 5752 N.
1414 5698 1481 5753 ad
1519 5699 1584 5754 N.
1637 5699 1753 5754 Ebn
1804 5699 1869 5754 N.
1910 5712 2004 5757 aut

424 5793 494 5850 ab
530 5793 630 5848 Abi
662 5791 729 5847 Ν.
773 5793 841 5846 ad
884 5792 985 5846 Abi
1017 5789 1082 5844 N.
1121 5797 1215 5846 aut
1248 5792 1313 5846 ad
1353 5792 1455 5847 Abi
1490 5792 1554 5848 N.
1589 5793 1654 5847 ah
1681 5795 1778 5848 Abi
1818 5794 1883 5848 N.
1909 5805 2002 5852 aut

754 5891 1024 5952 Ρλτιιοι.
1066 5891 1110 5952 G
1127 5911 1185 5953 ιι.
1220 5891 1373 5958 CXI.

2105 4704 2346 4760 Thomas
2381 4718 2512 4773 ergo
2561 4701 2877 4775 patriarcha
2912 4699 3246 4757 testudinem
3300 4701 3564 4771 paulatim
3603 4701 3689 4756 di-

2104 4811 2293 4861 ruens,
2325 4795 2490 4864 lignis
2545 4794 2665 4849 istis
2715 4792 3058 4850 iutromissis
3111 4793 3505 4862 superstruxit.
3538 4791 3688 4848 Vidit

2102 4904 2284 4946 autem
2341 4889 2397 4944 in
2456 4887 2755 4948 insomnio.
2790 4903 2822 4943 e
2878 4887 3137 4944 columna
3196 4887 3433 4955 quadam
3491 4901 3556 4940 ex
3618 4886 3689 4941 iis

2100 4979 2742 5052 quibus‘sustentabatur
2775 4978 2992 5034 testudo
3029 4974 3268 5049 [templi]
3300 4974 3691 5033 Resurrectio-

2105 5074 2192 5128 nis
2221 5072 2558 5144 prodeuntes
2606 5069 2967 5140 quadraginta
3006 5069 3159 5126 viros
3204 5067 3299 5137 qui
3347 5070 3681 5124 testudinem

2100 5165 2462 5227 sustinerent,
2504 5178 2575 5217 ne
2598 5161 2842 5226 caderet,
2880 5160 2981 5235 [e]
3030 5161 3290 5218 columna
3321 5163 3533 5218 scilicet
3562 5177 3686 5232 quae

2101 5254 2286 5309 domui
2314 5253 2600 5324 supposita
2628 5261 2712 5307 est
2739 5271 2752 5308 :
2779 5261 3138 5324 experrectus
3166 5269 3298 5324 ergo
3329 5254 3464 5314 dixit
3491 5273 3507 5311 :
3547 5251 3690 5308 Sunt

2101 5346 2466 5416 quadraginta
2496 5344 2572 5398 illi
2612 5343 2704 5412 qui
2738 5343 3071 5399 testudinem
3107 5347 3406 5411 sustinent,
3449 5344 3690 5412 quadra-

2105 5438 2250 5506 ginta
2284 5448 2590 5508 martyres:
2625 5435 2987 5506 quadraginta
3015 5452 3146 5507 ergo
3171 5442 3322 5509 tigna
3356 5437 3411 5492 in
3447 5437 3686 5492 testudi-

2105 5542 2227 5580 nem
2259 5527 2512 5591 immisit,
2554 5540 2788 5594 quorum
2821 5527 3252 5598 unumquodque
3286 5527 3411 5581 sinu
3448 5525 3691 5594 comple-

2103 5628 2344 5687 eteretur
2379 5621 2541 5674 homo
2571 5621 2636 5675 ad
2662 5637 2947 5677 numerum
2975 5619 3340 5692 quadraginta
3366 5627 3687 5690 martyrum.

2118 5709 2319 5779 Estque
2368 5713 2621 5764 columna
2660 5712 2763 5766 ista
2809 5728 2933 5782 quae
2989 5712 3093 5768 sita
3127 5722 3268 5769 este
3310 5712 3531 5780 regione
3579 5710 3697 5782 pul-

2107 5799 2202 5870 pili
2253 5814 2413 5860 secus
2460 5800 2629 5866 altare
2691 5803 2757 5854 ad
2797 5802 2943 5859 latus
3005 5802 3264 5867 australe,
3296 5801 3448 5870 juxta
3502 5815 3690 5871 quam,

3301 5898 3372 5958 .36
