4116 6404
465 368 596 432 1131

1504 362 1869 426 EUTYCHII
1910 358 2445 423 ALEXANDRINI
2486 363 2706 425 PATR.

3594 364 3732 429 1132

461 486 675 550 quoties
734 478 897 533 fuerit
932 477 1134 532 festum
1190 477 1554 547 quadraginta
1610 484 1935 545 martyrum,
1969 472 2120 533 fe-A
2151 473 2421 542 quispiam
2476 490 2583 528 una
2624 484 2851 544 excepta
2901 475 3032 541 filia,
3090 490 3255 546 quam
3306 477 3567 533 demenso
3622 480 3728 535 isto

457 584 600 626 stum
649 573 714 625 iis
749 570 1054 624 celebrant.
1106 568 1357 638 Cumque
1385 567 1498 637 jam
1537 566 1861 637 perfecisset
1889 563 2041 617 'l‘ho-

459 680 576 719 mas
628 663 946 733 patriarcha
1003 663 1463 718 instaurationem
1516 658 1683 732 424
1744 656 2041 713 testudinis

458 752 777 827 [immissis]
829 754 1018 822 tignis,
1073 767 1309 822 eamque
1342 760 1395 807 et
1434 753 1688 823 superius
1724 759 1777 805 et
1809 749 2041 805 inferius

459 848 848 909 incrustasset,
891 844 1177 899 aedificavit
1234 856 1401 913 supra
1435 843 1765 897 testudinem
1820 840 1983 895 istam
2012 855 2042 893 e

455 939 622 1007 lignis
652 946 707 991 et
739 936 921 1000 aliam,
982 949 1049 990 eo
1082 936 1224 989 inter
1260 935 1408 1005 ipsas
1462 934 1653 989 relicto
1703 933 1883 1003 spatio
1933 946 2042 1001 quo

453 1029 707 1085 incedere
737 1028 863 1098 quis
896 1028 1096 1098 possit.

525 1122 662 1176 Cum
701 1132 833 1187 ergo
862 1133 926 1173 ex
975 1119 1211 1190 Egypto
1267 1126 1639 1173 reverteretur
1669 1115 1843 1172 Obaid
1877 1115 2037 1169 Allah

453 1214 571 1268 Ehn
634 1214 893 1269 Tdhaher
951 1209 1269 1280 Bagdadum
1328 1208 1586 1272 tendens,
1636 1207 1917 1277 querelam
1969 1205 2034 1259 ad

450 1307 631 1376 ipsum
679 1305 996 1362 detulerunt
1032 1302 1361 1368 Moslemiui,
1387 1300 1733 1357 Christianos
1761 1308 2036 1369 trangres-

449 1414 563 1461 sos,
601 1397 736 1453 illud
770 1397 915 1467 quod
969 1411 1074 1450 non
1128 1396 1321 1450 liceret
1353 1393 1489 1464 ipsis
1526 1391 1749 1455 fecisse,
1808 1389 2034 1444 testudi-

447 1505 572 1545 nem
630 1490 880 1545 ecclesiae
938 1487 1385 1543 Resurreetionis
1440 1486 1763 1553 diruentes;
1801 1495 2035 1553 eamque

446 1596 569 1635 cum
602 1596 767 1651 parva
816 1588 988 1644 esset,
1025 1589 1321 1649 augentes,
1355 1579 1494 1634 adeo
1551 1588 1607 1633 ut
1657 1592 1819 1647 quam
1870 1581 2031 1629 antea

445 1672 626 1726 fuerat
662 1672 839 1741 major
893 1672 1149 1727 evaderet
1184 1685 1239 1726 et
1268 1671 1603 1725 testudinem
1641 1668 1816 1723 Petrae
1846 1667 2035 1722 altitu-

443 1764 573 1818 dine
608 1773 918 1834 superaret.
959 1764 1286 1818 Obaidallah
1342 1779 1477 1833 ergo
1518 1763 1851 1818 accersitum
1884 1758 2032 1814 Tho-

444 1870 588 1908 mam
641 1856 1035 1925 patriarcham,
1097 1857 1350 1922 aliosque
1400 1871 1522 1910 cum
1580 1870 1645 1910 eo
1699 1853 1924 1918 multos,
1975 1851 2030 1906 in

376 1928 385 1945 ’
442 1961 723 2000 carcerem
756 1947 1015 2015 conjecit,
1052 1946 1195 2001 hanc
1234 1947 1288 2000 in
1325 1961 1435 2001 rem
1471 1946 1861 2016 inquisiturus,
1896 1954 1956 1998 ut
1984 1942 2032 1998 si

442 2057 635 2097 verum
671 2045 1074 2112 eomperiretur
1128 2041 1263 2096 illud
1314 2041 1475 2109 cujus
1526 2038 1830 2093 insimulati
1879 2046 2029 2103 sunt,

442 2132 629 2203 ﬂagris
664 2134 811 2203 ipsos
843 2134 1102 2188 caederet.
1153 2133 1235 2186 Ad
1262 2148 1402 2202 quos
1437 2146 1567 2202 ergo
1601 2146 1825 2185 carcere
1858 2129 2034 2184 inclu-

442 2241 536 2280 sos
573 2234 739 2279 noctu
772 2224 1043 2281 accedens
1081 2240 1251 2280 senex
1306 2223 1530 2294 quidam
1583 2222 2029 2285 Mohammedita,

442 2314 666 2370 Thoma:
694 2316 1025 2385 patriarcha:
1052 2316 1133 2371 sic
1163 2316 1345 2371 dixit:
1391 2315 1504 2383 Ego
1555 2317 1856 2371 educturus
1904 2329 2025 2368 sum

442 2417 494 2461 te
548 2416 959 2478 argumentum,
1015 2422 1125 2477 quo
1154 2415 1207 2462 et
1260 2415 1315 2461 tu
1350 2416 1404 2461 et
1436 2408 1667 2462 comites
1700 2409 1777 2461 tui
1811 2406 2026 2461 evasuri

439 2499 596 2562 estis,
630 2499 933 2554 auxiliante
966 2499 1099 2567 Deo,
1152 2515 1254 2555 nec
1311 2517 1418 2555 non
1452 2509 1505 2554 et
1536 2501 1790 2567 testudo;
1838 2514 1904 2554 eo
1931 2514 2028 2569 pa-

440 2605 552 2660 cto,
587 2595 633 2649 si
664 2594 797 2649 mihi
832 2595 1105 2664 spondeas
1149 2595 1407 2650 daturum
1458 2608 1509 2651 te
1544 2596 1675 2649 mihi
1731 2595 1880 2649 mille
1926 2610 2027 2651 au-

440 2702 585 2752 reos,
616 2688 861 2759 mihique
907 2697 962 2743 et
984 2688 1171 2746 liberis
1215 2689 1354 2745 meis
1380 2689 1789 2759 liberorumque
1825 2687 2031 2752 liberis,

451 2777 629 2833 donec
702 2778 994 2845 deﬁciant,
1062 2781 1117 2835 in
1184 2789 1509 2850 perpetuum
1582 2780 1891 2834 exhibit‘Jm
1964 2779 2030 2833 iri

438 2869 757 2925 demensum
817 2886 885 2926 ex
936 2870 1100 2942 hujus
1149 2872 1442 2928 testudinis
1488 2873 1777 2932 reditibus.
1840 2886 2028 2941 quem-

446 2961 736 3015 admodum
831 2963 1213 3019 sacerdotibus
1269 2973 1324 3018 et
1398 2963 1671 3019 diaconis.
1758 2961 2029 3017 Promisit

438 3067 567 3122 ergo
603 3053 707 3123 ipsi
769 3052 1013 3111 Thomas
1064 3055 1380 3125 patriarcha
1436 3057 1619 3111 omnia
1667 3070 1789 3126 quae
1841 3054 2018 3124 petiit,

2144 565 2376 631 privavit
2409 565 2555 621 Elias
2588 564 2703 620 Ebn
2735 565 2959 621 Mansur
2988 567 3301 637 patriarcha
3334 566 3727 647 Hierosolymi-

2145 665 2327 709 tanus.
2367 654 2581 710 Mortuo
2615 666 2794 711 autem
2820 657 3029 711 Thoma
3062 657 3397 726 patriarcha,
3436 659 3728 729 praefectus

2142 756 2225 801 est
2258 756 2382 816 post
2435 749 2611 817 ipsum
2662 749 2967 818 discipulus
3002 750 3199 819 ipsius,
3236 753 3455 807 nomine
3490 752 3729 820 Basilah,

2141 835 2535 907 Hierosolymis
2588 840 2947 907 patriarcha:
3015 840 3179 909 idque
3232 857 3379 895 anno
3433 844 3729 899 chalifatus

2142 926 2485 984 AlMamunis
2536 932 2809 1000 septimo;
2843 931 3159 986 cathedram
3218 940 3398 988 autem
3436 937 3729 1004 occupavit

2142 1017 2365 1073 Basilah
2398 1035 2575 1076 annos
2608 1022 2799 1092 viginti
2850 1024 3121 1094 quinque,
3174 1024 3301 1080 dein
3350 1028 3510 1081 obiit.
3567 1029 3728 1083 Anno

2138 1109 2317 1176 primo
2355 1110 2649 1166 chalifatus
2699 1112 3038 1171 AlMamunis
3063 1117 3394 1173 constitutus
3428 1118 3521 1173 Iob
3554 1119 3722 1188 patri-

2135 1200 2303 1254 archa
2336 1201 2732 1267 Antiochenus,
2770 1207 2861 1275 qui
2886 1221 3060 1262 annos
3091 1209 3311 1277 triginta
3338 1227 3509 1264 unum
3555 1213 3725 1266 sedit.

2212 1289 2488 1359 Reversus
2520 1306 2700 1349 autem
2728 1296 3049 1353 Obaidollah
3078 1301 3193 1355 Ebn
3219 1300 3497 1357 Tdhaheri
3524 1302 3718 1374 Bagdao

2138 1387 2290 1450 dum,
2344 1386 2411 1441 ad
2454 1388 2864 1455 Almamunem,
2915 1395 3192 1461 quomodo
3233 1410 3293 1451 se
3328 1396 3593 1454 haberent
3642 1416 3729 1456 res

2132 1479 2187 1534 in
2224 1478 2484 1551 Egyplo,
2514 1481 2755 1552 quidque
2792 1483 2862 1538 ihi
2917 1486 3126 1556 egisset
3158 1504 3269 1557 quo
3317 1502 3438 1543 eam
3491 1489 3546 1544 in
3576 1490 3728 1545 ordi-

2130 1590 2254 1630 nem
2292 1576 2599 1646 redigeret,
2638 1578 2739 1647 ipsi
2776 1578 3062 1636 indicavit.
3098 1580 3230 1637 Post
3269 1582 3382 1638 haec
3412 1587 3728 1646 tumultuati

2136 1678 2269 1725 sunt
2294 1670 2357 1723 Al
2387 1670 2647 1726 Bimaidm
2668 1713 2681 1736 ,
2727 1684 2785 1726 ut
2811 1674 3120 1744 Cophtitice
3147 1674 3429 1742 dicuntur,
3458 1678 3617 1747 cujus
3650 1680 3731 1734 in-

2139 1764 2458 1832 terpretatio
2490 1773 2573 1819 est
2600 1761 2899 1833 Progenies
2922 1767 3423 1836 quadragenorum,
3455 1771 3724 1841 siquidem

2138 1846 2368 1906 Romani
2417 1868 2542 1909 eum
2594 1853 2833 1926 [Egypto
2862 1857 3210 1913 discederent
3261 1871 3573 1931 occupaute
3604 1877 3724 1918 eam

2135 1944 2400 2014 religione
2430 1943 2890 2014 Moliummedica,
2940 1949 3117 2006 relicti
3152 1960 3282 2005 sunt
3325 1966 3391 2006 ex
3441 1952 3581 2023 ipsis
3622 1949 3725 2007 viri

2134 2036 2522 2106 quadraginta,
2542 2040 2633 2109 qui
2666 2040 2851 2096 liberis
2879 2041 2949 2095 ibi
2976 2042 3173 2111 genitis
3202 2044 3547 2114 multiplicati
3575 2057 3725 2111 sunt;

2133 2138 2299 2197 atque
2336 2129 2387 2183 in
2416 2128 2678 2185 inferiore
2715 2141 2875 2187 terra:
2911 2131 3250 2205 Agyptiaem
3283 2146 3440 2207 parte
3462 2141 3727 2208 progenie

2133 2221 2303 2284 aucti,
2344 2222 2597 2291 appellati
2627 2234 2758 2278 sunt
2793 2223 2988 2292 Bimai,
3042 2227 3095 2281 id
3129 2235 3214 2282 est
3242 2228 3610 2301 Quadraginta
3647 2232 3726 2285 vi-

2135 2327 2323 2367 rerum
2357 2315 2663 2383 progenies.
2706 2316 2770 2371 Hi
2818 2317 2986 2386 igitur
3037 2319 3267 2375 rebelles
3311 2318 3439 2375 facti
3486 2320 3726 2392 vectigal

2128 2414 2183 2458 et
2208 2406 2470 2458 tributum
2507 2408 2743 2476 pendere
2798 2411 3111 2465 noluerunt.
3146 2410 3303 2478 Quod
3343 2428 3471 2465 cum
3503 2412 3568 2467 Al
3602 2412 3716 2466 Ma-

2139 2498 2293 2551 Inuni
2348 2499 2654 2554 nuntiatum
2684 2511 2849 2569 esset,
2882 2504 3032 2559 misit
3063 2505 3155 2560 ille
3178 2505 3606 2560 Almotasemum
3635 2518 3727 2559 c0-

2130 2590 2232 2658 piis
2261 2591 2588 2645 instructum
2639 2592 2689 2645 in
2721 2591 3042 2666 Aigyptum,
3068 2612 3232 2666 quem
3282 2612 3464 2666 pugna
3493 2611 3725 2666 excepe-

2134 2689 2262 2735 runt
2295 2682 2356 2734 AI
2382 2682 2658 2748 Bimaidas,
2695 2694 2753 2737 ut
2798 2694 2854 2741 et
2902 2686 3018 2755 ipse
3052 2685 3215 2753 illos;
3252 2702 3391 2756 quos
3439 2698 3490 2741 et
3527 2702 3724 2757 magna

2135 2771 2379 2841 ipsorum
2427 2782 2611 2846 strage
2642 2776 2787 2829 edita
2846 2777 2899 2830 in
2950 2776 3135 2847 fugam
3181 2776 3330 2833 dedit
3384 2778 3727 2848 feminasque

2131 2863 2403 2933 ipsorum,
2455 2875 2507 2921 et
2544 2866 2750 2922 liberos
2802 2866 3120 2940 Bagdadum
3176 2870 3423 2941 captivos
3471 2872 3723 2939 abduxit,

2136 2970 2246 3025 quo
2276 2955 2626 3030 5.29.431
2654 2975 2901 3015 reversus
2925 2967 3008 3014 est
3036 2969 3325 3031 postquam
3352 2960 3641 3033 Egyptum
3666 2965 3721 3019 in

2130 3051 2376 3105 ordinem
2416 3052 2715 3123 redegerat.
2768 3052 2905 3106 Tum
2938 3061 2994 3107 et
3033 3052 3149 3123 ipse
3197 3054 3262 3107 Al
3296 3053 3514 3108 Mamun
3545 3058 3721 3111 comi-

436 3145 691 3213 idemque
720 3148 929 3217 scripto
963 3163 1066 3204 suo
1101 3148 1207 3219 ipsi
1269 3157 1510 3206 testatus
1543 3157 1646 3203 est.
1683 3147 1829 3203 Dixit
1858 3148 2023 3218 igitur
2053 3161 2100 3224 ρ
2131 3151 2284 3199 tante
2334 3142 2401 3197 Al
2450 3141 2752 3198 Motasenio
2805 3146 2858 3197 in
2915 3142 3214 3215 Egyptum
3264 3145 3546 3216 profecws
3598 3159 3720 3217 est,

435 3234 510 3289 illi
540 3254 554 3291 :
601 3236 706 3291 Ubi
759 3248 812 3295 te
840 3240 1239 3295 accersiverint
1272 3254 1337 3294 ac
1369 3240 1692 3295 testimonia
1721 3249 1918 3295 contra
1963 3247 2019 3295 te

434 3328 785 3395 protulerint,
833 3328 1197 3402 325-527
1248 3331 1331 3386 sic
1377 3330 1565 3386 dicas:
1635 3330 1826 3387 Servet
1875 3331 2020 3387 Deus

437 3421 853 3490 imperatorem,
887 3432 1035 3478 certe
1073 3426 1425 3493 reparatione
1461 3440 1600 3493 opus
1631 3425 1828 3480 habuit
1864 3425 2023 3480 locus

438 3512 660 3580 quidam
696 3513 748 3567 in
804 3514 1099 3579 testudine,
1142 3529 1353 3585 egoque
1398 3532 1524 3571 eum
1584 3518 1913 3582 instauravi,
1946 3518 2021 3570 ita

438 3612 497 3656 ut
561 3604 700 3658 nihil
757 3605 977 3661 interim
1026 3607 1325 3672 diruerim,
1361 3609 1493 3662 nihil
1554 3609 1885 3664 addiderim.
1938 3608 2017 3663 Illi

434 3704 614 3751 autem
653 3698 749 3767 qui
787 3699 1168 3755 testimonium
1223 3701 1513 3771 perhibent
1548 3712 1738 3757 contra
1796 3717 1883 3758 me
1935 3712 2018 3757 te-

433 3798 649 3845 stantur
710 3791 1039 3846 testudinem
1097 3792 1363 3847 minorem
1424 3792 1598 3849 fuisse
1649 3808 1817 3864 quam
1869 3808 2018 3850 nunc

432 3889 535 3944 est,
572 3895 767 3950 meque
796 3882 843 3935 ei
870 3881 1147 3937 addidisse
1182 3901 1197 3948 ;
1228 3885 1530 3954 interroget
1559 3900 1689 3956 ergo
1732 3887 1884 3956 ipsos
1915 3886 2015 3940 im-

433 3984 669 4040 perator,
703 3981 906 4042 quanta
944 3973 1111 4029 fuerit
1155 3974 1450 4030 testudinis
1492 3991 1673 4046 parvae
1702 3989 1888 4046 quam,
1934 3976 2014 4031 uti

432 4074 739 4131 autumant,
771 4066 943 4130 dirui,
975 4068 1257 4122 crassities
1291 4078 1604 4137 quantaque
1637 4068 1799 4137 hujus
1849 4082 2013 4138 quam

431 4159 675 4213 exstruxi
719 4170 885 4227 atque
936 4160 1258 4229 ampliorem
1290 4157 1420 4223 feci,
1464 4175 1574 4230 quo
1603 4161 1744 4215 sciat
1774 4162 2015 4229 impera-

432 4259 519 4302 tor
554 4258 817 4319 quantum
867 4251 937 4305 sit
985 4251 1127 4328 inter
1178 4258 1468 4321 utramque
1521 4267 1550 4306 a
1604 4268 1691 4308 me
1746 4252 2012 4307 additum.

432 4344 619 4414 Neque
652 4348 795 4400 enim
832 4362 1073 4416 unquam
1125 4351 1230 4403 hoc
1261 4348 1405 4403 scire
1439 4358 1695 4417 possunt.
1753 4347 1849 4403 Die
1884 4363 2014 4417 ergo

433 4438 676 4491 Crastino
703 4438 986 4493 accersitis
1016 4437 1231 4494 Thoma
1272 4440 1591 4510 patriarcha
1632 4449 1686 4496 et
1715 4440 2013 4495 comitibus

2130 3252 2363 3308 eamque
2392 3237 2677 3307 ingressus
2701 3237 2787 3292 die
2812 3236 3063 3301 Veneris,
3098 3239 3302 3294 mensis
3327 3239 3391 3294 Al
3413 3239 3718 3295 Maharram

2129 3344 2299 3394 nono,
2334 3343 2478 3384 anno
2517 3326 2694 3398 Hejrae
2720 3329 3097 3385 ducentesimo
3126 3331 3341 3387 decimo
3369 3333 3620 3401 septimo,
3655 3347 3722 3389 ac

2130 3419 2309 3489 primo
2334 3418 2541 3473 mensis
2573 3416 2787 3488 Saphar
2814 3419 2881 3474 ad
2913 3419 2979 3474 Al
3005 3418 3279 3475 Bimaidas
3306 3419 3581 3489 profectus
3607 3430 3718 3490 est;

2131 3510 2254 3565 dein
2292 3510 2362 3566 ab
2393 3511 2528 3581 ipsis
2560 3526 2817 3566 reversus
2874 3509 3134 3567 Metsrain
3182 3522 3238 3566 et
3267 3511 3595 3568 Phustatum
3634 3515 3720 3568 in-

2129 3618 2354 3673 gressus
2406 3616 2493 3658 est
2540 3603 2631 3658 die
2682 3602 2933 3670 Sabbati,
2968 3604 3175 3660 mensis
3231 3604 3447 3676 Saphar
3498 3607 3717 3663 decimo

2128 3704 2349 3761 quarto,
2379 3703 2542 3767 atque
2577 3712 2641 3752 ex
2678 3695 2913 3766 Egypto
2946 3698 3211 3755 discessit
3236 3715 3425 3754 mense
3454 3700 3515 3753 AI
3545 3700 3717 3757 Rabia

2126 3790 2294 3860 priori
2324 3788 2567 3858 ejusdem
2615 3789 2767 3843 anni.
2798 3789 2937 3844 Cum
2974 3800 3159 3845 autem
3193 3790 3247 3844 in
3296 3788 3591 3861 IEgyptum
3626 3808 3719 3847 ve-

2128 3880 2299 3935 nisset
2335 3882 2398 3934 Al
2446 3879 2691 3947 Mamun,
2736 3882 2929 3944 turrim
2970 3881 3077 3937 sibi
3112 3882 3388 3937 exstruxit
3424 3882 3477 3937 in
3529 3892 3715 3940 monte

2124 3971 2187 4024 AI
2217 3970 2536 4035 Mokattam,
2571 3971 2624 4025 in
2658 3986 2766 4042 qua
2815 3972 2978 4037 sedit,
3014 3972 3398 4043 appellataque
3436 3981 3523 4029 est
3568 3974 3717 4028 Koh-

2123 4062 2273 4119 batol
2314 4062 2483 4117 liawa
2534 4062 2730 4135 [turris
2766 4063 3077 4136 desiderii].
3128 4065 3371 4121 Aderant
3418 4078 3599 4121 autem
3650 4067 3716 4122 Al

2122 4155 2365 4211 Μαιηυηὶ
2397 4156 2725 4212 cubicularii
2755 4158 2867 4211 duo
2905 4157 3228 4222 Christiani,
3268 4159 3364 4229 qui
3398 4174 3523 4214 cum
3552 4161 3716 4233 longe

2122 4248 2382 4303 abessent
2439 4248 2692 4303 ecclesia:
2714 4262 2837 4319 qua“:
2869 4249 2925 4303 in
2958 4249 3164 4319 palatio
3194 4260 3374 4317 erant,
3404 4254 3619 4323 copiam
3645 4256 3716 4309 ab

2120 4338 2184 4392 Al
2216 4335 2469 4393 Mamune
2500 4339 2863 4409 impetrarunt
2892 4340 3182 4396 ecclesiam
3214 4343 3268 4396 in
3295 4358 3400 4413 qua
3428 4359 3587 4400 orare
3612 4360 3714 4416 po-

2121 4438 2329 4494 terant,
2381 4430 2709 4496 aedifieandi,
2763 4446 2887 4503 quae
2936 4448 2966 4487 a
3012 4432 3271 4489 Kobbatil
3319 4434 3485 4491 Hawa
3540 4453 3721 4510 prope

433 4530 630 4599 ipsius,
688 4531 917 4585 aderant
973 4531 1137 4587 etiam
1199 4532 1488 4600 Moslemii,
1528 4532 1621 4604 qui
1657 4534 1838 4588 testati
1897 4539 2023 4587 sunt

2130 4521 2343 4575 abesset
2374 4539 2386 4574 :
2418 4522 2567 4592 quod
2606 4522 2699 4577 illo
2733 4524 2869 4593 ipsis
2912 4526 3269 4593 concedente,
3318 4536 3715 4586 exstruxerunt

435 4632 651 4677 auctam
690 4622 862 4677 fuisse
896 4626 1251 4689 testudinem,
1286 4635 1473 4680 contra
1506 4640 1645 4695 quos
1673 4640 1739 4680 eo
1763 4642 1894 4680 usus
1935 4634 2020 4680 est

433 4721 759 4783 argumento
795 4712 1055 4770 Thomas.
1117 4714 1266 4769 Dixit
1313 4716 1479 4787 igitur
1516 4717 1651 4787 ipsis
1686 4715 2015 4771 Obaidollah

432 4802 546 4857 Ebn
598 4802 907 4860 Tdhaheri:
942 4806 1140 4861 Verum
1177 4817 1263 4863 est
1316 4809 1459 4878 quod
1512 4809 1822 4879 praetendit,
1865 4810 2009 4877 quod

430 4906 483 4948 et
512 4910 611 4949 nos
647 4897 749 4965 ipsi
804 4896 1271 4953 confirmabimus.
1334 4898 1576 4955 lndicate
1629 4901 1761 4954 mihi
1816 4909 2019 4971 quanta

430 4996 550 5039 erat
587 4987 882 5043 testudinis
922 4998 1215 5059 antequam
1267 4991 1448 5045 diruta
1503 4990 1631 5055 fuit,
1686 4993 2020 5048 crassities?

430 5088 743 5147 quantaque
819 5079 922 5132 hoc
972 5080 1264 5150 tempore?
1319 5080 1797 5153 Respondentibus
1838 5084 2015 5153 ipsis:

432 5170 541 5223 Nos
573 5170 677 5222 hoc
708 5169 1141 5238 explorabimus,
1197 5172 1503 5228 dissolutus
1557 5180 1641 5227 est
1697 5187 2013 5238 consessus,

429 5260 824 5332 profectusque
855 5270 937 5316 est
966 5260 1290 5318 Obaidallah
1324 5262 1442 5318 Ebn
1496 5262 1757 5319 Tdhaher
1815 5265 2014 5319 Dama-

430 5370 582 5410 scum
610 5372 623 5408 :
662 5352 904 5410 Thomas
931 5363 1112 5409 autem
1138 5355 1473 5425 patriarcha,
1501 5364 1555 5411 et
1581 5356 1809 5412 comites
1842 5357 2013 5426 ipsius

431 5447 809 5519 Hierosolyma
890 5449 1099 5503 reversi
1163 5456 1291 5501 sunt
1355 5448 1556 5519 gaudio
1602 5448 1802 5504 affecti.
1857 5449 2013 5504 Dedit

428 5556 557 5610 ergo
595 5538 835 5594 Thomas
868 5539 1179 5609 patriarcha
1223 5541 1362 5608 {seni
1413 5540 1504 5593 isti
1559 5539 2012 5596 Mohammedano

430 5622 577 5683 mille
610 5645 839 5695 aureos;
877 5646 978 5685 nec
1008 5630 1290 5686 desierunt
1319 5629 1567 5685 exhiberi
1618 5631 1720 5700 ipsi
1752 5631 2011 5687 demensa

431 5730 490 5769 et
532 5731 656 5787 post
711 5722 890 5790 ipsum
938 5722 1123 5778 liberis
1174 5724 1368 5793 ipsius,
1424 5739 1525 5779 nec
1557 5739 1666 5779 non
1710 5724 2008 5778 liberorum

431 5808 641 5871 liberis,
708 5812 881 5867 donec
941 5814 1087 5868 haud
1153 5825 1470 5884 superesset
1531 5831 1598 5871 ex
1669 5816 1805 5886 ipsis
1842 5814 2009 5888 428

2116 4613 2407 4668 ecclesiam
2445 4613 2663 4670 Sanctae
2704 4615 2911 4682 Mariae,
2969 4634 3090 4687 quae
3128 4621 3282 4690 juxta
3330 4631 3551 4691 pontem
3593 4632 3703 4689 est,

2116 4714 2281 4775 atque
2309 4705 2472 4760 hodie
2504 4708 2811 4775 appellatur
2839 4709 3086 4764 Ecclesia
3130 4709 3532 4779 Romanorum,
3582 4730 3707 4771 cum

2116 4807 2273 4851 antea
2319 4808 2609 4852 vocaretur
2656 4798 2901 4855 Ecclesia
2937 4800 3173 4856 duorum
3209 4802 3710 4862 cubiculariorum.

2113 4889 2311 4945 Fertur
2342 4890 2491 4959 ipsos
2518 4905 2638 4946 eam
2666 4893 3010 4949 exstruxisse
3042 4894 3291 4966 reliquiis
3316 4897 3533 4953 aediﬁcii
3564 4897 3712 4952 Koh-

2116 4982 2253 5037 batil
2309 4980 2501 5037 llawa.
2559 4980 2844 5038 Exstruxit
2898 4983 3061 5038 etiam
3104 4986 3405 5044 AlMamun
3466 4991 3519 5045 in
3572 4993 3705 5046 Said

2114 5075 2337 5146 regione
2362 5073 2685 5145 Egyptiaca
2716 5075 3049 5140 columnam,
3082 5094 3193 5148 quo
3218 5080 3579 5149 dignoscatnr
3601 5083 3706 5139 Nili

2112 5170 2539 5233 incrementum,
2575 5170 2703 5221 loco
2752 5169 2845 5237 qui
2883 5166 3089 5225 Shurat
3138 5177 3448 5244 appellatur
3497 5178 3550 5230 iu
3585 5178 3708 5233 vico

2121 5258 2457 5314 Babanudah
2500 5259 2671 5314 dicto.
2718 5258 3054 5317 lnslauravit
3113 5263 3256 5319 idem
3304 5280 3621 5323 mensuram
3651 5269 3705 5323 in

2120 5350 2392 5407 Achmim.
2437 5351 2520 5407 Ad
2548 5352 2612 5406 Al
2640 5351 2951 5409 Mamunem
2979 5354 3141 5426 432
3175 5366 3359 5412 autem
3410 5360 3707 5429 accedens,

2121 5446 2386 5501 Bocamus
2415 5444 2819 5502 Cbristianuse
2853 5447 3013 5504 Bura:
3040 5449 3260 5518 incolis,
3297 5451 3387 5506 ille
3414 5454 3507 5522 qui
3541 5469 3705 5509 num.

2124 5554 2244 5594 mos
2279 5540 2427 5594 misit
2454 5540 2520 5594 ad
2549 5541 2963 5596 instaurandam
2993 5542 3290 5598 ecclesiam
3324 5544 3709 5603 Resurrectio-

2118 5632 2225 5697 nis,
2252 5630 2432 5685 abillo
2462 5633 2618 5702 petiit
2650 5642 2707 5689 ut
2736 5634 2893 5691 Bura:
2916 5637 3284 5706 praeficeretur
3312 5640 3489 5697 fdivcs
3522 5650 3705 5696 autem

2116 5724 2408 5778 admodum
2438 5724 2585 5796 fuit),
2613 5727 2700 5781 cui
2737 5727 2802 5781 Al
2828 5728 3073 5796 Mamun,
3109 5727 3444 5801 Religionem
3478 5734 3703 5805 (inquit)

2118 5816 2603 5873 Mohammedicam
2633 5820 2983 5890 amplectere,
3035 5822 3258 5895 erisque
3292 5825 3430 5881 mihi
3479 5839 3693 5893 servus,
