4116 6410
383 373 519 438 1133

1829 366 2196 461 ANNALEs.

3488 376 3628 438 1134

378 502 442 539 ac
481 494 535 537 te
573 482 904 552 praeﬁciam;
953 482 1243 548 respondet
1278 477 1565 543 Bocamus,
1617 478 1941 549 Imperatori
1969 483 2021 543 Α
2048 484 2422 551 pendentibus
2464 499 2493 536 e
2541 482 2775 537 ducibus
2825 483 2890 537 Al
2918 481 3193 541 Mamunis
3242 490 3523 545 nonnullis
3560 491 3629 545 ad

376 576 620 631 ﬁdelium
671 588 956 629 servorum
992 571 1572 626 Mohammedanorum
1610 571 1812 641 myrias
1839 579 1944 637 est,

370 682 553 722 annon
580 665 686 721 erit
720 678 864 719 unus
901 678 1098 718 servus
1128 662 1516 717 Christianus?
1564 659 1769 716 Ridens
1818 676 1947 733 ergo

377 757 698 828 Al|Mamun
728 757 829 826 ipsi
872 754 1249 825 praefecturam
1296 752 1455 808 Bura
1484 760 1541 807 et
1578 753 1817 808 locorum
1850 756 1950 810 ad-

368 848 665 920 jacentium
695 845 990 902 commisit.

460 937 869 1007 Condiditergo
896 936 1051 990 Bura:
1096 933 1296 988 multas
1352 932 1612 988 ecclesias
1662 932 1945 1003 pulchras.

371 1028 534 1084 Juxta
566 1029 791 1099 januam
839 1035 1023 1081 autem
1064 1024 1262 1080 adium
1313 1024 1484 1092 ipsius
1517 1033 1634 1078 erat
1686 1025 1947 1094 templum

372 1117 913 1195 [Mohammedtcum]
960 1132 1273 1172 commune.
1323 1115 1470 1171 Dixit
1500 1130 1631 1187 ergo
1660 1116 1818 1171 Bnrm
1866 1117 1951 1170 in-

370 1214 508 1270 colis
556 1210 1070 1266 Mohammedanis:
1117 1208 1422 1263 Ediﬁcabo
1471 1210 1628 1265 vobis
1687 1208 1949 1277 templum

2050 573 2155 627 hoc
2185 582 2247 627 ut
2279 574 2342 627 Al
2373 573 2653 629 Abbasum
2687 574 2750 628 Al
2775 572 3047 631 Mamunis
3082 562 3251 631 filium
3289 581 3354 633 ad
3398 580 3630 635 chaliia-

2052 671 2161 715 tum
2213 663 2595 731 proveherent.
2632 664 2701 717 At
2732 680 2855 719 cum
2899 663 2967 718 ad
3010 666 3329 737 obsequium
3379 669 3526 725 illius
3569 688 3630 727 se

2052 752 2156 807 lide
2186 754 2312 806 data
2352 756 2729 811 obstrinxerat
2764 756 2828 810 Al
2858 757 3064 823 Abbas,
3108 759 3247 815 idem
3282 761 3446 815 etiam
3486 779 3629 832 prae-

2050 846 2307 898 stiterunt
2336 846 2525 914 reliqui
2564 846 2771 914 duces;
2808 848 3123 919 pet-lataque
3154 858 3237 905 est
3283 852 3633 922 inauguratio

2049 934 2381 1004 Bagdadum,
2440 938 2530 990 ubi
2582 937 2742 991 iidem
2777 940 2824 992 ei
2884 942 3163 1008 pollicitus
3192 952 3275 997 est
3322 942 3442 998 Abu
3485 946 3635 1001 Isaac

2049 1027 2309 1082 Abrahim
2339 1027 2513 1082 Ehnol
2544 1028 2769 1090 Hosain,
2801 1030 2918 1085 libn
2948 1031 3189 1089 Mosaabi
3219 1035 3311 1104 qui
3334 1046 3464 1091 tunc
3498 1046 3638 1093 tem-

2051 1122 2203 1188 poris
2253 1119 2492 1191 Bagdadi
2533 1123 2657 1188 fuit,
2709 1140 2806 1178 nec
2851 1141 2963 1179 non
3014 1128 3345 1198 quicunque
3393 1128 3635 1200 Bagdadi

2050 1218 2208 1264 erant
2249 1209 2593 1267 llashemida:
2640 1229 2703 1267 ac
2734 1213 2925 1270 duces.
2976 1216 3055 1271 Ad
3107 1218 3435 1287 obsequium
3465 1222 3637 1277 etiam

322 1348 325 1351 .
371 1319 661 1361 commune
712 1302 878 1367 aliud,
923 1301 968 1357 si
1012 1302 1271 1369 templum
1318 1301 1455 1365 hoc,
1488 1301 1634 1371 quod
1680 1300 1945 1370 jnxtaja-
2046 1305 2237 1374 ejusse
2275 1304 2875 1360 obstrin'xitAbdollah
2913 1308 3029 1363 Ehn
3081 1308 3357 1365 Tdhaheri
3392 1311 3446 1366 in
3479 1314 3634 1367 Cho-

373 1412 538 1451 nuam
568 1393 767 1450 domus
814 1408 942 1447 mea:
970 1402 1077 1455 est,
1103 1391 1406 1446 dirueritis.
1454 1391 1553 1445 Cui
1588 1392 1900 1447 Moslemini
1932 1406 1946 1442 :
2052 1409 2271 1460 rasano,
2302 1412 2537 1466 eumque
2571 1398 2635 1449 Al
2665 1397 3025 1453 ilotasemum
3075 1403 3393 1472 appellavit.
3439 1403 3641 1462 Perve-

374 1486 609 1541 Exstrue
639 1484 899 1553 templum
932 1483 1101 1546 aliud,
1134 1497 1234 1537 nos
1272 1481 1546 1554 [interim]
1590 1483 1695 1538 hoc
1730 1482 1786 1537 in
1820 1492 1953 1537 tem-
2055 1485 2133 1538 nit
2164 1495 2345 1541 autem
2404 1489 2468 1541 Al
2522 1488 2781 1545 Motasem
2842 1490 3155 1560 Bagdadum
3208 1494 3375 1549 initio
3433 1499 3640 1553 mensis

373 1578 466 1647 pio
495 1576 804 1638 orabimus,
833 1583 885 1626 at
910 1587 1031 1627 cum
1067 1572 1329 1640 templum
1372 1571 1502 1625 illud
1535 1571 1861 1639 absolveris,
1893 1572 1950 1626 in
2054 1576 2377 1646 Ramadani,
2431 1596 2577 1635 anno
2622 1581 3001 1638 ducentesimo
3054 1586 3268 1641 decimo
3319 1598 3512 1643 octavo
3541 1628 3557 1653 ,
3606 1604 3639 1643 a

379 1682 446 1722 eo
476 1666 780 1730 orabimus,
813 1676 978 1733 atque
1013 1664 1115 1717 hoc
1157 1664 1460 1717 diruemus.
1508 1662 1791 1717 Exstruxit
1822 1678 1952 1732 ergo

378 1757 635 1825 templum
686 1769 965 1826 magnum,
1019 1756 1342 1824 pulchrum;
1391 1755 1536 1823 quod
1591 1770 1716 1808 cum
1768 1755 1948 1809 absol-

2054 1685 2159 1738 qua
2186 1686 2290 1725 non
2334 1672 2592 1728 discessit
2634 1690 2809 1744 usque
2848 1675 2916 1730 ad
2947 1693 3156 1731 annum
3191 1679 3641 1735 ducentesimum

2053 1765 2414 1839 437-539
2451 1770 2789 1825 tricesimum
2835 1772 3162 1826 secundum.
3194 1774 3330 1826 Tum
3378 1774 3643 1829 Sarman-

373 1846 563 1911 visaet,
610 1847 796 1901 dixit:
832 1844 1037 1900 Solvite
1081 1846 1213 1899 mihi
1267 1846 1413 1915 quod
1457 1846 1833 1915 promisistis,
1890 1862 1956 1903 ac
1984 1823 2028 1877 Β
2067 1823 2567 1929 τεὶειιητρτοΐθοιυε
2622 1877 2742 1916 eam
2803 1879 2961 1918 muro
3020 1864 3233 1931 cinxit,
3284 1865 3472 1933 ibique
3515 1879 3643 1919 cum

377 1939 637 2007 templum
683 1938 828 2008 quod
864 1937 931 1992 ad
965 1937 1190 2007 januam
1224 1952 1400 1992 meam
1438 1948 1544 2000 est.
1596 1938 1799 1994 diruite
1824 1956 1839 1994 :
1868 1938 1959 1994 cui

378 2030 497 2086 illi:
528 2028 680 2084 Haud
717 2030 1039 2100 permissum
1089 2039 1175 2084 est
1226 2028 1385 2084 nobis
1434 2030 1701 2100 religione
1748 2039 1960 2097 nostra,

378 2131 438 2176 ut
468 2123 726 2192 templum
764 2122 817 2177 in
862 2137 974 2192 quo
1019 2124 1333 2188 oravimus,
1367 2123 1434 2178 ad
1471 2138 1663 2193 preces
1695 2140 1961 2181 convoca-

373 2215 577 2279 vimus,
612 2224 666 2267 et
693 2214 1074 2280 convenimus,
1111 2214 1423 2280 diruemus,
1461 2230 1804 2284 nequaquam
1854 2216 1958 2271 hoc

375 2306 641 2377 permittit
687 2306 881 2375 religio
932 2316 1118 2359 nostra
1156 2324 1170 2359 :
1218 2321 1284 2361 eo
1334 2323 1462 2377 ergo
1519 2323 1628 2377 quo
1677 2323 1736 2363 se
1770 2308 1957 2363 habuit

374 2405 518 2453 statu
548 2398 798 2452 relictum
827 2406 914 2452 est
960 2396 1321 2469 433-435
1360 2398 1648 2468 templum;
1684 2408 1848 2470 atque
1881 2401 1956 2455 ita

374 2488 535 2544 Burae
585 2488 692 2544 duo
722 2488 944 2544 fuerunt
984 2490 1183 2557 templa
1235 2476 1295 2543 ini
1332 2491 1533 2560 quibus
1562 2494 1948 2562 convenirent;

374 2596 607 2652 quorum
649 2582 705 2635 in
749 2581 854 2635 hoc
890 2596 996 2635 una
1022 2580 1111 2634 die
1142 2579 1391 2644 Veneris,
1423 2581 1476 2635 in
1510 2582 1600 2636 illo
1634 2583 1802 2639 altera
1825 2598 1949 2638 ora-

374 2677 523 2727 bant.
560 2673 830 2726 Bocamus
864 2685 1016 2733 vero,
1040 2686 1163 2725 cum
1190 2679 1334 2726 esset
1361 2671 1479 2727 dies
1506 2665 1749 2737 Veneris,
1779 2675 1948 2729 vesti-

374 2765 480 2820 bus
528 2764 698 2834 nigris
746 2762 1018 2826 indutus,
1068 2763 1358 2833 gladioque
1402 2778 1467 2819 ac
1516 2764 1697 2819 balteo
1736 2765 1955 2823 cinctus

373 2871 518 2924 equo
556 2856 881 2935 vehebatur,
919 2855 1214 2909 comitibus
1263 2855 1378 2910 suis
1431 2857 1687 2925 stipatus,
1716 2872 1955 2927 cumque

375 2950 440 3003 ad
475 2948 730 3017 templum
762 2947 1001 3002 venisset
1030 2947 1102 3001 ibi
1133 2946 1462 3012 sustinebat,
1494 2949 1829 3018 ingrediente
1855 2950 1955 3007 de-

374 3051 565 3111 putato
602 3040 797 3110 ipsius,
846 3040 938 3109 qui
1000 3038 1488 3097 Mohatnmedanus
1539 3040 1661 3106 fuit,
1717 3049 1777 3096 ut
1824 3057 1953 3098 cum

375 3132 580 3203 populo
626 3141 835 3195 oraret,
866 3142 921 3186 et
957 3131 1169 3187 chalil‘ae
1218 3133 1439 3189 nomine
1483 3142 1788 3189 memorato
1817 3149 1955 3190 con-
1987 3171 2033 3233 ο

374 3226 589 3280 cionem
611 3224 865 3290 haberet;
896 3240 959 3280 ac
980 3232 1092 3279 tum
1125 3226 1193 3281 ad
1217 3226 1392 3296 ipsum
1414 3226 1749 3298 egrediente.
1772 3227 1964 3299 Neque

375 3320 657 3375 desierunt
679 3318 973 3375 Christiani
1014 3330 1190 3385 vestes
1218 3321 1404 3392 nigras
1427 3304 1677 3386 induere,
1712 3337 1775 3378 ac
1803 3325 1962 3396 equis

374 3410 522 3474 vehi,
558 3425 732 3480 usque
758 3410 823 3465 ad
856 3420 1073 3481 tempus
1104 3412 1168 3477 Al
1196 3411 1587 3468 Motawacceli.
1650 3414 1959 3471 Reversus-

375 3518 488 3571 que
514 3512 597 3557 est
618 3503 684 3556 Al
708 3502 927 3556 Mamun
968 3502 1305 3573 Bagdadum.
1328 3503 1727 3561 Constantinus
1747 3514 1955 3576 autem,

376 3591 747 3661 Nicephorum
796 3592 1084 3649 Estabraki
1137 3594 1308 3649 ﬁlium
1354 3608 1673 3667 superatum
1728 3613 1853 3652 cum
1897 3599 1953 3653 in

376 3694 700 3755 potestatem
745 3700 901 3740 suam
953 3685 1292 3755 redegisset,
1343 3683 1607 3742 Romanis
1647 3688 1956 3759 imperavit.

376 3775 548 3831 Porro
576 3777 640 3831 AI
666 3775 907 3841 Mamun,
939 3784 1052 3831 tres
1088 3775 1141 3828 in
1199 3778 1386 3831 hostes
1425 3777 1806 3846 expeditiones
1837 3795 1961 3834 sus-

376 3869 539 3938 cepit,
569 3882 801 3936 quarum
829 3866 1016 3920 ultima
1047 3865 1153 3920 fuit
1175 3881 1323 3921 anno
1343 3866 1719 3924 ducentesimo
1748 3869 1963 3925 decimo

374 3970 592 4023 octavo,
613 3967 809 4014 etcum
830 3958 1280 4013 Albadandunam
1306 3958 1667 4028 pervenisset,
1696 3958 1765 4013 ibi
1790 3976 1967 4030 aegro-

381 4051 537 4115 tavit,
583 4050 837 4120 diemque
867 4049 1026 4105 obiit.
1062 4050 1320 4105 Gestatus
1347 4060 1433 4106 est
1474 4064 1605 4120 ergo
1644 4065 1710 4106 ac
1740 4051 1792 4105 in
1828 4052 1963 4106 urbe

377 4139 553 4195 Tarso
579 4141 848 4210 sepultus.
885 4140 1192 4197 Chalifatus
1214 4141 1336 4210 ejus
1361 4156 1427 4197 ex
1465 4155 1574 4211 quo
1602 4142 1655 4195 in
1680 4140 1963 4197 Chorasan

378 4232 577 4288 chalifa
603 4232 877 4289 salutatus
910 4242 995 4288 est
1027 4248 1295 4289 annorum
1334 4233 1434 4288 fuit
1464 4233 1656 4304 viginti
1690 4233 1961 4289 duorum:

379 4326 518 4380 obiit
546 4342 724 4382 annos
757 4336 924 4383 natus
950 4326 1311 4397 quadraginta
1341 4337 1489 4394 octo,
1539 4341 1727 4382 mense
1762 4325 1958 4398 Rajeb,

379 4433 526 4471 anno
570 4418 949 4474 ducentesimo
997 4419 1210 4474 decimo
1245 4428 1463 4475 octavo.
1512 4417 1796 4475 Candidus
1837 4426 1959 4475 erat

381 4506 614 4562 admista
655 4506 960 4570 ﬂavedine,
1015 4507 1153 4562 facie
1188 4516 1448 4573 venusta,
1494 4507 1661 4562 barba
1687 4509 1957 4579 promissa
1993 4548 2017 4602 ι

380 4612 446 4654 ac
470 4599 701 4656 multum
736 4610 1082 4656 canescente.
1104 4600 1448 4656 Satellitibus
1478 4601 1653 4671 ipsius
1673 4600 1961 4671 praefectus

380 4688 483 4745 fuit
512 4689 710 4746 Zobair
742 4690 857 4746 Elin
880 4690 1156 4764 Masaiycb
1183 4690 1510 4747 Dobbensis.
1549 4691 1756 4747 Deinde
1781 4689 1961 4747 Tdhao

381 4782 478 4835 her
508 4780 682 4835 Ebnol
704 4780 944 4847 Hosain;
977 4782 1031 4836 in
1075 4798 1170 4837 eos
1208 4782 1374 4836 etiam
1406 4790 1738 4851 potestatem
1766 4783 1960 4837 habuit

376 4870 544 4944 536
574 4871 724 4928 Isaac
752 4874 875 4929 Ebu
921 4874 1211 4931 Abrahim.
1246 4872 1459 4931 Janitor
1491 4877 1663 4948 ipsius
1712 4877 1812 4931 fuit
1833 4892 1957 4932 cum

381 4963 436 5016 in
462 4964 777 5017 Chorasano
808 4970 971 5029 esSet,
1009 4965 1299 5020 AlHosain
1340 4965 1458 5019 Ebn
1501 4967 1600 5021 Abi
1654 4966 1803 5030 Said,
1844 4976 1959 5021 tum

381 5052 468 5107 Ali
515 5052 629 5107 Ehn
664 5055 765 5109 Abi
815 5054 1001 5108 Salehi
1031 5054 1212 5111 Saheb
1264 5056 1328 5110 Al
1358 5056 1618 5111 Mosailac.
1657 5058 1961 5112 Plurimum

382 5146 522 5214 apud
553 5160 678 5199 eum
703 5147 901 5217 potuit,
936 5146 1093 5200 initia
1119 5147 1416 5202 chaliiatus
1445 5149 1639 5218 ipsius,
1666 5149 1764 5203 Dul
1796 5148 1962 5221 Riya-

382 5235 561 5291 sataiu
584 5238 647 5291 Al
671 5237 908 5293 Phadlus
930 5235 1046 5292 Ebn
1080 5237 1288 5294 Sahali.
1318 5239 1455 5292 Tum
1479 5224 1597 5311 post
1624 5256 1747 5294 eum
1783 5241 1962 5307 multi,

381 5343 413 5382 e
441 5326 664 5398 quibus,
697 5331 759 5382 Al
785 5329 990 5384 Hosain
1029 5329 1145 5384 Ebn
1186 5329 1392 5397 Sahali,
1424 5331 1589 5385 Omar
1639 5329 1755 5386 Ebn
1792 5330 1964 5398 Saidi,

385 5428 441 5475 et
474 5422 679 5477 Ahmed
714 5422 830 5478 Ebn
870 5424 967 5478 Abi
1002 5423 1252 5478 Chaledi.

811 5513 1109 5583 Chulifalus
1140 5514 1206 5567 Al
1244 5513 1545 5571 Molasemi.

461 5604 669 5660 Chaliia
720 5610 1060 5661 renuntiatus
1109 5620 1191 5664 est
1229 5608 1289 5662 Al
1324 5607 1629 5674 Motasem,
1674 5610 1764 5679 qui
1821 5610 1963 5664 idem

389 5704 475 5748 est
534 5698 653 5751 Abu
702 5697 855 5752 Isaac
906 5697 1251 5754 Mohammed
1298 5698 1412 5753 Ebn
1465 5702 1671 5755 llaruni
1702 5701 1966 5756 ‘lltashidi

392 5785 504 5852 (:ui
533 5796 708 5865 mater
732 5788 1275 5870 concubinanomine
1300 5788 1597 5861 Maredah),
1631 5789 1811 5859 Tarsi,
1843 5807 1969 5863 pro-

2066 1950 2401 2005 exercitibus
2426 1952 2543 2007 suis
2575 1953 2758 2008 sedem
2787 1953 2942 2020 fixit;
2979 1955 3149 2011 misso
3180 1957 3469 2026 Aphshino
3497 1958 3646 2012 Con-

2065 2040 2235 2098 darao
2289 2043 2409 2098 Ebn
2463 2043 2627 2099 Causi
2679 2052 2872 2101 contra
2926 2046 3203 2102 Tabacnm
3259 2048 3645 2104 lormensem:

2064 2134 2225 2205 cujus
2259 2135 2393 2191 urbe
2442 2146 2748 2208 expugnata
2808 2137 2988 2207 ipsum
3024 2139 3265 2195 vinctum
3304 2157 3428 2196 cum
3480 2142 3647 2197 sociis

2064 2229 2181 2283 suis
2215 2229 2464 2285 abduxit.
2514 2229 2637 2284 Fuit
2680 2230 3016 2300 expugnatio
3064 2233 3165 2285 ista
3214 2248 3403 2287 mense
3443 2232 3648 2289 itania-

2063 2319 2208 2374 dano
2224 2320 2351 2374 anni
2377 2320 2737 2376 ducentesimi
2764 2321 3004 2377 vicesimi
3034 2323 3283 2377 secundi.
3310 2322 3458 2379 Misit
3480 2326 3644 2380 etiam

2061 2410 2264 2480 Ajil‘um
2298 2409 2415 2465 Ehn
2462 2411 2694 2465 Anbasze
2727 2420 2919 2466 contra
2984 2411 3291 2480 AlZottos,
3343 2414 3434 2483 qui
3481 2416 3535 2469 in
3579 2415 3647 2471 Al

2063 2502 2299 2572 Batayeh
2329 2501 2640 2576 [paludibus
2668 2504 2808 2559 inter
2824 2503 3017 2560 Waset
3042 2515 3096 2560 et
3124 2505 3372 2579 Basram]
3404 2508 3647 2578 fuerunt,

2064 2610 2201 2665 quos
2230 2596 2477 2665 captivos
2510 2611 2699 2651 secum
2749 2598 3000 2652 abduxit.
3040 2597 3336 2653 AlMaziad
3395 2600 3560 2655 etiam
3595 2604 3648 2656 vi

2062 2687 2353 2757 occupavit
2397 2686 2860 2745 Tabarestanum.
2904 2690 3045 2746 Misit
3102 2706 3234 2762 ergo
3279 2692 3645 2747 Abdollahum

2062 2780 2178 2837 Ebn
2230 2781 2504 2837 Tdhaheri
2553 2797 2679 2837 cum
2727 2791 2927 2854 patruo
2975 2799 3078 2839 suo
3132 2784 3198 2837 Al
3229 2782 3407 2839 llasen
3473 2784 3649 2839 Ebnol

2063 2870 2291 2938 Hosain,
2324 2872 2418 2943 qui
2449 2873 2628 2943 ipsum
2661 2874 3022 2943 compedibus
3051 2873 3297 2929 vinctum
3349 2876 3414 2927 ad
3452 2873 3651 2927 AIMo-

2064 2975 2334 3020 tasemum
2374 2964 2624 3020 adduxit.
2671 2963 2903 3020 intravit
2930 2966 3098 3022 etiam
3149 2967 3214 3020 Al
3240 2965 3503 3021 Motasem
3538 2966 3649 3019 ito-

2062 3073 2349 3112 manorum
2406 3057 2655 3127 legiones
2704 3058 2853 3129 ipsas
2899 3068 3296 3128 expugnatum,
3347 3073 3649 3127 secumque

2064 3148 2292 3203 abduxit
2321 3148 2506 3203 lobum
2533 3149 2835 3205 Antiochia.-
2861 3149 3251 3217 patriarcham,
3286 3159 3339 3204 et
3361 3150 3650 3204 obsidione

2068 3235 2239 3290 cinxit
2268 3236 2459 3291 urbem
2490 3236 2802 3307 Ancyram;
2833 3236 2926 3291 ubi
2957 3236 3122 3292 lobus
3170 3235 3487 3306 patriarcha
3536 3235 3651 3292 Ro-

2071 3344 2262 3385 manos
2295 3329 2479 3400 lingua
2522 3328 2771 3384 Romana
2803 3330 3115 3384 allocutus:
3151 3326 3404 3393 Obedite,
3447 3328 3648 3399 inquit,

2066 3422 2205 3491 regi,
2266 3422 2479 3492 ipsique
2532 3422 2799 3477 tributum
2857 3421 3104 3492 pendite.
3165 3420 3361 3477 Melius
3414 3422 3519 3475 hoc
3564 3428 3651 3476 est

2064 3526 2226 3581 quam
2263 3521 2321 3565 ut
2349 3510 2703 3575 occidamini,
2736 3519 2789 3565 et
2818 3510 3017 3581 captivi
3050 3509 3219 3565 ﬁatis.
3259 3507 3494 3563 Romani
3520 3522 3651 3577 ergo

2070 3600 2333 3655 conviciis
2361 3601 2539 3670 ipsum
2569 3615 2632 3653 ac
2656 3599 2930 3670 lapidibus
2958 3600 3260 3670 petierunt.
3290 3599 3354 3652 Al
3384 3597 3648 3652 Mntasem

2069 3699 2251 3745 autem
2282 3700 2495 3759 captam
2528 3690 2714 3744 urbem
2731 3689 2999 3757 Ancyram
3018 3689 3284 3747 incendit.
3313 3686 3450 3741 Tum
3476 3688 3645 3741 Amu-

2068 3782 2205 3834 riam
2260 3778 2572 3849 profectus,
2621 3780 2794 3849 ipsam
2838 3779 3004 3833 etiam
3049 3778 3259 3834 mensis
3305 3778 3487 3848 spatio
3533 3776 3650 3847 (vel

2063 3870 2362 3927 secundum
2404 3870 2552 3925 aliud
2588 3870 2890 3940 exemplar,
2936 3870 3189 3940 pluribus
3225 3870 3533 3939 mensibus)
3554 3872 3653 3923 ob-

2064 3962 2224 4017 sedit.
2256 3960 2419 4017 lobus
2453 3968 2636 4016 autem
2686 3962 2999 4032 patriarcha
3046 3962 3297 4032 quotidie
3339 3962 3407 4016 ad
3463 3974 3649 4015 arcem

2067 4055 2217 4109 solus
2242 4053 2512 4109 accedens
2544 4052 2823 4109 Romanos
2848 4054 3035 4124 lingua
3063 4054 3310 4107 Romana
3343 4054 3645 4114 allocutus.

2068 4156 2271 4200 metum
2323 4145 2433 4201 illis
2483 4146 2729 4201 incutere
2782 4160 2846 4200 ac
2903 4160 3117 4215 rogare,
3169 4154 3229 4199 ut
3267 4147 3530 4200 tributum
3584 4148 3650 4198 Al

2068 4229 2366 4287 Motasemo
2396 4232 2560 4305 440
2593 4232 2787 4288 darent
2836 4249 2948 4303 quo
2978 4236 3045 4288 ab
3080 4234 3211 4303 ipsis
3244 4236 3557 4298 recederet;
3594 4246 3650 4288 et

2066 4321 2142 4375 illi
2174 4330 2230 4377 et
2265 4324 2516 4378 convicia
2547 4335 2602 4379 et
2647 4324 2855 4396 lapides
2886 4326 2941 4380 in
2991 4325 3169 4396 ipsum
3202 4327 3405 4393 jacere.
3458 4326 3648 4396 Neque

2068 4412 2138 4467 ita
2197 4400 2377 4471 facere
2428 4416 2794 4481 destiterunt,
2847 4416 3022 4471 donec
3076 4415 3429 4473 Alblotasem
3484 4427 3647 4487 capta

2069 4505 2294 4560 Amuria
2352 4508 2554 4561 multos
2597 4508 2651 4560 in
2688 4510 2802 4576 ipsa
2855 4506 3190 4572 trucidaret;
3239 4508 3406 4579 idque
3458 4524 3648 4563 mense

2069 4595 2389 4651 Radamano
2436 4606 2580 4651 ann‘o
2615 4598 2991 4653 ducentesimo
3024 4600 3283 4655 vicesimo
3311 4602 3494 4655 tertio.
3545 4601 3651 4658 Re-

2070 4705 2366 4757 versusque
2395 4698 2481 4744 est
2520 4689 2585 4743 Al
2613 4689 2871 4745 Motasem
2899 4699 3189 4765 postquam
3233 4692 3519 4747 Amuriam
3559 4708 3650 4749 cev

2070 4782 2274 4852 pisset;
2330 4788 2495 4850 atque
2547 4778 2691 4835 inter
2747 4782 3086 4837 redeundum
3143 4792 3394 4837 mortuus
3446 4794 3529 4838 est
3579 4784 3647 4839 Al

2067 4872 2248 4927 Abbas
2278 4872 2341 4927 Al
2365 4870 2636 4927 Mamunis
2666 4872 2828 4929 ﬁlius.
2852 4872 2993 4928 iram
3025 4873 3188 4928 etiam
3218 4874 3273 4929 in
3314 4874 3379 4929 Al
3399 4874 3647 4943 Aphshin

2062 4963 2318 5033 concepit
2339 4977 2484 5017 anno
2515 4962 2898 5018 ducentesimo
2934 4964 3194 5018 vicesimo
3219 4963 3439 5035 quinto.
3472 4963 3647 5019 Porro

2064 5063 2314 5109 mortuus
2345 5065 2428 5109 est
2458 5054 2854 5110 Constantinus
2904 5055 3287 5111 Romanorum
3318 5056 3643 5124 imperator,

2061 5142 2263 5211 quibus
2314 5156 2435 5213 post
2486 5144 2664 5214 ipsum
2725 5146 3022 5216 imperavit
3064 5146 3426 5217 TheOphilus.
3482 5147 3645 5202 Anno

2062 5235 2355 5291 chalifatus
2388 5236 2755 5292 AlMotasemi
2791 5248 2993 5308 quarto
3038 5242 3375 5296 constitutus
3413 5247 3498 5296 est
3543 5240 3648 5295 So-

2068 5328 2335 5397 phronius
2371 5330 2678 5398 patriarcha
2712 5330 3134 5395 Alexandrinus,
3169 5333 3263 5403 qui
3316 5347 3492 5386 annos
3534 5340 3648 5387 tre-

2070 5418 2245 5472 decim
2306 5420 2479 5484 sedit;
2523 5421 2886 5489 philosophus
2940 5421 3047 5477 fuit
3088 5437 3150 5477 ac
3194 5423 3439 5493 sapiens.
3485 5423 3645 5475 Anno

2068 5511 2364 5566 chalifatus
2412 5512 2653 5577 ejusdem
2674 5515 2910 5582 septimo
2945 5516 3279 5571 constitutus
3298 5524 3380 5570 est
3408 5511 3650 5569 Joannes

2069 5605 2377 5675 patriarcha
2434 5605 3005 5676 Hierosolymitanus;
3076 5617 3264 5664 contra
3321 5622 3484 5681 quem
3563 5606 3651 5666 in:

2067 5709 2356 5766 surgentes
2417 5700 2899 5770 llierosolymitani
2962 5701 3031 5755 de
3086 5703 3205 5771 ipso
3253 5701 3439 5755 omnia
3506 5699 3649 5754 mala

2066 5789 2321 5845 dixerunt
2354 5808 2368 5845 :
2407 5806 2578 5863 quare
2609 5793 2675 5849 ab
2702 5792 2835 5863 ipsis
2862 5803 3129 5861 metuens,
3156 5793 3477 5863 scriptoque
3509 5790 3645 5863 ipsis
