4116 6424
458 308 595 371 1135

1495 304 1863 367 ΕΠΤῩΟΗΙΙ
1904 309 2434 399 ALEXANDRINI
2483 312 2705 374 PATR.

3589 314 3724 382 1136

452 424 764 488 obsignato,
806 416 1123 474 cathedram
1148 417 1401 488 reliquit.
1446 416 1618 473 Porro
1658 420 1793 475 obiit
1823 421 1886 474 Al
1930 421 2039 476 Μο-
2066 426 2113 483 Λ
2146 426 2257 480 Elin
2287 428 2388 481 Abi
2425 429 2662 484 Dawoud
2686 469 2699 492 ,
2735 438 2786 486 et
2820 426 3165 485 Mohammed
3194 428 3316 485 Ebn
3357 430 3521 486 Abdil
3554 430 3722 493 Malea

451 524 622 566 tasem
660 525 849 565 mense
881 509 1053 567 Rabia
1082 510 1274 580 priori,
1302 525 1447 565 anno
1479 512 1854 567 ducentesimo
1883 513 2034 569 vice-

449 602 589 656 simo
620 602 876 671 septimo,
929 618 1053 658 cum
1098 602 1360 658 cbalifatu
1408 603 1629 658 functus
1678 612 1828 659 esset
1874 605 2036 661 annis

450 703 574 750 octo
618 703 671 749 et
707 695 993 751 mensibus
1037 703 1184 752 octo.
1233 694 1385 750 Obiit
1435 706 1618 751 autem
1670 709 1846 752 annos
1872 706 2033 753 natus

453 786 820 859 quadraginta
887 795 1033 844 octo.
1100 786 1358 858 Sepultus
1430 794 1519 842 est
1613 785 2037 846 Saramanraite.

454 878 581 935 Fuit
610 894 845 951 corpore
888 879 1113 943 decoro,
1149 877 1287 933 facie
1334 877 1585 949 pulchra,
1631 888 1853 947 pectore
1900 879 2037 948 lato,

453 973 752 1037 robustus,
801 970 969 1025 barba
1022 969 1294 1038 promissa
1336 984 1568 1041 quaeque
1617 970 1877 1024 canitiem
1929 985 2037 1026 non

458 1068 827 1117 contraxerat.
867 1058 1212 1115 Satellitibus
1238 1059 1412 1129 ipsius
1460 1060 1680 1129 praefuit
1720 1058 1880 1115 Isaac
1926 1058 2043 1113 Ebn

456 1156 737 1210 Abrabim.
778 1152 991 1208 Ianitor
1021 1152 1194 1222 ipsius
1246 1150 1349 1206 fuit
1378 1152 1598 1207 Simaus
1650 1150 1852 1219 Turca,
1881 1151 2047 1208 liber-

453 1246 760 1314 tusipsius;
805 1258 904 1298 nec
949 1258 1056 1297 non
1118 1241 1477 1316 441-443
1514 1242 1814 1314 Wasiphus
1854 1242 2034 1298 Turca

450 1339 677 1421 libertus
716 1337 912 1406 ipsius,
952 1345 1003 1389 et
1055 1334 1272 1406 Bigans
1311 1337 1511 1390 Turca.
1561 1334 1837 1391 Janitores
1887 1335 2037 1390 ordi-

450 1430 585 1482 narii
612 1427 951 1482 Mohammed
980 1427 1093 1482 Ebn
1120 1431 1281 1483 Asem
1311 1429 1672 1496 Hanacensis,
1700 1429 1871 1484 .Iacob
1912 1428 2031 1484 Ebn

448 1519 727 1582 Abrahim,
758 1516 899 1572 Atab
930 1516 1043 1573 Ebn
1076 1519 1258 1582 Atabi,
1286 1530 1340 1574 et
1359 1518 1700 1574 Mohammed
1730 1519 1843 1574 Ebn
1870 1518 2035 1573 llam-

446 1608 569 1662 mad
606 1607 720 1661 Ebn
753 1605 1051 1661 Dankashi.
1080 1606 1384 1661 Plurimum
1412 1608 1554 1679 apud
1585 1622 1653 1661 eu
1680 1625 1708 1658 ιι
1738 1614 2034 1676 potuerunt

2136 520 2408 590 Alzaiyat.

2213 613 2573 688 445-447
2616 612 2921 684 Chalifatus
2966 612 3181 682 laafari
3203 613 3656 670 Almatawacceli.

2210 712 2579 780 lnauguratus
2641 719 2727 763 est
2783 706 2965 764 laafar
3033 705 3487 773 Almotawaccel,
3554 706 3718 763 Mota-

2142 804 2276 859 scmi
2320 803 2468 856 filius
2499 799 2612 871 (qui
2641 810 2871 854 matrem
2911 798 3108 853 habuit
3161 798 3535 854 concubinam
3591 797 3725 853 Sha-

2137 899 2250 970 jam
2310 892 2931 963 Chowarezmiensem),
2998 891 3194 948 eodem
3254 892 3342 946 die
3379 905 3491 962 quo
3536 906 3568 946 e
3619 891 3729 943 vita

2141 993 2392 1049 discessit
2420 987 2724 1045 Alwathek.
2782 986 2881 1041 llic
2941 986 3067 1041 illos
3110 984 3204 1055 qui
3259 984 3331 1039 ob
3364 983 3730 1054 quaestionem

2142 1082 2210 1137 de
2240 1064 2519 1136 creatione
2545 1079 2823 1134 AlKorani
2852 1079 2908 1133 in
2931 1091 3213 1134 carcerem
3236 1076 3472 1145 conjecti
3507 1074 3733 1130 fuerant

2146 1174 2380 1239 dimisit,
2412 1183 2583 1241 atque
2616 1171 2790 1227 iratus
2835 1182 2920 1226 est
2971 1169 3338 1225 Mohammedi
3386 1148 3509 1224 Ebn
3568 1166 3732 1223 Abdil

2145 1267 2374 1333 Maleco,
2434 1265 2788 1322 Aimotasemi
2830 1263 3158 1320 consiliario
3194 1280 3208 1317 :
3249 1263 3502 1333 maleque
3559 1261 3735 1316 sensit

2137 1361 2204 1415 de
2234 1362 2611 1415 Almotasemo
2661 1367 2717 1413 et
2763 1355 3109 1418 Alvvatheko.
3167 1369 3384 1409 necnon
3421 1352 3491 1408 de
3523 1349 3732 1407 Omaro

2134 1454 2252 1510 Ebn
2310 1451 2609 1523 Alpharajo
2695 1447 3004 1519 Zajajensi,
3095 1455 3150 1503 et
3200 1445 3360 1501 ltaho
3420 1443 3622 1510 Turca,
3676 1452 3727 1498 et

2132 1546 2375 1602 Ahmede
2419 1542 2535 1600 Ebn
2587 1543 2690 1598 Abi
2745 1541 2984 1596 Dawoud
3029 1538 3214 1609 judice
3266 1552 3504 1597 summo.
3559 1542 3727 1606 Atque

2142 1638 2398 1694 homines
2447 1635 2516 1691 ad
2575 1636 2744 1689 trium
2789 1647 2819 1688 e
2882 1632 3013 1687 filiis
3074 1629 3249 1701 ipsius
3287 1629 3621 1698 obsequium
3660 1642 3723 1683 se

446 1699 652 1803 Ahmed
855 1701 956 1803 A-bi
1011 1696 2033 1803 Dawpui-Ljudett_§“':‘-"‘_“s:‘c}_MO:
2074 1746 2115 1803 Β
2145 1733 2491 1801 obstringere
2526 1729 2678 1793 fecit,
2728 1724 2987 1781 videlicet
3038 1696 3729 1780 Mohammedis—Almota-

445 1792 697 1846 hatntned
736 1791 849 1843 Ebn
897 1790 974 1844 lla
1001 1790 1186 1852 nmad,
1223 1789 1336 1842 Elin
1373 1789 1535 1843 Ahdil
1591 1781 1851 1842 Malec‘Al
1880 1786 2041 1859 Ziyat

444 1881 972 1963 [oleariusLscribm

927 1971 1231 2040 Chalifatus
1270 1971 1608 2025 AlWatlteki.

520 2070 895 2139 lnauguratus
977 2078 1063 2120 est
1134 2062 1443 2119 AlWathek
1506 2063 1783 2134 (videlicet
1851 2061 2038 2116 Ilarttu

446 2164 621 2219 Elmnl
686 2161 992 2227 Motasemi,
1053 2160 1140 2215 cui
1208 2170 1384 2214 mater
1441 2160 1752 2218 concubina
1813 2161 2038 2215 nomine

444 2256 708 2321 Karatis),
745 2255 933 2309 eodem
978 2254 1068 2307 die
1103 2269 1211 2323 quo
1239 2253 1380 2307 obiit
1418 2244 1774 2308 Albiotasem.
1806 2251 1906 2308 Hic
1948 2267 2036 2307 res

442 2349 635 2401 endem
688 2355 831 2401 statu
897 2345 1165 2402 stabilivit
1218 2360 1329 2416 quo
1365 2344 1585 2399 fuerant
1642 2354 1893 2417 tempore
1945 2344 2031 2399 Al-

442 2439 751 2502 blotasemi,
776 2448 829 2491 et
860 2437 1079 2491 condita
1104 2451 1231 2491 arce
1272 2451 1434 2505 quam
1471 2437 1535 2490 Al
1575 2433 1782 2490 Haruni
1806 2445 2033 2500 vocant,

441 2545 508 2584 eo
569 2545 629 2585 se
684 2528 912 2598 recepit.
952 2527 1206 2582 Asseruit
1255 2526 1562 2582 AlWathek
1614 2537 1862 2582 creatum
1917 2543 2039 2582 esse

442 2621 804 2682 Alcoranum,
842 2633 1005 2687 quam
1046 2617 1383 2673 sententiam
1437 2617 1542 2688 ipsi
1596 2617 2036 2675 commendatam

442 2712 794 2767 reddiderunt
823 2711 1038 2766 Ahmed
1076 2709 1192 2766 Ebn
1245 2711 1345 2766 Abi
1383 2711 1662 2776 vaaoud,
1688 2719 1745 2767 et
1792 2710 2042 2766 Moham-

442 2803 567 2859 med
618 2804 732 2858 Ebn
788 2801 1130 2858 AbdiiMelec
1184 2800 1472 2872 AlZaiyat,
1529 2802 1625 2872 qui
1682 2801 2040 2857 consiliarius

460 2896 634 2964 ipsius
672 2894 794 2949 fuit.
831 2893 1064 2964 Scripsrt
1092 2909 1224 2965 ergo
1271 2893 1577 2949 AlWathelt
1611 2894 1666 2948 in
1703 2909 1895 2949 omnes
1914 2908 2042 2965 pas-

2144 1825 2255 1882 seri
2296 1822 2511 1888 billahi,
2541 1820 2845 1875 Abrahami
2899 1806 3207 1888 Almoayad
3266 1813 3482 1877 billahi,
3516 1821 3569 1867 et
3628 1811 3729 1865 Abi

2140 1916 2435 1972 Abdoilahi
2515 1911 2818 1969 Almotazzi
2888 1910 3125 1974 billahi,
3187 1922 3351 1978 quem
3415 1903 3729 1961 testamenti

2138 2019 2520 2077 exsecutorem
2564 2007 2689 2062 fecit
2709 2004 2869 2059 initio
2898 2002 3028 2057 anni
3081 1998 3442 2056 ducentesimi
3473 1994 3722 2051 vicesimi

2138 2103 2311 2170 sexti;
2346 2115 2513 2172 atque
2541 2100 2615 2154 ita
2648 2096 2974 2167 composita:
2999 2102 3126 2148 sunt
3173 2106 3287 2156 res,
3330 2087 3629 2160 provinciae
3676 2085 3733 2140 in

2143 2197 2390 2253 ordinem
2454 2194 2707 2257 redactae,
2759 2190 2967 2259 viaeque
2997 2197 3213 2259 securae.
3260 2182 3442 2237 factae.
3492 2178 3730 2234 Nuntia-

2138 2300 2249 2343 tum
2276 2299 2359 2342 est
2391 2300 2578 2339 autem
2618 2277 3103 2339 Almotawaccelo,
3136 2258 3450 2330 columnam
3499 2270 3644 2325 illam
3672 2269 3729 2324 in

2141 2382 2325 2450 insula
2352 2377 2604 2434 Pltoslati
2634 2373 2977 2445 Egyptiaeae
3011 2383 3119 2440 qua
3168 2363 3481 2421 mensurari
3516 2360 3729 2419 solebat

2139 2474 2320 2540 Nilus,
2372 2487 2538 2543 quam
2597 2469 2808 2524 esstrui
2858 2462 3025 2536 jussit
3080 2461 3328 2518 Soliman
3383 2456 3505 2513 Ebn
3568 2455 3732 2511 Abdil

2143 2567 2318 2623 Malec
2344 2565 2461 2619 Ebn
2500 2561 2761 2623 Merwan,
2824 2558 3017 2612 vitium
3062 2552 3413 2609 contraxisse
3447 2568 3464 2617 ;
3502 2564 3729 2621 geome-

2145 2676 2287 2749 tram
2315 2677 2446 2733 ergo
2479 2675 2508 2713 a
2533 2654 2919 2712 Mohammede
2960 2650 3078 2749 Ebn
3112 2647 3268 2749 {lusa
3309 2645 3587 2748 astrologo
3629 2643 3729 2749 de:

2146 2730 2350 2814 lectum
2383 2730 2450 2808 ab
2487 2750 2662 2805 Etaco
2693 2747 2865 2812 misit,
2891 2743 2984 2814 qui
3015 2742 3067 2795 iu
3092 2739 3390 2810 Egyptum
3414 2736 3548 2797 iret;
3575 2741 3630 2787 et
3660 2730 3730 2785 ad

2145 2867 2303 2923 opem
2337 2848 2442 2919 ipsi
2476 2847 2579 2899 hac
2614 2844 2667 2897 in
2703 2855 2761 2895 re
2825 2834 3105 2892 ferendam
3157 2829 3422 2909 Yasidum
3462 2826 3577 2882 Ebn
3617 2824 3730 2879 Ab-

2147 2922 2353 3000 dollahi
2394 2940 2509 2993 Ehn
2562 2935 2748 2989 Badan
2806 2929 2923 2985 Ebn
2963 2925 3229 2989 Pharahi.
3259 2934 3315 2978 et
3358 2922 3424 2977 ad
3474 2928 3733 2988 sumptus

446 2986 1032 3095 ῗῑ.“’,¹”⁰νί“⁰ῖ²³ῗηῖ“
1065 2995 1411 3095 ,ωδῗῖθῃῃπ
1466 2986 1736 3095 ῃοθιωῖἶίῑ
1785 2996 2036 3095 Frena"?
2065 3003 2110 3067 Ο
2144 2986 2808 3093 ’έοιῆέίᾷέιυιη
2845 3022 3012 3095 448
3044 3019 3162 3073 Ebn
3200 2986 3437 3071 Wahab.
3472 3012 3573 3067 Hic
3598 2986 3733 3079 ergo

439 3079 774 3134 Alcoranum
830 3078 1124 3149 proﬁteri,
1190 3077 1445 3149 idemque
1510 3079 1730 3148 templis
1785 3080 2035 3135 inscribi.

442 3169 601 3233 Quod
631 3181 753 3222 cum
782 3168 919 3238 ipsis
951 3182 1119 3237 grave
1150 3167 1447 3223 admodum
1486 3183 1549 3222 ac
1595 3168 1795 3223 durum
1826 3169 2038 3223 videre-

442 3270 552 3322 tur,
589 3274 815 3329 prorsus
845 3261 1026 3327 ipsum
1065 3262 1408 3316 almuerunt.
1464 3259 1668 3316 Eurum
1723 3269 1905 3316 autem
1943 3260 2038 3331 qui

441 3352 780 3406 sententiam
836 3352 998 3409 istam
1053 3353 1381 3416 abnuerent,
1447 3350 1924 3426 neque‘amplecti
1976 3366 2040 3406 ac

443 3442 690 3514 profiteri
728 3442 958 3507 vellent,
998 3443 1088 3496 alii
1120 3442 1310 3512 ﬂagris
1341 3443 1470 3497 ca‘si
1504 3451 1652 3507 sunt,
1690 3442 1783 3496 alii
1826 3442 1879 3495 iu
1916 3456 2040 3496 car-

448 3550 629 3590 rerum
665 3535 922 3604 conjecti,
952 3533 1044 3588 alii
1074 3534 1361 3588 trucidati.
1394 3530 1522 3587 Fuit
1550 3534 1844 3589 chalifalus
1867 3533 2038 3604 ipsius

442 3642 711 3687 annorum
769 3625 935 3701 444
993 3626 1278 3697 quinque,
1342 3627 1617 3682 mensium
1675 3636 1924 3696 septem,
1988 3633 2041 3679 et

445 3722 661 3779 dierum
693 3719 988 3775 tredecim.
1049 3718 1219 3773 Porro
1267 3716 1403 3772 obiit
1450 3715 1791 3787 Theophilus
1835 3715 2041 3770 Roma-

446 3828 643 3870 norum
693 3812 1019 3883 imperator,
1065 3810 1171 3882 ipsi
1218 3810 1270 3862 in
1330 3824 1500 3881 regno
1545 3808 1876 3863 succedente
1926 3805 2040 3861 filio

444 3910 622 3979 ipsius
656 3906 944 3962 Michaele.
992 3904 1154 3958 Anno
1209 3901 1504 3958 chaii’fatus
1557 3899 1886 3955 AlWatheki
1948 3916 2039 3956 se-

445 4001 652 4063 cundo,
680 3998 1011 4054 constitutus
1034 3993 1537 4065 cstSergius(filius
1560 3991 1834 4049 Mansoris
1867 3992 2037 4057 illius,

441 4095 536 4163 qui
565 4090 905 4147 Mosleminis
967 4088 1023 4142 in
1079 4085 1345 4159 capienda
1376 4086 1644 4140 Damasco
1694 4098 1851 4154 opem
1884 4084 2031 4150 tulit,

442 4180 677 4252 ideoque
711 4182 763 4234 in
794 4178 1053 4234 omnibus
1084 4177 1399 4246 regionibus
1421 4175 1775 4231 anathemate
1800 4175 2035 4230 devotus

445 4275 569 4342 fuit)
621 4271 937 4343 patriarcha
962 4269 1531 4340 Hierosolymitanus,
1564 4267 1655 4323 ubi
1700 4282 1824 4323 cum
1857 4281 2032 4323 annos

422 4366 726 4441 sexdecim
753 4365 1010 4430 sedisset,
1057 4369 1313 4417 mortuus
1347 4369 1451 4417 est.
1514 4362 1675 4415 Anno
1733 4359 2030 4415 chalifatus

444 4458 693 4529 ejusdem
730 4466 886 4513 sexto
917 4457 1258 4512 constitutus
1290 4462 1373 4511 est
1423 4451 1686 4509 Nicolaus
1720 4450 2034 4521 patriarcha

444 4551 843 4615 Antiochcnus,
896 4549 988 4620 qui
1036 4562 1214 4603 annos
1262 4545 1455 4614 viginti
1511 4554 1625 4600 tres
1679 4543 1842 4608 sedit,
1910 4542 2036 4597 dein

445 4644 604 4701 obiit.
640 4642 885 4697 Mortuus
916 4650 1001 4697 est
1025 4650 1210 4694 autem
1245 4634 1552 4692 AlWathek
1598 4635 1687 4690 die
1737 4634 2023 4703 Mercurii,

445 4752 539 4791 sex
569 4743 696 4791 ante
730 4735 943 4789 finitum
982 4747 1230 4788 mensem
1287 4729 1571 4799 DilHajjah
1610 4728 1825 4793 diebus,
1888 4739 2035 4780 anno

442 4827 822 4883 ducentesimo
850 4826 1136 4881 tricesimo
1173 4821 1440 4889 secundo,
1472 4834 1650 4874 annos
1684 4820 1893 4873 habens
1932 4816 2032 4870 tri-

443 4922 594 4991 ginta
634 4929 898 4989 quatuor.
960 4914 1086 4972 Fuit
1146 4924 1374 4970 statura:
1434 4911 1740 4983 quadratas,
1806 4922 2038 4978 corpore

445 5011 703 5079 eleganti,
733 5011 842 5062 lato
872 5019 1118 5073 pectore,
1166 5007 1334 5061 barba
1400 5007 1605 5076 spissa.
1663 5005 1717 5057 in
1770 5001 1930 5056 oculo
1962 4999 2040 5052 al-

445 5102 701 5171 buginezn
735 5099 966 5153 habens.
1006 5099 1329 5153 Satellitum
1368 5097 1546 5166 ipsius
1608 5094 1903 5161 praefectus
1938 5091 2040 5144 fuit

448 5196 601 5249 isaac
633 5189 749 5247 Elin
784 5190 1043 5244 Ahrahim
1070 5207 1086 5253 ;
1113 5187 1328 5243 Janitor
1361 5189 1497 5252 Itali,
1531 5184 1709 5240 Turca
1732 5224 1747 5248 ,
1807 5184 2036 5238 libertus

447 5288 622 5357 ipsius
661 5302 673 5337 :
713 5282 837 5336 dein
876 5281 1018 5351 Baga
1053 5280 1261 5345 'furca,
1294 5295 1486 5334 servus
1539 5278 1750 5349 ipsius;
1804 5273 2033 5343 Wasiph

453 5378 654 5439 Turca,
691 5375 926 5429 libertus
959 5373 1169 5443 ipsius;
1212 5370 1557 5427 Mohammed
1608 5369 1726 5423 Ebn
1770 5367 2034 5423 Hammad

449 5468 562 5523 liba
614 5465 913 5533 Dankasiti,
969 5473 1024 5519 et
1081 5462 1420 5518 Mobammcd
1456 5460 1569 5515 Ebn
1620 5460 1810 5524 Asam,
1869 5458 2035 5513 Jaba-

447 5559 617 5619 lensis
653 5576 668 5622 :_
698 5558 955 5629 janitoris
990 5558 1155 5617 etiam
1210 5554 1473 5610 ordinarii
1557 5566 1781 5607 munere
1851 5549 2043 5603 functi.

455 5658 582 5709 sunt
622 5648 793 5703 Jacoh
848 5648 965 5703 Ebn
999 5646 1260 5709 Abrahim
1294 5643 1607 5708 Kausurah,
1633 5651 1685 5698 et
1726 5642 1866 5697 Alab
1922 5640 2032 5694 Ebn

465 5739 622 5800 Mal),
657 5741 897 5802 Maxima
934 5741 1074 5811 apud
1099 5741 1279 5811 ipsum
1306 5736 1477 5809 gratia
1504 5735 1775 5808 pollebant
1810 5732 2035 5789 Ahutedi

2141 3126 2542 3191 mensuramin
2569 3122 2716 3177 lizah
2756 3118 3085 3189 Egyptiaca
3119 3110 3410 3167 fabricavit
3462 3119 3609 3161 anno
3630 3105 3730 3159 du-

2140 3224 2443 3281 centesimo
2493 3214 2931 3289 quadragesimo
2979 3210 3211 3280 quinto,
3275 3216 3398 3274 quae
3470 3209 3730 3254 mensura

2141 3336 2280 3376 nova
2308 3314 2580 3387 appellata
2607 3320 2715 3375 est,
2753 3321 2855 3363 nec
2891 3305 2985 3359 ulli
3035 3300 3273 3371 amplius
3310 3295 3435 3351 usui
3463 3290 3729 3387 adhibita

2142 3423 2227 3469 est
2258 3385 2437 3466 vetus.
2494 3404 2756 3461 Condidit
2815 3400 2982 3456 etiam
3043 3385 3478 3449 Almotawaccel
3534 3386 3726 3442 urbem

2144 3520 2310 3577 quam
2362 3497 2768 3569 Allaaphariam
2810 3491 3129 3564 appellavit.
3175 3486 3325 3541 Idem
3376 3478 3731 3537 Bachtishua:

2146 3574 2361 3655 medico
2410 3598 2586 3650 iratus
2643 3593 2697 3646 in
2745 3603 2941 3645 omnes
2991 3583 3309 3655 provincias
3366 3574 3615 3644 scripsit,
3671 3578 3731 3626 ut

2142 3690 2606 3763 compellerentur
2672 3680 2973 3740 Christiani
3052 3675 3276 3731 zonaria
3348 3669 3610 3731 induere,
3674 3672 3730 3719 et

2144 3789 2388 3846 vestibus
2423 3784 2542 3839 suis
2571 3791 2879 3851 pannorum
2911 3776 3195 3841 segmenta
3229 3777 3477 3826 assuere,
3507 3776 3537 3814 a
3573 3767 3733 3828 parte

2142 3879 2407 3936 anteriori
2467 3874 2723 3936 alterum,
2782 3867 3014 3921 alterum
3068 3877 3097 3915 a
3161 3853 3492 3930 posteriori;
3564 3859 3731 3919 atque

2139 3973 2296 4043 equis
2328 3969 2453 4025 vehi
2490 3964 2939 4037 prohiberentur,
2975 3962 3028 4012 et
3057 3954 3110 4009 in
3135 3952 3286 4009 sellis
3312 3949 3428 4006 suis
3460 3946 3730 4001 baberent

2144 4035 2325 4126 fit-nes,
2365 4073 2428 4113 ac
2457 4035 2776 4125 stapedibus
2821 4047 3018 4120 ligneis
3051 4051 3360 4106 uterentur,
3409 4035 3726 4103 aediumque

2138 4157 2386 4233 ipsorum
2412 4150 2586 4221 portis
2612 4144 3042 4216 appingereutur
3075 4135 3421 4192 diabolerum
3451 4127 3721 4226 imagines

2069 4242 2073 4247 ’
2141 4214 2272 4320 ἀεὶ,
2310 4214 2617 4301 secundum
2649 4214 2806 4290 aliud
2852 4229 3156 4299 exemplar,
3213 4235 3511 4295 porcorum
3556 4227 3612 4273 et
3632 4214 3731 4320 lsi-

2070 4355 2120 4415 ι)
2150 4310 2417 4403 priorum)
2456 4350 2472 4388 :
2501 4331 2650 4403 quod
2687 4323 2871 4397 magni
2902 4320 3236 4378 Christianis
3266 4312 3582 4415 detrimenti
3614 4310 3730 4412 do.-

2147 4399 2859 4497 lorisque'et-anxietatis
2912 4428 3085 4472 causa
3149 4411 3273 4465 fuit.
3351 4406 3527 4463 Porro
3591 4399 3730 4455 obiit

2139 4524 2371 4582 Michael
2406 4517 2696 4589 Theophili
2762 4516 2911 4570 ﬁlius
2963 4509 3338 4564 Romanorum
3399 4502 3725 4571 imperator,

2139 4620 2468 4679 succedente
2530 4613 2632 4686 ipsi
2686 4605 2994 4677 Theophila
3055 4600 3437 4655 Romanorum
3490 4592 3729 4657 impera-

2138 4727 2295 4776 tore;
2331 4711 2424 4781 qui
2456 4723 2523 4761 ex
2554 4681 2834 4760 teeclesiis
2880 4696 3148 4765 imagines
3190 4699 3454 4746 alinovetts
3507 4681 3729 4781 easdem

2138 4771 2364 4864 delevit,
2396 4812 2611 4855 necnon
2654 4793 2837 4864 fregit,
2862 4791 3066 4860 jubens
3094 4793 3154 4839 ut
3204 4781 3353 4837 nulla
3397 4776 3623 4832 omnino
3671 4771 3728 4825 iu

2140 4901 2323 4972 aliqua
2380 4892 2619 4951 ecclesia
2670 4894 2817 4945 esset
2871 4886 3080 4955 imago.
3128 4879 3310 4936 Causa
3368 4884 3550 4928 autem
3607 4897 3731 4950 qua,

2140 4996 2319 5065 ipsum
2352 4985 2572 5058 impulit
2608 4983 2675 5038 ad
2707 4980 2977 5052 imagines
3026 4992 3093 5032 ex
3139 4974 3395 5033 ecclesiis
3429 4972 3727 5037 tollendas,

2140 5064 2256 5141 haec
2281 5080 2408 5143 fuit,
2451 5076 2598 5150 quod
2640 5073 2744 5144 ipsi
2794 5088 2824 5127 a
2879 5069 3201 5126 consiliario
3257 5067 3431 5138 ipsius
3486 5064 3729 5141 quodam

2141 5182 2426 5233 narratum
2478 5176 2649 5236 esset,
2697 5182 2821 5224 esse
2854 5165 2909 5222 in
2965 5164 3086 5220 loco
3126 5162 3362 5233 quodam
3411 5161 3466 5216 in
3522 5159 3731 5214 ditione

2146 5268 2522 5325 Romanorum
2558 5262 2847 5319 ecclesiam
2898 5266 3104 5315 sanctae
3138 5255 3323 5311 Mariae
3370 5269 3611 5318 sacram,
3646 5253 3730 5306 in-

2144 5377 2253 5433 que
2286 5360 2406 5430 ipsa
2437 5357 2732 5426 imaginem
2759 5358 2789 5409 e
2823 5352 2982 5423 cujus
3019 5350 3305 5414 uberibus,
3337 5363 3461 5404 cum
3488 5346 3731 5401 celebra-

2145 5466 2299 5509 retur
2342 5453 2543 5505 festum
2596 5446 2766 5508 illius.
2824 5444 2984 5501 lactis
3028 5450 3185 5513 gutta
3248 5441 3507 5499 stillaret.
3567 5437 3726 5504 ρυεκί

2143 5562 2266 5603 cum
2326 5541 2631 5612 TheOphilo
2688 5535 2836 5592 haud
2869 5535 3133 5591 credibile
3176 5534 3474 5594 videretur.
3507 5531 3561 5585 in
3613 5544 3729 5586 rem

2143 5640 2432 5710 inquirens
2461 5630 2821 5708 449-451
2873 5629 3087 5685 invenit
3127 5626 3413 5691 aedituum,
3462 5623 3607 5679 facto
3673 5624 3727 5676 in

2151 5731 2378 5801 pariete,
2405 5742 2433 5781 a
2469 5736 2617 5796 tergo
2649 5721 2926 5795 imaginis,
2968 5718 3236 5777 foramine
3275 5717 3422 5790 quod
3456 5730 3629 5787 usque
3662 5713 3731 5771 ad
