4116 6410
434 360 570 430 1137

1883 353 2243 416 ANNALES.

3553 357 3686 424 1138

433 477 602 531 ubera
635 474 986 544 pertingeret,
1036 472 1196 543 eique
1232 473 1421 528 tubulo
1450 472 1708 544 plumbeo
1733 471 1877 526 tenui
1937 486 2000 525 ac
2029 465 2078 525 Α
2108 477 2258 523 tutus
2289 476 2374 524 est
2421 466 2647 523 Salmun
2691 469 2932 524 Zarkuni
2969 470 3109 526 ﬁlius
3141 473 3450 538 patriarcha
3498 471 3692 530 Hiero-

431 566 623 639 gracili
659 566 933 630 immisso,
969 564 1152 620 locum
1187 564 1305 619 luto
1338 579 1403 620 ac
1439 565 1593 620 calce
1620 579 1688 618 ne
1724 569 2013 632 appareret

435 657 760 721 abduxisse,
791 670 1026 726 cumque
1067 654 1286 710 adesset
1331 653 1533 710 festum
1576 663 1782 710 sanctae
1811 652 2012 720 Mariae,

437 748 700 804 foramini
732 749 822 804 isti
863 749 947 803 lac
999 748 1294 803 infundere
1329 747 1570 811 solitum,
1601 746 1758 816 cujus
1805 745 2014 814 guttula

434 854 466 895 θ
504 852 744 893 mamma
803 837 1059 908 imaginis
1095 836 1397 892 destillaret
1432 852 1448 890 :
1484 851 1658 905 quare
1700 838 2014 904 peregrina-

429 928 611 984 tiones
633 929 702 983 ad
731 929 1026 985 ecclesiam
1079 928 1241 982 istam
1301 927 1719 982 instituentibus
1772 925 2012 981 homini-

429 1023 558 1085 bus,
609 1021 842 1076 multum
875 1021 1124 1090 pecuniae
1171 1021 1420 1076 lucratus
1469 1029 1553 1076 est
1602 1019 1705 1075 bac
1735 1022 1802 1075 de
1847 1035 2013 1074 causa

398 1094 688 1171 aedituus.
726 1114 948 1171 Mittens
976 1131 1106 1186 ergo
1140 1114 1479 1186 Theophilus
1518 1115 1823 1183 imperator
1872 1115 2013 1168 ima-

431 1209 563 1277 gine
617 1209 721 1264 ista
772 1209 954 1264 diruta
1010 1207 1191 1264 locum
1248 1207 1459 1276 refecit,
1505 1208 1780 1279 iussitque
1835 1206 2014 1262 nullas

427 1302 654 1356 omnino
705 1301 758 1355 in
802 1301 1052 1357 ecclesiis
1099 1301 1370 1373 imagines
1415 1299 1662 1357 retineri.
1725 1299 2008 1355 Edituum

429 1402 613 1449 autem
643 1394 895 1450 ecclesiae
928 1395 1090 1451 istius
1124 1395 1305 1464 capite
1331 1394 1605 1449 truncavit
1639 1404 1694 1448 et
1725 1407 1790 1446 ex
1835 1393 2009 1448 eccle-

428 1485 528 1540 siis
590 1485 854 1556 imagines
906 1487 1169 1552 sustulit,
1220 1486 1432 1555 dicens,
1494 1488 1762 1560 imagines
1825 1487 2003 1541 instar

431 1576 704 1632 idolorum
735 1593 890 1647 esse;
928 1589 982 1634 et
1013 1579 1106 1649 qui
1141 1581 1431 1652 imaginem
1485 1582 1740 1646 coluerit,
1785 1582 2011 1652 perinde

426 1682 552 1723 esse
578 1683 644 1722 ac
675 1667 721 1724 si
753 1668 896 1724 idola
933 1668 1160 1726 coleret.
1213 1669 1354 1728 Hinc
1385 1682 1566 1729 ortum
1597 1683 1680 1730 est
1716 1674 1857 1730 inter
1890 1674 2003 1728 Ro-

425 1773 624 1813 manos
657 1756 946 1814 dissidium
982 1763 1036 1815 in
1066 1760 1132 1816 iis
1166 1776 1288 1832 quae
1319 1762 1382 1816 ad
1436 1764 1702 1835 imagines
1727 1774 1999 1834 spectant,
2035 1803 2078 1858 Β

425 1851 562 1905 adeo
593 1861 649 1904 ut
677 1851 767 1906 alii
803 1854 940 1908 alios
965 1853 1307 1911 inlidelitatis
1340 1856 1706 1922 damnarent,
1763 1857 2000 1912 dicenti-

426 1949 532 2003 bus
570 1947 692 2004 aliis
722 1967 738 2005 :
768 1948 872 2016 Qui
907 1949 1204 2023 imaginem
1249 1953 1479 2009 coluerit
1508 1954 1844 2012 inﬁdelitatis
1877 1972 2003 2010 rcus

331 2112 336 2114 _
421 2050 542 2107 est‘;
577 2043 699 2097 aliis
728 2061 743 2097 :
769 2042 870 2109 Qui
893 2059 987 2098 eas
1018 2061 1130 2099 non
1162 2045 1418 2109 coluerit,
1447 2046 1685 2104 inﬁdelis
1711 2057 1814 2103 est.
1843 2049 2001 2116 Quod

421 2148 546 2188 cum
578 2134 822 2188 audisset
848 2134 1194 2204 SOphronius
1221 2137 1533 2207 patriarcha
1563 2137 1994 2204 Alexandrinus,

419 2225 723 2281 orationem
755 2225 967 2293 longam
992 2229 1214 2298 scripsit
1238 2229 1291 2282 in
1324 2245 1429 2300 qua
1466 2230 1762 2300 imaginum
1793 2234 2000 2287 cultum

422 2313 684 2379 defendit,
720 2315 824 2369 hoc
859 2315 912 2370 in
939 2333 1000 2371 ea
1027 2329 1347 2388 argumento
1384 2336 1538 2385 usus,
1569 2320 1794 2378 dicens:
1833 2323 2000 2391 Deus,

421 2406 582 2473 cuius
643 2403 789 2461 fama
847 2405 1107 2476 gloriosa,
1161 2417 1216 2463 et
1274 2426 1472 2466 nomen
1533 2423 1808 2472 sanctum.
1871 2414 2000 2469 Mosi

420 2501 674 2568 praecepit
733 2507 789 2553 ut
853 2501 905 2555 in
981 2503 1336 2557 tabernaculo
1395 2506 1654 2574 temporis
1733 2506 1999 2577 imagines

419 2591 862 2666 Cherubinorum
898 2608 1096 2649 aureas
1155 2593 1439 2661 formaret,
1489 2611 1626 2665 quas
1679 2599 1820 2651 intra
1875 2615 2002 2653 san-

418 2683 692 2736 ctUarium
750 2691 1035 2746 statueret,
1091 2682 1306 2748 deinde,
1349 2684 1492 2750 quod
1553 2683 1716 2756 452
1777 2685 2000 2741 Salomo

417 2771 645 2829 Davidis
704 2775 846 2828 ﬁlius
895 2791 1019 2830 cum
1082 2777 1343 2844 templum
1401 2787 1735 2848 exstrueret,
1793 2781 1845 2833 in
1884 2782 2001 2846 ipso

418 2865 688 2933 imagines
711 2863 1152 2921 Cherubinorum
1182 2882 1380 2922 aureas
1415 2871 1752 2940 reposuerit.
1803 2873 1998 2928 lliccns

413 2956 642 3026 Insuper
674 2975 692 3018 ε,
721 2959 856 3012 Cum
888 2959 1110 3028 perlatae
1165 2956 1371 3014 fuerint
1423 2975 1453 3012 a
1509 2975 1635 3030 rege
1687 2963 1880 3018 littera:
1927 2968 1992 3020 ad

415 3053 734 3120 praefectum
791 3053 964 3121 ipsius
1021 3052 1259 3121 aliquem
1321 3054 1503 3124 sigillo
1550 3057 1698 3125 regio
1749 3055 1996 3128 signatm,

2116 559 2506 629 solymitanus.
2551 559 2640 614 ubi
2684 575 2859 615 annos
2893 559 3132 630 quinque
3165 563 3327 625 sedit,
3368 563 3493 618 dein
3547 581 3687 620 mor-

2112 661 2242 707 tuus
2292 661 2398 708 est.
2451 651 2777 708 Interfectus
2824 661 2907 708 est
2955 663 3136 709 autem
3161 653 3602 713 AllMotawaccel
3634 661 3689 714 in

2114 745 2316 813 palatio
2341 761 2443 800 suo
2500 746 2554 798 in
2599 745 2732 800 urbe
2761 761 2924 815 quam
2989 746 3332 813 condiderat,
3395 749 3689 806 Allaafaria

2115 835 2404 903 appellata.
2461 834 2589 890 Fuit
2631 837 2806 891 caedes
2865 837 3037 906 ipsius
3086 837 3174 893 die
3233 838 3424 894 Martis
3485 843 3690 897 mensis

2116 923 2354 978 Shawali
2407 926 2608 991 tertio,
2657 942 2804 981 anno
2856 927 3242 983 ducentesimo
3275 931 3691 1001 quadragesimo

2113 1011 2371 1077 septimo,
2423 1027 2546 1067 cum
2612 1029 2883 1070 annorum
2945 1026 3096 1071 esset
3136 1018 3500 1090 quadraginta
3549 1036 3689 1090 qua-

2113 1113 2280 1160 tuor:
2311 1107 2669 1176 sepultusqne
2700 1117 2784 1163 est
2816 1108 3087 1166 laafariaa.
3120 1111 3243 1166 Fuit
3263 1113 3472 1179 fuscus,
3500 1115 3688 1170 colore

2111 1197 2178 1252 ad
2209 1196 2532 1253 ﬁavedinem
2568 1211 2848 1270 vergente,
2883 1201 3021 1258 facie
3052 1215 3313 1271 venusta,
3347 1209 3690 1278 mystaeibus

2115 1292 2274 1355 raris,
2313 1291 2490 1346 oculis
2523 1293 2934 1362 grandioribus.
2970 1297 3280 1354 Satellitum
3333 1301 3508 1370 ipsius
3550 1317 3690 1371 prae-

2111 1383 2284 1438 fectus
2312 1385 2412 1438 fuit
2439 1385 2591 1441 Isaac
2623 1385 2738 1442 Ebn
2776 1389 3084 1459 Abrahim;
3124 1409 3298 1462 eoque
3329 1403 3548 1450 mortuo
3597 1409 3688 1450 ac-

2107 1477 2306 1532 cedens
2337 1476 2678 1534 Mohammed
2712 1481 2824 1536 Ebn
2856 1483 3169 1552 Abdollahi,
3202 1487 3320 1542 Ebn
3351 1487 3631 1552 Tdhaher,
3657 1504 3690 1543 e

2109 1567 2456 1636 Chorasano,
2507 1570 2701 1627 iisdem
2751 1574 3042 1643 praefectus
3095 1585 3198 1633 est.
3236 1577 3450 1634 Janitor
3511 1580 3687 1651 ipsius

2115 1661 2295 1718 Wasif
2313 1663 2532 1730 Turca;
2567 1680 2630 1720 ac
2665 1676 2786 1736 post
2818 1668 2996 1736 ipsum
3031 1670 3160 1726 Said
3193 1670 3312 1726 Ebn
3345 1672 3508 1728 Saleh
3536 1692 3550 1736 ;
3582 1690 3683 1727 nec

2113 1770 2220 1809 non
2272 1755 2486 1825 Bagaus
2525 1757 2730 1812 Turca.
2765 1758 2980 1814 Ianitor
3019 1762 3334 1818 ordinarius
3369 1763 3536 1820 Jacob
3565 1765 3682 1820 Ebn

2107 1845 2406 1902 Abrahim;
2439 1847 2639 1902 deinde
2689 1848 3000 1914 Kansarah,
3046 1860 3100 1904 et
3152 1851 3294 1906 Atab
3346 1851 3460 1906 Ebn
3517 1853 3686 1909 Atah.

2100 1939 2402 1994 Plurimum
2455 1942 2596 2010 apud
2631 1958 2753 1996 eum
2805 1950 3025 2012 poterat
3055 1944 3334 1999 AlPhatah
3395 1946 3506 2000 Ebn
3541 1941 3684 2001 Cha-

2101 2032 2228 2099 kan,
2264 2042 2317 2087 et
2353 2030 2524 2087 Obaid
2581 2034 2735 2089 Allah
2769 2035 2882 2088 Ebn
2917 2036 3121 2111 Yahyze
3168 2036 3285 2092 Ebn
3323 2037 3545 2093 Chakan
3594 2055 3686 2095 se-

2101 2127 2390 2184 cretarius.

2316 2216 2482 2290 E56
2508 2217 2807 2289 Citati/atus
2839 2219 3212 2276 AlMontaseri
3249 2222 3468 2278 Billahi.

2173 2311 2539 2380 lnaugnratus
2577 2322 2663 2366 est
2704 2313 3056 2370 AlMontasar
3085 2316 3279 2369 Billahi
3339 2315 3682 2372 Mohammed

2106 2403 2273 2458 Ebnol
2310 2402 2675 2458 Motawacceli
2711 2405 2818 2475 (cui
2869 2415 3046 2461 mater
3088 2407 3187 2461 fuit
3213 2409 3544 2473 concubina,
3579 2423 3685 2463 no-

2103 2497 2252 2551 mine
2304 2496 2636 2565 Habashiah)
2682 2499 2873 2554 eodem
2924 2500 3010 2554 die
3046 2515 3156 2568 quo
3205 2502 3422 2556 occisus
3459 2510 3542 2556 est
3586 2501 3685 2556 Al-

2101 2589 2500 2645 liotawacccl:
2553 2591 2745 2659 quilth
2798 2600 3090 2662 postquam
3137 2594 3336 2648 chalifa
3405 2597 3688 2649 renuntia-

2102 2692 2188 2740 tus
2219 2694 2302 2740 est
2346 2685 2432 2738 die
2466 2701 2495 2739 e
2526 2676 2755 2739 laafaria
2788 2702 2847 2741 se
2901 2684 3378 2740 Sarramanraiam
3427 2686 3688 2753 contulit,

2099 2777 2377 2846 diruitque
2414 2776 2698 2830 laafariam
2747 2785 2804 2829 ct
2857 2775 3217 2832 Allausakum
3243 2777 3509 2833 deseruit.
3556 2777 3687 2836 Fra-

2097 2881 2208 2924 tres
2237 2871 2396 2923 eliam
2421 2885 2548 2923 suos
2581 2869 2694 2922 Abu
2714 2868 3075 2922 Ab'lollahum
3101 2868 3346 2925 Al.\iotaz
3377 2870 3594 2934 Billahi,
3614 2878 3668 2923 et

2097 2964 2452 3017 Abrahimum
2475 2961 2772 3032 AIManad
2796 2962 2984 3016 billahi
3009 2962 3485 3034 haereditatisjure
3507 2963 3680 3030 exuit,

2107 3070 2168 3109 ea
2209 3057 2272 3108 de
2301 3070 2357 3108 re
2387 3055 2586 3108 litteris
2623 3055 2823 3122 passim
2871 3054 2925 3107 in
2961 3055 3281 3124 provincias
3313 3056 3516 3112 missis.
3555 3055 3684 3112 Fuit

415 3142 738 3212 dictumque
764 3143 929 3198 fuerit
951 3144 1002 3198 id
1035 3145 1228 3199 scienti
1252 3163 1265 3198 :
1291 3145 1386 3200 Est
1417 3147 1518 3202 hoc
1543 3148 1781 3217 sigillum
1812 3153 1957 3222 regis
1985 3170 1997 3206 ς
2033 3138 2070 3188 (Ἴ
2107 3145 2400 3202 chalifatus
2426 3146 2600 3213 ipsius
2631 3145 2988 3210 unius,anni,
3012 3161 3104 3202 sex
3126 3148 3488 3214 mensium,et
3516 3149 3682 3201 trium

416 3235 501 3291 lue
522 3235 696 3305 ipsius
739 3236 934 3290 litterae
977 3254 992 3290 :
1035 3251 1218 3290 annon
1265 3252 1563 3310 assurgens
1611 3242 1778 3294 stabit
1823 3241 1999 3296 donec

416 3329 632 3382 litteras
667 3344 827 3382 manu
856 3338 1112 3398 acceptas
1144 3331 1430 3386 osculatus
1461 3331 1651 3396 fuerit,
1673 3335 2002 3404 easdemque

415 3419 585 3490 capiti
637 3429 691 3475 et
747 3420 924 3475 oculis
960 3420 1078 3476 suis
1135 3421 1482 3478 admoverit?
1538 3441 1717 3492 neque
1777 3425 1996 3480 interim

413 3512 537 3567 Ideo
573 3513 812 3581 assurgit
849 3523 944 3566 aut
969 3513 1186 3569 litteras
1217 3516 1529 3583 osculatur,
1571 3518 1716 3586 quod
1752 3518 1997 3573 chartam

413 3612 728 3668 veneretur,
769 3613 864 3658 aut
898 3620 1080 3660 ceram
1106 3605 1310 3660 chartae
1341 3606 1658 3673 obductam,
1717 3617 1811 3661 aut
1852 3621 2000 3664 atra-

413 3709 657 3753 mentum
681 3698 826 3752 intra
865 3699 1132 3763 chartam,
1159 3709 1252 3753 aut
1284 3703 1429 3770 quod
1461 3703 1664 3758 litteris
1739 3713 1996 3775 assurgat

412 3805 618 3860 eaSque
669 3798 984 3844 veneretur.
1027 3791 1166 3847 Non.
1204 3805 1300 3860 per
1351 3793 1512 3845 vitam
1557 3809 1754 3859 meam,
1805 3797 1874 3849 ob
1911 3812 1995 3852 rc-

412 3897 532 3935 rum
561 3884 788 3937 istarum
813 3883 1052 3951 aliquam
1075 3922 1090 3946 ,
1125 3897 1312 3936 verum
1338 3881 1462 3936 inde
1494 3883 1596 3936 hoc
1619 3895 1702 3938 est
1733 3886 1876 3953 quod
1909 3902 1993 3940 re-

414 3989 532 4042 gem
562 3981 875 4039 veneretur,
906 3973 1136 4043 ejusque
1188 3989 1409 4038 nomen,
1467 3990 1592 4029 cum
1653 3975 1826 4045 ipsius
1884 3978 1994 4032 sint

411 4067 609 4121 litterae
646 4067 782 4120 istaa.
815 4065 931 4118 llac
967 4065 1133 4134 igitur
1161 4080 1226 4119 ex
1265 4073 1420 4135 parte
1461 4066 1618 4120 decet
1651 4083 1752 4122 nos
1802 4068 1995 4137 imagi-

409 4175 535 4214 nem
587 4162 750 4213 istam
797 4159 1107 4214 deosculari
1153 4174 1217 4213 ac
1273 4159 1547 4224 venerari,
1601 4175 1705 4214 non
1743 4160 1887 4230 quod
1925 4162 1996 4216 ita

410 4267 530 4305 eam
559 4253 879 4306 osculamur
922 4267 984 4306 ac
1017 4251 1162 4305 idola
1206 4251 1312 4306 coli
1366 4252 1604 4316 soleant,
1653 4269 1841 4307 verum
1893 4254 1996 4308 hoc

410 4343 470 4398 fit
523 4344 667 4413 quod
731 4344 1084 4398 veneratione
1128 4352 1294 4414 atque
1353 4344 1563 4398 honore
1606 4346 1996 4414 prosequimur

409 4451 608 4490 nomen
660 4436 918 4504 martyris
992 4433 1401 4501 istius,.cujus
1465 4433 1648 4502 imago
1713 4434 1995 4489 coloribus

409 4529 532 4582 istis
613 4525 931 4595 depingitur
958 4565 973 4579 .

409 4635 592 4688 regem
622 4617 987 4688 TbeOphilum
1023 4617 1192 4683 misit,
1245 4633 1353 4687 qua
1403 4624 1627 4687 accepta
1666 4618 1883 4674 laetatus
1915 4630 1998 4674 est

409 4711 524 4777 ille,
565 4717 730 4778 atque
784 4708 855 4764 ab
906 4723 974 4763 eo
1003 4724 1118 4779 quo
1171 4708 1439 4779 imagines
1493 4718 1820 4777 prosecutus
1873 4719 1991 4765 erat

382 4803 538 4859 -odio
571 4818 875 4857 conversus
906 4812 1007 4857 est.
1071 4798 1199 4857 Fuit
1243 4803 1406 4856 etiam
1457 4801 1576 4856 Abu
1625 4803 1818 4857 Korrte
1852 4802 1997 4857 inter

407 4913 505 4952 eos
541 4895 636 4966 qui
661 4894 962 4964 imaginum
1006 4894 1220 4949 cultum
1278 4893 1666 4957 defenderunt,
1722 4909 1894 4963 eaque
1928 4895 1996 4966 de

407 5004 467 5044 re
503 4988 703 5042 librum
735 4984 978 5054 scripsit,
1009 5001 1169 5056 quem
1207 4985 1537 5056 appellavit:
1577 4984 1870 5042 Sermones
1919 4985 1986 5042 de

407 5081 558 5139 cultu
593 5077 918 5148 imaginum.
950 5074 1098 5131 Obiit
1131 5086 1314 5132 autem
1369 5075 1716 5146 Sophronius
1747 5079 1986 5147 patriar-

407 5174 508 5230 cha
573 5169 979 5226 Alexandrinus
1035 5167 1318 5239 hydropisi
1382 5167 1610 5225 affectus
1666 5168 1760 5239 (ob
1819 5187 2024 5238 quam_

409 5263 761 5338 453455
799 5278 924 5320 cum
957 5261 1040 5316 lac
1079 5259 1457 5328 mandragorae
1489 5260 1738 5323 bibisset,
1773 5261 1910 5316 nihil
1937 5263 1987 5317 ei

411 5357 661 5430 profuit),
679 5373 827 5412 anno
850 5353 1235 5411 ducentesimo
1264 5351 1546 5409 tricesimo
1576 5355 1763 5418 tertio,
1785 5354 1992 5409 consti-

362 5439 370 5478 ί
410 5457 542 5504 tuto
563 5458 688 5520 post
723 5449 899 5525 ipsum
928 5445 1244 5517 patriarcha
1281 5443 1657 5499 Alexandrino
1698 5443 1985 5511 Michaele,

408 5542 500 5612 qui
556 5557 730 5596 annos
774 5541 968 5611 viginti
1003 5547 1244 5610 quatuor
1288 5536 1449 5594 sedit.
1493 5535 1618 5590 Fuit
1653 5535 1742 5590 ille
1787 5552 1818 5592 e
1869 5537 1994 5593 ﬁliis

412 5630 650 5696 Bacami,
681 5630 962 5686 Burensis.
995 5628 1164 5684 Porro
1186 5629 1289 5683 fuit
1311 5626 1609 5685 chalifatus
1629 5624 1990 5680 AlMotawac-

410 5723 512 5780 eeli
565 5737 835 5784 annorum
872 5721 1315 5791 quatuordecim,
1365 5734 1570 5776 novem,
1605 5717 1900 5780 mensium,
1933 5724 1989 5773 et

413 5831 606 5878 novem
642 5816 875 5870 dierum.
901 5813 1058 5869 Anno
1081 5813 1375 5868 chalit‘atus
1403 5812 1524 5882 ejus
1543 5811 1756 5867 decimo
1777 5810 1986 5866 consti-

2101 3241 2335 3293 dierum.
2390 3238 2540 3291 Obiit
2597 3252 2771 3292 annos
2823 3248 2984 3293 natus
3029 3239 3221 3310 viginti
3303 3250 3445 3295 octo.
3485 3240 3682 3309 Sepul-

2101 3345 2298 3401 tusque
2329 3341 2412 3384 est
2459 3329 2932 3395 Sarramanraim;
2989 3332 3302 3401 sepulcrum
3350 3334 3470 3401 ejus
3520 3348 3686 3402 opere

2103 3425 2313 3480 albario
2351 3424 2566 3478 ornhvit
2597 3431 2774 3478 mater
2801 3424 2973 3493 ipsius
3001 3463 3016 3488 ,
3046 3440 3154 3493 quo
3205 3441 3314 3478 non
3362 3433 3520 3479 antea
3564 3426 3684 3478 cui-

2103 3522 2244 3589 piam
2297 3517 2624 3573 chalifarum
2665 3516 2980 3585 sepulcrum
3025 3517 3327 3573 obductum
3379 3518 3501 3574 fuit.
3558 3518 3684 3574 Fuit

2107 3608 2450 3665 AlMontaser
2510 3616 2738 3662 staturae
2790 3608 3096 3676 quadrate,
3165 3623 3400 3678 corpore
3456 3611 3683 3675 decoro,

2106 3699 2318 3765 fuscus,
2375 3699 2617 3769 pinguis.
2669 3697 2978 3751 Satellitum
3029 3700 3203 3767 ipsius
3259 3701 3547 3771 praefectus
3583 3701 3685 3755 fuit

2103 3792 2442 3847 Mohammed
2495 3791 2608 3845 Ebn
2643 3791 2910 3846 Abdollah
2961 3791 3076 3846 Ebn
3126 3791 3405 3848 Tdhaher.
3464 3793 3678 3849 Janitor

2101 3885 2220 3942 Abu
2248 3882 2417 3938 Nascr
2442 3885 2620 3938 Turea
2673 3902 2773 3940 nec
2807 3901 2914 3942 non
2942 3886 3151 3939 Ahmed
3189 3885 3304 3943 Ebu
3337 3886 3571 3941 Chasab.

2540 3978 2845 4048 Chalifatus
2880 3979 3251 4050 ,ιίιλιιιιιιιαὶηιζ⁵

2167 4069 2572 4125 Convenientes
2653 4071 2958 4125 Turcarum
3018 4071 3188 4127 duces
3243 4072 3310 4125 ad
3367 4072 3676 4143 eligendum

2095 4180 2257 4234 quem
2288 4162 2544 4217 chalifam
2599 4166 3004 4232 renuntiarent,
3032 4166 3347 4219 abnuerunt
3378 4182 3442 4220 ex
3498 4166 3681 4220 Albio-

2097 4256 2377 4311 tawacceli
2433 4256 2558 4310 ﬁliis
2585 4256 2825 4326 cuipiam
2853 4257 3178 4329 obsequium
3209 4258 3434 4327 pacisci.
3473 4258 3680 4314 Cecidit

2095 4345 2454 4418 457-559
2479 4361 2610 4416 ergo
2640 4348 2838 4403 electio
2872 4349 3113 4418 ipsorum
3146 4349 3198 4402 in
3228 4349 3526 4406 Ahmedem
3558 4349 3678 4404 Ebn

2102 4435 2500 4491 Mohammedis
2567 4435 2954 4501 AlMotasami,
3011 4439 3094 4492 cui
3145 4449 3323 4493 mater
3372 4442 3680 4496 concubina

1058 4523 1239 4596 Atque
1324 4525 1465 4578 hanc
1550 4526 1836 4594 epistolam
1923 4527 1988 4582 ad
2033 4527 2079 4586 D
2108 4525 2209 4580 fuit
2237 4526 2460 4581 nomine
2505 4524 2868 4593 Macbareck;
2926 4543 3087 4596 quem
3131 4529 3389 4583 chalifam
3424 4531 3525 4586 ﬁde
3573 4532 3678 4600 ipsi

2097 4618 2226 4671 data
2273 4618 2635 4673 constitutum
2658 4658 2674 4686 ε
2708 4619 3014 4673 Almostain
3048 4619 3242 4674 billabi
3286 4623 3673 4676 nominarunt.

2098 4707 2238 4762 Tum
2271 4718 2394 4761 orto
2429 4707 2484 4761 in
2534 4707 2780 4761 exercitu
2823 4707 3077 4774 dissidio,
3112 4717 3277 4776 atque
3332 4711 3474 4763 inter
3508 4711 3676 4764 liber-

2100 4805 2186 4854 tos
2227 4797 2490 4861 tumultu,
2519 4797 2656 4868 fugit
2685 4798 2986 4852 Almostain
3011 4798 3066 4852 in
3104 4799 3377 4866 navicula,
3401 4802 3676 4856 comitan-

2099 4891 2245 4946 tibus
2278 4890 2455 4960 ipsunt
2491 4888 2759 4958 Wasipho
2787 4898 2842 4944 et
2868 4889 3046 4959 Bagoa
3078 4889 3297 4954 Turcis,
3333 4883 3676 4962 Bagdadum.

2096 4981 2253 5038 Servi
2285 4990 2466 5037 autem
2517 4993 2573 5038 et
2603 4983 2904 5046 exercitus,
2939 4985 3032 5053 qui
3077 4984 3507 5040 Sarramanraia:
3554 4986 3672 5041 fue-

2093 5085 2243 5142 runt,
2291 5076 2414 5130 Abu
2476 5076 2742 5130 Abdallah
2798 5075 3228 5132 Ebnol’Motazzi
3275 5077 3447 5133 Ebnol
3497 5079 3670 5134 Mota-

2092 5167 2339 5230 wacceli,
2381 5167 2468 5220 cui
2501 5176 2676 5222 mater
2710 5167 2816 5222 fuit
2865 5171 3174 5226 concubina
3231 5172 3452 5226 nomine
3496 5173 3671 5227 Kabi-

2092 5255 2230 5322 hab,
2253 5257 2450 5310 throno
2478 5257 2810 5314 collocantes
2845 5260 3103 5316 chalifam
3143 5261 3474 5326 salutarunt,
3510 5263 3670 5316 initio

2093 5349 2303 5407 mensis
2354 5348 2666 5404 Mobarram
2723 5354 2853 5406 anni
2909 5354 3277 5410 ducentesimi
3328 5340 3673 5426 quinquiage-

2091 5440 2239 5495 simi.
2271 5439 2508 5510 Fuitque
2539 5443 2826 5505 contentio
2863 5452 2915 5497 et
2941 5443 3142 5498 bellum
3177 5445 3318 5498 inter
3343 5445 3672 5500 Almostaini

2091 5541 2146 5585 et
2176 5531 2472 5586 Almotazzi
2527 5534 2789 5588 asseclas.
2839 5534 2948 5590 lies
2998 5546 3180 5589 autem
3229 5536 3456 5590 bellicas
3485 5538 3672 5592 Almo-

2095 5623 2230 5675 tazzi
2283 5623 2508 5679 nomine
2567 5623 2994 5680 administrabat
3051 5626 3170 5681 Abu
3223 5628 3433 5683 Ahmed
3498 5629 3672 5685 Ebnol

2099 5713 2468 5782 Motawaccel,
2498 5732 2677 5788 neque
2707 5727 2998 5773 cessarunt
3031 5718 3172 5774 bella
3203 5735 3460 5775 exercere
3496 5737 3673 5789 usque

2100 5807 2166 5864 ad
2204 5809 2417 5865 initium
2463 5813 2668 5868 mensis
2703 5809 3077 5867 AlMobarram
3117 5814 3266 5882 anni
3309 5813 3672 5875 ducentesimi
