4116 6410
466 321 605 387 1139

1501 321 1865 387 EUTYCHII
1907 320 2431 388 ALEXANDRINI
2476 327 2691 389 PATR.

3577 316 3714 381 ttto

463 434 905 505 quinquagesimi
958 429 1185 491 secundi
1225 441 1382 490 :tum
1435 438 1579 491 enim
1623 438 1743 490 loco
1773 452 1829 489 se
1863 433 2021 488 abdi-
2057 438 2096 492 Α
2129 436 2223 505 qui
2258 438 2557 493 Altmedem
2598 436 2713 490 Ebn
2761 433 2939 488 Tolun
2982 432 3301 501 deputatum
3360 428 3462 483 sibi
3504 432 3716 484 consti..

461 537 619 579 caute
658 526 1016 591 Almostaino,
1070 526 1210 581 facta
1265 536 1349 581 est
1382 542 1508 596 pas,
1543 527 1763 595 scriptis
1797 533 2034 577 testante

458 615 801 670 AlMostaino
846 632 907 672 se
955 619 1058 671 hoc
1107 626 1300 686 sponte
1351 618 1562 683 facere,
1619 627 1671 669 et
1718 616 2035 671 securitatis

461 706 703 759 libellum
735 707 812 760 illi
845 707 1120 762 scribente
1146 706 1455 761 AlMotazzo
1488 706 1750 759 adhibitis
1781 705 2031 758 testibus.

456 797 667 852 Deinde
720 795 1007 853 Wasetum
1066 796 1228 851 Eraki
1288 798 1477 851 urbem
1549 797 1855 852 descendit.
1910 796 2034 850 Fuit

456 888 758 944 chalifatus
795 889 992 959 ipsius,
1027 889 1200 942 donec
1245 903 1303 942 se
1339 888 1514 957 ipsum
1548 889 1779 957 imperio
1810 888 2034 942 abdica-

455 981 567 1045 vit,
613 995 879 1035 annorum
924 981 1086 1033 trium
1145 996 1266 1034 cum
1318 990 1443 1034 octo
1492 981 1798 1037 mensibus.
1850 979 2032 1033 Primo

440 1072 753 1133 .cbalifatus
789 1072 963 1142 ipsius
1011 1087 1156 1126 anno
1193 1074 1524 1127 constitutus
1581 1084 1665 1128 est
1710 1072 2027 1127 Theodorus

426 1164 571 1239 _(qui
600 1163 883 1220 AIMoltlati
919 1163 1093 1233 audit)
1129 1165 1435 1232 patriarcha
1480 1162 2024 1235 Hierosolymitanus,

454 1256 549 1324 qui
601 1270 777 1310 annos
814 1256 1190 1309 novemdecim
1238 1255 1400 1319 sedit,
1446 1256 1572 1309 dein
1621 1264 1871 1309 mortuus
1915 1262 2022 1308 est.

2133 538 2315 589 tuens.
2358 530 2535 598 ipsum
2589 531 2641 583 in
2694 526 2987 597 Egyptum
3027 524 3199 578 misit.
3256 521 3535 576 Bacbacus
3584 536 3706 574 verc

2130 624 2295 696 464
2334 622 2560 678 Ahutedi
2594 621 2709 675 Ebn
2746 619 2943 675 Toluni
2987 617 3149 670 liliam
3197 630 3350 670 suam
3394 614 3449 667 in
3484 628 3714 667 uxorem

2133 715 2377 770 dederat.
2410 714 2698 784 Ingressus
2730 720 2814 768 est
2865 720 3044 765 autem
3101 706 3313 761 Abmed
3369 706 3485 759 Ebn
3535 704 3713 757 Tolu‘u

2131 806 2427 876 Egyptum
2487 820 2676 860 mense
2743 802 3060 857 Ramatlano
3129 814 3274 854 anno
3334 799 3718 853 ducentesimo

2133 897 2595 968 quinquagesimo
2644 905 2865 966 quarto.
2929 891 3187 948 Turbatze
3227 899 3353 946 sunt
3389 898 3570 943 autem
3627 903 3717 942 res

2133 991 2275 1045 inter
2300 988 2667 1043 AlMotazzum
2700 997 2753 1042 et
2790 986 3044 1041 libertos.
3077 983 3334 1050 Obiitque
3367 981 3719 1035 Almotazzus

2131 1082 2217 1137 die
2244 1080 2430 1135 Martis
2460 1081 2621 1134 tertio
2656 1088 2781 1134 ante
2817 1078 3028 1130 liuitum
3072 1089 3313 1128 mensem
3349 1071 3540 1139 Bajeb.
3571 1085 3721 1125 anno

2130 1171 2508 1228 ducentesimo
2530 1169 2988 1241 quinquagesimo
3023 1166 3237 1235 quinto.
3271 1164 3397 1218 Fuit
3421 1163 3718 1218 chalifattts

2129 1264 2303 1334 ipsius
2327 1271 2448 1328 post
2468 1259 2789 1315 AlMostaini
2831 1256 3232 1311 abdicationem
3259 1269 3524 1307 annorum
3550 1252 3718 1306 trium

452 1345 579 1400 Fuit
629 1356 808 1401 amem
865 1347 1240 1402 AlmOSlain'lS
1298 1348 1537 1417 pinguis,
1589 1346 1755 1418 460
1798 1360 2026 1412 εοτβοτθ
2125 1372 2247 1410 cum
2278 1353 2558 1408 mensibus
2593 1366 2812 1413 novem,
2852 1348 3047 1404 diebus
3078 1354 3223 1401 octo.
3258 1343 3408 1409 Erat,
3441 1360 3563 1398 cum
3600 1361 3722 1400 mo-

455 1446 707 1503 Vrnusto,
740 1436 909 1492 barba
946 1440 1141 1508 nigra;
1180 1439 1474 1494 satellitum
1526 1438 1697 1507 ipsius
1739 1436 2027 1508 prasfectus
2125 1456 2367 1509 γει-ρων,
2421 1459 2693 1498 annorum
2749 1439 2943 1511 viginti
2995 1440 3254 1495 duorum.
3321 1435 3582 1507 Sepultus
3629 1448 3715 1492 est

454 1525 555 1580 fuit
592 1525 939 1580 Mohammed
973 1525 1085 1579 Ebn
1120 1526 1380 1588 Abdollae,
1410 1527 1525 1580 Ebn
1556 1518 1849 1581 Tdhalteri.
1881 1524 2030 1579 Jani—

454 1626 605 1673 tores
636 1616 828 1687 ipsius,
855 1616 1037 1671 Wasif
1057 1625 1110 1673 et
1146 1617 1311 1688 Roga,
1343 1617 1558 1671 Tureze.

904 1709 1204 1779 Cltalifatus
1253 1710 1575 1764 “Motazzi.

523 1801 729 1858 Omnes
785 1802 877 1873 qui
922 1802 1349 1856 Sarramantaire
1404 1802 1627 1855 fuerunt
1681 1811 1790 1856 tam
1838 1800 2029 1856 Turcae

452 1910 617 1963 quam
653 1895 770 1959 alii,
800 1892 1168 1947 AlMotazzam
1205 1892 1463 1947 chalifam
1501 1893 1605 1947 (ide
1634 1893 1760 1945 data
1801 1894 2033 1963 inaugu-

449 1993 669 2048 rarunt,
702 2000 891 2039 mense
922 1984 1298 2039 AlMobarram
1329 1986 1457 2038 anni
1486 1985 1844 2040 dueentesimi
1872 1985 2033 2052 quin-

452 2076 759 2147 quagesimi
813 2076 998 2147 primi,
1051 2090 1175 2130 cum
1227 2085 1377 2131 esset
1413 2075 1714 2131 AlMostain
1768 2074 2031 2144 Bagdadi,

454 2183 520 2220 ac
586 2168 878 2237 provincia
928 2168 1197 2233 turbatae,
1236 2167 1428 2237 majori
1465 2166 1747 2222 hominum
1786 2176 1938 2237 parte
1970 2167 2033 2220 Al

452 2258 725 2313 Mostaino
754 2258 1175 2313 adhaerentibus.
1204 2258 1270 2311 At
1304 2273 1426 2314 cum
1449 2272 1510 2313 se
1544 2258 1776 2326 imperio
1806 2257 2031 2313 abdica-

451 2361 607 2407 verat
650 2353 712 2423 AJ
746 2350 983 2408 Mostain
1019 2353 1176 2407 initio
1222 2354 1428 2408 mensis
1467 2351 1868 2417 AlMoharram,
1904 2353 2031 2409 anni

450 2441 817 2498 ducentesimi
873 2443 1311 2513 quinquagesimi
1372 2444 1623 2507 secundi,
1687 2444 1790 2499 hoc
1844 2445 2032 2501 audito

452 2536 707 2591 homines
757 2537 1003 2591 obsecuti
1060 2547 1208 2591 sunt.
1266 2538 1329 2592 Al
1350 2537 1625 2591 Motazzus
1680 2548 1859 2593 autem
1910 2552 2033 2593 cum

454 2626 828 2682 successionis
856 2627 947 2696 jus
977 2629 1283 2684 Abrahimo
1316 2629 1378 2683 Al
1403 2629 1624 2700 Moayad
1656 2630 1843 2684 billahi
1872 2630 2030 2684 resti-

452 2714 694 2779 tuisset,
733 2715 922 2769 eodem
978 2731 1172 2771 rursus
1229 2716 1404 2786 ipsum
1454 2718 1639 2783 exuit,
1693 2717 1783 2787 qui
1831 2716 2031 2771 deinde

451 2813 705 2862 mortuus
744 2815 827 2862 est
861 2824 876 2861 :
915 2808 1062 2877 quod
1101 2824 1222 2861 cum
1259 2824 1400 2878 aegre
1453 2808 1618 2863 ferret
1650 2808 1772 2863 ’Abu
1820 2809 2032 2863 Ahmed

453 2896 609 2950 fratri
642 2912 742 2952 suo
774 2899 1065 2962 accidisse,
1110 2900 1285 2967 ipsum
1332 2900 1594 2953 Basoram
1630 2900 1891 2969 relegavit
1940 2898 2036 2953 Al-

450 2988 730 3044 Motazzus
758 3007 771 3044 :
808 2990 1077 3045 interlecti
1104 3001 1231 3044 sunt
1258 2992 1422 3046 etiam
1447 2991 1747 3058 Wasiphus
1776 3004 1824 3045 et
1857 2991 2025 3059 Boga.

2129 1540 2301 1594 Sarra
2357 1535 2615 1590 Manraia:
2666 1550 2681 1588 :
2738 1535 3052 1603 sepulcrum
3109 1529 3232 1600 ejus
3292 1543 3456 1595 Opere
3509 1528 3721 1582 albario

2131 1630 2352 1685 ornavit
2387 1635 2562 1681 mater
2594 1626 2770 1696 ipsius
2796 1624 2951 1695 juxta
2981 1623 3293 1691 sepulcrum
3327 1619 3714 1675 Alliontasari.

2134 1723 2261 1779 Fuit
2294 1720 2681 1777 AlMontazzus
2720 1717 3015 1780 candidus,
3064 1714 3205 1771 facie
3257 1712 3512 1784 pttlchra,
3564 1726 3720 1765 coma

2134 1816 2391 1886 eleganti,
2440 1827 2672 1882 corpore
2722 1811 2945 1874 decoro,
2981 1806 3118 1862 adeo
3166 1812 3223 1859 ut
3276 1803 3422 1858 haud
3473 1801 3579 1871 ipsi
3624 1816 3721 1870 par

2135 1907 2313 1961 forma
2374 1916 2429 1960 et
2488 1894 2913 1973 pulchritudine’
2954 1898 3317 1967 reperiretur.
3379 1892 3720 1948 Satellitibus

2134 1999 2309 2070 ipsius
2378 1994 2669 2066 praefectus
2719 1992 2821 2046 fuit
2866 1987 3208 2045 Mohammed
3255 1985 3369 2038 Ebn
3421 1982 3723 2045 Abdillahi,

2133 2093 2250 2147 Ebn
2295 2087 2569 2145 Tdhalteri
2606 2105 2620 2142 :
2658 2084 2810 2148 dein,
2864 2098 2929 2137 eo
2968 2090 3209 2141 mortuo,
3250 2076 3567 2131 Obaidallah
3602 2074 3722 2127 Ebn

2133 2181 2433 2246 Abdillahi,
2494 2179 2609 2233 Ebn
2669 2176 2907 2231 Tdaheri
2942 2191 2955 2227 :
2988 2181 3105 2225 tum
3144 2171 3338 2225 iisdem
3389 2167 3723 2237 prmpositus

2131 2284 2213 2331 est
2277 2274 2520 2328 Soliman
2576 2270 2690 2324 Ebn
2754 2267 3033 2323 Ahdillahi
3091 2266 3206 2319 Ebn
3266 2260 3574 2315 Tdhaheri.
3629 2258 3722 2327 qui

2133 2364 2410 2440 [munus]
2448 2364 2579 2419 illud
2623 2362 2882 2423 obtinuit,
2921 2358 3067 2427 quod
3125 2356 3324 2410 deinde
3376 2351 3725 2406 Obaidallalti

2134 2458 2253 2513 Ebn
2299 2456 2602 2519 Abdillahi,
2642 2453 2758 2507 Ebu
2795 2449 3072 2506 Tdhaheri
3126 2446 3402 2501 redditum
3434 2452 3538 2498 est.
3571 2440 3727 2495 Jani-

2136 2558 2286 2605 tores
2316 2548 2491 2619 ipsius
2521 2546 2744 2600 fuerunt
2777 2543 3023 2610 VVasiph
3063 2547 3116 2593 et
3152 2538 3295 2607 Boga
3332 2554 3344 2590 :
3380 2534 3579 2589 deinde
3624 2532 3726 2586 Sa-

2130 2644 2286 2699 lehus
2323 2642 2376 2697 in
2411 2640 2590 2695 locum
2623 2638 2795 2708 patris
2827 2634 2912 2688 sui
2943 2631 3208 2688 sullectus
3231 2634 3352 2693 est;
3381 2632 3436 2681 et
3464 2625 3517 2679 in
3542 2624 3714 2679 locun

2130 2735 2315 2806 Bogai,
2350 2733 2561 2787 Bacbac
2595 2728 2797 2783 Turca.

2789 2817 3093 2885 Cltalifatus
3139 2811 3477 2866 Almohtadi.

2212 2916 2582 2985 lnauguratus
2611 2920 2697 2966 est
2727 2907 3065 2971 Almohlatli,
3097 2904 3349 2958 videlicet
3377 2901 3726 2971 Mohammed

2138 3009 2254 3065 Ebn
2294 3008 2480 3062 Harun
2526 3002 2809 3060 Alwathek
2845 3001 3057 3061 billahi,
3097 2996 3283 3052 Ebnol’
3310 2995 3573 3049 Motasam
3619 2994 3727 3046 bil-

450 3080 807 3149 Mortuusque
859 3089 943 3136 est
1001 3080 1343 3135 Mohammed
1397 3080 1511 3135 Ebn
1552 3080 1877 3143 Abdollahi,
1912 3078 2029 3134 Ebn

2140 3102 2272 3167 lahi,
2307 3100 2395 3156 cui
2432 3109 2604 3154 mater
2636 3096 2735 3150 fuit
2770 3092 3078 3149 concubina
3118 3089 3339 3145 nomine
3372 3086 3543 3141 Korb.
3596 3083 3725 3138 Fuit

451 3173 735 3229 Tdhaheri
780 3174 1071 3229 satellitum
1124 3174 1434 3243 prazl'ectus.
1482 3172 1900 3228 AlMostainum
1936 3186 2032 3226 au-

452 3276 564 3319 tem
605 3265 830 3320 Waseto
866 3266 1193 3321 accersitum
1218 3305 1233 3329 ,
1286 3280 1406 3319 cum
1440 3266 1727 3320 salutasset
1758 3264 1884 3319 Said
1914 3262 2031 3317 Ebn

454 3356 617 3411 Saleh
678 3356 904 3425 janitor,
962 3358 1137 3426 ipsum
1190 3355 1483 3411 interfecit.
1548 3359 1721 3413 Porro
1789 3367 2037 3412 mortuus

453 3457 537 3502 est
577 3448 911 3515 Theophilus
956 3447 1237 3501 Michaelis
1290 3448 1385 3500 lilii
1434 3447 1720 3514 Theophili
1759 3449 1901 3502 lilitts
1928 3446 2039 3501 Ro-

451 3546 761 3607 manorum)
794 3538 1125 3603 imperator.
1184 3538 1512 3591 succedente
1556 3536 1659 3604 ipsi
1708 3538 1763 3590 in
1805 3537 2034 3604 imperio

453 3630 565 3683 lilio
607 3630 783 3698 ip~ius
815 3628 1076 3683 Michaele
1102 3627 1409 3695 TlieOphili,
1464 3628 1558 3683 lilii
1592 3627 1872 3681 Michaelis
1900 3628 2032 3681 lilio.

451 3721 577 3775 Fuit
613 3731 791 3775 autem
827 3723 933 3775 dux
969 3723 1187 3790 quidam
1221 3720 1574 3793 ἀει-463
1609 3721 1833 3775 nomine
1876 3719 2033 3775 Basi-

452 3813 560 3867 lius
590 3828 752 3881 quem
784 3815 1116 3867 accersitum
1151 3812 1409 3867 omnibus
1453 3810 1689 3867 ducibus
1738 3826 1803 3866 ac
1857 3813 2028 3867 comi-

454 3905 604 3960 tibus
641 3906 757 3959 suis
786 3904 1132 3976 praefecerat.
1164 3905 1259 3959 Die
1291 3913 1472 3957 autem
1510 3903 1774 3974 quodam,
1818 3920 1945 3959 cum
1974 3918 2035 3959 se

451 3996 771 4051 oblectandi
805 3996 981 4065 gratia
1016 3996 1311 4065 prodiisset
1348 3994 1581 4051 Michael
1625 3996 1931 4065 imperator
1973 3996 2029 4049 in

462 4089 701 4143 insulam
737 4089 1053 4158 quamdam,
1086 4104 1206 4157 quae
1231 4104 1261 4144 e
1303 4089 1523 4158 regione
1552 4088 2031 4158 Constantinopoli

455 4181 563 4235 sita
602 4188 683 4234 est
715 4183 770 4233 in
815 4180 954 4234 mari
996 4182 1138 4250 quod
1178 4179 1386 4234 Pontus
1436 4180 1767 4249 appellatur,
1811 4180 2031 4237 irruens

455 4274 514 4325 in
562 4272 743 4339 ipsum
792 4271 1025 4326 Basilius
1063 4272 1216 4337 dux,
1272 4272 1416 4325 intra
1472 4270 1762 4325 ecclesiam
1821 4284 1943 4340 quae
1978 4272 2031 4326 in

2130 3194 2479 3265 iuauguratio
2496 3193 2667 3262 ipsius
2684 3189 2767 3244 die
2787 3188 3160 3252 Martis,tertio
3186 3191 3312 3236 ante
3338 3181 3548 3234 ﬁnitum
3570 3193 3726 3231 men-
3780 3257 3797 3265 '

2133 3304 2245 3345 sem
2266 3286 2455 3355 llajeb,
2475 3297 2617 3338 anno
2637 3280 3013 3334 ducentesimo
3032 3274 3487 3344 quinquagesimo
3508 3271 3723 3339 quinto.

2134 3381 2266 3435 Erat
2297 3377 2594 3435 chalifatus
2628 3374 2801 3444 ipsius
2844 3371 2974 3424 anni
3015 3370 3203 3423 unius.
3265 3365 3594 3421 Trucidatns
3642 3372 3727 3417 est

2137 3489 2263 3528 cum
2303 3484 2576 3525 annorum
2616 3474 2761 3521 esset
2797 3463 3020 3532 triginta
3076 3474 3269 3513 novem
3308 3475 3322 3512 :
3367 3457 3613 3525 sepultus
3640 3462 3728 3507 est

2143 3563 2596 3621 Sarramanraim.
2630 3559 2757 3613 Fuit
2792 3565 3001 3610 statura
3040 3552 3238 3617 media,
3294 3548 3433 3603 facie
3474 3546 3725 3617 pulchra,

2140 3668 2373 3723 corpore
2407 3649 2663 3720 eleganti,
2702 3648 2872 3701 barba
2934 3643 3173 3713 implexa
3210 3638 3263 3695 et
3293 3640 3469 3707 nigra.
3506 3636 3728 3690 Satelli—

2140 3751 2255 3799 tum
2288 3743 2463 3812 ipsius
2508 3739 2800 3811 praefectus
2854 3735 2954 3789 fuit
3004 3730 3347 3788 Olmidollahi
3388 3728 3501 3781 Ehn
3538 3726 3729 3780 Abdit-

2139 3832 2277 3889 lahi.
2302 3832 2515 3886 Janitor
2542 3829 2704 3884 Saleh
2740 3827 2858 3881 Ebn
2890 3824 3157 3891 Wasiph;
3209 3828 3352 3885 tum,
3398 3812 3584 3874 occiso
3626 3813 3730 3870 Sa-

2139 3926 2286 3994 lebo,
2320 3924 2490 3979 Tacin
2524 3922 2729 3975 'l‘urca.

2438 4012 2747 4080 Chalifattts
2791 4002 3183 4063 Almolammed
3232 3998 3443 4053 billahi.

2209 4109 2574 4176 lnauguratus
2625 4113 2707 4157 est
2768 4096 3162 4154 Almntammed
3215 4092 3401 4147 billahi
3461 4096 3721 4159 (nempe,

2142 4198 2350 4256 Ahmed
2387 4198 2501 4251 Ebn
2532 4194 2736 4248 Jaafari
2771 4186 3242 4249 Almotawacceli,
3273 4185 3359 4238 cui
3396 4193 3571 4236 mater
3600 4198 3731 4235 con-

2141 4293 2340 4347 cubina
2394 4289 2496 4341 fuit
2548 4285 2767 4338 nomine
2802 4280 3030 4352 Knyai),
3092 4292 3280 4333 mense
3329 4276 3526 4341 Rajeb,
3582 4288 3729 4326 anno

456 4364 633 4418 insula
659 4372 761 4427 est,
790 4362 1063 4418 interfecit
1089 4404 1104 4427 ,
1150 4378 1251 4418 nec
1289 4379 1394 4417 non
1434 4372 1486 4417 et
1516 4378 1612 4418 eos
1645 4363 1740 4433 qui
1772 4364 1827 4419 in
1856 4364 2032 4421 insula
2066 4377 2114 4433 ι)
2143 4383 2520 4441 ducentesimo
2574 4375 3030 4448 quinquagesimo
3090 4380 3266 4427 sexto.
3334 4368 3725 4424 Consiliarium

456 4464 637 4519 erant,
678 4464 734 4509 et
773 4456 1057 4525 imperiutn
1112 4458 1167 4510 in
1231 4464 1559 4528 potestatem
1609 4472 1760 4510 suam
1805 4458 2037 4525 redegit,

460 4560 585 4599 cum
617 4561 722 4601 nun
749 4557 893 4601 esset
920 4548 1035 4616 ipse
1060 4565 1087 4600 e
1108 4548 1274 4615 stirpe
1303 4548 1471 4615 regia,
1504 4554 1693 4616 utpote
1724 4546 1817 4617 qui
1843 4562 2041 4617 genere

459 4636 708 4691 Siciliota
762 4638 884 4692 fuit.
923 4639 1168 4708 Cumque
1233 4638 1341 4708 ipsi
1391 4640 1602 4693 dictum
1661 4647 1813 4695 esset
1847 4657 1861 4693 :
1894 4636 2041 4705 Quid

460 4737 543 4784 est
574 4729 717 4800 quod
762 4730 1150 4798 imperatorem
1200 4728 1453 4784 occidere
1502 4728 1586 4785 fas
1636 4730 1737 4784 tibi
1794 4728 2042 4785 duxisti?

457 4822 742 4891 respondit
786 4842 799 4875 :
841 4820 1069 4875 Michael
1120 4836 1241 4877 cum
1286 4822 1571 4876 mulierem
1604 4820 1904 4889 deperiret,
1956 4835 2041 4875 me

459 4930 579 4967 eam
615 4913 819 4967 ducere
851 4914 1031 4983 iussit,
1069 4914 1134 4967 ad
1181 4915 1355 4983 ipsam
1385 4922 1571 4967 tamen
1601 4927 1709 4966 non
1739 4911 2039 4977 accedere;

461 5017 523 5059 ut
571 5005 792 5059 nomine
835 5006 965 5058 tnihi
1014 5017 1159 5059 esset
1200 5006 1396 5057 mulier
1442 5005 1582 5069 ista,
1634 5003 1723 5058 ille
1762 5017 1891 5057 vero
1921 5018 2044 5057 cum

463 5100 580 5167 ipsa
624 5098 885 5163 cubaret;
938 5106 1087 5151 metu
1138 5096 1349 5150 scilicet
1389 5097 1576 5150 uxoris
1629 5111 1763 5159 suae,
1822 5110 1889 5150 ne
1930 5094 2045 5164 ipsa

464 5189 596 5243 illud
636 5189 886 5252 rescit'et,
931 5198 984 5245 et
1013 5190 1159 5257 quod
1193 5205 1302 5243 non
1337 5189 1527 5243 liceret
1552 5188 1655 5258 ipsi
1690 5188 1852 5242 aliam
1904 5188 2047 5242 ultra

466 5297 689 5335 uxorem
720 5295 875 5334 suam
911 5283 1111 5335 ducere
1149 5297 1164 5335 :
1196 5281 1338 5350 quod
1388 5297 1509 5335 cum
1550 5280 1825 5345 fecissem,
1856 5290 2048 5352 postea

466 5372 766 5438 paenitenia
811 5374 1035 5435 ductus,
1089 5371 1259 5425 Deum
1292 5373 1449 5427 timui
1482 5391 1498 5424 :
1531 5372 1677 5425 caede
1711 5388 1841 5443 ergo
1872 5374 2048 5442 ipsum

466 5463 658 5516 tollere
694 5464 776 5517 fas
813 5465 944 5519 duxi
974 5480 989 5517 :
1026 5463 1366 5534 retinuitque
1395 5462 1630 5519 Basilius
1658 5462 1946 5534 imperium
1993 5467 2047 5522 in

465 5551 762 5607 Romanos.

572 5646 878 5713 Lhalifatus
920 5648 985 5699 Al
1018 5648 1251 5702 Motazzt'
1301 5659 1346 5700 et
1386 5648 1690 5703 Almohtadi
1719 5659 1768 5702 et
1817 5665 1939 5715 pars

910 5742 1193 5809 chalifatus
1246 5744 1615 5798 Almotamedi.

544 5822 793 5879 Praeleeit
814 5830 1157 5888 Alilotazzus
1193 5832 1497 5889 Bacbacum
1520 5832 1755 5890 Turcam
1782 5836 2037 5907 Egypto,

2138 4489 2300 4529 suum
2332 4470 2621 4526 constituit
2650 4465 3020 4520 Abdollahutn
3048 4460 3161 4514 Ebn
3199 4454 3399 4526 Yaltyae
3433 4458 3545 4510 Ebn
3581 4455 3728 4509 Cha-

2138 4581 2264 4630 can,
2294 4564 2385 4634 qui
2432 4558 2807 4615 Motawacceli
2870 4553 3230 4609 consiliarius
3288 4551 3488 4604 fuerat.
3537 4548 3726 4602 Conti-

2138 4656 2324 4713 nuatis
2357 4663 2539 4708 autem
2578 4651 2740 4707 bellis
2797 4657 2850 4704 et
2902 4647 3152 4702 dissidiis
3197 4645 3425 4698 turbata:
3470 4653 3599 4695 sunt
3641 4655 3728 4693 re-

2140 4751 2326 4819 giones
2375 4755 2428 4801 et
2482 4743 2821 4814 provinciae;
2879 4749 2931 4794 et
2983 4739 3189 4807 ubique
3247 4747 3513 4789 terrarum
3570 4731 3726 4784 multi

2141 4844 2247 4897 sibi
2284 4840 2574 4908 imperium
2610 4835 2962 4889 vindicarunt
2989 4873 3003 4897 ,
3064 4831 3202 4883 adeo
3249 4837 3307 4882 ut
3343 4838 3514 4879 totum
3556 4824 3729 4878 chalié-

2145 4934 2289 4988 fatus
2331 4930 2505 5000 ipsius
2555 4940 2769 4992 tempus
2830 4923 3078 4978 dissidiis
3126 4920 3409 4990 perpetuis
3466 4926 3520 4970 et
3571 4916 3728 4968 hellis

2145 5021 2430 5078 continuis
2460 5019 2627 5091 ὧδε
2655 5019 2871 5086 plenum
2909 5013 3093 5066 fuerit.
3134 5011 3334 5064 Rerum
3364 5008 3727 5076 gerendarum

2146 5130 2332 5171 curam
2382 5111 2570 5165 habuit
2604 5110 2723 5162 Abu
2768 5106 2975 5159 Ahmed
3005 5099 3355 5157 Almowall‘ek
3390 5098 3597 5160 billahi,
3633 5098 3731 5148 AI-

2150 5202 2500 5259 mmammedi
2558 5201 2748 5254 frater.
2828 5195 3227 5250 Alnuotammed
3288 5208 3415 5259 vero
3479 5190 3729 5243 homines

2150 5299 2261 5350 lilio
2308 5311 2409 5351 suo
2454 5293 2691 5353 Iaal'aro.
2757 5298 2813 5343 ut
2864 5287 3171 5343 successori
3227 5300 3328 5337 suo
3378 5284 3535 5335 littem
3596 5278 3728 5331 dare

2149 5385 2354 5455 adegit,
2396 5384 2497 5453 ipsi
2554 5398 2753 5437 nomen
2804 5375 3195 5447 Almopltawed
3250 5372 3501 5427 Allallahi
3554 5370 3728 5437 impo-

2147 5491 2324 5538 nens;
2359 5491 2422 5527 ac
2456 5484 2578 5543 post
2613 5489 2737 5527 eum
2777 5472 2890 5524 Abu
2923 5467 3152 5521 Ahmedi
3190 5465 3348 5519 Ebnil
3383 5458 3732 5529 Motawacrel

2090 5556 2097 5573 ¹
2151 5567 2307 5621 fratri
2368 5581 2505 5631 suo;
2562 5580 2721 5633 quem
2779 5558 3127 5615 Almowaﬁ'ec
3184 5557 3374 5611 billahi
3416 5550 3729 5623 appellavit.

2150 5659 2269 5713 Abu
2304 5658 2512 5713 Ahmed
2549 5668 2730 5710 autem
2761 5656 2875 5723 ipse
2903 5653 3038 5706 bella
3068 5664 3279 5719 gerere,
3311 5658 3476 5717 atque
3510 5649 3563 5698 in
3599 5657 3732 5713 pro-

2150 5753 2362 5807 vincias
2416 5750 2709 5820 prolicisci,
2746 5761 2914 5815 seque
2964 5746 3108 5799 curis
3156 5757 3221 5797 ac
3265 5739 3544 5796 laboribus
3571 5748 3730 5791 exer-
