4116 6408
427 283 563 355 1151
1873 294 2029 355 ANN

2137 294 2249 359 ES.
3567 302 3701 367 1142

424 414 572 465 cere,
609 397 740 454 dum
778 398 1182 457 Almotammed
1224 402 1602 473 voluptatibus
1649 414 1703 458 et
1755 403 1899 460 lusui
1929 404 2016 458 in-
2043 405 2093 463 Α
2123 404 2375 476 bylonica
2413 405 2562 460 mille
2580 405 3404 479 quadringentiquinquaginta.
3428 411 3472 465 A
3496 410 3700 468 Davide

424 491 711 562 dulgeret;
743 500 938 548 contra
966 508 1126 563 quem
1160 495 1469 563 rebellavit,
1508 496 1745 562 Basom,
1775 497 1862 553 Ali
1889 498 2007 554 Ebn
2110 496 2260 553 mille
2289 497 2548 568 nongenti
2576 496 2767 568 viginti
2789 508 3018 567 septem.
3042 499 3125 554 Ab
3147 502 3295 556 exitu
3321 501 3698 560 lsraelitarum

427 583 809 652 Mohammed,
862 583 982 641 Ebn
1021 586 1253 655 Ahmed,
1312 588 1428 643 Ebn
1470 589 1580 655 Ali,
1636 589 1753 645 Ehn
1810 589 2008 659 Yazid,
2111 608 2179 648 ex
2235 590 2469 662 Egypto
2502 589 2588 646 bis
2638 589 2790 646 mille
2828 592 3114 661 quingenti
3174 595 3398 663 triginta
3448 605 3579 653 tres.
3617 599 3703 654 Ab

432 674 551 729 Ebn
579 673 688 736 Ali,
725 672 920 730 Ebnol‘
961 673 1191 743 llosain,
1223 678 1343 734 Ebn
1374 678 1482 745 Ali,
1531 680 1649 735 Ebn
1685 679 1789 735 Abi
1818 679 2011 746 Taleb,
2111 682 2429 739 Abrahamo
2471 690 2554 739 ter
2602 683 2754 740 mille
2795 684 3183 754 quadraginta.
3232 689 3278 740 A
3327 688 3567 744 Phaleko
3619 698 3702 745 ter

431 766 520 821 die
567 766 735 831 lunae,
769 766 988 824 duobus
1021 777 1149 825 ante
1184 769 1399 825 ﬁnitum
1437 786 1685 829 mensem
1730 772 2014 830 Ramadan
2116 777 2265 831 mille
2309 776 2597 846 quingenti
2650 777 2931 847 octoginta
2964 793 3128 835 unus.
3183 778 3227 831 A
3263 779 3471 835 diluvio
3508 790 3703 852 quater

425 858 665 925 diebus;
696 873 759 914 ac
809 859 966 917 casis
1011 862 1270 921 omnibus
1324 864 1547 922 Basorae
1603 867 1823 934 incolis,
1875 884 2008 939 opes
2118 864 2266 921 mille
2303 876 2525 921 centum
2578 866 2893 922 duodecim.
2942 867 3026 922 Ab
3073 867 3285 924 Adamo
3338 871 3520 926 sexies
3559 870 3706 924 mille

430 951 679 1020 ipsorum
715 952 970 1021 diripuit,
1018 956 1280 1013 mulieres
1310 967 1364 1014 et
1406 959 1607 1017 liberos
1639 961 1889 1032 captivos
1914 961 2011 1017 ab-
2097 960 2343 1015 trecenti
2380 957 2668 1029 sexaginta
2698 967 2845 1015 octo.
2879 958 3130 1026 Cumque
3178 976 3356 1017 annos
3398 960 3506 1027 iam
3542 976 3705 1016 sexa-

429 1042 611 1109 duxit,
673 1045 1025 1112 mulieribus,
1076 1048 1288 1117 pueris,
1348 1060 1405 1108 et
1460 1052 1657 1124 puellis
1706 1062 1762 1110 et
1810 1052 2013 1125 opibus
2111 1049 2261 1119 ginta
2324 1060 2484 1109 natus
2554 1059 2725 1113 esset,
2798 1050 3136 1106 constitutus
3206 1050 3312 1106 fuit
3392 1053 3707 1122 patriarcha

431 1132 673 1189 Nabechi
718 1137 952 1194 arbitrio
1006 1141 1317 1211 permissis,
1372 1157 1438 1199 ac
1490 1152 1703 1201 vastata
1766 1144 2010 1211 Basora,
2114 1140 2551 1207 Alexandrinus,
2599 1150 2765 1210 atque
2814 1142 2968 1197 Anba
3022 1142 3325 1214 Eutychius
3377 1144 3706 1212 appellatus.

434 1226 716 1282 territoria
747 1236 803 1285 et
842 1229 1081 1288 ditiones
1126 1233 1247 1304 ejus
1278 1237 1588 1306 occupavit.
1626 1237 1824 1294 Contra
1850 1254 2012 1308 quem
2118 1231 2328 1287 Ahmed
2388 1240 2569 1287 autem
2628 1233 2745 1288 Ebn
2800 1233 3002 1301 Tolun.
3064 1244 3228 1305 capta
3287 1235 3618 1301 Antiochia.
3656 1237 3710 1290 in

432 1318 694 1375 Basoram
748 1322 1026 1393 profectus
1077 1334 1163 1381 est
1196 1328 1316 1383 Abu
1360 1329 1569 1386 Ahmed
1623 1330 2015 1398 Almowaﬂ'ec;

2137 1321 2422 1395 Egyptum
2474 1340 2735 1381 reversus
2787 1333 2908 1392 est,
2958 1326 3052 1381 ubi
3108 1327 3370 1397 templum
3419 1343 3714 1383 commune

432 1425 610 1481 neque
646 1412 794 1470 inter
824 1430 920 1473 eos
949 1416 1089 1473 bella
1117 1419 1230 1489 geri
1274 1419 1565 1477 desierunt
1600 1424 2017 1492 quatuordecim
2118 1414 2398 1470 θιεινυιίι
2449 1415 2588 1471 “md
2640 1415 2787 1485 (Ιυοά
2830 1417 3056 1486 βίεοίηεε
3114 1418 3385 1482 immitti“:
3450 1432 3551 1473 nec
3601 1434 3710 1472 "0"

406 1504 615 1559 annis.
657 1504 848 1562 Caesus
894 1517 979 1563 est
1010 1518 1192 1566 autem
1246 1511 1486 1568 Aliensis
1536 1512 1639 1570 iste
1683 1514 1900 1570 Basom
1950 1514 2019 1569 ad
2119 1504 2530 1563 Nosocomium.
2558 1506 2815 1563 Canalem
2863 1509 3027 1564 etiam
3061 1509 3349 1565 fabricavit
3382 1509 3435 1564 in
3460 1524 3572 1578 quo
3596 1508 3715 1564 ﬂuit

432 1594 659 1650 tluvium
710 1598 812 1654 Abi
868 1599 1094 1674 Sofyan,
1143 1619 1287 1676 pone
1337 1604 1563 1661 ﬂuvium
1611 1605 1737 1662 Abi]
1780 1604 2017 1673 chasib,
2122 1613 2263 1669 aqua
2306 1613 2335 1653 a
2388 1598 2600 1669 piscina
2630 1615 2755 1671 quae
2797 1598 3086 1657 Alllabash
3124 1601 3574 1673 [Abyssinarum]
3613 1616 3713 1671 ap-

426 1686 583 1744 lllum
622 1692 994 1764 nempejuxta
1026 1711 1188 1766 quem
1238 1697 1429 1752 urbem
1481 1712 1662 1761 suam,
1714 1713 1878 1769 quam
1925 1697 2020 1753 Al—
2049 1749 2097 1769 ἢ
2127 1691 2368 1761 pellatur
2401 1691 2469 1746 ad
2512 1692 2819 1763 Amaaphe.
2856 1692 3049 1749 Morbo
3080 1704 3264 1750 autem
3308 1702 3616 1761 correptus,
3647 1708 3715 1747 eo

432 1780 757 1838 mochtarah
779 1786 1063 1851 vocitavit,
1087 1789 1431 1857 condiderat,
1457 1790 1546 1845 die
1574 1790 1827 1846 Mercurii
1855 1804 2025 1861 prope
2050 1780 2099 1811 ³³
2126 1797 2242 1851 quo
2294 1791 2547 1839 mortuus
2589 1794 2673 1839 est
2696 1824 2710 1850 ,
2761 1785 3016 1841 videlicet
3067 1786 3174 1839 alvi
3226 1785 3515 1855 proﬂuvio.
3544 1786 3716 1852 iussit

433 1886 744 1940 vesperam,
776 1876 984 1934 mensis
1021 1877 1182 1934 Safar
1206 1888 1428 1951 quarto,
1466 1894 1613 1935 anno
1644 1880 2027 1937 ducentesimo

436 1965 868 2037 septuagesimo.
900 1968 1099 2026 Totum
1148 1981 1332 2028 autem
1382 1980 1600 2045 tempus
1646 1989 1713 2029 ex
1757 1989 1891 2043 quo,
1942 1974 2030 2029 in-

435 2064 701 2125 surgente
733 2057 876 2127 ipso,
910 2071 1153 2117 erectum
1201 2072 1287 2121 est
1337 2065 1601 2121 vexillum
1634 2064 1808 2136 ipsius
1853 2079 2032 2134 usque

432 2148 497 2203 ad
529 2148 1071 2235 469ο471μίειη
1125 2171 1237 2227 quo
1290 2157 1511 2215 occisus
1563 2166 1671 2224 est,
1726 2158 1855 2213 anni
1901 2166 2033 2213 sunt

434 2245 883 2311 quatuordecim,
918 2257 1158 2316 quatuor
1188 2265 1409 2307 menses
1455 2258 1511 2306 et
1547 2267 1644 2307 sex
1694 2251 1832 2307 dies.
1883 2249 2026 2318 Quin

432 2344 490 2389 et
531 2336 742 2392 Ahmed
773 2336 887 2394 Ebn
915 2339 1093 2397 Tolun
1128 2341 1427 2415 )Egyptum
1473 2351 1528 2399 et
1576 2343 1902 2399 Damascum
1936 2358 2030 2399 oc-

435 2424 684 2492 cupavit,
718 2433 878 2497 capta
905 2429 1070 2482 etiam
1097 2430 1413 2499 Antiochia,
1446 2447 1475 2488 a
1505 2449 1617 2505 quo
1642 2433 1901 2490 detentus
1926 2434 2033 2489 fuit

436 2518 646 2573 Ahmed
676 2521 1029 2579 Almowaﬂ‘ec
1062 2526 1265 2581 bellum
1293 2538 1488 2584 contra
1514 2530 1784 2586 Aliensem
1808 2530 2029 2586 Basore:

437 2610 701 2677 gerendo.
766 2614 928 2670 Anno
989 2616 1288 2675 chalifatus
1352 2621 1786 2677 Almotammedi
1853 2623 2033 2694 primo

436 2704 773 2762 constitutus
804 2717 892 2764 est
924 2708 1241 2782 Stephanus
1277 2713 1594 2783 patriarcha
1619 2714 2026 2782 Antiochenus,

436 2794 529 2862 qui
572 2809 682 2849 uno
720 2804 932 2852 tantum
963 2800 1055 2854 die
1110 2802 1275 2867 sedit,
1326 2803 1517 2859 eodem
1565 2812 1622 2860 et
1675 2817 2033 2863 consecratus

438 2894 491 2938 et
526 2899 803 2953 mortuus,
846 2892 1156 2947 constituto
1199 2902 1323 2962 post
1356 2895 1541 2965 ipsum
1574 2896 1797 2953 Taduso
1830 2898 2032 2953 ibidem

440 2979 783 3048 patriarcha,
827 2981 923 3051 qui
958 2998 1133 3040 annos
1182 2985 1374 3056 viginti
1420 2990 1584 3056 sedit,
1619 2990 1746 3045 dein
1780 3002 2031 3048 mortuus

2126 1872 2485 1946 573-475
2550 1875 2905 1931 Mosleminos
2966 1889 3079 1931 tum
3118 1876 3466 1932 Christianos
3511 1887 3564 1931 et
3615 1875 3714 1931 Ju-

2128 1966 2296 2030 dteos,
2360 1976 2549 2022 monte
2599 1967 2694 2038 qui
2757 1966 3125 2022 Almokattam
3194 1969 3517 2038 appellatur,
3575 1984 3713 2023 con-

2129 2073 2351 2125 scenso,
2379 2074 2571 2128 preces
2601 2074 2700 2128 pro
2730 2060 2851 2131 ipso
2885 2059 3120 2115 fundere
3146 2078 3162 2114 :
3191 2060 3339 2131 quod
3361 2070 3414 2115 et
3442 2059 3715 2124 fecerunt,

2132 2154 2374 2201 montem
2430 2148 2484 2201 in
2546 2148 2755 2205 classes
2807 2163 2939 2204 suas
2992 2148 3277 2205 distributi
3333 2148 3715 2211 ascendentes,

2128 2246 2295 2309 atque
2330 2254 2432 2308 pro
2463 2254 2529 2295 eo
2565 2249 2815 2296 orantes.
2866 2239 3117 2296 Mortuus
3164 2249 3250 2297 est
3306 2252 3489 2296 autem
3527 2240 3720 2295 morbo

2130 2329 2240 2385 isto
2271 2330 2360 2386 die
2405 2329 2695 2387 Dominico
2751 2335 2970 2391 decimo
3020 2344 3150 2391 ante
3202 2335 3413 2389 finitum
3473 2348 3718 2388 mensem

2127 2418 2391 2475 Dilkaada
2446 2436 2595 2476 anno
2628 2424 3012 2479 ducentesimo
3062 2423 3491 2495 septuagesimo.
3523 2421 3719 2491 Sepul-

2128 2521 2327 2580 tusque
2358 2521 2443 2568 est
2476 2514 2529 2567 in
2559 2514 2948 2570 Almokattam.

2200 2603 2609 2662 Convenientes
2645 2623 2777 2679 ergo
2814 2609 3009 2673 duces,
3057 2609 3171 2665 lilio
3201 2610 3375 2681 ipsius
3412 2608 3719 2674 AlAhbaso,

2131 2698 2225 2766 qui
2264 2706 2392 2752 natu
2443 2700 2719 2753 maximus
2776 2701 2899 2765 fuit,
2946 2702 3155 2768 occiso,
3203 2702 3308 2756 sibi
3340 2701 3509 2754 filium
3548 2700 3722 2771 ipsius

2131 2798 2265 2843 natu
2298 2790 2565 2845 minorem
2606 2790 3119 2846 Chamarawaihum
3172 2792 3288 2846 Elin
3342 2791 3555 2845 Ahmed
3604 2789 3719 2845 Ehu

2132 2880 2305 2934 Tolun
2352 2883 2741 2950 prafecerunt,
2795 2899 2971 2940 annos
3021 2883 3315 2939 habentem
3360 2882 3577 2951 viginti.
3625 2880 3723 2936 llic

2137 2987 2263 3027 cum
2300 2974 2354 3027 in
2384 2973 2599 3045 Syriam
2631 2974 3027 3030 Damascenam
3055 2976 3244 3045 copias
3266 2974 3532 3037 duxisset,
3558 2982 3724 3043 atque

440 3078 545 3122 est.
584 3071 745 3126 Anno
797 3073 1097 3136 ειιθιίτειιυε
1152 3078 1399 3146 ejusdem
1440 3080 1657 3143 decimo
1692 3084 2031 3139 ροηειίιιηυε
2060 3094 2102 3152 c
2138 3064 2189 3117 in
2224 3079 2516 3120 occursum
2572 3066 2677 3132 ipsi
2727 3066 3025 3135 prodiisset
3073 3067 3196 3122 Abu
3230 3066 3495 3129 AlAbbas
3545 3065 3721 3121 Ebnol
3774 3102 3780 3111 ι

437 3171 523 3216 εει
571 3161 743 3228 Elias,
794 3164 1038 3223 Mansuri
1097 3171 1212 3241 (qui
1271 3170 1612 3229 Mosleminis
1649 3174 1706 3229 in
1765 3176 2032 3247 capienda

444 3249 713 3306 Damasco
743 3267 903 3322 Opem
956 3256 1104 3320 tulit,
1140 3258 1374 3331 ideoque
1420 3277 1516 3332 per
1544 3272 1717 3318 totum
1766 3266 2032 3321 mundum

440 3343 577 3398 diris
630 3347 875 3400 devotus
912 3350 1021 3420 est)
1060 3349 1228 3418 filius,
1270 3353 1583 3422 patriarcha
1631 3354 2028 3429 Hierosolymi-

441 3445 639 3502 tanus;
685 3438 777 3494 ubi
839 3454 965 3494 cum
1019 3455 1196 3499 annos
1257 3444 1448 3512 viginti
1501 3461 1694 3500 novem
1760 3450 2034 3515 sedisset,

441 3540 693 3587 mortuus
727 3541 834 3587 est.
872 3532 1046 3590 Porro
1069 3537 1205 3591 obiit
1237 3537 1464 3594 Michael
1490 3537 1698 3595 Bicami
1734 3542 1899 3611 filius,
1940 3560 2039 3612 pa-

447 3624 686 3679 triarcha
724 3626 1137 3685 Alexandrinus
1179 3646 1327 3686 anno
1353 3632 1736 3688 ducentesimo
1763 3635 2039 3705 quinqua-

442 3717 658 3783 gesimo
697 3726 879 3785 sexto,
936 3730 1102 3790 atque
1148 3721 1205 3776 in
1244 3721 1380 3777 urbe
1415 3722 1596 3776 Burah
1650 3726 1897 3793 sepultus
1929 3738 2035 3781 est.

442 3808 796 3865 Constitutus
847 3820 930 3867 est
970 3819 1093 3882 post
1138 3811 1319 3877 ipsum
1372 3811 1604 3867 Michael
1653 3816 1877 3871 natione
1924 3815 2038 3872 Ro-

444 3913 644 3955 manus
687 3899 806 3967 (vel
864 3900 1172 3957 secundum
1210 3901 1355 3956 aliud
1397 3903 1679 3971 exemplar
1731 3902 2035 3977 Azzensis)

442 3990 755 4061 patriarcha
780 3993 1212 4059 Alexandrinus,
1239 4012 1385 4052 anno
1417 3996 1711 4052 chalifatus
1733 3998 2035 4052 Almotam-

446 4083 591 4139 medi
620 4085 808 4150 tertio,
845 4087 936 4156 qui
973 4096 1059 4142 est
1092 4088 1508 4146 ducentesimus
1540 4092 2036 4161 quinquagesimus

443 4185 674 4232 octavus
706 4195 720 4232 :
758 4194 936 4234 annos
973 4179 1197 4251 triginta
1237 4189 1476 4251 quatuor
1508 4184 1670 4249 sedit,
1720 4184 1845 4239 dein
1878 4186 2035 4249 obiit,

445 4268 703 4325 videlicet
745 4286 893 4326 anno
927 4271 1309 4330 ducentesimo
1356 4276 1718 4346 nonagesimo
1769 4278 2034 4343 secundo,

446 4370 610 4429 atque
641 4362 985 4424 Alexandria:
1013 4365 1286 4435 sepultus.

2136 3155 2465 3221 Mowadeki,
2505 3156 2864 3213 commissum
2899 3167 2983 3213 est
3031 3158 3173 3214 inter
3200 3159 3350 3230 ipsos
3382 3158 3630 3229 prmlium
3667 3157 3721 3211 in

2133 3246 2519 3303 AlT’avt'ahain
2570 3264 2601 3305 e
2645 3250 2856 3305 ditione
2910 3249 3240 3317 Palaestinae,
3290 3251 3381 3307 ubi
3432 3253 3485 3306 in
3540 3253 3721 3315 fugam

2136 3356 2327 3395 versus
2375 3340 2865 3399 Chamarawaihus
2920 3344 3038 3399 Ebn
3096 3344 3312 3400 Ahmed
3365 3344 3483 3399 Ebn
3539 3342 3723 3399 Tolun

2137 3432 2289 3488 solus
2326 3432 2377 3486 in
2413 3432 2708 3505 ASgyptum
2762 3450 3019 3492 reversus
3073 3444 3195 3503 est,
3253 3436 3474 3493 lassatis
3529 3437 3584 3491 in
3637 3438 3722 3490 via

2139 3528 2383 3597 quinque
2438 3526 2734 3595 iumentis,
2794 3544 2990 3599 magna
3040 3536 3225 3585 autem
3275 3528 3554 3587 sociorum
3604 3530 3725 3597 ejus

2139 3625 2355 3688 strages
2384 3618 2531 3673 edita
2563 3627 2668 3683 est,
2699 3620 2873 3689 potito
2900 3618 3040 3673 Ahul
3067 3618 3288 3674 Abbaso
3320 3618 3577 3673 omnibus
3605 3632 3725 3686 qua:

2138 3709 2409 3765 exercitui
2442 3711 2563 3780 ejus
2614 3711 2861 3766 fuerunt.
2910 3710 3156 3766 Fuerunt
3200 3717 3381 3765 autem
3426 3710 3725 3763 Chamara-

2140 3801 2319 3856 waiho
2350 3801 2553 3858 milites
2605 3802 2658 3856 in
2714 3802 2932 3857 insidiis
2978 3802 3141 3873 positi
3181 3800 3273 3873 qui
3312 3800 3452 3871 fugze
3493 3811 3725 3857 caetero-

2139 3910 2261 3949 rum
2294 3894 2465 3949 nescii
2492 3903 2669 3951 erant.
2710 3894 2916 3949 Horum
2952 3896 3043 3951 ubi
3076 3894 3229 3966 signa
3257 3902 3630 3966 apparuerunt
3655 3895 3726 3950 iis

2137 3989 2455 4057 conspectis
2487 3989 2629 4044 Abul
2671 3989 2856 4045 Abbas
2888 4001 2939 4043 et
2972 3990 3145 4058 ipsius
3175 3992 3428 4054 comites,
3466 3988 3724 4044 omnibus

2140 4097 2263 4150 quae
2300 4082 2587 4137 consecuti
2631 4081 2851 4136 fuerant
2885 4083 3116 4146 relictis,
3167 4083 3222 4137 in
3256 4084 3436 4153 fugam
3472 4096 3532 4135 se
3563 4080 3725 4135 dede-

2137 4186 2266 4229 runt
2320 4185 2486 4247 atque
2543 4178 2683 4233 inter
2730 4176 3052 4247 fugiendum
3108 4177 3264 4230 multi
3315 4190 3382 4230 ex
3434 4175 3501 4229 iis
3552 4175 3721 4229 caesi:

2137 4284 2309 4335 quare
2346 4269 2707 4324 redeuntibus
2758 4268 3204 4325 Chamarawaihi
3258 4267 3428 4323 sociis
3481 4266 3725 4321 collecta:

2143 4371 2275 4417 sunt
2305 4362 2431 4415 item
2464 4363 2635 4433 copia:
2667 4373 2831 4433 atque
2886 4364 2936 4418 in
2979 4362 3273 4434 [Egyptum
3311 4376 3563 4423 reversae,
3598 4375 3723 4415 cum

517 4451 769 4510 Mortuus
808 4466 895 4511 est
942 4457 1109 4511 etiam
1151 4455 1388 4511 Basilius
1444 4456 1815 4515 Romanorum
1864 4460 2030 4531 impe-

2144 4452 2605 4508 Chamarawaiho
2647 4454 3038 4510 substiterunt.
3089 4455 3277 4511 Rediit
3318 4453 3486 4527 476
3540 4463 3723 4509 autem

450 4558 621 4612 rator,
656 4547 988 4604 sui-cedente
1026 4548 1126 4618 ipsi
1170 4549 1284 4604 filio
1344 4550 1518 4620 ipsius
1560 4549 1761 4616 Leonc,
1810 4554 1903 4622 qui
1955 4569 2041 4608 sa-

452 4638 608 4707 piens
657 4639 760 4695 fuit
792 4648 849 4695 et
890 4641 1278 4713 philosophus.
1330 4644 1506 4697 Porro
1560 4660 1706 4699 anno
1745 4645 2040 4700 chalifatus

451 4732 870 4789 Almotammedi
907 4744 1124 4799 octavo,
1180 4744 1347 4789 natus
1398 4744 1482 4790 est
1531 4734 1694 4807 472
1741 4734 1871 4790 Said
1922 4738 2039 4792 Ebn

452 4825 659 4893 Batrik,
692 4827 962 4891 medicus,
995 4827 1085 4883 die
1116 4826 1420 4883 Dominico.
1451 4829 1617 4882 tertio
1651 4840 1780 4883 ante
1823 4829 2038 4883 finitum

452 4934 697 4975 mensem
736 4917 819 4972 Dil
848 4918 1020 4989 Hajjae
1043 4934 1192 4975 anno
1218 4919 1441 4992 [Hejraz]
1470 4920 1852 4976 ducentesimo
1877 4936 2036 4977 sexa-

448 5010 655 5080 gesimo
690 5010 851 5065 tertio
883 5009 1083 5065 lunari.
1130 5012 1213 5067 Ab
1247 5011 1405 5081 Hejra
1437 5012 1605 5081 igitur
1636 5012 1704 5067 ad
1731 5014 1901 5084 ipsius
1937 5031 2036 5069 na~

450 5103 615 5156 talem
675 5102 803 5156 anni
869 5111 1002 5157 sunt
1057 5102 1283 5157 ducenti
1347 5103 1745 5174 quinquaginta
1803 5116 2035 5171 quatuor

451 5194 663 5247 solares
697 5193 789 5264 (iis
837 5201 1016 5246 autem
1062 5190 1116 5245 in
1153 5193 1383 5248 historia
1417 5203 1662 5264 tempora
1702 5199 2031 5265 computat).

452 5280 496 5335 Α
531 5280 873 5337 Diocletiano
906 5296 1036 5336 vero
1071 5280 1140 5336 ad
1188 5282 1437 5352 ejusdem
1472 5284 1621 5340 Saidi
1665 5284 1781 5340 Ebn
1827 5286 2035 5342 Batriki

455 5373 653 5429 medici
692 5375 924 5430 natalem
954 5374 1081 5429 anni
1132 5376 1413 5446 quingenti
1448 5377 1729 5446 sexaginta
1777 5391 1903 5433 oeto
1936 5379 2042 5449 (vel

454 5468 761 5522 secundum
836 5467 981 5521 aliud
1044 5469 1331 5539 exemplar
1402 5468 1688 5540 quingenti
1749 5473 2046 5540 nonaginta

456 5558 618 5630 duo).
659 5559 702 5612 A
735 5560 965 5615 Domino
1004 5569 1198 5617 nostro
1246 5560 1377 5618 Jesu
1426 5560 1646 5619 Christo
1676 5566 1743 5617 ad
1789 5563 2042 5617 eumdem

458 5663 650 5707 natum
711 5655 1007 5724 octingenti
1062 5655 1347 5725 sexaginta
1404 5662 1548 5710 octo.
1595 5653 1678 5709 Ab
1732 5654 2045 5709 Alexandro

460 5743 610 5800 mille
666 5759 886 5801 contum
930 5747 1207 5806 octoginta
1253 5762 1471 5805 novem.
1512 5746 1554 5801 A
1583 5746 1901 5807 captivitate
1936 5746 2033 5800 Ba-

2140 4545 2284 4599 Abul
2320 4545 2507 4600 Abbas
2550 4544 2868 4617 Bagdadum
2899 4545 3146 4616 fugiens,
3181 4559 3345 4618 atque
3378 4563 3408 4601 a
3442 4557 3595 4617 patre
3622 4563 3725 4601 suo

2138 4635 2530 4692 Almowaﬂeko
2570 4638 2638 4691 ob
2692 4637 2829 4693 illud
2881 4640 3027 4709 quod
3078 4640 3281 4695 fecerat
3321 4642 3576 4710 culpatus
3616 4651 3721 4695 εει.

2138 4726 2315 4784 Fuere
2344 4736 2524 4782 autem
2556 4727 3009 4784 Chamarawaiho
3041 4731 3293 4786 Damasci
3315 4734 3489 4803 COpitP.
3519 4734 3721 4788 multae.

2141 4820 2314 4875 Porro
2338 4835 2486 4875 anno
2507 4820 2800 4877 chalifatus
2821 4819 3243 4878 AlMotamnicdi
3263 4822 3482 4879 decimo
3504 4833 3722 4891 octavo,

2144 4915 2234 4986 qui
2261 4913 2436 4984 Hejra:
2460 4915 2879 4970 ducentesimus
2906 4916 3351 4987 septuagesimus
3375 4914 3498 4984 fuit,
3527 4917 3728 4972 accidit

2143 5008 2199 5063 in
2235 5006 2473 5078 Egypto
2529 5014 2689 5062 terra;
2743 5016 2925 5065 motus
2977 5009 3192 5081 ingens,
3246 5010 3383 5065 adeo
3435 5021 3495 5065 ut
3544 5011 3727 5065 inulta:

2143 5109 2467 5157 corruerent
2512 5100 2678 5167 aedes,
2731 5113 2785 5157 et
2837 5118 3030 5173 magna
3087 5102 3369 5158 hominum
3427 5105 3727 5159 multitudo

2145 5195 2369 5261 periret.
2431 5192 2632 5247 Eodem
2707 5208 2852 5248 anno
2920 5195 3068 5250 venit
3142 5192 3403 5252 frumenti
3466 5212 3723 5252 mensura

2146 5283 2385 5358 [Macuc]
2421 5299 2645 5338 nummo
2691 5298 2881 5348 aureo,
2934 5285 3244 5354 mortuique
3285 5294 3412 5339 sunt
3470 5284 3726 5338 homines

2146 5378 2289 5433 fame
2322 5393 2432 5448 pra:
2472 5392 2706 5431 annonae
2739 5377 2994 5438 caritate,
3025 5378 3162 5431 adeo
3196 5386 3255 5432 ut
3287 5375 3382 5430 lini
3419 5392 3603 5431 semen
3638 5392 3727 5429 eo-

2146 5468 2467 5534 mederent,
2512 5466 2982 5538 implerenturque
3016 5467 3180 5525 Mesri
3222 5468 3413 5537 plateae
3470 5469 3723 5532 mortuis,

2144 5576 2283 5632 quos
2310 5559 2535 5615 camelis
2576 5558 2902 5619 evehebant,
2951 5566 3075 5613 octo
3110 5556 3340 5628 singulis
3374 5558 3597 5612 camelis
3624 5558 3724 5611 im-

2147 5654 2379 5723 positos,
2412 5666 2718 5724 magnaque
2755 5650 2887 5719 ipsis
2918 5648 3070 5706 fovea
3100 5649 3299 5707 effossa
3330 5651 3383 5704 in
3428 5650 3600 5720 ipsam
3631 5663 3725 5702 eos

2146 5746 2504 5807 coniicerent.
2537 5745 2674 5799 'l'um
2711 5741 3125 5799 Chamorawaih
3167 5743 3353 5798 audito
3381 5743 3724 5823 Moliammm
