4116 6432
437 276 572 352 1143
1454 298 1823 361 EUTYCHU
1866 304 2402 370 ALEXANDHINI
2438 315 2655 374 PATR.
3556 310 3697 384 litt

430 401 552 455 dem
586 400 702 454 Ebn
739 400 945 458 Diudad
993 406 1107 503 (qui
1160 407 1302 462 idem
1356 409 1575 503 bbalsaj
1631 413 1854 486 dicitur)
1910 416 2014 468 Da-
2044 421 2094 475 Α
2120 422 2283 477 waihi
2316 425 2480 491 illius,
2511 429 2603 497 qui
2640 426 2905 486 Damasco
2954 431 3009 486 in
3055 431 3350 503 Egyptum
3401 448 3696 491 reversus.

428 506 676 546 mascum
731 504 856 548 cum
913 497 1156 552 exercitu
1205 499 1397 570 grandi
1449 503 1785 571 pervenisse,
1840 505 1998 572 copii:

2115 531 2239 571 cum
2274 518 2345 573 ibi
2378 528 2504 574 octo
2535 536 2755 579 menses
2785 523 3034 591 sedisset,
3070 497 3303 579 turbatis
3332 524 3475 580 inter
3509 526 3692 594 ipsum

426 584 546 639 suis
578 586 829 641 collectis
863 586 1083 642 obviam
1129 590 1233 661 ipsi
1268 592 1549 662 profectus
1583 602 1704 661 est,
1756 596 2014 652 commis-

424 690 657 745 sumque
682 687 770 732 est
797 679 938 734 inter
968 680 1117 750 ipsos
1161 684 1403 751 praelium
1456 699 1622 755 grave
1678 687 1802 741 loco
1853 688 2004 742 dictu

428 765 684 832 Batbnia,
719 770 945 826 ditionis
982 771 1367 841 Damascenae;
1404 786 1569 847 atque
1597 779 1651 831 in
1696 778 1879 850 fugam
1918 780 2014 834 da-

426 865 519 914 tus
544 857 891 917 Mobammed
925 862 1098 918 Ebnol
1134 865 1370 932 Diudad,
1418 869 1576 926 caesis
1622 871 1796 941 ipsius
1837 875 2013 929 comi-

425 949 600 1014 tibus,
635 967 869 1021 quorum
918 955 1163 1026 plerique
1197 961 1553 1014 securitatem
1588 963 1863 1031 petierunt
1890 981 2012 1035 per-

422 1042 676 1113 rexitque
702 1044 1113 1103 Chamarawaih
1159 1050 1336 1106 donec
1368 1052 1436 1106 ad
1467 1052 1796 1124 Euphratem
1824 1073 2011 1126 perve-

423 1135 592 1201 nir‘ct,
627 1137 974 1210 ingressique
1024 1151 1156 1197 sunt
1208 1143 1436 1199 comites
1476 1145 1645 1215 ipsius
1677 1145 2007 1216 AlRaccam,

424 1227 481 1280 in
512 1228 703 1284 eadem
736 1244 983 1289 ementes
1015 1248 1080 1290 ac
1111 1239 1433 1303 vendentes,
1461 1238 1596 1294 adeo
1627 1249 1685 1295 ut
1707 1241 1774 1295 ab
1801 1257 1867 1297 eo
1896 1258 2006 1297 tne-

422 1330 602 1374 tueret
627 1322 1006 1381 Almowaﬂ‘ek.
1045 1327 1322 1384 Reversus
1356 1339 1441 1386 est
1480 1339 1662 1387 autem
1707 1331 2006 1388 Chomara—

418 1413 633 1468 waibus
682 1415 735 1470 in
787 1415 1114 1490 Egyptum,
1164 1421 1454 1491 imperium
1482 1424 1597 1494 jam
1632 1424 1893 1480 obtinens
1938 1426 2008 1479 ab

428 1503 710 1574 Euphrate
770 1525 949 1581 usque
983 1513 1050 1567 ad
1095 1504 1389 1580 regionem
1420 1514 1635 1581 Nubiaa,
1677 1516 1733 1571 in
1776 1517 2009 1588 singulis

414 1598 785 1673 577-579
816 1605 1118 1673 provinciis
1155 1607 1474 1677 deputatum
1499 1623 1531 1664 e
1561 1610 1856 1666 comitibus
1882 1610 2001 1666 suis

414 1694 654 1762 aliquem
715 1696 1096 1763 constituens;
1178 1698 1344 1769 idque
1406 1714 1552 1757 anno
1620 1701 2000 1758 ducentesimo

415 1789 827 1857 septuagesimo
852 1798 1028 1844 sexto.
1050 1790 1201 1845 Obiit
1227 1800 1409 1847 autem
1435 1792 1792 1849 Almowaﬂek
1812 1810 2001 1851 mense

416 1878 604 1944 Safar:
659 1895 805 1934 anno
869 1882 1254 1946 ducentesimo
1310 1888 1721 1957 septuagesimo
1781 1898 1997 1954 octavo,

411 1973 565 2026 vices
595 1986 689 2027 eas
721 1972 1013 2043 supplente
1048 1974 1159 2029 tilio
1206 1976 1379 2044 ipsius
1428 1977 1570 2032 Ahnl
1617 1978 1857 2044 Abbaso,
1906 1980 1999 2050 qui

413 2080 469 2120 et
499 2067 553 2122 in
577 2067 842 2123 chalifatu
892 2085 1189 2127 successor
1214 2074 1569 2128 renuntiatus
1600 2083 1706 2139 est,
1745 2074 2001 2130 abdicato

412 2154 629 2212 laalaro
665 2159 837 2214 Ebnol
870 2161 1199 2217 Motammed
1236 2177 1300 2217 ea
1338 2163 1622 2232 dignitate.
1659 2164 1839 2220 Rebus
1868 2180 1999 2233 ergo

412 2250 669 2319 gerendis
695 2253 985 2321 praefectus
1008 2262 1092 2309 est
1112 2255 1253 2309 Abul
1281 2256 1471 2310 Abbas
1497 2256 1669 2311 Ebnol
1695 2250 1998 2324 Mowaﬂ‘ek,

413 2353 578 2411 atque
632 2344 939 2413 appellatus
989 2345 1336 2401 AlMotadad.
1400 2347 1662 2418 Obiitque
1712 2345 1999 2406 AlMotam-

412 2435 535 2490 med
568 2429 809 2502 Bagdadi
840 2427 935 2493 die
960 2436 1270 2502 Dominico,
1309 2440 1603 2495 undecimo
1629 2452 1758 2497 ante
1784 2444 1998 2499 tinitum

414 2544 662 2584 mensem
717 2528 928 2599 Rajeb,
981 2548 1128 2587 anno
1180 2532 1556 2589 ducentesimo
1595 2538 2003 2608 septuagesimo

412 2632 580 2677 nono.
616 2622 741 2678 Fuit
773 2623 1067 2680 chalil‘atus
1098 2625 1270 2696 ipsius
1301 2642 1571 2683 annorum
1607 2630 1798 2699 viginti
1830 2632 1999 2687 trium

413 2728 469 2773 et
520 2735 613 2775 sex
672 2721 909 2776 dierum.
956 2722 1280 2787 Annorum,
1342 2741 1467 2781 cum
1520 2736 1849 2790 moreretur,
1901 2724 2005 2779 fuit

414 2812 781 2883 quadraginta
812 2824 908 2870 sex
944 2832 958 2869 :
993 2816 1877 2888 portatusqueSarramanraiam,
1925 2819 2001 2874 ibi

409 2906 660 2989 sepultus
699 2915 803 2962 est.

836 2995 1140 3069 Chalifatus
1171 3004 1241 3058 Al
1265 2997 1559 3059 Moladedi.

2115 622 2177 663 ac
2204 610 2372 666 duces
2421 612 2608 674 rebus.
2640 614 2818 684 ipsum
2860 615 3036 671 adorti
3091 617 3461 678 trucidarunt,
3502 616 3697 682 pra-re.

2111 712 2341 773 ctusque
2366 712 2452 759 est
2481 705 2602 774 ejus
2629 705 2754 761 loco
2786 705 2955 763 frater
2989 707 3162 779 ipsius
3185 705 3367 761 Harnn
3400 706 3518 762 Ebn
3548 704 3694 759 Cha-

2110 798 2462 865 maraWaihi,
2506 815 2680 855 annos
2711 812 2873 856 natus
2907 801 3134 866 decem;
3169 801 3332 872 idque
3364 815 3551 853 mense
3590 797 3696 849 lla-

2106 888 2200 957 jeb
2229 905 2375 945 anno
2422 892 2800 969 ducentesimo
2833 888 3172 965 octogesimo
3228 894 3408 947 tertio.
3452 886 3595 958 Quin
3639 898 3695 944 et

2107 980 2322 1038 litteras
2352 984 2419 1038 ad
2452 979 2728 1041 Harunem
2763 981 2914 1041 dedit
2939 980 3301 1058 ἀει-483
3330 986 3391 1037 ΑΙ
3423 979 3692 1046 Μίιιιιιτθάο

2107 1076 2309 1143 quibus
2355 1078 2458 1148 ipsi
2488 1073 2709 1151 Egypti
2760 1079 3140 1149 praefecturam
3190 1078 3445 1154 contulit.
3500 1075 3688 1131 Rebus

2107 1168 2243 1238 ipsis
2279 1170 2732 1226 administrandis
2776 1164 2992 1242 praefuit
3022 1171 3143 1225 Abu
3176 1168 3384 1235 Jaal‘ar,
3430 1168 3545 1222 Elm
3572 1167 3692 1221 Mo-

2110 1260 2384 1327 hammed,
2421 1261 2537 1317 Ebn
2567 1263 2719 1327 Aliae,
2752 1258 2952 1320 Turca.
2980 1264 3155 1318 Porro
3209 1263 3407 1317 mirum
3444 1261 3572 1331 quid
3621 1262 3678 1314 in

2107 1352 2342 1424 Egypto
2404 1355 2635 1425 contigit
2688 1356 2777 1410 die
2838 1354 2990 1412 Jovis
3036 1350 3252 1409 duobus
3305 1338 3445 1409 ante
3479 1353 3688 1405 ﬁnitum

2106 1461 2347 1501 mensem
2378 1447 2604 1502 Rabiam
2628 1449 2864 1517 priorem
2892 1448 3107 1510 diebus,
3127 1447 3219 1516 qui
3245 1438 3688 1501 Christianorum

2106 1537 2305 1595 festum
2337 1548 2455 1593 crat
2482 1540 2626 1609 quod
2649 1539 2721 1594 ob
2756 1554 3045 1594 ascensum
3078 1539 3288 1593 Domini
3320 1538 3488 1593 nostri
3516 1532 3681 1592 Chri-

2112 1630 2178 1686 sti
2220 1629 2272 1685 in
2304 1632 2474 1686 caelos
2508 1633 2827 1697 celebrant,
2859 1647 3003 1687 anno
3038 1632 3419 1688 ducentesimo
3454 1638 3682 1700 octoge¢

2034 1756 2074 1814 Β
2109 1725 2251 1778 simo
2281 1735 2500 1793 quarto.
2534 1722 2818 1780 Flantibus
2849 1725 3027 1781 ventis
3062 1725 3359 1779 admodum
3390 1724 3690 1778 vein-men-

2104 1818 2248 1872 tibus
2294 1832 2324 1871 a
2370 1834 2597 1887 vespera
2647 1834 2820 1888 usque
2869 1819 2936 1873 ad
2988 1820 3224 1875 mediam
3259 1825 3511 1879 noctem,
3544 1815 3690 1869 circa

2104 1907 2335 1963 mediam
2385 1910 2604 1964 noctem
2650 1907 2809 1963 factm
2843 1919 2972 1964 sunt
3004 1909 3239 1964 tenebrae
3268 1908 3427 1961 valde
3475 1894 3693 1975 graves,

2098 2000 2235 2055 adeo
2268 2011 2326 2055 ut
2356 2016 2461 2055 non
2491 2012 2679 2071 posset
2707 2000 2832 2073 quis
2868 2001 3096 2070 digitum
3134 2017 3293 2056 suum
3330 2001 3472 2054 inter
3502 1996 3695 2051 oculos

2100 2093 2340 2164 positum
2376 2106 2622 2159 cernere,
2661 2099 2775 2147 tum
2802 2092 3063 2147 concitati
3114 2099 3245 2147 sunt
3294 2089 3444 2145 venti
3494 2101 3691 2157 graves

2103 2185 2380 2258 prioribus
2420 2186 2881 2247 vehementiores,
2914 2185 3117 2253 quibus
3150 2183 3375 2249 deiectae
3414 2190 3543 2235 sunt
3580 2178 3685 2231 do-

2101 2293 2223 2333 mus
2272 2278 2487 2342 multa};
2527 2273 2726 2346 injecta
2757 2284 2842 2331 est
2883 2276 3050 2329 etiam
3082 2272 3368 2329 hominum
3403 2273 3544 2327 intra
3579 2271 3680 2324 do-

2099 2385 2220 2424 mus
2250 2383 2379 2423 suas
2409 2369 2687 2437 capitibus
2736 2380 2901 2421 arena
2957 2366 3123 2439 rubra
3151 2405 3165 2430 ,
3198 2361 3569 2435 videruntque
3620 2366 3677 2420 in
3739 2390 3744 2395 -

2099 2473 2339 2533 quatuor
2377 2461 2503 2516 cmli
2562 2460 2738 2531 plagis
2784 2461 3068 2516 columnas
3124 2459 3267 2529 ignis
3320 2457 3690 2524 ﬂammantcs,

2104 2568 2282 2623 neque
2333 2553 2408 2606 ita
2457 2568 2517 2607 se
2561 2551 2766 2606 habere
2799 2550 2965 2606 desiit
3003 2550 3179 2606 donec
3219 2550 3689 2619 appropinquaret

2104 2660 2285 2701 mane.
2327 2644 2468 2698 Tum
2502 2645 2814 2700 remittente
2850 2643 3132 2713 paululum
3167 2650 3328 2696 vento
3371 2638 3560 2697 rubuit
3593 2639 3690 2694 atl-

2103 2735 2323 2791 modum
2371 2738 2570 2792 caelum
2625 2736 2804 2791 instar
2851 2735 3086 2790 ﬂamma:
3140 2736 3322 2807 ignis,
3368 2752 3491 2791 cum
3522 2745 3690 2791 vento

2106 2828 2304 2900 frigido
2343 2844 2356 2882 :
2391 2829 2521 2898 quin
2552 2833 2606 2882 et
2652 2834 2822 2891 terra,
2854 2831 3092 2889 montes.
3126 2826 3381 2890 arbores,
3417 2828 3687 2887 homines,

2104 2936 2202 2978 uec
2239 2937 2343 2976 non
2378 2927 2562 2977 vestes
2593 2918 2943 2995 ipsorum,et
2967 2917 3228 2988 quidquid
3258 2919 3459 2987 ubique
3490 2934 3685 2973 cerno-

2099 3029 2209 3080 res,
2269 3012 2563 3066 rubescere
2611 3025 2724 3081 prae
2773 3024 2987 3065 summa
3041 3010 3164 3064 caali
3210 3008 3501 3070 rubedine,
3560 3022 3686 3076 quae

481 3085 840 3160 Ιηειιευτθιυε
884 3105 968 3159 est
1000 3095 1065 3149 ΑΙ
1103 3095 1347 3151 MOladed
1397 3097 1583 3152 billahi
1638 3096 1780 3154 Ablll
1810 3092 1994 3153 Abbas
2019 3074 2065 3133 δ
2099 3074 2237 3161 duas
2268 3104 2432 3157 horas
2456 3074 2706 3164 duravit;
2740 3099 2938 3156 deinde
2969 3099 3024 3153 in
3056 3098 3383 3153 ﬂavedinem
3418 3074 3684 3151 conversa

410 3182 525 3253 (qui
575 3184 719 3238 idem
771 3185 981 3253 Ahmed
1042 3187 1159 3243 Ebn
1211 3188 1312 3242 Abi
1372 3190 1578 3244 Ahmed
1616 3189 1680 3243 Al
1711 3186 1995 3244 Mowaifek

406 3274 589 3348 billaci
624 3277 736 3332 Ebn
769 3277 954 3343 Jaafar
976 3280 1406 3349 Almotawacbel
1431 3281 1669 3345 alallabi,
1698 3283 1786 3338 cui
1824 3292 1999 3337 mater

411 3365 728 3420 concubina
764 3367 865 3435 fuit
894 3369 1117 3422 ηοηιίηε
1147 3368 1339 3439 Darar)
1363 3371 1557 3425 eodem
1588 3371 1697 3435 die,
1721 3386 1831 3441 quo
1860 3372 1991 3426 obiit

413 3458 475 3510 AI
517 3457 846 3513 Motammed
879 3500 895 3522 ,
952 3459 1249 3531 undecimo
1301 3475 1429 3519 ante
1488 3464 1702 3518 [initum
1752 3480 1994 3520 mensem
2048 3462 2053 3477 '

413 3551 603 3622 Rajeb,
635 3552 1012 3608 ducentesimo
1044 3556 1448 3631 septuagesimo
1477 3572 1644 3621 nono,
1678 3569 1995 3614 cessarunt-

409 3660 515 3724 que
546 3645 691 3710 lites,
727 3658 792 3699 ac
820 3660 924 3715 pax
960 3644 1012 3700 in
1048 3645 1350 3716 provinciis
1405 3647 1544 3703 facta
1581 3658 1663 3705 est
1693 3689 1709 3714 ,
1760 3652 1992 3709 sublatis

415 3736 595 3809 bellis,
630 3752 934 3807 pacemque
964 3739 1327 3807 amplectente
1358 3741 1508 3798 omni
1542 3740 1761 3808 rebelle,
1803 3750 1858 3797 et
1895 3744 1987 3797 vili

410 3830 587 3903 pretio
613 3830 875 3900 expositae
925 3840 1058 3887 sunt
1089 3847 1179 3887 res
1212 3833 1456 3888 venales.
1488 3832 1745 3906 Misitque
1786 3831 1849 3889 Al
1881 3832 1996 3891 Mo-

409 3904 568 3977 taded
599 3922 765 3994 480
793 3924 859 3978 ad
894 3923 1413 3979 Chamarawaihum
1464 3924 1579 3985 Ebn
1631 3904 1839 3997 Ahmed
1879 3924 1993 3982 Eho

408 4010 612 4093 Tolun,
637 4005 811 4085 'bliam
864 4017 1041 4085 ipsius
1070 4018 1172 4071 sibi
1223 4018 1276 4071 in
1314 4032 1538 4074 uxorem
1570 4029 1786 4088 petens,
1827 4036 1990 4090 quam

410 4110 513 4185 ipsi
545 4106 856 4165 concedens
890 4109 1310 4172 Cbamarawaih
1347 4114 1413 4175 ad
1456 4112 1635 4181 ipsum
1662 4128 1782 4167 eam
1819 4114 1993 4169 dedu-

410 4201 638 4254 cendam
671 4202 906 4277 curavit,
962 4200 1272 4273 multasque
1312 4205 1473 4260 simul
1517 4221 1681 4274 opes,
1717 4218 1905 4263 servos
1940 4217 1992 4263 et

409 4294 637 4364 ancillas
662 4312 676 4361 ;
700 4303 862 4363 atque
889 4295 960 4348 ita
992 4311 1121 4363 pace
1154 4297 1466 4366 interlipsos
1502 4297 1643 4352 facta
1674 4297 1727 4352 in
1748 4300 1992 4355 ordinem

2095 3202 2181 3250 est
2209 3204 2386 3263 usque
2416 3192 2481 3247 ad
2516 3191 2829 3257 meridiem;
2859 3190 2986 3245 dein
3013 3200 3379 3245 evanescente
3411 3184 3680 3243 llavediue

2096 3287 2315 3357 nigrum
2352 3282 2529 3341 evasit
2571 3281 2771 3339 coelum
2794 3324 2809 3347 ,
2838 3290 2954 3339 toto
2980 3283 3069 3338 die
3104 3281 3210 3335 isto
3243 3297 3417 3351 usque
3448 3279 3513 3335 ad
3563 3294 3690 3350 cra-

2098 3380 2228 3434 stini
2277 3377 2600 3443 meridiem,
2645 3382 2936 3446 antequam
2976 3372 3377 3430 dissolveretur
3428 3372 3679 3441 nigrcdo,

2101 3487 2278 3542 neque
2319 3487 2415 3541 per
2455 3466 2789 3539 sesquidiem
2822 3466 3073 3538 apparuit
3113 3463 3216 3531 sol,
3248 3481 3313 3520 ex
3364 3481 3472 3535 quo
3518 3458 3687 3537 484.

2094 3562 2352 3618 cuncitati
2380 3570 2511 3616 sunt
2543 3564 2721 3626 venti,
2755 3560 2933 3615 donec
2965 3566 3323 3615 evanesceret
3367 3557 3541 3612 nubes
3590 3558 3682 3612 illa

2096 3656 2270 3723 nigra.
2299 3653 2538 3708 Rursum
2562 3668 2706 3711 anno
2728 3654 3111 3707 ducentesimo
3132 3650 3467 3720 octogesimo
3485 3658 3685 3703 octavo

2094 3751 2148 3803 in
2193 3747 2449 3820 Egypto,
2483 3747 2706 3802 ineunte
2735 3746 2824 3801 die
2862 3743 3119 3800 Mercurii
3171 3743 3376 3798 mensis
3411 3740 3686 3797 Dilkaadae

2105 3854 2271 3903 nono,
2307 3839 2512 3892 factum
2549 3849 2629 3891 est
2665 3848 2724 3889 ut
2759 3850 2788 3889 a
2818 3836 2995 3891 media
3024 3842 3185 3888 nocte
3217 3849 3392 3903 usque
3422 3833 3488 3885 ad
3521 3847 3687 3885 auro-

2098 3948 2211 3983 ram
2259 3929 2415 3984 valde
2462 3928 2752 3983 concitatae
2801 3930 2912 3983 sint
2969 3926 3138 3982 stellae
3195 3918 3487 3998 [meteora]
3532 3939 3673 3994 quas

2096 4022 2284 4078 stellas
2317 4020 2577 4075 cadentes
2611 4032 2825 4083 vocant,
2855 4020 2991 4073 adeo
3031 4029 3089 4073 ut
3120 4019 3187 4073 iis
3218 4019 3520 4087 repleretur
3554 4033 3671 4072 cce.

2096 4113 2206 4168 lttllt
2244 4112 2309 4165 ad
2346 4113 2634 4173 orientem,
2669 4111 3031 4172 occidentem,
3064 4112 3334 4172 austrum,
3366 4116 3419 4162 ει
3449 4115 3672 4175 septen-

2100 4210 2337 4264 trionem
2373 4205 2644 4275 dispersis
2670 4242 2687 4267 ,
2720 4218 2819 4257 nec
2859 4213 3046 4272 posset
3076 4204 3200 4271 quis
3247 4201 3445 4256 coelum
3481 4201 3683 4257 intueri

2085 4304 2215 4368 ‘prae
2247 4298 2423 4353 stellis
2458 4297 2602 4351 Istis.
2624 4294 2743 4350 Jam
2777 4309 2922 4348 anno
2951 4294 3125 4364 primo
3152 4293 3446 4349 chalil’atus
3469 4294 3532 4347 Al
3560 4293 3679 4347 Mu-

414 4388 649 4453 redactaz
686 4396 815 4453 sunt
846 4403 955 4449 res.
983 4386 1470 4453 Cbamarawaihus
1505 4400 1684 4446 autem
1716 4406 1782 4446 ex
1817 4387 1985 4463 )Egy-
2030 4413 2078 4475 D
2104 4388 2287 4444 tadedi
2327 4388 2660 4443 constitutus
2709 4396 2795 4442 est
2847 4387 3070 4442 Simeon
3106 4385 3338 4439 Zarnaki
3373 4384 3539 4455 ﬁlius,
3580 4403 3680 4457 pa-

412 4489 506 4560 pto
541 4480 592 4533 in
636 4477 851 4550 Syriam
889 4482 1188 4550 profectus,
1227 4482 1476 4538 Damasci
1513 4486 1696 4540 sedem
1734 4483 1872 4553 fixit,
1911 4495 1991 4540 at-

409 4588 518 4649 que
554 4571 624 4626 ibi
661 4583 816 4637 extra
850 4574 1039 4643 urbem
1075 4574 1177 4630 sub
1208 4575 1540 4641 monasterio
1572 4572 1813 4641 Marran,
1838 4577 1991 4646 juxta

409 4664 639 4733 ﬂuvium
683 4663 903 4738 Taurah
931 4705 944 4727 ,
978 4671 1160 4730 arcem
1197 4666 1443 4722 condidit
1472 4667 1527 4722 in
1563 4650 1670 4737 qua
1704 4666 1990 4723 habitavit.

414 4756 850 4830 Interfectusque
898 4767 983 4813 est
1029 4758 1560 4833 Chamarawaihus,
1597 4761 1650 4815 in
1697 4761 1798 4817 hac
1830 4777 1991 4833 quam

413 4849 661 4912 Damasci
697 4848 944 4920 condidit
986 4864 1134 4913 arce,
1179 4851 1266 4905 die
1315 4838 1620 4924 Dominico,
1656 4854 1813 4909 tertio
1868 4864 1995 4909 ante

413 4943 632 4997 ﬁnitum
668 4953 913 5013 mensem
953 4940 1237 5003 Dilkaada,
1265 4958 1410 4997 anno
1439 4943 1819 4999 ducentesimo
1842 4954 1995 5007 octo-

411 5036 622 5107 gesimo
656 5034 902 5097 secundo
946 5050 960 5088 :
1008 5033 1211 5100 caedem
1252 5035 1426 5105 ipsius
1458 5048 1818 5106 procurarunt
1851 5050 1882 5092 e
1910 5038 1990 5092 fa-

412 5126 686 5180 mulorum
730 5126 902 5194 ipsius
949 5126 1244 5201 praecipuis
1293 5143 1385 5183 sex
1413 5166 1429 5193 ,
1468 5111 1721 5195 quorum
1769 5130 1987 5184 nomina

409 5212 687 5279 Tdhaher,
718 5214 1101 5294 Sabur,~Lula,
1132 5204 1325 5290 'Natif,
1352 5216 1538 5272 Shafio
1589 5219 1897 5288 pocillator,
1929 5218 1981 5271 'et

411 5308 684 5380 Ganayem
722 5324 736 5360 :
775 5324 1006 5378 quorum
1040 5311 1451 5382 interfectorum
1483 5311 1663 5380 capita
1694 5309 1988 5381 IEgyptum

410 5409 623 5470 portata
658 5410 824 5471 sunt,
865 5416 1097 5471 corpora
1131 5410 1312 5457 autem
1353 5384 1603 5471 Damasci
1638 5403 1883 5473 patibulo
1913 5403 1989 5457 af-

409 5476 538 5548 iixa.
570 5492 1052 5555 Chamarawailms
1087 5495 1141 5549 in
1171 5509 1297 5563 arca
1332 5493 1595 5565 Damasco
1617 5495 1671 5566 in
1696 5490 1989 5565 Egyptum

410 5578 655 5662 perlatus
700 5581 753 5633 in
793 5590 976 5645 monte
1020 5581 1389 5637 Almokattam
1435 5584 1679 5655 sepultus
1711 5591 1814 5639 est.
1846 5582 1991 5638 Tur-

412 5673 537 5723 bata
573 5679 655 5724 est
683 5679 865 5725 autem
899 5671 1167 5744 Egyptus
1195 5673 1264 5727 ob
1284 5673 1739 5729 Chamawaihum
1763 5675 1993 5745 ejusque

421 5768 675 5828 mortem.
710 5760 1006 5826 Praefectus
1040 5773 1119 5818 est
1155 5773 1277 5831 post
1318 5765 1495 5843 ipsum
1526 5763 1667 5821 laish
1697 5765 1994 5822 Cbamara-

2101 4481 2340 4534 triareba
2389 4476 2794 4542 Antiochenus,
2831 4480 2923 4548 qui
2959 4478 3132 4533 annos
3173 4478 3462 4533 duodecim
3505 4479 3682 4544 sedit,

2097 4571 2223 4627 dein
2254 4579 2506 4627 mortuus
2532 4576 2637 4628 est.
2668 4571 2839 4627 Porro
2867 4587 2991 4624 cum
3023 4569 3191 4625 Leoni
3228 4571 3543 4640 imperatori
3576 4573 3684 4627 Ro-

2098 4678 2263 4718 mano
2302 4672 2518 4719 mortua
2553 4671 2703 4727 esset
2730 4670 2870 4721 u‘xor
2901 4665 3050 4717 nulla
3093 4662 3281 4719 relicta
3308 4664 3478 4734 prole,
3516 4665 3679 4718 aliam

2097 4759 2185 4815 ille
2217 4776 2442 4815 uxorem
2479 4760 2683 4815 ducere
2710 4759 2923 4823 voluit;
2956 4764 3010 4813 at
3062 4754 3344 4828 prohibuit
3374 4760 3549 4829 ipsum
3583 4759 3681 4812 Ni-

2097 4854 2284 4907 rolaus
2326 4851 2639 4923 patriarcha
2686 4848 3337 4920 Constantinopolitanus
3363 4891 3377 4915 ,
3429 4851 3621 4905 dicens
3657 4867 3674 4906 :

2097 4942 2214 4998 Non
2242 4953 2328 4999 est
2353 4943 2445 5003 tibi
2496 4942 2701 4998 licitum
2734 4958 2957 5002 uxorem
2983 4941 3214 5008 ducere;
3249 4942 3515 5012 siquidem
3547 4956 3681 5009 ana-

2097 5045 2322 5107 gnostes
2365 5051 2425 5091 es
2473 5043 2529 5090 et
2575 5036 2830 5105 precibus
2880 5036 3227 5090 sacerdotum
3284 5044 3677 5098 consecratus;

2100 5110 2244 5197 quod
2307 5128 2352 5184 si
2418 5143 2640 5183 uxorem
2697 5127 2918 5183 duxeris
2993 5144 3105 5183 non
3155 5129 3285 5182 licet
3324 5129 3421 5182 tibi
3481 5129 3547 5180 ad
3597 5129 3680 5181 al-

2100 5228 2217 5291 tare
2245 5218 2523 5277 accedere.
2556 5217 2656 5274 Cui
2690 5217 2799 5273 Leo
2836 5240 2861 5291 :p
2883 5216 3118 5275 Uxorem
3149 5219 3350 5274 ducere
3381 5220 3546 5289 cupio
3570 5236 3679 5287 quo

2100 5316 2170 5364 s't
2213 5309 2342 5365 mihi
2395 5311 2542 5367 ltlius
2590 5311 2682 5381 qui
2738 5321 2860 5382 post
2910 5326 2996 5364 me
3047 5326 3270 5381 regnum
3326 5312 3677 5365 haereditario

2094 5403 2390 5483 possideat.
2442 5405 2513 5457 At
2538 5419 2645 5457 non
2699 5404 2945 5482 permisit
2977 5404 3078 5473 ipsi
3128 5403 3437 5473 patriarcha
3471 5403 3673 5472 conju-

2092 5497 2263 5559 gium.
2299 5492 2527 5574 Scripsit
2560 5509 2690 5564 ergo
2721 5494 2832 5549 Leo
2874 5494 3170 5563 imperator
3200 5494 3267 5547 ad
3303 5493 3672 5562 patriarcbam

2088 5585 2426 5655 Romanum,
2469 5585 2787 5641 Michaelem
2815 5586 3185 5657 patriarcbam
3220 5586 3672 5653 Alexandrinum,

2095 5678 2264 5743 Elian:
2308 5677 2546 5732 Mansuri
2587 5678 2753 5733 lilium
2803 5664 3673 5750 patriarchanvllierosolytnita-

2096 5788 2250 5839 Imm,
2288 5779 2339 5825 ct
2376 5770 2684 5828 Simeonem
2715 5768 2946 5828 Zarnaki
2976 5773 3183 5833 liuuur.
3226 5771 3625 5830 Antiucltcnum
3654 5811 3670 5841 ,
