4116 6414
415 323 554 394 ius

1850 345 2215 413 ANNAIES.

3516 373 3654 443 lli6

405 451 608 544 rogans
648 450 705 495 ιιι
735 441 802 496 ad
837 443 1013 548 ipsum
1045 447 1366 504 accederent
1389 492 1403 517 ,
1435 467 1544 522 quo
1593 454 1929 526 dispicerent
1955 501 1970 524 ,
2003 464 2044 520 Α
2078 472 2240 536 idque
2277 457 2482 528 mensis
2517 473 2818 531 Ramadani
2844 490 3061 548 quarto,
3107 497 3249 539 anno
3277 485 3651 544 ducentesimo

395 531 587 586 liceret
634 548 806 589 necne
865 536 968 605 ipsi
1014 551 1236 594 uxorem
1271 541 1472 597 ducere

396 631 517 677 rum
539 624 812 695 quispiam
847 629 913 681 ad
942 630 1114 697 ipsum
1144 632 1428 702 accedere,
1462 636 1566 693 nisi
1595 640 1739 709 quod
1772 643 1972 714 singuli

393 717 618 770 nomine
659 733 762 772 suo
781 719 1148 794 “5-487
1189 724 1423 797 legatum
1459 731 1760 789 mitterent.
1791 737 1867 791 Ac
1895 740 1974 794 le-

392 810 536 875 gatis
574 823 632 862 se
665 809 1030 882 adjungentes
1061 815 1300 886 episcopi
1333 821 1554 887 quidam
1585 825 1972 884 Constantino-

392 899 525 966 poli,
551 899 618 954 de
643 903 860 969 negotio
896 904 1250 974 imperatoris
1277 911 1648 982 dispicientes,
1681 920 1963 976 matrimo-

389 989 537 1042 nium
581 991 679 1060 ipsi
741 993 951 1048 licitum
1007 1000 1436 1066 pronttntiarunt
1472 1019 1486 1068 ;
1519 1022 1689 1074 quare
1736 1026 1960 1067 uxorem

387 1078 565 1144 duxit,
599 1089 868 1151 natusque
893 1092 978 1139 est
1028 1087 1128 1154 ipsi
1158 1087 1301 1144 filius
1347 1107 1509 1161 quem
1538 1095 1959 1155 Constantinum

387 1172 703 1240 appellavit.
747 1174 999 1244 Cumque
1029 1176 1314 1235 Nicolaum
1370 1185 1737 1252 patriarcham
1775 1192 1962 1246 cathe-

383 1259 480 1315 dra
513 1261 858 1328 abdicasset,
891 1269 1339 1328 constitutus'est
1377 1274 1552 1344 ipsius
1599 1278 1716 1332 loco
1761 1279 1959 1336 Anthi-

381 1365 506 1406 mus
546 1355 856 1421 patriarcha
898 1357 1566 1432 Coustantinopolitanus.
1600 1367 1745 1424 Obiit
1775 1380 1954 1427 autem

381 1443 702 1499 Almotaded
726 1445 922 1503 Billahi
957 1451 1046 1508 die
1074 1451 1354 1512 Dominico
1407 1474 1550 1514 nono
1573 1468 1698 1517 ante
1728 1463 1954 1520 Rabiam

381 1537 737 1602 posteriorem
774 1539 1006 1604 finitum,
1048 1558 1191 1599 anno
1216 1548 1597 1605 ducentesimo
1623 1558 1955 1626 octogesimo

380 1640 545 1706 nono.
581 1627 702 1685 Fuit
730 1632 1020 1689 chalifatus
1050 1637 1217 1706 ipsius
1253 1654 1523 1698 annorum
1573 1659 1788 1707 novem.
1824 1661 1947 1703 cum

378 1720 662 1776 mensibus
699 1738 917 1790 novem,
938 1725 1149 1781 dierum
1178 1729 1436 1789 duorutn.
1475 1734 1664 1791 Annos
1686 1753 1809 1793 cum
1838 1754 1955 1796 mo-

375 1819 592 1866 reretur
622 1813 1200 1888 habuit'quadraginta
1242 1834 1476 1892 septem.
1529 1828 1865 1899 Praecipitant
1898 1835 1954 1888 in

357 1912 464 1956 res
498 1901 672 1970 ipsius
691 1913 1018 1973 potestatem
1049 1909 1285 1967 habuere
1309 1912 1486 1970 Badar
1509 1916 1734 1974 libertus
1761 1921 1952 1990 ipsius,

371 2004 427 2050 et
457 1993 776 2052 Ghaidallah
856 1999 973 2055 Ebn
1013 2000 1294 2072 Solimani,
1340 2010 1501 2078 cujus
1533 2011 1586 2064 in
1615 2012 1793 2069 locum
1825 2032 1954 2071 suc-

371 2088 540 2141 cessit
577 2088 720 2144 filius
762 2089 935 2159 ipsius
972 2093 1035 2147 Al
1060 2091 1253 2149 Kasem
1285 2095 1400 2153 Ebn
1443 2099 1806 2161 Obaidallahi.
1833 2106 1955 2164 lt'uit

367 2177 687 2235 Almotaded
723 2183 968 2252 pulcher,
1000 2184 1135 2242 facie
1156 2198 1211 2243 et
1233 2204 1463 2261 corpore
1495 2194 1753 2260 decorus,
1808 2209 1951 2254 stre-

368 2285 533 2335 nuus,
565 2287 728 2342 opum
758 2282 944 2329 tenax.
1139 2349 1144 2356 α

700 2363 1002 2436 Chalifatus
1037 2371 1104 2424 ΑΙ
1139 2372 1354 2443 Moctaﬁ
1393 2376 1601 2432 billahi.

436 2452 803 2525 Inauguratus
838 2468 919 2514 est
976 2463 1037 2516 Al
1073 2462 1288 2519 Moctafi
1343 2468 1457 2535 (qui
1507 2469 1648 2525 idem
1697 2481 1782 2527 est
1826 2475 1944 2529 Abu

305 2585 307 2588 t
366 2543 734 2612 Mohatumed,
771 2547 883 2603 Ebn
926 2552 1124 2607 A’hmet
1164 2557 1532 2630 Almotaded,)
1574 2562 1814 2633 Bagdadi
1849 2583 1946 2620 eo-

361 2638 484 2691 dem
537 2636 626 2693 die
676 2657 786 2710 quo
826 2643 962 2698 obiit
1013 2644 1358 2705 Almotaded.
1411 2653 1544 2706 Erat
1591 2665 1718 2710 tunc
1761 2669 1939 2714 autem

365 2729 654 2784 Almoctafi
713 2732 925 2798 flaccae,’
954 2735 1245 2808 missaeque
1275 2751 1402 2797 sunt
1431 2745 1496 2797 ad
1526 2745 1704 2815 ipsum
1747 2749 1940 2808 litterae

361 2829 414 2870 et
446 2821 713 2888 epistolm,
746 2833 802 2877 ut
834 2822 1147 2892 Bagdadum
1185 2833 1491 2898 accederet,
1521 2853 1628 2905 quo
1658 2853 1780 2892 cum
1817 2847 1941 2908 pcr-

362 2910 631 2978 venisset,
659 2913 843 2967 sedem
883 2915 953 2969 ibi
995 2918 1133 2973 fixit.
1163 2919 1334 2975 Mater
1357 2923 1474 2988 eius
1509 2929 1727 2983 nomine
1769 2928 1940 2983 Bach-

359 3002 616 3070 tajarnah
655 3006 780 3068 fuit,
813 3008 923 3061 filia
953 3008 1223 3066 Alkasemi
1260 3010 1376 3067 Ebn
1401 3013 1741 3072 Ohaidal!ahi
1766 3018 1933 3091 488

1526 563 1539 600 :
1583 556 1638 600 at
1679 549 1853 603 noluit
1882 567 1978 606 eo-
2077 564 2438 630 nonagesimo
2482 575 2676 633 quarto
2719 587 2733 624 :

2787 573 2928 625 sedit
2971 588 3143 630 annos
3187 575 3377 647 viginti
3433 595 3558 640 sex.
3596 589 3652 637 et

2074 666 2169 706 sex
2213 667 2454 719 menses,
2497 657 2621 712 dein
2666 660 2802 714 obiit
2839 677 2854 714 :
2893 666 3249 732 sepultusque
3279 677 3359 722 est
3386 670 3439 724 itt
3473 673 3649 728 eccle-

2071 741 2148 795 sia
2199 741 2497 812 Michaelis,
2534 745 2781 804 Pltosta‘ti
2819 750 3184 824 Egyptiacae.
3225 759 3382 813 Auno
3413 757 3649 815 chalifa-

2073 844 2161 889 tus
2185 834 2428 904 alltsdem
2464 848 2618 896 sexto
2663 845 2994 900 constitutus
3024 857 3108 900 est
3163 848 3458 918 Georgius,
3511 852 3650 906 Daa-

2060 925 2172 994 jani
2207 927 2367 990 filius,
2399 932 2707 998 patriarcha
2740 931 3307 1006 Hierosolytnitanits,
3341 941 3432 1008 qui
3470 955 3647 1008 annos

2061 1026 2296 1090 quatuor
2326 1029 2379 1076 et
2418 1026 2512 1077 se'x
2549 1040 2766 1080 menses
2816 1027 3002 1093 sedit,
3049 1029 3173 1083 dein
3235 1040 3487 1087 mortuus
3539 1039 3642 1086 est.

2059 1109 2232 1168 Porro
2267 1114 2470 1182 prodiit
2528 1115 2582 1169 in
2637 1115 2792 1188 Syria
2862 1120 3101 1186 rebellis,
3167 1124 3390 1178 nomine
3453 1124 3647 1178 lsmael

2058 1193 2471 1273 Karmatian’us,
2503 1223 2627 1262 cum
2665 1209 2917 1265 Damasci
2949 1215 3093 1266 esset
3137 1213 3360 1270 nomine
3403 1216 3648 1271 Chamav

2058 1297 2284 1352 rawaihi
2323 1297 2436 1352 Ebu
2469 1300 2705 1365 Ahmed,
2739 1301 2856 1357 Ebn
2891 1302 3111 1370 Toluni,
3142 1297 3315 1377 Toguj
3368 1308 3481 1364 El)"
3529 1312 3641 1368 lolii

2054 1383 2477 1462 Pharganensis;
2511 1393 2604 1462 qui
2635 1393 2702 1447 ab
2729 1389 2959 1451 lsmaele
2986 1385 3342 1456 Karmatiano
3367 1403 3422 1457 in
3449 1403 3636 1475 fugam

2055 1487 2250 1535 Versus
2270 1491 2354 1536 est
2387 1491 2509 1552 post
2540 1485 2714 1540 multa
2749 1487 2890 1542 inter
2923 1489 3074 1558 ipsos
3102 1486 3396 1548 commissa
3429 1496 3636 1562 praelia,

2053 1573 2209 1627 caesis
2243 1588 2273 1628 e
2299 1572 2592 1632 comitibus
2619 1575 2739 1646 ejus
2761 1575 2972 1636 multis.
3013 1576 3272 1638 Scribens
3301 1601 3431 1657 ergo
3469 1587 3642 1660 Tognj

2061 1663 2126 1717 ad
2160 1657 2434 1721 Harunem
2462 1665 2902 1724 Chamarawaihi
2937 1672 3102 1726 filittm
3131 1673 3307 1743 ipsum
3341 1679 3416 1733 rei
3443 1657 3644 1735 certio;

2062 1772 2174 1810 rem
2215 1756 2358 1814 fecit.
2397 1757 2542 1814 Misit
2590 1776 2718 1832 ergo
2753 1762 2821 1816 ad
2876 1763 3057 1833 ipsum
3111 1749 3295 1820 Harun
3341 1774 3640 1826 exercitum

2057 1863 2337 1918 magnum,
2370 1850 2422 1903 in
2448 1866 2558 1920 quo
2586 1861 2741 1907 erant
2764 1869 2951 1909 omnes
2983 1855 3374 1912 Toloneusinm
3413 1864 3637 1918 nomine

2054 1937 2293 2009 insignes
2318 1955 2332 2004 ;
2376 1941 2841 2010 commissumque
2867 1953 2951 1998 est
2979 1945 3220 2014 praelium
3258 1947 3398 2001 inter
3427 1951 3641 2006 exerci-

2054 2038 2142 2083 tus
2171 2028 2413 2098 ipsorum
2449 2029 2502 2083 in
2536 2031 2658 2085 vico
2695 2031 2944 2086 Canacar
2974 2034 3141 2100 dicto,
3178 2035 3406 2092 ditionis
3439 2037 3641 2095 Dama-

2054 2135 2260 2184 scente,
2309 2118 2431 2177 loco
2487 2138 2650 2192 quem
2710 2124 2772 2177 Al
2825 2124 3131 2193 Ascapham
3180 2139 3408 2194 vocant,
3454 2147 3641 2187 mense

2051 2208 2244 2283 llajcb,
2274 2229 2418 2268 anno
2444 2209 2826 2270 ducentesimo
2856 2219 3192 2288 octogesimo
3219 2237 3363 2274 nouo
3396 2237 3407 2268 τ
3434 2231 3634 2292 etpost

2047 2293 2362 2373 frequentes
2403 2305 2544 2359 inter
2592 2307 2742 2375 ipsos
2786 2324 2994 2379 pugnas
3031 2307 3351 2367 interfectus
3379 2323 3464 2368 est
3493 2309 3635 2384 Kar-

2046 2398 2344 2460 matianus,
2380 2397 2537 2452 casis
2573 2413 2638 2452 ex
2674 2405 2910 2470 utroque
2947 2403 3191 2456 exercitu
3237 2404 3430 2472 viginti
3461 2407 3622 2460 circi-

2047 2497 2130 2544 ter
2166 2489 2447 2562 hominum
2492 2488 2764 2553 millibus,
2800 2508 3036 2560 quorum
3077 2504 3130 2548 et
3177 2497 3397 2564 utrique
3431 2496 3484 2550 in
3543 2497 3630 2550 fn-

2045 2597 2167 2650 gam
2197 2597 2256 2636 se
2295 2581 2600 2646 dederunt;
2642 2584 2952 2654 petentibus
2988 2585 3078 2654 qui
3129 2601 3192 2639 ex
3240 2586 3501 2668 Harumis
3541 2602 3636 2641 co—

2046 2674 2152 2744 piis
2187 2675 2514 2742 superstites
2553 2672 2794 2740 fuerunt,
2828 2673 3151 2730 Damascum
3181 2686 3233 2729 et
3258 2676 3625 2743 Tiberiadem;

2039 2767 2132 2837 qui
2167 2783 2196 2821 e
2229 2763 2772 2840 Karmatiani,492
2805 2763 3066 2822 Hamsum
3103 2765 3443 2839 [Emissam],
3481 2785 3639 2823 man~

2041 2867 2338 2927 seruntque
2381 2858 2623 2912 Damasci
2657 2874 2721 2912 ex
2755 2855 2992 2913 liarunis
3031 2859 3204 2927 cepiis
3244 2859 3464 2928 quidam
3493 2876 3624 2914 cum

2039 2947 2508 3019 BadroAljamami
2539 2951 2707 3007 dicto.
2733 2945 2855 3004 Fuit
2880 2959 3058 3005 autem
3083 2945 3435 3006 Karmatiano
3460 2953 3629 3007 frater

2039 3039 2103 3092 Al
2136 3039 2322 3117 Najem
2365 3042 2690 3112 appellatus;
2733 3041 2828 3112 qui
2858 3043 3203 3112 congregatis
3229 3043 3321 3111 qui
3353 3059 3382 3097 e
3429 3043 3618 3099 fratris

354 3091 470 3148 Ehn
496 3095 786 3164 Solimani,
810 3100 925 3154 Ebn
953 3101 1207 3158 Waltabi.
1235 3104 1511 3163 Abhasum
1546 3111 1714 3164 Ebbol
1747 3112 1930 3168 Ilasuu
1961 3127 2005 3186 ε
2036 3091 2640 3202 έιέίῗέξέιιξῖιυτῖιείῑρυῑ
2679 3091 2846 3187 ἐἶξαι
2871 3174 2885 3198 ,
2931 3091 3124 3200 ἐἓρίζε
3175 3091 3415 3203 collegit,
3463 3145 3519 3189 'et
3568 3135 3637 3190 in.

355 3185 802 3246 Maderanensem
855 3193 1088 3249 scribam
1127 3198 1354 3252 adscivit
1415 3209 1576 3272 atque
1627 3201 1700 3257 illi
1747 3222 1834 3260 res
1876 3204 1929 3261 in

353 3279 600 3334 ordinem
631 3283 870 3340 redacta:
900 3297 1047 3342 sunt.
1082 3291 1239 3346 Anno
1271 3289 1578 3349 Chalifatus
1635 3297 1926 3352 Almoctafi

353 3372 618 3438 Secundo,
653 3378 743 3444 qui
785 3383 870 3431 est
903 3377 1311 3438 ducentesimus
1348 3386 1759 3453 nonagesimus,
1803 3405 1932 3458 per-

352 3467 474 3537 ligit
521 3467 676 3523 Nilus
727 3471 1083 3544 Egyptiacus
1138 3474 1350 3534 cubitos
1399 3490 1606 3536 tantum
1666 3485 1927 3542 tredecim

351 3576 475 3614 cum
507 3561 719 3618 duobus
742 3566 944 3635 digitis.
978 3567 1156 3634 Quare
1183 3573 1387 3641 egressi
1425 3585 1550 3629 sunt
1583 3574 1926 3645 Moslemiui,

348 3654 684 3724 Christiani,
716 3670 767 3713 et
793 3660 962 3714 Judaei
1000 3661 1066 3714 ad
1093 3679 1287 3732 aquam
1328 3668 1586 3734 precibus
1624 3657 1950 3740 itnpetranQ

348 3749 497 3811 dam,
526 3765 630 3805 nec
661 3762 837 3806 tamen
870 3753 1039 3807 crevit
1067 3770 1205 3824 aqua
1243 3757 1386 3811 ultra
1421 3755 1548 3812 illud
1598 3763 1740 3829 quod
1785 3763 1930 3818 dixi-

349 3853 514 3906 mus;
548 3843 743 3898 deinde
794 3846 1038 3900 recessit.
1087 3847 1245 3901 Anno
1303 3851 1462 3904 tertio
1515 3853 1811 3908 chalifatus
1861 3854 1926 3906 Al

349 3933 564 3989 Moctafi
606 3937 941 3993 constitutus
989 3949 1072 3992 est
1106 3935 1251 3994 Elizts
1278 3944 1585 4010 patriarcha
1630 3946 1926 4000 Antioche-

349 4039 489 4092 nus;
523 4027 615 4096 qui
654 4030 888 4097 scriptor
938 4029 1074 4094 fuit;
1121 4046 1292 4086 annos
1343 4035 1485 4088 sedit
1539 4035 1726 4105 viginti
1776 4047 1923 4103 octo,

345 4117 470 4172 dein
516 4129 764 4175 mortuus
793 4130 894 4181 est.
925 4121 1096 4191 Capta
1131 4131 1214 4176 est
1248 4127 1378 4180 urbs
1430 4125 1678 4194 Seleucia
1715 4144 1745 4182 e
1779 4137 1923 4182 terra

345 4203 721 4266 Romanorum
755 4230 945 4268 mense
966 4215 1136 4268 Rabia
1171 4216 1485 4285 posteriori,
1510 4219 1650 4273 unde
1677 4220 1923 4290 captivos

345 4299 400 4356 in
433 4302 724 4374 {Egyptum
758 4308 1058 4364 attulerunt
1088 4325 1274 4364 mense
1302 4309 1492 4379 Rajeb,
1521 4325 1667 4366 anno
1713 4311 1922 4366 ducen-

342 4397 538 4483 tesimo
591 4400 971 4467 nonagesimo.
1021 4403 1178 4455 Auno
1211 4402 1505 4458 chalifatus
1551 4403 1792 4473 ejusdem
1832 4421 1922 4460 se-

341 4483 521 4546 cundo
548 4495 795 4540 mortuus
821 4497 905 4542 est
928 4487 1151 4544 Michael
1185 4490 1490 4558 patriarcha
1513 4489 1914 4550 Alexandrinus
1955 4501 2002 4560 D
2032 4498 2277 4566 patibulo
2307 4499 2475 4552 allixit
2504 4502 2656 4570 prius
2690 4502 2994 4556 cruciatum
3039 4514 3054 4553 :

339 4577 430 4631 die
458 4578 744 4633 Dominico
773 4621 786 4644 ,
819 4591 973 4635 sexto
1013 4591 1139 4635 ante
1172 4582 1383 4635 finitum
1434 4599 1678 4639 mensem
1716 4585 1916 4640 Batna-

338 4667 470 4732 dan,
525 4683 669 4721 anno
717 4670 1095 4728 ducentesimo
1119 4675 1512 4742 nonagesimo,-
1546 4678 1916 4747 patriarchatu

336 4760 560 4826 functus
595 4762 801 4827 triginti
832 4775 1071 4835 quatuor
1100 4768 1262 4822 annis
1289 4785 1304 4821 :
1335 4771 1652 4839 vacavitque
1681 4781 1803 4842 post
1834 4773 1916 4842 ip-

337 4865 460 4907 sum
492 4851 756 4906 cathedra
783 4850 1150 4910 Alexandrina
1202 4858 1510 4925 patriarcha
1551 4870 1786 4930 quatuor
1826 4876 1923 4915 an-

335 4953 460 5006 nos.
495 4941 657 4996 Anno
706 4942 902 5011 quinto
955 4943 1250 5006 chalifatus
1288 4948 1533 5017 ejusdem
1588 4949 1919 5012 constitutus

335 5042 421 5086 est
450 5033 838 5090 Christodulus
898 5034 1215 5094 Halebensis
1244 5038 1554 5110 patriarcha
1595 5043 1916 5099 Alexandri-

336 5135 475 5190 nus;
502 5135 722 5182 creatus
749 5135 832 5183 est
869 5125 1260 5200 Hierosolymis
1292 5131 1379 5186 die
1423 5127 1646 5188 Sabbati
1685 5135 1906 5205 magni,

341 5218 532 5286 quinto
571 5221 774 5275 mensis
790 5221 957 5276 Nisan
982 5261 998 5285 ,
1031 5220 1317 5279 Barmudae
1347 5227 1599 5295 septimo.
1620 5223 1716 5282 Die
1731 5239 1914 5282 autem

332 5303 571 5374 lomadze
610 5312 929 5380 posterioris
963 5313 1174 5370 decimo
1193 5330 1340 5375 nono
1374 5320 1912 5384 consecravitipsum

339 5393 490 5454 Elias
518 5400 664 5458 illius
703 5403 1322 5474 Mansoris'patriarcha
1359 5406 1912 5479 Hierosolymilanus.

335 5487 584 5560 Cumque
618 5495 1000 5558 Alexandriam
1046 5497 1326 5566 venisset,
1357 5501 1614 5556 dixerunt
1661 5503 1815 5558 urbis
1850 5505 1914 5558 il-

334 5581 442 5636 lius
478 5583 669 5640 incolae
698 5605 711 5641 :
743 5587 1006 5654 Nolumus
1053 5591 1220 5658 hunc,
1272 5593 1376 5648 nisi
1432 5594 1677 5663 repetitis
1719 5595 1912 5668 489-

2035 3233 2218 3292 partes
2246 3223 2474 3278 Emissae
2521 3224 2746 3293 prodiit.
2791 3224 2854 3277 Al
2890 3221 3169 3292 Moktaphi
3218 3223 3385 3295 igitur
3431 3225 3624 3280 audito

2035 3310 2449 3364 Karmatianum
2484 3310 2704 3382 IEgypti
2744 3311 3018 3366 exercitus
3051 3313 3271 3381 fugasse
3321 3320 3486 3381 atque
3532 3313 3624 3367 itt-

2030 3401 2309 3469 lirmasse,
2349 3404 2506 3458 caesis
2550 3403 2925 3474 Egyptiorum
2949 3404 3262 3459 fortissimis
3294 3406 3624 3476 quibusque,

2039 3509 2189 3566 spem
2252 3497 2500 3566 concepit
2543 3496 2819 3565 capiendae
2863 3496 3102 3568 Egypti,
3164 3495 3439 3566 missoque
3493 3493 3610 3550 Mu-

2041 3585 2294 3641 hammed
2330 3582 2442 3641 Ehn
2476 3586 2741 3651 Solimau,
2778 3587 2863 3641 cui
2900 3589 3382 3652 praestantissimos
3418 3589 3615 3646 ducum

2033 3692 2258 3732 sucu-um
2294 3695 2417 3732 cum
2456 3679 2694 3734 exercitu
2731 3695 2925 3749 magno
2949 3681 3215 3748 adiunxit,
3258 3681 3454 3749 prodiit
3504 3678 3621 3750 ipse

2035 3768 2286 3831 Baccam,
2351 3767 2533 3836 ibique
2565 3768 2828 3822 Substitit.
2884 3769 3225 3823 Mobammed
3268 3777 3445 3824 autem
3497 3771 3616 3824 Ebn

2032 3853 2276 3912 Solintan
2317 3860 2407 3912 tibi
2445 3859 2706 3913 Emissatu
2734 3860 3356 3929 pervenissetAluajemi
3382 3856 3613 3914 Karma-

2042 3950 2170 4002 tiani
2199 3951 2388 4018 copias
2418 3949 2576 4015 fudit,
2613 3951 2789 4019 captis
2817 3967 2846 4006 e
2874 3951 3168 4004 comitibus
3202 3950 3373 4020 ipsius
3407 3951 3617 4020 septin-

2029 4042 2240 4109 gentis;
2292 4035 2680 4094 Karmatianus
2725 4054 2854 4094 vero
2899 4037 3114 4109 fugiens
3144 4081 3159 4106 ,
3205 4041 3325 4094 loco
3359 4044 3420 4095 Al
3464 4039 3613 4096 Dalia

2024 4130 2292 4200 appellato
2324 4146 2570 4200 repertus
2595 4140 2698 4199 est,
2721 4147 2881 4202 quem
2911 4149 3033 4188 cum
3072 4135 3363 4188 comitibus
3405 4135 3614 4204 septin-

2007 4222 2208 4290 gentis
2237 4222 2305 4276 ad
2342 4223 2406 4275 Al
2437 4222 2749 4278 Moctaftum
2801 4225 2863 4278 Al
2890 4221 3133 4278 Rakkam
3187 4227 3334 4279 misit
3361 4224 3614 4279 Moham-

2029 4315 2152 4368 med
2186 4314 2298 4368 Ehn
2333 4313 2602 4383 Solimau,
2631 4319 2718 4372 cui
2767 4315 3078 4387 Bagdadum
3114 4319 3378 4385 perducto
3407 4320 3608 4374 collum

2034 4421 2198 4475 super
2231 4405 2470 4462 tabulato
2519 4411 2761 4478 praecidit
2836 4409 2902 4464 Al
2960 4408 3266 4475 Moctaftus,
3321 4410 3612 4480 ipsumque

3099 4503 3232 4569 quin
3287 4510 3339 4554 et
3381 4503 3607 4556 comites

2019 4587 2193 4658 ipsius
2234 4590 2608 4660 septingentos
2632 4601 2806 4647 morte
2833 4590 3039 4656 affecit,
3067 4607 3296 4660 quorum
3327 4591 3449 4645 aliis
3470 4593 3606 4645 enlla

2019 4696 2186 4749 super
2227 4681 2470 4735 tabulato
2510 4683 2784 4752 praecidit,
2826 4684 3086 4754 ipsosque
3123 4687 3376 4756 patibulo
3411 4686 3601 4748 aliixit;

2020 4769 2156 4826 alios
2181 4774 2430 4828 manibus
2462 4775 2806 4845 pedibusque
2849 4779 3154 4831 truncavit.
3209 4777 3441 4832 Profecti
3475 4787 3603 4831 sunt

2019 4865 2321 4919 Almoctafii
2349 4869 2622 4922 exercitus
2665 4883 2789 4922 cum
2820 4867 3192 4923 Mohamtnede
3221 4867 3334 4923 Ebn
3356 4868 3598 4922 Soliman

2019 4952 2345 5012 Damascum
2376 4999 2392 5023 ,
2445 4959 2536 5013 ubi
2594 4960 2648 5013 in
2688 4959 3080 5016 Mohammedis
3127 4961 3282 5015 fidem
3333 4977 3391 5016 se
3453 4961 3602 5014 dedit

2020 5046 2230 5104 Badrus
2269 5051 2554 5119 Aljamami
2598 5067 2704 5106 una
2736 5067 2860 5106 cum
2904 5053 2969 5108 iis
3008 5069 3128 5123 qua:
3156 5053 3258 5123 ipsi
3299 5054 3597 5110 adfuerunt

2018 5141 2194 5210 copiis
2229 5159 2242 5194 :
2279 5143 2405 5197 hinc
2438 5143 2717 5213 profectus
2743 5155 2827 5201 est
2852 5145 3198 5202 Mohatnmed
3227 5148 3592 5209 Pala‘stinam,

2017 5249 2126 5304 quo
2157 5234 2208 5286 in
2241 5234 2533 5304 Egyptutu
2568 5237 2690 5292 iret.

2088 5323 2274 5380 Harun
2305 5327 2424 5381 Ebn
2462 5327 2902 5382 Chamarawaihi
2958 5329 3148 5400 igitur,
3181 5330 3365 5383 audito
3410 5330 3594 5399 copias

2014 5425 2178 5486 atque
2208 5420 2484 5473 exercitus
2513 5419 2871 5492 493-495
2909 5421 3085 5489 ipsum
3116 5437 3309 5476 versus
3343 5423 3586 5488 tendere,

2012 5523 2264 5577 egressus
2296 5508 2348 5562 in
2388 5511 2564 5564 locum
2593 5512 2684 5582 qui
2717 5511 2780 5564 Al
2812 5512 3049 5564 Abhasia
3087 5511 3310 5576 dicitur,
3341 5528 3404 5566 ea
3431 5520 3591 5568 terrm

2011 5596 2350 5668 Egyptiacaa
2395 5614 2547 5673 parte
2596 5619 2715 5672 qua;
2755 5603 3002 5674 Alhauph
3037 5594 3279 5676 ‘[audit,]
3331 5605 3400 5659 ibi
3453 5621 3578 5659 cum

339 5671 501 5749 49],
559 5676 816 5744 precibus
864 5679 1085 5753 [quibus
1132 5683 1510 5756 consecratur]
1557 5686 1903 5754 patriarcha:

328 5780 499 5851 quare
544 5784 733 5844 preces
770 5773 1162 5844 patriarchales
1198 5791 1414 5834 rursum
1466 5777 1836 5844 adhibuerunt
1886 5800 1897 5834 :

2007 5690 2237 5746 ducibus
2268 5694 2383 5749 suis
2427 5711 2731 5767 magnaque
2771 5697 3011 5752 virorum
3059 5697 3406 5752 multitudine
3443 5697 3580 5768 sub-

2006 5784 2164 5854 stitit,
2190 5784 2546 5844 Mobammedi
2578 5789 2694 5846 Ebn
2721 5789 2960 5846 Soliutan
2987 5806 3340 5859 occursurus,
3371 5801 3424 5848 et
3455 5807 3582 5846 cum
