  <div class='ocr_page' id='page_1' title='image "/cluster/home/n/w/nwhite01/storage/ocr_20150623/111/coo.31924054870153/581.png"; bbox 0 0 4116 6412; ppageno 0'>
   <div class='ocr_carea' id='block_1_1' title="bbox 480 312 612 377">
    <p class='ocr_par' dir='ltr' id='par_1_1' title="bbox 480 312 612 377">
     <span class='ocr_line' id='line_1_1' title="bbox 480 312 612 377; baseline -0.061 0"><span class='ocrx_word' id='word_1_1' title='bbox 480 312 612 377; x_wconf 80' lang='grc'>1147</span> 
     </span>
    </p>
   </div>
   <div class='ocr_carea' id='block_1_2' title="bbox 1467 300 2679 369">
    <p class='ocr_par' dir='ltr' id='par_1_2' title="bbox 1467 300 2679 369">
     <span class='ocr_line' id='line_1_2' title="bbox 1467 300 2679 369; baseline -0.006 -1"><span class='ocrx_word' id='word_1_2' title='bbox 1467 307 1835 369; x_wconf 80' lang='lat' dir='ltr'><strong>EUTYCHlI</strong></span> <span class='ocrx_word' id='word_1_3' title='bbox 1884 306 1924 365; x_wconf 78' lang='grc' dir='ltr'><strong>Α</strong></span> <span class='ocrx_word' id='word_1_4' title='bbox 1938 300 2417 365; x_wconf 82' lang='lat' dir='ltr'><strong>LEXANDRINI</strong></span> <span class='ocrx_word' id='word_1_5' title='bbox 2459 301 2679 362; x_wconf 81' lang='lat' dir='ltr'><strong>PATR.</strong></span> 
     </span>
    </p>
   </div>
   <div class='ocr_carea' id='block_1_3' title="bbox 3585 301 3718 369">
    <p class='ocr_par' dir='ltr' id='par_1_3' title="bbox 3585 301 3718 369">
     <span class='ocr_line' id='line_1_3' title="bbox 3585 301 3718 369; baseline -0.008 -1"><span class='ocrx_word' id='word_1_6' title='bbox 3585 301 3718 369; x_wconf 67' lang='grc'>1148</span> 
     </span>
    </p>
   </div>
   <div class='ocr_carea' id='block_1_4' title="bbox 477 409 3714 484">
    <p class='ocr_par' dir='ltr' id='par_1_4' title="bbox 477 409 3714 484">
     <span class='ocr_line' id='line_1_4' title="bbox 477 409 3714 484; baseline -0.002 -8"><span class='ocrx_word' id='word_1_7' title='bbox 477 439 542 476; x_wconf 73' lang='grc' dir='ltr'><strong>ρο</strong></span> <span class='ocrx_word' id='word_1_8' title='bbox 591 419 733 476; x_wconf 89' lang='lat' dir='ltr'><strong>bello</strong></span> <span class='ocrx_word' id='word_1_9' title='bbox 781 418 1103 475; x_wconf 88' lang='lat' dir='ltr'><strong>decreturus</strong></span> <span class='ocrx_word' id='word_1_10' title='bbox 1182 418 1363 474; x_wconf 80' lang='lat' dir='ltr'><strong>Naves</strong></span> <span class='ocrx_word' id='word_1_11' title='bbox 1425 419 1644 473; x_wconf 80' lang='lat' dir='ltr'><strong>interim</strong></span> <span class='ocrx_word' id='word_1_12' title='bbox 1703 414 1990 472; x_wconf 81' lang='lat' dir='ltr'><strong>Almoctafi</strong></span> <span class='ocrx_word' id='word_1_13' title='bbox 2024 452 2039 475; x_wconf 89' lang='lat'><strong>.</strong></span> <span class='ocrx_word' id='word_1_14' title='bbox 2071 409 2381 474; x_wconf 74' lang='lat' dir='ltr'><strong>APhateco</strong></span> <span class='ocrx_word' id='word_1_15' title='bbox 2412 412 2587 481; x_wconf 84' lang='lat' dir='ltr'><strong>ipsius</strong></span> <span class='ocrx_word' id='word_1_16' title='bbox 2636 412 2855 476; x_wconf 89' lang='lat' dir='ltr'><strong>liberto,</strong></span> <span class='ocrx_word' id='word_1_17' title='bbox 2887 411 3201 484; x_wconf 82' lang='lat' dir='ltr'><strong>ducumque</strong></span> <span class='ocrx_word' id='word_1_18' title='bbox 3249 420 3437 479; x_wconf 81' lang='lat' dir='ltr'><strong>ecetu,</strong></span> <span class='ocrx_word' id='word_1_19' title='bbox 3495 414 3714 472; x_wconf 66' lang='lat' dir='ltr'><strong>obviam</strong></span> 
     </span>
    </p>
   </div>
   <div class='ocr_carea' id='block_1_5' title="bbox 480 506 2046 579">
    <p class='ocr_par' dir='ltr' id='par_1_5' title="bbox 480 506 2046 579">
     <span class='ocr_line' id='line_1_5' title="bbox 480 506 2046 579; baseline -0.003 -14"><span class='ocrx_word' id='word_1_20' title='bbox 480 512 620 565; x_wconf 67' lang='lat' dir='ltr'><strong>fluxo</strong></span> <span class='ocrx_word' id='word_1_21' title='bbox 658 511 711 564; x_wconf 91' lang='lat' dir='ltr'><strong>in</strong></span> <span class='ocrx_word' id='word_1_22' title='bbox 748 510 885 564; x_wconf 90' lang='lat' dir='ltr'><strong>mari</strong></span> <span class='ocrx_word' id='word_1_23' title='bbox 923 525 1086 564; x_wconf 81' lang='lat' dir='ltr'><strong>cursu</strong></span> <span class='ocrx_word' id='word_1_24' title='bbox 1114 549 1128 572; x_wconf 94' lang='lat'><strong>,</strong></span> <span class='ocrx_word' id='word_1_25' title='bbox 1183 525 1250 564; x_wconf 90' lang='lat' dir='ltr'><strong>ex</strong></span> <span class='ocrx_word' id='word_1_26' title='bbox 1320 518 1472 579; x_wconf 87' lang='lat' dir='ltr'><strong>parte</strong></span> <span class='ocrx_word' id='word_1_27' title='bbox 1517 508 1741 562; x_wconf 87' lang='lat' dir='ltr'><strong>Tennisi</strong></span> <span class='ocrx_word' id='word_1_28' title='bbox 1812 506 2046 561; x_wconf 88' lang='lat' dir='ltr'><strong>ditiones</strong></span> 
     </span>
    </p>
   </div>
   <div class='ocr_carea' id='block_1_6' title="bbox 479 598 2043 674">
    <p class='ocr_par' dir='ltr' id='par_1_6' title="bbox 479 598 2043 674">
     <span class='ocr_line' id='line_1_6' title="bbox 479 598 2043 674; baseline -0.004 -16"><span class='ocrx_word' id='word_1_29' title='bbox 479 601 698 674; x_wconf 66' lang='lat' dir='ltr'><strong>.‘Egypti</strong></span> <span class='ocrx_word' id='word_1_30' title='bbox 731 600 964 671; x_wconf 85' lang='lat' dir='ltr'><strong>ejusque</strong></span> <span class='ocrx_word' id='word_1_31' title='bbox 985 600 1144 656; x_wconf 89' lang='lat' dir='ltr'><strong>villas</strong></span> <span class='ocrx_word' id='word_1_32' title='bbox 1169 602 1429 671; x_wconf 67' lang='lat' dir='ltr'><strong>ingressae</strong></span> <span class='ocrx_word' id='word_1_33' title='bbox 1460 607 1602 654; x_wconf 92' lang='lat' dir='ltr'><strong>sunt.</strong></span> <span class='ocrx_word' id='word_1_34' title='bbox 1642 598 1881 652; x_wconf 79' lang='lat' dir='ltr'><strong>Navibus</strong></span> <span class='ocrx_word' id='word_1_35' title='bbox 1906 613 2043 665; x_wconf 75' lang='lat' dir='ltr'><strong>pra:-</strong></span> 
     </span>
    </p>
   </div>
   <div class='ocr_carea' id='block_1_7' title="bbox 477 689 2045 760">
    <p class='ocr_par' dir='ltr' id='par_1_7' title="bbox 477 689 2045 760">
     <span class='ocr_line' id='line_1_7' title="bbox 477 689 2045 760; baseline -0.003 -13"><span class='ocrx_word' id='word_1_36' title='bbox 477 694 653 749; x_wconf 79' lang='lat' dir='ltr'><strong>fectus</strong></span> <span class='ocrx_word' id='word_1_37' title='bbox 683 690 784 745; x_wconf 90' lang='lat' dir='ltr'><strong>fuit</strong></span> <span class='ocrx_word' id='word_1_38' title='bbox 810 690 1107 748; x_wconf 89' lang='lat' dir='ltr'><strong>Damianus</strong></span> <span class='ocrx_word' id='word_1_39' title='bbox 1135 691 1377 747; x_wconf 72' lang='lat' dir='ltr'><strong>Graecus.</strong></span> <span class='ocrx_word' id='word_1_40' title='bbox 1410 689 1638 745; x_wconf 78' lang='lat' dir='ltr'><strong>Profecti</strong></span> <span class='ocrx_word' id='word_1_41' title='bbox 1666 704 1796 759; x_wconf 87' lang='lat' dir='ltr'><strong>ergo</strong></span> <span class='ocrx_word' id='word_1_42' title='bbox 1825 690 2045 760; x_wconf 88' lang='lat' dir='ltr'><strong>quidam</strong></span> 
     </span>
    </p>
   </div>
   <div class='ocr_carea' id='block_1_8' title="bbox 478 778 2048 847">
    <p class='ocr_par' dir='ltr' id='par_1_8' title="bbox 478 778 2048 847">
     <span class='ocr_line' id='line_1_8' title="bbox 478 778 2048 847; baseline 0.001 -12"><span class='ocrx_word' id='word_1_43' title='bbox 478 800 509 835; x_wconf 80' lang='lat' dir='ltr'><strong>e</strong></span> <span class='ocrx_word' id='word_1_44' title='bbox 542 783 775 838; x_wconf 82' lang='lat' dir='ltr'><strong>(lucibus</strong></span> <span class='ocrx_word' id='word_1_45' title='bbox 794 781 1050 847; x_wconf 86' lang='lat' dir='ltr'><strong>Harunis,</strong></span> <span class='ocrx_word' id='word_1_46' title='bbox 1081 784 1338 837; x_wconf 80' lang='lat' dir='ltr'><strong>Damiano</strong></span> <span class='ocrx_word' id='word_1_47' title='bbox 1372 786 1423 835; x_wconf 93' lang='lat' dir='ltr'><strong>in</strong></span> <span class='ocrx_word' id='word_1_48' title='bbox 1458 783 1578 839; x_wconf 83' lang='lat' dir='ltr'><strong>vico</strong></span> <span class='ocrx_word' id='word_1_49' title='bbox 1603 778 1867 835; x_wconf 82' lang='lat' dir='ltr'><strong>Tanubah</strong></span> <span class='ocrx_word' id='word_1_50' title='bbox 1900 781 2048 837; x_wconf 90' lang='lat' dir='ltr'><strong>dicto</strong></span> 
     </span>
    </p>
   </div>
   <div class='ocr_carea' id='block_1_9' title="bbox 480 875 2049 945">
    <p class='ocr_par' dir='ltr' id='par_1_9' title="bbox 480 875 2049 945">
     <span class='ocr_line' id='line_1_9' title="bbox 480 875 2049 945; baseline 0.001 -18"><span class='ocrx_word' id='word_1_51' title='bbox 480 884 842 929; x_wconf 73' lang='lat' dir='ltr'><strong>oecurrerunt</strong></span> <span class='ocrx_word' id='word_1_52' title='bbox 865 914 883 943; x_wconf 90' lang='lat'><strong>,</strong></span> <span class='ocrx_word' id='word_1_53' title='bbox 916 875 1009 929; x_wconf 88' lang='lat' dir='ltr'><strong>ubi</strong></span> <span class='ocrx_word' id='word_1_54' title='bbox 1040 883 1449 936; x_wconf 79' lang='lat' dir='ltr'><strong>concurrentes,</strong></span> <span class='ocrx_word' id='word_1_55' title='bbox 1477 889 1600 928; x_wconf 91' lang='lat' dir='ltr'><strong>cum</strong></span> <span class='ocrx_word' id='word_1_56' title='bbox 1633 889 1812 945; x_wconf 90' lang='lat' dir='ltr'><strong>pugna</strong></span> <span class='ocrx_word' id='word_1_57' title='bbox 1843 880 2049 931; x_wconf 82' lang='lat' dir='ltr'><strong>certas-</strong></span> 
     </span>
    </p>
   </div>
   <div class='ocr_carea' id='block_1_10' title="bbox 483 964 2050 1035">
    <p class='ocr_par' dir='ltr' id='par_1_10' title="bbox 483 964 2050 1035">
     <span class='ocr_line' id='line_1_10' title="bbox 483 964 2050 1035; baseline -0.003 -13"><span class='ocrx_word' id='word_1_58' title='bbox 483 972 629 1025; x_wconf 89' lang='lat' dir='ltr'><strong>sent,</strong></span> <span class='ocrx_word' id='word_1_59' title='bbox 685 974 831 1035; x_wconf 90' lang='lat' dir='ltr'><strong>terga</strong></span> <span class='ocrx_word' id='word_1_60' title='bbox 876 965 1140 1019; x_wconf 85' lang='lat' dir='ltr'><strong>dederunt</strong></span> <span class='ocrx_word' id='word_1_61' title='bbox 1171 966 1333 1020; x_wconf 86' lang='lat' dir='ltr'><strong>duces</strong></span> <span class='ocrx_word' id='word_1_62' title='bbox 1365 964 1626 1019; x_wconf 84' lang='lat' dir='ltr'><strong>Harunis.</strong></span> <span class='ocrx_word' id='word_1_63' title='bbox 1656 964 1863 1020; x_wconf 86' lang='lat' dir='ltr'><strong>Shiban</strong></span> <span class='ocrx_word' id='word_1_64' title='bbox 1886 964 2050 1019; x_wconf 91' lang='lat' dir='ltr'><strong>etiam</strong></span> 
     </span>
    </p>
   </div>
   <div class='ocr_carea' id='block_1_11' title="bbox 485 1054 2057 1121">
    <p class='ocr_par' dir='ltr' id='par_1_11' title="bbox 485 1054 2057 1121">
     <span class='ocr_line' id='line_1_11' title="bbox 485 1054 2057 1121; baseline 0 -13"><span class='ocrx_word' id='word_1_65' title='bbox 485 1054 599 1109; x_wconf 88' lang='lat' dir='ltr'><strong>Ebn</strong></span> <span class='ocrx_word' id='word_1_66' title='bbox 631 1055 993 1121; x_wconf 80' lang='lat' dir='ltr'><strong>Mohammed,</strong></span> <span class='ocrx_word' id='word_1_67' title='bbox 1032 1056 1145 1110; x_wconf 90' lang='lat' dir='ltr'><strong>Ebn</strong></span> <span class='ocrx_word' id='word_1_68' title='bbox 1174 1056 1370 1119; x_wconf 86' lang='lat' dir='ltr'><strong>Tolun,</strong></span> <span class='ocrx_word' id='word_1_69' title='bbox 1407 1055 1643 1112; x_wconf 82' lang='lat' dir='ltr'><strong>Harunis</strong></span> <span class='ocrx_word' id='word_1_70' title='bbox 1669 1054 1784 1111; x_wconf 86' lang='lat' dir='ltr'><strong>Ebn</strong></span> <span class='ocrx_word' id='word_1_71' title='bbox 1821 1055 2057 1110; x_wconf 78' lang='lat' dir='ltr'><strong>Chama-</strong></span> 
     </span>
    </p>
   </div>
   <div class='ocr_carea' id='block_1_12' title="bbox 485 1145 2055 1218">
    <p class='ocr_par' dir='ltr' id='par_1_12' title="bbox 485 1145 2055 1218">
     <span class='ocr_line' id='line_1_12' title="bbox 485 1145 2055 1218; baseline -0.001 -17"><span class='ocrx_word' id='word_1_72' title='bbox 485 1146 708 1201; x_wconf 78' lang='lat' dir='ltr'><strong>rawaihi</strong></span> <span class='ocrx_word' id='word_1_73' title='bbox 744 1158 991 1216; x_wconf 89' lang='lat' dir='ltr'><strong>patruus,</strong></span> <span class='ocrx_word' id='word_1_74' title='bbox 1013 1145 1286 1201; x_wconf 77' lang='lat' dir='ltr'><strong>Harunem</strong></span> <span class='ocrx_word' id='word_1_75' title='bbox 1314 1148 1540 1202; x_wconf 88' lang='lat' dir='ltr'><strong>adortus</strong></span> <span class='ocrx_word' id='word_1_76' title='bbox 1566 1148 1746 1218; x_wconf 90' lang='lat' dir='ltr'><strong>ipsum</strong></span> <span class='ocrx_word' id='word_1_77' title='bbox 1780 1145 2055 1202; x_wconf 89' lang='lat' dir='ltr'><strong>interfecit</strong></span> 
     </span>
    </p>
   </div>
   <div class='ocr_carea' id='block_1_13' title="bbox 485 1238 2054 1305">
    <p class='ocr_par' dir='ltr' id='par_1_13' title="bbox 485 1238 2054 1305">
     <span class='ocr_line' id='line_1_13' title="bbox 485 1238 2054 1305; baseline 0 -13"><span class='ocrx_word' id='word_1_78' title='bbox 485 1238 573 1295; x_wconf 87' lang='lat' dir='ltr'><strong>die</strong></span> <span class='ocrx_word' id='word_1_79' title='bbox 607 1238 903 1304; x_wconf 84' lang='lat' dir='ltr'><strong>Dominico,</strong></span> <span class='ocrx_word' id='word_1_80' title='bbox 941 1239 1142 1293; x_wconf 90' lang='lat' dir='ltr'><strong>mensis</strong></span> <span class='ocrx_word' id='word_1_81' title='bbox 1195 1238 1352 1295; x_wconf 88' lang='lat' dir='ltr'><strong>Safar</strong></span> <span class='ocrx_word' id='word_1_82' title='bbox 1397 1239 1613 1295; x_wconf 88' lang='lat' dir='ltr'><strong>decimo</strong></span> <span class='ocrx_word' id='word_1_83' title='bbox 1656 1250 1873 1305; x_wconf 89' lang='lat' dir='ltr'><strong>octavo,</strong></span> <span class='ocrx_word' id='word_1_84' title='bbox 1909 1253 2054 1293; x_wconf 89' lang='lat' dir='ltr'><strong>anno</strong></span> 
     </span>
    </p>
   </div>
   <div class='ocr_carea' id='block_1_14' title="bbox 484 1325 2050 1401">
    <p class='ocr_par' dir='ltr' id='par_1_14' title="bbox 484 1325 2050 1401">
     <span class='ocr_line' id='line_1_14' title="bbox 484 1325 2050 1401; baseline 0.003 -22"><span class='ocrx_word' id='word_1_85' title='bbox 484 1325 857 1381; x_wconf 87' lang='lat' dir='ltr'><strong>ducentesimo</strong></span> <span class='ocrx_word' id='word_1_86' title='bbox 905 1328 1260 1398; x_wconf 77' lang='lat' dir='ltr'><strong>nonagesimo</strong></span> <span class='ocrx_word' id='word_1_87' title='bbox 1302 1329 1578 1394; x_wconf 88' lang='lat' dir='ltr'><strong>secundo,</strong></span> <span class='ocrx_word' id='word_1_88' title='bbox 1614 1337 1776 1401; x_wconf 87' lang='lat' dir='ltr'><strong>atque</strong></span> <span class='ocrx_word' id='word_1_89' title='bbox 1814 1330 1931 1400; x_wconf 91' lang='lat' dir='ltr'><strong>ipse</strong></span> <span class='ocrx_word' id='word_1_90' title='bbox 1982 1328 2050 1384; x_wconf 86' lang='lat' dir='ltr'><strong>ad</strong></span> 
     </span>
    </p>
   </div>
   <div class='ocr_carea' id='block_1_15' title="bbox 484 1415 2058 1491">
    <p class='ocr_par' dir='ltr' id='par_1_15' title="bbox 484 1415 2058 1491">
     <span class='ocr_line' id='line_1_15' title="bbox 484 1415 2058 1491; baseline 0.006 -22"><span class='ocrx_word' id='word_1_91' title='bbox 484 1415 595 1471; x_wconf 89' lang='lat' dir='ltr'><strong>dies</strong></span> <span class='ocrx_word' id='word_1_92' title='bbox 634 1418 850 1487; x_wconf 85' lang='lat' dir='ltr'><strong>aliquas</strong></span> <span class='ocrx_word' id='word_1_93' title='bbox 882 1435 1061 1475; x_wconf 91' lang='lat' dir='ltr'><strong>rerum</strong></span> <span class='ocrx_word' id='word_1_94' title='bbox 1092 1423 1296 1491; x_wconf 89' lang='lat' dir='ltr'><strong>potitus</strong></span> <span class='ocrx_word' id='word_1_95' title='bbox 1330 1433 1434 1480; x_wconf 91' lang='lat' dir='ltr'><strong>est.</strong></span> <span class='ocrx_word' id='word_1_96' title='bbox 1459 1424 1637 1480; x_wconf 83' lang='lat' dir='ltr'><strong>Duces</strong></span> <span class='ocrx_word' id='word_1_97' title='bbox 1668 1431 1848 1479; x_wconf 91' lang='lat' dir='ltr'><strong>autem</strong></span> <span class='ocrx_word' id='word_1_98' title='bbox 1878 1422 2058 1479; x_wconf 88' lang='lat' dir='ltr'><strong>Haru-</strong></span> 
     </span>
    </p>
   </div>
   <div class='ocr_carea' id='block_1_16' title="bbox 484 1504 2057 1576">
    <p class='ocr_par' dir='ltr' id='par_1_16' title="bbox 484 1504 2057 1576">
     <span class='ocr_line' id='line_1_16' title="bbox 484 1504 2057 1576; baseline 0.005 -18"><span class='ocrx_word' id='word_1_99' title='bbox 484 1504 569 1560; x_wconf 91' lang='lat' dir='ltr'><strong>nis</strong></span> <span class='ocrx_word' id='word_1_100' title='bbox 614 1505 681 1561; x_wconf 89' lang='lat' dir='ltr'><strong>ad</strong></span> <span class='ocrx_word' id='word_1_101' title='bbox 716 1506 1148 1565; x_wconf 76' lang='lat' dir='ltr'><strong>Moiiammedem</strong></span> <span class='ocrx_word' id='word_1_102' title='bbox 1184 1510 1297 1566; x_wconf 85' lang='lat' dir='ltr'><strong>Ebn</strong></span> <span class='ocrx_word' id='word_1_103' title='bbox 1334 1512 1574 1567; x_wconf 91' lang='lat' dir='ltr'><strong>Soliman</strong></span> <span class='ocrx_word' id='word_1_104' title='bbox 1599 1514 1921 1576; x_wconf 76' lang='lat' dir='ltr'><strong>scribentes,</strong></span> <span class='ocrx_word' id='word_1_105' title='bbox 1953 1512 2057 1566; x_wconf 91' lang='lat' dir='ltr'><strong>im-</strong></span> 
     </span>
    </p>
   </div>
   <div class='ocr_carea' id='block_1_17' title="bbox 483 1595 2054 1671">
    <p class='ocr_par' dir='ltr' id='par_1_17' title="bbox 483 1595 2054 1671">
     <span class='ocr_line' id='line_1_17' title="bbox 483 1595 2054 1671; baseline 0.004 -24"><span class='ocrx_word' id='word_1_106' title='bbox 483 1595 799 1652; x_wconf 90' lang='lat' dir='ltr'><strong>munitatem</strong></span> <span class='ocrx_word' id='word_1_107' title='bbox 840 1598 910 1655; x_wconf 88' lang='lat' dir='ltr'><strong>ab</strong></span> <span class='ocrx_word' id='word_1_108' title='bbox 946 1600 1065 1668; x_wconf 91' lang='lat' dir='ltr'><strong>ipso</strong></span> <span class='ocrx_word' id='word_1_109' title='bbox 1096 1598 1410 1670; x_wconf 79' lang='lat' dir='ltr'><strong>petierunt’;</strong></span> <span class='ocrx_word' id='word_1_110' title='bbox 1446 1617 1553 1671; x_wconf 88' lang='lat' dir='ltr'><strong>qua</strong></span> <span class='ocrx_word' id='word_1_111' title='bbox 1584 1602 1640 1657; x_wconf 89' lang='lat' dir='ltr'><strong>in</strong></span> <span class='ocrx_word' id='word_1_112' title='bbox 1677 1616 1738 1657; x_wconf 90' lang='lat' dir='ltr'><strong>re</strong></span> <span class='ocrx_word' id='word_1_113' title='bbox 1783 1601 1916 1671; x_wconf 82' lang='lat' dir='ltr'><strong>ipsis</strong></span> <span class='ocrx_word' id='word_1_114' title='bbox 1952 1615 2054 1653; x_wconf 87' lang='lat' dir='ltr'><strong>an-</strong></span> 
     </span>
    </p>
   </div>
   <div class='ocr_carea' id='block_1_18' title="bbox 483 1686 2047 1763">
    <p class='ocr_par' dir='ltr' id='par_1_18' title="bbox 483 1686 2047 1763">
     <span class='ocr_line' id='line_1_18' title="bbox 483 1686 2047 1763; baseline 0.004 -23"><span class='ocrx_word' id='word_1_115' title='bbox 483 1686 621 1749; x_wconf 91' lang='lat' dir='ltr'><strong>nuit,</strong></span> <span class='ocrx_word' id='word_1_116' title='bbox 669 1695 831 1757; x_wconf 87' lang='lat' dir='ltr'><strong>atque</strong></span> <span class='ocrx_word' id='word_1_117' title='bbox 875 1704 1101 1745; x_wconf 91' lang='lat' dir='ltr'><strong>securos</strong></span> <span class='ocrx_word' id='word_1_118' title='bbox 1137 1706 1255 1747; x_wconf 88' lang='lat' dir='ltr'><strong>esse</strong></span> <span class='ocrx_word' id='word_1_119' title='bbox 1298 1692 1487 1762; x_wconf 81' lang='lat' dir='ltr'><strong>jussit.</strong></span> <span class='ocrx_word' id='word_1_120' title='bbox 1522 1693 1923 1763; x_wconf 77' lang='lat' dir='ltr'><strong>Ingressusque</strong></span> <span class='ocrx_word' id='word_1_121' title='bbox 1961 1698 2047 1747; x_wconf 83' lang='lat' dir='ltr'><strong>est</strong></span> 
     </span>
    </p>
   </div>
   <div class='ocr_carea' id='block_1_19' title="bbox 482 1776 2053 1855">
    <p class='ocr_par' dir='ltr' id='par_1_19' title="bbox 482 1776 2053 1855">
     <span class='ocr_line' id='line_1_19' title="bbox 482 1776 2053 1855; baseline 0.004 -24"><span class='ocrx_word' id='word_1_122' title='bbox 482 1776 823 1833; x_wconf 78' lang='lat' dir='ltr'><strong>Mohammed</strong></span> <span class='ocrx_word' id='word_1_123' title='bbox 855 1780 971 1835; x_wconf 87' lang='lat' dir='ltr'><strong>Ebn</strong></span> <span class='ocrx_word' id='word_1_124' title='bbox 1004 1780 1261 1853; x_wconf 85' lang='lat' dir='ltr'><strong>Solyman</strong></span> <span class='ocrx_word' id='word_1_125' title='bbox 1286 1782 1606 1855; x_wconf 67' lang='lat' dir='ltr'><strong>Egyptum,</strong></span> <span class='ocrx_word' id='word_1_126' title='bbox 1635 1786 1849 1839; x_wconf 92' lang='lat' dir='ltr'><strong>nemine</strong></span> <span class='ocrx_word' id='word_1_127' title='bbox 1882 1783 2053 1852; x_wconf 91' lang='lat' dir='ltr'><strong>impe-</strong></span> 
     </span>
    </p>
   </div>
   <div class='ocr_carea' id='block_1_20' title="bbox 482 1869 2057 1941">
    <p class='ocr_par' dir='ltr' id='par_1_20' title="bbox 482 1869 2057 1941">
     <span class='ocr_line' id='line_1_20' title="bbox 482 1869 2057 1941; baseline 0.001 -18"><span class='ocrx_word' id='word_1_128' title='bbox 482 1869 667 1925; x_wconf 90' lang='lat' dir='ltr'><strong>diente</strong></span> <span class='ocrx_word' id='word_1_129' title='bbox 700 1871 785 1926; x_wconf 83' lang='lat' dir='ltr'><strong>vel</strong></span> <span class='ocrx_word' id='word_1_130' title='bbox 838 1873 1162 1940; x_wconf 87' lang='lat' dir='ltr'><strong>repellente,</strong></span> <span class='ocrx_word' id='word_1_131' title='bbox 1202 1875 1289 1928; x_wconf 92' lang='lat' dir='ltr'><strong>die</strong></span> <span class='ocrx_word' id='word_1_132' title='bbox 1318 1874 1490 1941; x_wconf 70' lang='lat' dir='ltr'><strong>lovis,</strong></span> <span class='ocrx_word' id='word_1_133' title='bbox 1523 1874 1737 1930; x_wconf 91' lang='lat' dir='ltr'><strong>duobus</strong></span> <span class='ocrx_word' id='word_1_134' title='bbox 1771 1886 1897 1928; x_wconf 86' lang='lat' dir='ltr'><strong>ante</strong></span> <span class='ocrx_word' id='word_1_135' title='bbox 1932 1872 2057 1927; x_wconf 83' lang='lat' dir='ltr'><strong>fini-</strong></span> 
     </span>
    </p>
   </div>
   <div class='ocr_carea' id='block_1_21' title="bbox 485 1963 2059 2027">
    <p class='ocr_par' dir='ltr' id='par_1_21' title="bbox 485 1963 2059 2027">
     <span class='ocr_line' id='line_1_21' title="bbox 485 1963 2059 2027; baseline 0.002 -11"><span class='ocrx_word' id='word_1_136' title='bbox 485 1970 599 2017; x_wconf 93' lang='lat' dir='ltr'><strong>tum</strong></span> <span class='ocrx_word' id='word_1_137' title='bbox 634 1977 876 2018; x_wconf 87' lang='lat' dir='ltr'><strong>mensem</strong></span> <span class='ocrx_word' id='word_1_138' title='bbox 909 1963 1070 2019; x_wconf 89' lang='lat' dir='ltr'><strong>Safar</strong></span> <span class='ocrx_word' id='word_1_139' title='bbox 1105 1964 1296 2020; x_wconf 89' lang='lat' dir='ltr'><strong>diebus</strong></span> <span class='ocrx_word' id='word_1_140' title='bbox 1323 2005 1336 2027; x_wconf 93' lang='lat'><strong>,</strong></span> <span class='ocrx_word' id='word_1_141' title='bbox 1378 1980 1523 2020; x_wconf 89' lang='lat' dir='ltr'><strong>anno</strong></span> <span class='ocrx_word' id='word_1_142' title='bbox 1553 1965 1929 2021; x_wconf 86' lang='lat' dir='ltr'><strong>ducentesimo</strong></span> <span class='ocrx_word' id='word_1_143' title='bbox 1963 1981 2059 2019; x_wconf 58' lang='lat' dir='ltr'><strong>no.</strong></span> 
     </span>
    </p>
   </div>
   <div class='ocr_carea' id='block_1_22' title="bbox 486 2054 2057 2123">
    <p class='ocr_par' dir='ltr' id='par_1_22' title="bbox 486 2054 2057 2123">
     <span class='ocr_line' id='line_1_22' title="bbox 486 2054 2057 2123; baseline 0.003 -15"><span class='ocrx_word' id='word_1_144' title='bbox 486 2055 770 2123; x_wconf 83' lang='lat' dir='ltr'><strong>nagesimo</strong></span> <span class='ocrx_word' id='word_1_145' title='bbox 795 2054 1056 2110; x_wconf 85' lang='lat' dir='ltr'><strong>secundo.</strong></span> <span class='ocrx_word' id='word_1_146' title='bbox 1089 2054 1243 2122; x_wconf 85' lang='lat' dir='ltr'><strong>Quod</strong></span> <span class='ocrx_word' id='word_1_147' title='bbox 1273 2056 1519 2112; x_wconf 78' lang='lat' dir='ltr'><strong>videntes</strong></span> <span class='ocrx_word' id='word_1_148' title='bbox 1549 2056 1751 2110; x_wconf 88' lang='lat' dir='ltr'><strong>Shiban</strong></span> <span class='ocrx_word' id='word_1_149' title='bbox 1778 2067 1830 2111; x_wconf 90' lang='lat' dir='ltr'><strong>et</strong></span> <span class='ocrx_word' id='word_1_150' title='bbox 1861 2057 2057 2113; x_wconf 65' lang='lat' dir='ltr'><strong>fratres</strong></span> 
     </span>
    </p>
   </div>
   <div class='ocr_carea' id='block_1_23' title="bbox 370 2145 2057 2223">
    <p class='ocr_par' dir='ltr' id='par_1_23' title="bbox 370 2145 2057 2223">
     <span class='ocr_line' id='line_1_23' title="bbox 370 2145 2057 2223; baseline 0.005 -22"><span class='ocrx_word' id='word_1_151' title='bbox 370 2195 375 2201; x_wconf 92' lang='lat'><strong>.</strong></span> <span class='ocrx_word' id='word_1_152' title='bbox 485 2145 684 2216; x_wconf 85' lang='lat' dir='ltr'><strong>ipsius,</strong></span> <span class='ocrx_word' id='word_1_153' title='bbox 716 2156 1004 2217; x_wconf 87' lang='lat' dir='ltr'><strong>postquam</strong></span> <span class='ocrx_word' id='word_1_154' title='bbox 1038 2150 1207 2205; x_wconf 90' lang='lat' dir='ltr'><strong>aciem</strong></span> <span class='ocrx_word' id='word_1_155' title='bbox 1234 2151 1302 2204; x_wconf 89' lang='lat' dir='ltr'><strong>ad</strong></span> <span class='ocrx_word' id='word_1_156' title='bbox 1348 2166 1444 2207; x_wconf 89' lang='lat' dir='ltr'><strong>eos</strong></span> <span class='ocrx_word' id='word_1_157' title='bbox 1494 2167 1671 2223; x_wconf 87' lang='lat' dir='ltr'><strong>pugna</strong></span> <span class='ocrx_word' id='word_1_158' title='bbox 1705 2153 2057 2223; x_wconf 84' lang='lat' dir='ltr'><strong>excipiendos</strong></span> 
     </span>
    </p>
   </div>
   <div class='ocr_carea' id='block_1_24' title="bbox 486 2235 2056 2313">
    <p class='ocr_par' dir='ltr' id='par_1_24' title="bbox 486 2235 2056 2313">
     <span class='ocr_line' id='line_1_24' title="bbox 486 2235 2056 2313; baseline 0.005 -23"><span class='ocrx_word' id='word_1_159' title='bbox 486 2236 819 2290; x_wconf 81' lang='lat' dir='ltr'><strong>instruxerat</strong></span> <span class='ocrx_word' id='word_1_160' title='bbox 847 2235 1192 2293; x_wconf 83' lang='lat' dir='ltr'><strong>Mohammed</strong></span> <span class='ocrx_word' id='word_1_161' title='bbox 1226 2238 1343 2293; x_wconf 91' lang='lat' dir='ltr'><strong>Ebn</strong></span> <span class='ocrx_word' id='word_1_162' title='bbox 1378 2240 1659 2311; x_wconf 87' lang='lat' dir='ltr'><strong>Solyman,</strong></span> <span class='ocrx_word' id='word_1_163' title='bbox 1693 2241 1811 2297; x_wconf 83' lang='lat' dir='ltr'><strong>loco</strong></span> <span class='ocrx_word' id='word_1_164' title='bbox 1835 2242 1929 2313; x_wconf 85' lang='lat' dir='ltr'><strong>qui</strong></span> <span class='ocrx_word' id='word_1_165' title='bbox 1964 2245 2056 2298; x_wconf 80' lang='lat' dir='ltr'><strong>Al-</strong></span> 
     </span>
    </p>
   </div>
   <div class='ocr_carea' id='block_1_25' title="bbox 487 2324 2057 2402">
    <p class='ocr_par' dir='ltr' id='par_1_25' title="bbox 487 2324 2057 2402">
     <span class='ocr_line' id='line_1_25' title="bbox 487 2324 2057 2402; baseline 0.007 -24"><span class='ocrx_word' id='word_1_166' title='bbox 487 2324 657 2398; x_wconf 79' lang='lat' dir='ltr'><strong>Riyab</strong></span> <span class='ocrx_word' id='word_1_167' title='bbox 686 2326 907 2389; x_wconf 90' lang='lat' dir='ltr'><strong>dicitur,</strong></span> <span class='ocrx_word' id='word_1_168' title='bbox 933 2329 1090 2399; x_wconf 84' lang='lat' dir='ltr'><strong>juxta</strong></span> <span class='ocrx_word' id='word_1_169' title='bbox 1123 2330 1272 2385; x_wconf 89' lang='lat' dir='ltr'><strong>urbis</strong></span> <span class='ocrx_word' id='word_1_170' title='bbox 1303 2330 1465 2387; x_wconf 80' lang='lat' dir='ltr'><strong>Mesri</strong></span> <span class='ocrx_word' id='word_1_171' title='bbox 1492 2341 1701 2401; x_wconf 88' lang='lat' dir='ltr'><strong>portam</strong></span> <span class='ocrx_word' id='word_1_172' title='bbox 1728 2372 1744 2395; x_wconf 96' lang='lat'><strong>,</strong></span> <span class='ocrx_word' id='word_1_173' title='bbox 1780 2334 2057 2402; x_wconf 83' lang='lat' dir='ltr'><strong>petierunt</strong></span> 
     </span>
    </p>
   </div>
   <div class='ocr_carea' id='block_1_26' title="bbox 486 2418 2056 2497">
    <p class='ocr_par' dir='ltr' id='par_1_26' title="bbox 486 2418 2056 2497">
     <span class='ocr_line' id='line_1_26' title="bbox 486 2418 2056 2497; baseline 0.004 -23"><span class='ocrx_word' id='word_1_174' title='bbox 486 2429 537 2474; x_wconf 88' lang='lat' dir='ltr'><strong>et</strong></span> <span class='ocrx_word' id='word_1_175' title='bbox 567 2418 671 2489; x_wconf 86' lang='lat' dir='ltr'><strong>ipsi</strong></span> <span class='ocrx_word' id='word_1_176' title='bbox 698 2419 1095 2475; x_wconf 91' lang='lat' dir='ltr'><strong>immunitatem</strong></span> <span class='ocrx_word' id='word_1_177' title='bbox 1131 2422 1232 2477; x_wconf 91' lang='lat' dir='ltr'><strong>sibi</strong></span> <span class='ocrx_word' id='word_1_178' title='bbox 1265 2432 1315 2479; x_wconf 90' lang='lat' dir='ltr'><strong>et</strong></span> <span class='ocrx_word' id='word_1_179' title='bbox 1354 2424 1889 2497; x_wconf 69' lang='lat' dir='ltr'><strong>facultatibnsm</strong></span> <span class='ocrx_word' id='word_1_180' title='bbox 1920 2427 2056 2493; x_wconf 84' lang='lat' dir='ltr'><strong>suis;</strong></span> 
     </span>
    </p>
   </div>
   <div class='ocr_carea' id='block_1_27' title="bbox 487 2510 2048 2583">
    <p class='ocr_par' dir='ltr' id='par_1_27' title="bbox 487 2510 2048 2583">
     <span class='ocr_line' id='line_1_27' title="bbox 487 2510 2048 2583; baseline 0.003 -17"><span class='ocrx_word' id='word_1_181' title='bbox 487 2510 540 2566; x_wconf 86' lang='lat' dir='ltr'><strong>in</strong></span> <span class='ocrx_word' id='word_1_182' title='bbox 572 2525 679 2578; x_wconf 86' lang='lat' dir='ltr'><strong>qua</strong></span> <span class='ocrx_word' id='word_1_183' title='bbox 717 2526 838 2565; x_wconf 92' lang='lat' dir='ltr'><strong>cum</strong></span> <span class='ocrx_word' id='word_1_184' title='bbox 869 2512 1004 2580; x_wconf 87' lang='lat' dir='ltr'><strong>ipsis</strong></span> <span class='ocrx_word' id='word_1_185' title='bbox 1036 2513 1338 2577; x_wconf 91' lang='lat' dir='ltr'><strong>annuisset,</strong></span> <span class='ocrx_word' id='word_1_186' title='bbox 1370 2514 1636 2583; x_wconf 70' lang='lat' dir='ltr'><strong>dispersae</strong></span> <span class='ocrx_word' id='word_1_187' title='bbox 1663 2527 1793 2570; x_wconf 89' lang='lat' dir='ltr'><strong>sunt</strong></span> <span class='ocrx_word' id='word_1_188' title='bbox 1819 2517 2048 2571; x_wconf 83' lang='lat' dir='ltr'><strong>Shibani</strong></span> 
     </span>
    </p>
   </div>
   <div class='ocr_carea' id='block_1_28' title="bbox 489 2601 2061 2679">
    <p class='ocr_par' dir='ltr' id='par_1_28' title="bbox 489 2601 2061 2679">
     <span class='ocr_line' id='line_1_28' title="bbox 489 2601 2061 2679; baseline 0.003 -23"><span class='ocrx_word' id='word_1_189' title='bbox 489 2602 683 2671; x_wconf 69' lang='lat' dir='ltr'><strong>copiae.</strong></span> <span class='ocrx_word' id='word_1_190' title='bbox 711 2601 885 2659; x_wconf 80' lang='lat' dir='ltr'><strong>Jussit</strong></span> <span class='ocrx_word' id='word_1_191' title='bbox 916 2613 1099 2658; x_wconf 87' lang='lat' dir='ltr'><strong>autem</strong></span> <span class='ocrx_word' id='word_1_192' title='bbox 1130 2605 1470 2660; x_wconf 81' lang='lat' dir='ltr'><strong>Mohammed</strong></span> <span class='ocrx_word' id='word_1_193' title='bbox 1502 2606 1616 2661; x_wconf 82' lang='lat' dir='ltr'><strong>Ebn</strong></span> <span class='ocrx_word' id='word_1_194' title='bbox 1655 2607 1911 2679; x_wconf 85' lang='lat' dir='ltr'><strong>Solyman</strong></span> <span class='ocrx_word' id='word_1_195' title='bbox 1944 2623 2061 2663; x_wconf 92' lang='lat' dir='ltr'><strong>om-</strong></span> 
     </span>
    </p>
   </div>
   <div class='ocr_carea' id='block_1_29' title="bbox 487 2696 2063 2764">
    <p class='ocr_par' dir='ltr' id='par_1_29' title="bbox 487 2696 2063 2764">
     <span class='ocr_line' id='line_1_29' title="bbox 487 2696 2063 2764; baseline 0.005 -17"><span class='ocrx_word' id='word_1_196' title='bbox 487 2708 586 2747; x_wconf 89' lang='lat' dir='ltr'><strong>nes</strong></span> <span class='ocrx_word' id='word_1_197' title='bbox 628 2702 900 2764; x_wconf 89' lang='lat' dir='ltr'><strong>quotquot</strong></span> <span class='ocrx_word' id='word_1_198' title='bbox 947 2697 1047 2763; x_wconf 90' lang='lat' dir='ltr'><strong>ipsi</strong></span> <span class='ocrx_word' id='word_1_199' title='bbox 1092 2696 1322 2752; x_wconf 85' lang='lat' dir='ltr'><strong>aderant</strong></span> <span class='ocrx_word' id='word_1_200' title='bbox 1366 2714 1432 2753; x_wconf 92' lang='lat' dir='ltr'><strong>ex</strong></span> <span class='ocrx_word' id='word_1_201' title='bbox 1486 2699 1722 2755; x_wconf 80' lang='lat' dir='ltr'><strong>llarunis</strong></span> <span class='ocrx_word' id='word_1_202' title='bbox 1765 2700 2063 2755; x_wconf 90' lang='lat' dir='ltr'><strong>comitibus</strong></span> 
     </span>
    </p>
   </div>
   <div class='ocr_carea' id='block_1_30' title="bbox 487 2782 2065 2860">
    <p class='ocr_par' dir='ltr' id='par_1_30' title="bbox 487 2782 2065 2860">
     <span class='ocr_line' id='line_1_30' title="bbox 487 2782 2065 2860; baseline 0.004 -22"><span class='ocrx_word' id='word_1_203' title='bbox 487 2782 661 2841; x_wconf 90' lang='lat' dir='ltr'><strong>duces</strong></span> <span class='ocrx_word' id='word_1_204' title='bbox 707 2792 761 2840; x_wconf 89' lang='lat' dir='ltr'><strong>et</strong></span> <span class='ocrx_word' id='word_1_205' title='bbox 806 2787 1015 2842; x_wconf 86' lang='lat' dir='ltr'><strong>scribas</strong></span> <span class='ocrx_word' id='word_1_206' title='bbox 1047 2786 1358 2858; x_wconf 87' lang='lat' dir='ltr'><strong>Bagdadum</strong></span> <span class='ocrx_word' id='word_1_207' title='bbox 1391 2805 1450 2844; x_wconf 88' lang='lat' dir='ltr'><strong>se</strong></span> <span class='ocrx_word' id='word_1_208' title='bbox 1487 2790 1762 2853; x_wconf 90' lang='lat' dir='ltr'><strong>conferre,</strong></span> <span class='ocrx_word' id='word_1_209' title='bbox 1791 2806 1897 2858; x_wconf 90' lang='lat' dir='ltr'><strong>quo</strong></span> <span class='ocrx_word' id='word_1_210' title='bbox 1936 2805 2065 2860; x_wconf 89' lang='lat' dir='ltr'><strong>ergo</strong></span> 
     </span>
    </p>
   </div>
   <div class='ocr_carea' id='block_1_31' title="bbox 486 2876 2061 2949">
    <p class='ocr_par' dir='ltr' id='par_1_31' title="bbox 486 2876 2061 2949">
     <span class='ocr_line' id='line_1_31' title="bbox 486 2876 2061 2949; baseline 0.006 -21"><span class='ocrx_word' id='word_1_211' title='bbox 486 2876 711 2944; x_wconf 82' lang='lat' dir='ltr'><strong>profecti</strong></span> <span class='ocrx_word' id='word_1_212' title='bbox 743 2889 905 2940; x_wconf 89' lang='lat' dir='ltr'><strong>sunt;</strong></span> <span class='ocrx_word' id='word_1_213' title='bbox 939 2878 1054 2947; x_wconf 93' lang='lat' dir='ltr'><strong>ipse</strong></span> <span class='ocrx_word' id='word_1_214' title='bbox 1081 2879 1134 2932; x_wconf 92' lang='lat' dir='ltr'><strong>in</strong></span> <span class='ocrx_word' id='word_1_215' title='bbox 1164 2878 1405 2949; x_wconf 66' lang='lat' dir='ltr'><strong>Egypto</strong></span> <span class='ocrx_word' id='word_1_216' title='bbox 1433 2896 1529 2937; x_wconf 84' lang='lat' dir='ltr'><strong>sex</strong></span> <span class='ocrx_word' id='word_1_217' title='bbox 1559 2896 1780 2935; x_wconf 89' lang='lat' dir='ltr'><strong>menses</strong></span> <span class='ocrx_word' id='word_1_218' title='bbox 1812 2890 2061 2938; x_wconf 85' lang='lat' dir='ltr'><strong>moratus</strong></span> 
     </span>
    </p>
   </div>
   <div class='ocr_carea' id='block_1_32' title="bbox 2147 503 3714 577">
    <p class='ocr_par' dir='ltr' id='par_1_32' title="bbox 2147 503 3714 577">
     <span class='ocr_line' id='line_1_32' title="bbox 2147 503 3714 577; baseline 0.003 -19"><span class='ocrx_word' id='word_1_219' title='bbox 2147 504 2283 572; x_wconf 85' lang='lat' dir='ltr'><strong>ipsis</strong></span> <span class='ocrx_word' id='word_1_220' title='bbox 2318 503 2517 574; x_wconf 89' lang='lat' dir='ltr'><strong>prodiit</strong></span> <span class='ocrx_word' id='word_1_221' title='bbox 2566 503 2909 558; x_wconf 80' lang='lat' dir='ltr'><strong>Mohammed</strong></span> <span class='ocrx_word' id='word_1_222' title='bbox 2945 505 3062 560; x_wconf 85' lang='lat' dir='ltr'><strong>Ebu</strong></span> <span class='ocrx_word' id='word_1_223' title='bbox 3107 506 3191 560; x_wconf 83' lang='lat' dir='ltr'><strong>Ali</strong></span> <span class='ocrx_word' id='word_1_224' title='bbox 3247 504 3365 561; x_wconf 85' lang='lat' dir='ltr'><strong>Ebn</strong></span> <span class='ocrx_word' id='word_1_225' title='bbox 3396 506 3465 561; x_wconf 82' lang='lat' dir='ltr'><strong>Al</strong></span> <span class='ocrx_word' id='word_1_226' title='bbox 3511 505 3714 577; x_wconf 84' lang='lat' dir='ltr'><strong>Cbalij,</strong></span> 
     </span>
    </p>
   </div>
   <div class='ocr_carea' id='block_1_33' title="bbox 2145 598 3719 671">
    <p class='ocr_par' dir='ltr' id='par_1_33' title="bbox 2145 598 3719 671">
     <span class='ocr_line' id='line_1_33' title="bbox 2145 598 3719 671; baseline 0.003 -18"><span class='ocrx_word' id='word_1_227' title='bbox 2145 598 2271 654; x_wconf 92' lang='lat' dir='ltr'><strong>dein</strong></span> <span class='ocrx_word' id='word_1_228' title='bbox 2311 613 2436 654; x_wconf 89' lang='lat' dir='ltr'><strong>cum</strong></span> <span class='ocrx_word' id='word_1_229' title='bbox 2465 598 2761 654; x_wconf 87' lang='lat' dir='ltr'><strong>comitibus</strong></span> <span class='ocrx_word' id='word_1_230' title='bbox 2788 599 2905 655; x_wconf 87' lang='lat' dir='ltr'><strong>suis</strong></span> <span class='ocrx_word' id='word_1_231' title='bbox 2937 598 3259 655; x_wconf 86' lang='lat' dir='ltr'><strong>Phostatum</strong></span> <span class='ocrx_word' id='word_1_232' title='bbox 3315 614 3570 657; x_wconf 80' lang='lat' dir='ltr'><strong>reversus</strong></span> <span class='ocrx_word' id='word_1_233' title='bbox 3596 611 3719 671; x_wconf 88' lang='lat' dir='ltr'><strong>est;</strong></span> 
     </span>
    </p>
   </div>
   <div class='ocr_carea' id='block_1_34' title="bbox 2146 688 3719 761">
    <p class='ocr_par' dir='ltr' id='par_1_34' title="bbox 2146 688 3719 761">
     <span class='ocr_line' id='line_1_34' title="bbox 2146 688 3719 761; baseline 0.002 -17"><span class='ocrx_word' id='word_1_234' title='bbox 2146 704 2387 757; x_wconf 89' lang='lat' dir='ltr'><strong>cumque</strong></span> <span class='ocrx_word' id='word_1_235' title='bbox 2420 689 2533 743; x_wconf 91' lang='lat' dir='ltr'><strong>acri</strong></span> <span class='ocrx_word' id='word_1_236' title='bbox 2565 688 2869 745; x_wconf 83' lang='lat' dir='ltr'><strong>certamine</strong></span> <span class='ocrx_word' id='word_1_237' title='bbox 2895 688 3269 752; x_wconf 79' lang='lat' dir='ltr'><strong>dimicassent,</strong></span> <span class='ocrx_word' id='word_1_238' title='bbox 3296 690 3351 746; x_wconf 90' lang='lat' dir='ltr'><strong>in</strong></span> <span class='ocrx_word' id='word_1_239' title='bbox 3378 688 3558 761; x_wconf 80' lang='lat' dir='ltr'><strong>fugam</strong></span> <span class='ocrx_word' id='word_1_240' title='bbox 3593 706 3719 747; x_wconf 83' lang='lat' dir='ltr'><strong>ver-</strong></span> 
     </span>
    </p>
   </div>
   <div class='ocr_carea' id='block_1_35' title="bbox 2148 779 3723 838">
    <p class='ocr_par' dir='ltr' id='par_1_35' title="bbox 2148 779 3723 838">
     <span class='ocr_line' id='line_1_35' title="bbox 2148 779 3723 838; baseline 0.001 -4"><span class='ocrx_word' id='word_1_241' title='bbox 2148 794 2246 836; x_wconf 89' lang='lat' dir='ltr'><strong>sus</strong></span> <span class='ocrx_word' id='word_1_242' title='bbox 2282 780 2621 835; x_wconf 76' lang='lat' dir='ltr'><strong>Moliammed</strong></span> <span class='ocrx_word' id='word_1_243' title='bbox 2654 780 2767 835; x_wconf 88' lang='lat' dir='ltr'><strong>Ebn</strong></span> <span class='ocrx_word' id='word_1_244' title='bbox 2800 780 2884 835; x_wconf 82' lang='lat' dir='ltr'><strong>Ali</strong></span> <span class='ocrx_word' id='word_1_245' title='bbox 2931 779 3251 837; x_wconf 82' lang='lat' dir='ltr'><strong>Phostatum</strong></span> <span class='ocrx_word' id='word_1_246' title='bbox 3299 797 3554 838; x_wconf 78' lang='lat' dir='ltr'><strong>reversus</strong></span> <span class='ocrx_word' id='word_1_247' title='bbox 3578 782 3723 837; x_wconf 83' lang='lat' dir='ltr'><strong>late-</strong></span> 
     </span>
    </p>
   </div>
   <div class='ocr_carea' id='block_1_36' title="bbox 2146 872 3720 945">
    <p class='ocr_par' dir='ltr' id='par_1_36' title="bbox 2146 872 3720 945">
     <span class='ocr_line' id='line_1_36' title="bbox 2146 872 3720 945; baseline 0.001 -18"><span class='ocrx_word' id='word_1_248' title='bbox 2146 872 2277 927; x_wconf 88' lang='lat' dir='ltr'><strong>bras</strong></span> <span class='ocrx_word' id='word_1_249' title='bbox 2300 873 2560 943; x_wconf 87' lang='lat' dir='ltr'><strong>captavit.</strong></span> <span class='ocrx_word' id='word_1_250' title='bbox 2600 872 2797 929; x_wconf 77' lang='lat' dir='ltr'><strong>Pliatec</strong></span> <span class='ocrx_word' id='word_1_251' title='bbox 2821 888 2975 945; x_wconf 79' lang='lat' dir='ltr'><strong>ergo,</strong></span> <span class='ocrx_word' id='word_1_252' title='bbox 2992 889 3115 929; x_wconf 91' lang='lat' dir='ltr'><strong>cum</strong></span> <span class='ocrx_word' id='word_1_253' title='bbox 3146 873 3212 929; x_wconf 91' lang='lat' dir='ltr'><strong>iis</strong></span> <span class='ocrx_word' id='word_1_254' title='bbox 3235 873 3327 944; x_wconf 90' lang='lat' dir='ltr'><strong>qui</strong></span> <span class='ocrx_word' id='word_1_255' title='bbox 3358 874 3461 944; x_wconf 90' lang='lat' dir='ltr'><strong>ipsi</strong></span> <span class='ocrx_word' id='word_1_256' title='bbox 3492 874 3720 929; x_wconf 88' lang='lat' dir='ltr'><strong>aderant</strong></span> 
     </span>
    </p>
   </div>
   <div class='ocr_carea' id='block_1_37' title="bbox 2151 964 3722 1037">
    <p class='ocr_par' dir='ltr' id='par_1_37' title="bbox 2151 964 3722 1037">
     <span class='ocr_line' id='line_1_37' title="bbox 2151 964 3722 1037; baseline 0.002 -19"><span class='ocrx_word' id='word_1_257' title='bbox 2151 965 2453 1035; x_wconf 66' lang='lat' dir='ltr'><strong>praefectis,</strong></span> <span class='ocrx_word' id='word_1_258' title='bbox 2487 964 2813 1020; x_wconf 89' lang='lat' dir='ltr'><strong>Phostatum</strong></span> <span class='ocrx_word' id='word_1_259' title='bbox 2853 966 3133 1037; x_wconf 87' lang='lat' dir='ltr'><strong>ingressus</strong></span> <span class='ocrx_word' id='word_1_260' title='bbox 3162 977 3265 1021; x_wconf 90' lang='lat' dir='ltr'><strong>est.</strong></span> <span class='ocrx_word' id='word_1_261' title='bbox 3295 967 3578 1021; x_wconf 86' lang='lat' dir='ltr'><strong>Accedens</strong></span> <span class='ocrx_word' id='word_1_262' title='bbox 3621 981 3722 1021; x_wconf 82' lang='lat' dir='ltr'><strong>an-</strong></span> 
     </span>
    </p>
   </div>
   <div class='ocr_carea' id='block_1_38' title="bbox 2153 1056 3723 1127">
    <p class='ocr_par' dir='ltr' id='par_1_38' title="bbox 2153 1056 3723 1127">
     <span class='ocr_line' id='line_1_38' title="bbox 2153 1056 3723 1127; baseline 0.001 -17"><span class='ocrx_word' id='word_1_263' title='bbox 2153 1064 2259 1111; x_wconf 89' lang='lat' dir='ltr'><strong>tem</strong></span> <span class='ocrx_word' id='word_1_264' title='bbox 2293 1057 2377 1110; x_wconf 91' lang='lat' dir='ltr'><strong>vir</strong></span> <span class='ocrx_word' id='word_1_265' title='bbox 2404 1056 2546 1122; x_wconf 91' lang='lat' dir='ltr'><strong>apud</strong></span> <span class='ocrx_word' id='word_1_266' title='bbox 2581 1072 2745 1125; x_wconf 89' lang='lat' dir='ltr'><strong>quem</strong></span> <span class='ocrx_word' id='word_1_267' title='bbox 2782 1057 2995 1110; x_wconf 88' lang='lat' dir='ltr'><strong>delituit</strong></span> <span class='ocrx_word' id='word_1_268' title='bbox 3035 1056 3378 1114; x_wconf 81' lang='lat' dir='ltr'><strong>Mobammed</strong></span> <span class='ocrx_word' id='word_1_269' title='bbox 3427 1060 3491 1112; x_wconf 78' lang='lat' dir='ltr'><strong>Al</strong></span> <span class='ocrx_word' id='word_1_270' title='bbox 3518 1057 3723 1127; x_wconf 59' lang='lat' dir='ltr'><strong>Chalij,</strong></span> 
     </span>
    </p>
   </div>
   <div class='ocr_carea' id='block_1_39' title="bbox 2154 1146 3721 1219">
    <p class='ocr_par' dir='ltr' id='par_1_39' title="bbox 2154 1146 3721 1219">
     <span class='ocr_line' id='line_1_39' title="bbox 2154 1146 3721 1219; baseline -0.001 -14"><span class='ocrx_word' id='word_1_271' title='bbox 2154 1150 2255 1205; x_wconf 67' lang='lat' dir='ltr'><strong>lsm</strong></span> <span class='ocrx_word' id='word_1_272' title='bbox 2281 1146 2616 1202; x_wconf 83' lang='lat' dir='ltr'><strong>Nushereusi</strong></span> <span class='ocrx_word' id='word_1_273' title='bbox 2664 1146 2931 1202; x_wconf 79' lang='lat' dir='ltr'><strong>indicavit</strong></span> <span class='ocrx_word' id='word_1_274' title='bbox 2962 1148 3117 1203; x_wconf 91' lang='lat' dir='ltr'><strong>illum</strong></span> <span class='ocrx_word' id='word_1_275' title='bbox 3148 1148 3290 1219; x_wconf 87' lang='lat' dir='ltr'><strong>apud</strong></span> <span class='ocrx_word' id='word_1_276' title='bbox 3325 1164 3385 1204; x_wconf 85' lang='lat' dir='ltr'><strong>se</strong></span> <span class='ocrx_word' id='word_1_277' title='bbox 3423 1165 3567 1205; x_wconf 87' lang='lat' dir='ltr'><strong>esse.</strong></span> <span class='ocrx_word' id='word_1_278' title='bbox 3619 1148 3721 1215; x_wconf 81' lang='lat' dir='ltr'><strong>Qui</strong></span> 
     </span>
    </p>
   </div>
   <div class='ocr_carea' id='block_1_40' title="bbox 2159 1237 3721 1309">
    <p class='ocr_par' dir='ltr' id='par_1_40' title="bbox 2159 1237 3721 1309">
     <span class='ocr_line' id='line_1_40' title="bbox 2159 1237 3721 1309; baseline 0 -15"><span class='ocrx_word' id='word_1_279' title='bbox 2159 1254 2290 1309; x_wconf 86' lang='lat' dir='ltr'><strong>ergo</strong></span> <span class='ocrx_word' id='word_1_280' title='bbox 2319 1239 2567 1304; x_wconf 88' lang='lat' dir='ltr'><strong>mittens,</strong></span> <span class='ocrx_word' id='word_1_281' title='bbox 2599 1239 2775 1307; x_wconf 89' lang='lat' dir='ltr'><strong>ipsum</strong></span> <span class='ocrx_word' id='word_1_282' title='bbox 2804 1239 3112 1309; x_wconf 84' lang='lat' dir='ltr'><strong>prehendit,</strong></span> <span class='ocrx_word' id='word_1_283' title='bbox 3144 1240 3306 1309; x_wconf 85' lang='lat' dir='ltr'><strong>idque</strong></span> <span class='ocrx_word' id='word_1_284' title='bbox 3334 1255 3521 1295; x_wconf 88' lang='lat' dir='ltr'><strong>mense</strong></span> <span class='ocrx_word' id='word_1_285' title='bbox 3545 1237 3721 1308; x_wconf 79' lang='lat' dir='ltr'><strong>Rajeh</strong></span> 
     </span>
    </p>
   </div>
   <div class='ocr_carea' id='block_1_41' title="bbox 2153 1331 3726 1402">
    <p class='ocr_par' dir='ltr' id='par_1_41' title="bbox 2153 1331 3726 1402">
     <span class='ocr_line' id='line_1_41' title="bbox 2153 1331 3726 1402; baseline -0.001 -15"><span class='ocrx_word' id='word_1_286' title='bbox 2153 1346 2297 1387; x_wconf 87' lang='lat' dir='ltr'><strong>anno</strong></span> <span class='ocrx_word' id='word_1_287' title='bbox 2328 1332 2702 1387; x_wconf 85' lang='lat' dir='ltr'><strong>ducentesimo</strong></span> <span class='ocrx_word' id='word_1_288' title='bbox 2735 1331 3086 1402; x_wconf 77' lang='lat' dir='ltr'><strong>nonagesimo</strong></span> <span class='ocrx_word' id='word_1_289' title='bbox 3128 1332 3312 1398; x_wconf 90' lang='lat' dir='ltr'><strong>tertio,</strong></span> <span class='ocrx_word' id='word_1_290' title='bbox 3358 1346 3574 1402; x_wconf 81' lang='lat' dir='ltr'><strong>unaque</strong></span> <span class='ocrx_word' id='word_1_291' title='bbox 3601 1345 3726 1386; x_wconf 88' lang='lat' dir='ltr'><strong>cum</strong></span> 
     </span>
    </p>
   </div>
   <div class='ocr_carea' id='block_1_42' title="bbox 2155 1420 3727 1493">
    <p class='ocr_par' dir='ltr' id='par_1_42' title="bbox 2155 1420 3727 1493">
     <span class='ocr_line' id='line_1_42' title="bbox 2155 1420 3727 1493; baseline 0.001 -16"><span class='ocrx_word' id='word_1_292' title='bbox 2155 1421 2470 1485; x_wconf 81' lang='lat' dir='ltr'><strong>comitibus,</strong></span> <span class='ocrx_word' id='word_1_293' title='bbox 2502 1420 2777 1486; x_wconf 81' lang='lat' dir='ltr'><strong>aiiinibus,</strong></span> <span class='ocrx_word' id='word_1_294' title='bbox 2804 1421 3146 1493; x_wconf 87' lang='lat' dir='ltr'><strong>ducibusque</strong></span> <span class='ocrx_word' id='word_1_295' title='bbox 3175 1439 3240 1479; x_wconf 85' lang='lat' dir='ltr'><strong>ac</strong></span> <span class='ocrx_word' id='word_1_296' title='bbox 3268 1423 3468 1480; x_wconf 89' lang='lat' dir='ltr'><strong>scribis</strong></span> <span class='ocrx_word' id='word_1_297' title='bbox 3494 1422 3637 1484; x_wconf 87' lang='lat' dir='ltr'><strong>suis,</strong></span> <span class='ocrx_word' id='word_1_298' title='bbox 3671 1431 3727 1478; x_wconf 90' lang='lat' dir='ltr'><strong>et</strong></span> 
     </span>
    </p>
   </div>
   <div class='ocr_carea' id='block_1_43' title="bbox 2154 1511 3728 1581">
    <p class='ocr_par' dir='ltr' id='par_1_43' title="bbox 2154 1511 3728 1581">
     <span class='ocr_line' id='line_1_43' title="bbox 2154 1511 3728 1581; baseline 0.001 -17"><span class='ocrx_word' id='word_1_299' title='bbox 2154 1511 2247 1581; x_wconf 90' lang='lat' dir='ltr'><strong>qui</strong></span> <span class='ocrx_word' id='word_1_300' title='bbox 2280 1512 2381 1581; x_wconf 92' lang='lat' dir='ltr'><strong>ipsi</strong></span> <span class='ocrx_word' id='word_1_301' title='bbox 2409 1511 2669 1565; x_wconf 80' lang='lat' dir='ltr'><strong>auxilium</strong></span> <span class='ocrx_word' id='word_1_302' title='bbox 2699 1512 2945 1565; x_wconf 86' lang='lat' dir='ltr'><strong>tulerant</strong></span> <span class='ocrx_word' id='word_1_303' title='bbox 2966 1552 2978 1573; x_wconf 90' lang='lat'><strong>,</strong></span> <span class='ocrx_word' id='word_1_304' title='bbox 3011 1512 3247 1566; x_wconf 86' lang='lat' dir='ltr'><strong>Eracum</strong></span> <span class='ocrx_word' id='word_1_305' title='bbox 3277 1512 3527 1566; x_wconf 87' lang='lat' dir='ltr'><strong>abduxit.</strong></span> <span class='ocrx_word' id='word_1_306' title='bbox 3560 1512 3728 1566; x_wconf 80' lang='lat' dir='ltr'><strong>Porro</strong></span> 
     </span>
    </p>
   </div>
   <div class='ocr_carea' id='block_1_44' title="bbox 2154 1599 3727 1657">
    <p class='ocr_par' dir='ltr' id='par_1_44' title="bbox 2154 1599 3727 1657">
     <span class='ocr_line' id='line_1_44' title="bbox 2154 1599 3727 1657; baseline 0 -1"><span class='ocrx_word' id='word_1_307' title='bbox 2154 1602 2291 1657; x_wconf 92' lang='lat' dir='ltr'><strong>obiit</strong></span> <span class='ocrx_word' id='word_1_308' title='bbox 2317 1602 2381 1655; x_wconf 84' lang='lat' dir='ltr'><strong>Al</strong></span> <span class='ocrx_word' id='word_1_309' title='bbox 2402 1600 2618 1656; x_wconf 70' lang='grc' dir='ltr'><strong>Μυριθῆ</strong></span> <span class='ocrx_word' id='word_1_310' title='bbox 2643 1600 2731 1654; x_wconf 90' lang='lat' dir='ltr'><strong>die</strong></span> <span class='ocrx_word' id='word_1_311' title='bbox 2762 1599 3046 1655; x_wconf 91' lang='lat' dir='ltr'><strong>Dominico</strong></span> <span class='ocrx_word' id='word_1_312' title='bbox 3074 1600 3276 1656; x_wconf 88' lang='lat' dir='ltr'><strong>mensis</strong></span> <span class='ocrx_word' id='word_1_313' title='bbox 3307 1602 3385 1655; x_wconf 90' lang='lat' dir='ltr'><strong>Dii</strong></span> <span class='ocrx_word' id='word_1_314' title='bbox 3412 1601 3610 1655; x_wconf 74' lang='lat' dir='ltr'><strong>Kaada:</strong></span> <span class='ocrx_word' id='word_1_315' title='bbox 3640 1601 3727 1656; x_wconf 83' lang='lat' dir='ltr'><strong>de-</strong></span> 
     </span>
    </p>
   </div>
   <div class='ocr_carea' id='block_1_45' title="bbox 2158 1691 3729 1763">
    <p class='ocr_par' dir='ltr' id='par_1_45' title="bbox 2158 1691 3729 1763">
     <span class='ocr_line' id='line_1_45' title="bbox 2158 1691 3729 1763; baseline -0.001 -14"><span class='ocrx_word' id='word_1_316' title='bbox 2158 1693 2301 1749; x_wconf 91' lang='lat' dir='ltr'><strong>cimo</strong></span> <span class='ocrx_word' id='word_1_317' title='bbox 2338 1692 2519 1755; x_wconf 91' lang='lat' dir='ltr'><strong>tertio,</strong></span> <span class='ocrx_word' id='word_1_318' title='bbox 2548 1706 2693 1747; x_wconf 89' lang='lat' dir='ltr'><strong>anno</strong></span> <span class='ocrx_word' id='word_1_319' title='bbox 2724 1691 3099 1747; x_wconf 85' lang='lat' dir='ltr'><strong>ducentesimo</strong></span> <span class='ocrx_word' id='word_1_320' title='bbox 3128 1691 3483 1758; x_wconf 77' lang='lat' dir='ltr'><strong>nonagesimo</strong></span> <span class='ocrx_word' id='word_1_321' title='bbox 3515 1692 3729 1763; x_wconf 88' lang='lat' dir='ltr'><strong>quinto.</strong></span> 
     </span>
    </p>
   </div>
   <div class='ocr_carea' id='block_1_46' title="bbox 2159 1783 3735 1853">
    <p class='ocr_par' dir='ltr' id='par_1_46' title="bbox 2159 1783 3735 1853">
     <span class='ocr_line' id='line_1_46' title="bbox 2159 1783 3735 1853; baseline 0 -16"><span class='ocrx_word' id='word_1_322' title='bbox 2159 1783 2282 1837; x_wconf 86' lang='lat' dir='ltr'><strong>Fuit</strong></span> <span class='ocrx_word' id='word_1_323' title='bbox 2319 1783 2612 1839; x_wconf 79' lang='lat' dir='ltr'><strong>ciialifatus</strong></span> <span class='ocrx_word' id='word_1_324' title='bbox 2645 1783 2819 1853; x_wconf 88' lang='lat' dir='ltr'><strong>ipsius</strong></span> <span class='ocrx_word' id='word_1_325' title='bbox 2850 1797 3119 1837; x_wconf 89' lang='lat' dir='ltr'><strong>annorum</strong></span> <span class='ocrx_word' id='word_1_326' title='bbox 3153 1797 3247 1838; x_wconf 86' lang='lat' dir='ltr'><strong>sex</strong></span> <span class='ocrx_word' id='word_1_327' title='bbox 3272 1821 3287 1846; x_wconf 95' lang='lat'><strong>,</strong></span> <span class='ocrx_word' id='word_1_328' title='bbox 3337 1797 3530 1836; x_wconf 88' lang='lat' dir='ltr'><strong>novem</strong></span> <span class='ocrx_word' id='word_1_329' title='bbox 3579 1798 3735 1837; x_wconf 75' lang='lat' dir='ltr'><strong>men-</strong></span> 
     </span>
    </p>
   </div>
   <div class='ocr_carea' id='block_1_47' title="bbox 2152 1860 3731 1945">
    <p class='ocr_par' dir='ltr' id='par_1_47' title="bbox 2152 1860 3731 1945">
     <span class='ocr_line' id='line_1_47' title="bbox 2152 1860 3731 1945; baseline -0.001 -14"><span class='ocrx_word' id='word_1_330' title='bbox 2152 1878 2292 1931; x_wconf 90' lang='lat' dir='ltr'><strong>sium</strong></span> <span class='ocrx_word' id='word_1_331' title='bbox 2318 1886 2370 1932; x_wconf 94' lang='lat' dir='ltr'><strong>et</strong></span> <span class='ocrx_word' id='word_1_332' title='bbox 2400 1876 2576 1930; x_wconf 91' lang='lat' dir='ltr'><strong>bidui.</strong></span> <span class='ocrx_word' id='word_1_333' title='bbox 2616 1875 2846 1930; x_wconf 74' lang='lat' dir='ltr'><strong>Maxima</strong></span> <span class='ocrx_word' id='word_1_334' title='bbox 2895 1860 3039 1945; x_wconf 71' lang='lat' dir='ltr'><strong>apud</strong></span> <span class='ocrx_word' id='word_1_335' title='bbox 3086 1876 3261 1945; x_wconf 92' lang='lat' dir='ltr'><strong>ipsum</strong></span> <span class='ocrx_word' id='word_1_336' title='bbox 3301 1875 3354 1929; x_wconf 92' lang='lat' dir='ltr'><strong>in</strong></span> <span class='ocrx_word' id='word_1_337' title='bbox 3399 1876 3571 1943; x_wconf 88' lang='lat' dir='ltr'><strong>gratia</strong></span> <span class='ocrx_word' id='word_1_338' title='bbox 3616 1874 3731 1930; x_wconf 90' lang='lat' dir='ltr'><strong>fue-</strong></span> 
     </span>
    </p>
   </div>
   <div class='ocr_carea' id='block_1_48' title="bbox 2152 1966 3734 2038">
    <p class='ocr_par' dir='ltr' id='par_1_48' title="bbox 2152 1966 3734 2038">
     <span class='ocr_line' id='line_1_48' title="bbox 2152 1966 3734 2038; baseline -0.001 -14"><span class='ocrx_word' id='word_1_339' title='bbox 2152 1980 2298 2033; x_wconf 88' lang='lat' dir='ltr'><strong>runt,</strong></span> <span class='ocrx_word' id='word_1_340' title='bbox 2338 1984 2533 2038; x_wconf 90' lang='lat' dir='ltr'><strong>resque</strong></span> <span class='ocrx_word' id='word_1_341' title='bbox 2562 1969 2687 2038; x_wconf 83' lang='lat' dir='ltr'><strong>ejus</strong></span> <span class='ocrx_word' id='word_1_342' title='bbox 2705 1969 3005 2032; x_wconf 86' lang='lat' dir='ltr'><strong>curabant,</strong></span> <span class='ocrx_word' id='word_1_343' title='bbox 3026 1968 3089 2022; x_wconf 79' lang='lat' dir='ltr'><strong>Al</strong></span> <span class='ocrx_word' id='word_1_344' title='bbox 3115 1968 3303 2023; x_wconf 84' lang='lat' dir='ltr'><strong>Abbas</strong></span> <span class='ocrx_word' id='word_1_345' title='bbox 3329 1967 3502 2023; x_wconf 87' lang='lat' dir='ltr'><strong>Ebnol</strong></span> <span class='ocrx_word' id='word_1_346' title='bbox 3531 1966 3734 2023; x_wconf 84' lang='lat' dir='ltr'><strong>Hasain</strong></span> 
     </span>
    </p>
   </div>
   <div class='ocr_carea' id='block_1_49' title="bbox 2153 2059 3351 2131">
    <p class='ocr_par' dir='ltr' id='par_1_49' title="bbox 2153 2059 3351 2131">
     <span class='ocr_line' id='line_1_49' title="bbox 2153 2059 3351 2131; baseline -0.003 -14"><span class='ocrx_word' id='word_1_347' title='bbox 2153 2060 2531 2123; x_wconf 87' lang='lat' dir='ltr'><strong>consiliarius,</strong></span> <span class='ocrx_word' id='word_1_348' title='bbox 2568 2070 2625 2116; x_wconf 92' lang='lat' dir='ltr'><strong>et</strong></span> <span class='ocrx_word' id='word_1_349' title='bbox 2654 2059 2858 2115; x_wconf 85' lang='lat' dir='ltr'><strong>Phatec</strong></span> <span class='ocrx_word' id='word_1_350' title='bbox 2894 2060 3121 2115; x_wconf 89' lang='lat' dir='ltr'><strong>libertus</strong></span> <span class='ocrx_word' id='word_1_351' title='bbox 3154 2060 3351 2131; x_wconf 88' lang='lat' dir='ltr'><strong>ipsius.</strong></span> 
     </span>
    </p>
   </div>
   <div class='ocr_carea' id='block_1_50' title="bbox 2360 2149 3513 2222">
    <p class='ocr_par' dir='ltr' id='par_1_50' title="bbox 2360 2149 3513 2222">
     <span class='ocr_line' id='line_1_50' title="bbox 2360 2149 3513 2222; baseline -0.003 -15"><span class='ocrx_word' id='word_1_352' title='bbox 2360 2151 2521 2222; x_wconf 80' lang='lat'><strong>500</strong></span> <span class='ocrx_word' id='word_1_353' title='bbox 2558 2150 2856 2221; x_wconf 78' lang='lat' dir='ltr'><strong>Chalifatus</strong></span> <span class='ocrx_word' id='word_1_354' title='bbox 2891 2149 3262 2204; x_wconf 69' lang='lat' dir='ltr'><strong>Aldlokladeri</strong></span> <span class='ocrx_word' id='word_1_355' title='bbox 3303 2149 3513 2205; x_wconf 77' lang='lat' dir='ltr'><strong>bills/ti.</strong></span> 
     </span>
    </p>
   </div>
   <div class='ocr_carea' id='block_1_51' title="bbox 2223 2237 3737 2313">
    <p class='ocr_par' dir='ltr' id='par_1_51' title="bbox 2223 2237 3737 2313">
     <span class='ocr_line' id='line_1_51' title="bbox 2223 2237 3737 2313; baseline -0.002 -16"><span class='ocrx_word' id='word_1_356' title='bbox 2223 2242 2587 2313; x_wconf 89' lang='lat' dir='ltr'><strong>lnaugnratns</strong></span> <span class='ocrx_word' id='word_1_357' title='bbox 2637 2252 2720 2294; x_wconf 92' lang='lat' dir='ltr'><strong>est</strong></span> <span class='ocrx_word' id='word_1_358' title='bbox 2760 2238 3111 2295; x_wconf 77' lang='lat' dir='ltr'><strong>AlMoktader</strong></span> <span class='ocrx_word' id='word_1_359' title='bbox 3148 2239 3336 2294; x_wconf 84' lang='lat' dir='ltr'><strong>billahi</strong></span> <span class='ocrx_word' id='word_1_360' title='bbox 3390 2237 3565 2294; x_wconf 87' lang='lat' dir='ltr'><strong>laafar</strong></span> <span class='ocrx_word' id='word_1_361' title='bbox 3615 2239 3737 2295; x_wconf 68' lang='grc' dir='ltr'><strong>ΕΙ).</strong></span> 
     </span>
    </p>
   </div>
   <div class='ocr_carea' id='block_1_52' title="bbox 2154 2328 3736 2399">
    <p class='ocr_par' dir='ltr' id='par_1_52' title="bbox 2154 2328 3736 2399">
     <span class='ocr_line' id='line_1_52' title="bbox 2154 2328 3736 2399; baseline -0.002 -14"><span class='ocrx_word' id='word_1_362' title='bbox 2154 2332 2360 2387; x_wconf 75' lang='lat' dir='ltr'><strong>Alimed</strong></span> <span class='ocrx_word' id='word_1_363' title='bbox 2410 2329 2727 2386; x_wconf 75' lang='lat' dir='ltr'><strong>AlMotaded</strong></span> <span class='ocrx_word' id='word_1_364' title='bbox 2783 2328 2995 2393; x_wconf 92' lang='lat' dir='ltr'><strong>billabi,</strong></span> <span class='ocrx_word' id='word_1_365' title='bbox 3050 2330 3240 2384; x_wconf 88' lang='lat' dir='ltr'><strong>eodem</strong></span> <span class='ocrx_word' id='word_1_366' title='bbox 3290 2328 3381 2385; x_wconf 91' lang='lat' dir='ltr'><strong>die</strong></span> <span class='ocrx_word' id='word_1_367' title='bbox 3429 2344 3542 2399; x_wconf 91' lang='lat' dir='ltr'><strong>quo</strong></span> <span class='ocrx_word' id='word_1_368' title='bbox 3602 2330 3736 2385; x_wconf 83' lang='lat' dir='ltr'><strong>obiit</strong></span> 
     </span>
    </p>
   </div>
   <div class='ocr_carea' id='block_1_53' title="bbox 2161 2419 3735 2491">
    <p class='ocr_par' dir='ltr' id='par_1_53' title="bbox 2161 2419 3735 2491">
     <span class='ocr_line' id='line_1_53' title="bbox 2161 2419 3735 2491; baseline -0.001 -17"><span class='ocrx_word' id='word_1_369' title='bbox 2161 2422 2331 2477; x_wconf 81' lang='lat' dir='ltr'><strong>frater</strong></span> <span class='ocrx_word' id='word_1_370' title='bbox 2384 2420 2559 2491; x_wconf 83' lang='lat' dir='ltr'><strong>ipsius</strong></span> <span class='ocrx_word' id='word_1_371' title='bbox 2622 2420 2929 2483; x_wconf 85' lang='lat' dir='ltr'><strong>Almoctaii,</strong></span> <span class='ocrx_word' id='word_1_372' title='bbox 2982 2420 3236 2475; x_wconf 85' lang='lat' dir='ltr'><strong>videlicet</strong></span> <span class='ocrx_word' id='word_1_373' title='bbox 3283 2419 3376 2475; x_wconf 90' lang='lat' dir='ltr'><strong>die</strong></span> <span class='ocrx_word' id='word_1_374' title='bbox 3425 2420 3735 2485; x_wconf 82' lang='lat' dir='ltr'><strong>Dominico,</strong></span> 
     </span>
    </p>
   </div>
   <div class='ocr_carea' id='block_1_54' title="bbox 2160 2507 3743 2569">
    <p class='ocr_par' dir='ltr' id='par_1_54' title="bbox 2160 2507 3743 2569">
     <span class='ocr_line' id='line_1_54' title="bbox 2160 2507 3743 2569; baseline -0.001 -4"><span class='ocrx_word' id='word_1_375' title='bbox 2160 2512 2378 2566; x_wconf 86' lang='lat' dir='ltr'><strong>decimo</strong></span> <span class='ocrx_word' id='word_1_376' title='bbox 2410 2509 2571 2565; x_wconf 89' lang='lat' dir='ltr'><strong>tertio</strong></span> <span class='ocrx_word' id='word_1_377' title='bbox 2627 2508 2833 2564; x_wconf 89' lang='lat' dir='ltr'><strong>mensis</strong></span> <span class='ocrx_word' id='word_1_378' title='bbox 2869 2507 3131 2569; x_wconf 80' lang='lat' dir='ltr'><strong>Dilltadae,</strong></span> <span class='ocrx_word' id='word_1_379' title='bbox 3182 2523 3327 2563; x_wconf 90' lang='lat' dir='ltr'><strong>anno</strong></span> <span class='ocrx_word' id='word_1_380' title='bbox 3358 2508 3743 2569; x_wconf 74' lang='lat' dir='ltr'><strong>ducentesimo</strong></span> 
     </span>
    </p>
   </div>
   <div class='ocr_carea' id='block_1_55' title="bbox 2162 2524 3737 2674">
    <p class='ocr_par' dir='ltr' id='par_1_55' title="bbox 2162 2524 3737 2674">
     <span class='ocr_line' id='line_1_55' title="bbox 2162 2524 3737 2569; baseline -0.001 -4"><span class='ocrx_word' id='word_1_381' title='bbox 2162 2524 2378 2566; x_wconf 77' lang='lat' dir='ltr'><strong>decimo</strong></span> <span class='ocrx_word' id='word_1_382' title='bbox 2410 2524 2571 2565; x_wconf 80' lang='lat' dir='ltr'><strong>tertio</strong></span> <span class='ocrx_word' id='word_1_383' title='bbox 2627 2524 2833 2564; x_wconf 73' lang='lat' dir='ltr'><strong>mensns</strong></span> <span class='ocrx_word' id='word_1_384' title='bbox 2869 2524 3131 2569; x_wconf 66' lang='lat' dir='ltr'><strong>mutasse,</strong></span> <span class='ocrx_word' id='word_1_385' title='bbox 3182 2524 3327 2563; x_wconf 91' lang='lat' dir='ltr'><strong>anno</strong></span> <span class='ocrx_word' id='word_1_386' title='bbox 3358 2524 3464 2563; x_wconf 86' lang='lat' dir='ltr'><strong>auc</strong></span> <span class='ocrx_word' id='word_1_387' title='bbox 3502 2524 3737 2563; x_wconf 86' lang='lat' dir='ltr'><strong>ntestmo</strong></span> 
     </span>
     <span class='ocr_line' id='line_1_56' title="bbox 2162 2524 3737 2674; baseline -0.001 -15"><span class='ocrx_word' id='word_1_388' title='bbox 2162 2604 2519 2674; x_wconf 77' lang='lat' dir='ltr'><strong>nonagesimo</strong></span> <span class='ocrx_word' id='word_1_389' title='bbox 2545 2602 2760 2671; x_wconf 91' lang='lat' dir='ltr'><strong>quinto.</strong></span> <span class='ocrx_word' id='word_1_390' title='bbox 2815 2601 2988 2658; x_wconf 82' lang='lat' dir='ltr'><strong>Mater</strong></span> <span class='ocrx_word' id='word_1_391' title='bbox 3036 2603 3208 2672; x_wconf 85' lang='lat' dir='ltr'><strong>ipsius</strong></span> <span class='ocrx_word' id='word_1_392' title='bbox 3238 2524 3551 2657; x_wconf 50' lang='lat' dir='ltr'><strong>concuﬁena</strong></span> <span class='ocrx_word' id='word_1_393' title='bbox 3609 2602 3737 2668; x_wconf 83' lang='lat' dir='ltr'><strong>iuit,</strong></span> 
     </span>
    </p>
   </div>
   <div class='ocr_carea' id='block_1_56' title="bbox 2160 2690 3740 2757">
    <p class='ocr_par' dir='ltr' id='par_1_56' title="bbox 2160 2690 3740 2757">
     <span class='ocr_line' id='line_1_57' title="bbox 2160 2690 3740 2757; baseline -0.001 -7"><span class='ocrx_word' id='word_1_394' title='bbox 2160 2695 2385 2750; x_wconf 90' lang='lat' dir='ltr'><strong>nomine</strong></span> <span class='ocrx_word' id='word_1_395' title='bbox 2436 2694 2637 2748; x_wconf 88' lang='lat' dir='ltr'><strong>Shaab.</strong></span> <span class='ocrx_word' id='word_1_396' title='bbox 2684 2691 2782 2746; x_wconf 83' lang='lat' dir='ltr'><strong>Hic</strong></span> <span class='ocrx_word' id='word_1_397' title='bbox 2809 2692 3182 2757; x_wconf 80' lang='lat' dir='ltr'><strong>AlAbbasum,</strong></span> <span class='ocrx_word' id='word_1_398' title='bbox 3219 2690 3409 2747; x_wconf 83' lang='lat' dir='ltr'><strong>fratris</strong></span> <span class='ocrx_word' id='word_1_399' title='bbox 3439 2694 3526 2747; x_wconf 90' lang='lat' dir='ltr'><strong>sui</strong></span> <span class='ocrx_word' id='word_1_400' title='bbox 3558 2691 3740 2749; x_wconf 72' lang='lat' dir='ltr'><strong>consi-</strong></span> 
     </span>
    </p>
   </div>
   <div class='ocr_carea' id='block_1_57' title="bbox 2159 2783 3738 2856">
    <p class='ocr_par' dir='ltr' id='par_1_57' title="bbox 2159 2783 3738 2856">
     <span class='ocr_line' id='line_1_58' title="bbox 2159 2783 3738 2856; baseline -0.002 -16"><span class='ocrx_word' id='word_1_401' title='bbox 2159 2784 2400 2850; x_wconf 87' lang='lat' dir='ltr'><strong>liarium,</strong></span> <span class='ocrx_word' id='word_1_402' title='bbox 2434 2799 2500 2839; x_wconf 90' lang='lat' dir='ltr'><strong>eo</strong></span> <span class='ocrx_word' id='word_1_403' title='bbox 2525 2799 2633 2854; x_wconf 92' lang='lat' dir='ltr'><strong>quo</strong></span> <span class='ocrx_word' id='word_1_404' title='bbox 2664 2783 2765 2840; x_wconf 91' lang='lat' dir='ltr'><strong>fuit</strong></span> <span class='ocrx_word' id='word_1_405' title='bbox 2798 2784 2919 2841; x_wconf 91' lang='lat' dir='ltr'><strong>loco</strong></span> <span class='ocrx_word' id='word_1_406' title='bbox 2951 2799 3015 2839; x_wconf 88' lang='lat' dir='ltr'><strong>ac</strong></span> <span class='ocrx_word' id='word_1_407' title='bbox 3050 2784 3321 2856; x_wconf 77' lang='lat' dir='ltr'><strong>dignitate</strong></span> <span class='ocrx_word' id='word_1_408' title='bbox 3371 2783 3738 2851; x_wconf 84' lang='lat' dir='ltr'><strong>cenfirmavit,</strong></span> 
     </span>
    </p>
   </div>
   <div class='ocr_carea' id='block_1_58' title="bbox 2161 2876 3739 2948">
    <p class='ocr_par' dir='ltr' id='par_1_58' title="bbox 2161 2876 3739 2948">
     <span class='ocr_line' id='line_1_59' title="bbox 2161 2876 3739 2948; baseline 0 -17"><span class='ocrx_word' id='word_1_409' title='bbox 2161 2876 2471 2948; x_wconf 90' lang='lat' dir='ltr'><strong>ipsumque,</strong></span> <span class='ocrx_word' id='word_1_410' title='bbox 2523 2877 2686 2933; x_wconf 89' lang='lat' dir='ltr'><strong>rebus</strong></span> <span class='ocrx_word' id='word_1_411' title='bbox 2721 2876 2839 2932; x_wconf 89' lang='lat' dir='ltr'><strong>suis</strong></span> <span class='ocrx_word' id='word_1_412' title='bbox 2878 2877 3200 2947; x_wconf 72' lang='lat' dir='ltr'><strong>przeposuit.</strong></span> <span class='ocrx_word' id='word_1_413' title='bbox 3252 2876 3517 2932; x_wconf 87' lang='lat' dir='ltr'><strong>Coierunt</strong></span> <span class='ocrx_word' id='word_1_414' title='bbox 3553 2885 3739 2931; x_wconf 90' lang='lat' dir='ltr'><strong>autem</strong></span> 
     </span>
    </p>
   </div>
   <div class='ocr_carea' id='block_1_59' title="bbox 487 2966 3743 3039">
    <p class='ocr_par' dir='ltr' id='par_1_59' title="bbox 487 2966 3743 3039">
     <span class='ocr_line' id='line_1_60' title="bbox 487 2966 3743 3039; baseline 0 -18"><span class='ocrx_word' id='word_1_415' title='bbox 487 2976 568 3021; x_wconf 88' lang='lat' dir='ltr'><strong>est</strong></span> <span class='ocrx_word' id='word_1_416' title='bbox 610 2969 981 3038; x_wconf 89' lang='lat' dir='ltr'><strong>:collegilque</strong></span> <span class='ocrx_word' id='word_1_417' title='bbox 1018 2985 1047 3024; x_wconf 86' lang='lat' dir='ltr'><strong>a</strong></span> <span class='ocrx_word' id='word_1_418' title='bbox 1095 2971 1292 3027; x_wconf 86' lang='lat' dir='ltr'><strong>scribis</strong></span> <span class='ocrx_word' id='word_1_419' title='bbox 1333 2982 1387 3026; x_wconf 93' lang='lat' dir='ltr'><strong>et</strong></span> <span class='ocrx_word' id='word_1_420' title='bbox 1427 2972 1660 3028; x_wconf 90' lang='lat' dir='ltr'><strong>ducibus</strong></span> <span class='ocrx_word' id='word_1_421' title='bbox 1707 2988 2059 3028; x_wconf 88' lang='lat' dir='ltr'><strong>nummorum</strong></span> <span class='ocrx_word' id='word_1_422' title='bbox 2168 2967 2340 3023; x_wconf 85' lang='lat' dir='ltr'><strong>duces</strong></span> <span class='ocrx_word' id='word_1_423' title='bbox 2370 2968 2541 3039; x_wconf 88' lang='lat' dir='ltr'><strong>aliqui</strong></span> <span class='ocrx_word' id='word_1_424' title='bbox 2591 2984 2701 3039; x_wconf 92' lang='lat' dir='ltr'><strong>quo</strong></span> <span class='ocrx_word' id='word_1_425' title='bbox 2752 2967 3117 3023; x_wconf 81' lang='lat' dir='ltr'><strong>Abdoilahum</strong></span> <span class='ocrx_word' id='word_1_426' title='bbox 3173 2967 3349 3023; x_wconf 84' lang='lat' dir='ltr'><strong>Ebnol</strong></span> <span class='ocrx_word' id='word_1_427' title='bbox 3400 2966 3631 3022; x_wconf 80' lang='lat' dir='ltr'><strong>Motazzi</strong></span> <span class='ocrx_word' id='word_1_428' title='bbox 3682 2967 3743 3022; x_wconf 85' lang='lat' dir='ltr'><strong>in</strong></span> 
     </span>
    </p>
   </div>
   <div class='ocr_carea' id='block_1_60' title="bbox 487 3057 3745 3141">
    <p class='ocr_par' dir='ltr' id='par_1_60' title="bbox 487 3057 3745 3141">
     <span class='ocr_line' id='line_1_61' title="bbox 487 3057 3745 3141; baseline 0.004 -28"><span class='ocrx_word' id='word_1_429' title='bbox 487 3058 708 3115; x_wconf 84' lang='lat' dir='ltr'><strong>circiter</strong></span> <span class='ocrx_word' id='word_1_430' title='bbox 735 3062 935 3116; x_wconf 89' lang='lat' dir='ltr'><strong>millies</strong></span> <span class='ocrx_word' id='word_1_431' title='bbox 967 3062 1115 3118; x_wconf 91' lang='lat' dir='ltr'><strong>mille</strong></span> <span class='ocrx_word' id='word_1_432' title='bbox 1157 3078 1407 3119; x_wconf 68' lang='lat' dir='ltr'><strong>aureos:</strong></span> <span class='ocrx_word' id='word_1_433' title='bbox 1444 3072 1559 3120; x_wconf 88' lang='lat' dir='ltr'><strong>tum</strong></span> <span class='ocrx_word' id='word_1_434' title='bbox 1606 3064 1842 3121; x_wconf 65' lang='lat' dir='ltr'><strong>i&#39;iracum</strong></span> <span class='ocrx_word' id='word_1_435' title='bbox 1877 3066 2056 3132; x_wconf 81' lang='lat' dir='ltr'><strong>abiit,</strong></span> <span class='ocrx_word' id='word_1_436' title='bbox 2089 3077 2136 3141; x_wconf 76' lang='grc' dir='ltr'>ο</span> <span class='ocrx_word' id='word_1_437' title='bbox 2169 3059 2395 3130; x_wconf 81' lang='lat' dir='ltr'><strong>imperio</strong></span> <span class='ocrx_word' id='word_1_438' title='bbox 2446 3060 2820 3126; x_wconf 56' lang='lat' dir='ltr'><strong>collocarent;</strong></span> <span class='ocrx_word' id='word_1_439' title='bbox 2882 3057 3028 3115; x_wconf 72' lang='grc' dir='ltr'><strong>υηάθ</strong></span> <span class='ocrx_word' id='word_1_440' title='bbox 3076 3058 3312 3129; x_wconf 71' lang='lat' dir='ltr'><strong>Baedadi</strong></span> <span class='ocrx_word' id='word_1_441' title='bbox 3365 3060 3484 3116; x_wconf 68' lang='lat' dir='ltr'><strong>dies</strong></span> <span class='ocrx_word' id='word_1_442' title='bbox 3536 3060 3745 3129; x_wconf 69' lang='lat' dir='ltr'><strong>aliquot</strong></span> 
     </span>
    </p>
   </div>
   <div class='ocr_carea' id='block_1_61' title="bbox 488 3150 3743 3226">
    <p class='ocr_par' dir='ltr' id='par_1_61' title="bbox 488 3150 3743 3226">
     <span class='ocr_line' id='line_1_62' title="bbox 488 3150 3743 3226; baseline 0.004 -18"><span class='ocrx_word' id='word_1_443' title='bbox 488 3154 679 3209; x_wconf 82' lang='lat' dir='ltr'><strong>relicto</strong></span> <span class='ocrx_word' id='word_1_444' title='bbox 709 3153 765 3207; x_wconf 93' lang='lat' dir='ltr'><strong>in</strong></span> <span class='ocrx_word' id='word_1_445' title='bbox 804 3150 1066 3223; x_wconf 64' lang='lat' dir='ltr'><strong>Egypto,</strong></span> <span class='ocrx_word' id='word_1_446' title='bbox 1101 3162 1391 3225; x_wconf 89' lang='lat' dir='ltr'><strong>postquam</strong></span> <span class='ocrx_word' id='word_1_447' title='bbox 1429 3157 1544 3226; x_wconf 90' lang='lat' dir='ltr'><strong>ipse</strong></span> <span class='ocrx_word' id='word_1_448' title='bbox 1591 3157 1664 3212; x_wconf 93' lang='lat' dir='ltr'><strong>ibi</strong></span> <span class='ocrx_word' id='word_1_449' title='bbox 1713 3173 1808 3212; x_wconf 83' lang='lat' dir='ltr'><strong>sex</strong></span> <span class='ocrx_word' id='word_1_450' title='bbox 1849 3174 2069 3216; x_wconf 90' lang='lat' dir='ltr'><strong>menses</strong></span> <span class='ocrx_word' id='word_1_451' title='bbox 2168 3160 2347 3206; x_wconf 75' lang='grc' dir='ltr'><strong>οΐῑυιη</strong></span> <span class='ocrx_word' id='word_1_452' title='bbox 2400 3158 2484 3206; x_wconf 73' lang='grc' dir='ltr'><strong>εει</strong></span> <span class='ocrx_word' id='word_1_453' title='bbox 2535 3150 2779 3208; x_wconf 67' lang='lat' dir='ltr'><strong>bellum:</strong></span> <span class='ocrx_word' id='word_1_454' title='bbox 2836 3151 3072 3221; x_wconf 50' lang='lat' dir='ltr'><strong>cali‘i‘lue</strong></span> <span class='ocrx_word' id='word_1_455' title='bbox 3139 3162 3268 3207; x_wconf 77' lang='grc' dir='ltr'><strong>δυηι</strong></span> <span class='ocrx_word' id='word_1_456' title='bbox 3319 3150 3570 3207; x_wconf 59' lang='lat' dir='ltr'><strong>“Abh”</strong></span> <span class='ocrx_word' id='word_1_457' title='bbox 3625 3150 3743 3206; x_wconf 70' lang='lat' dir='ltr'><strong>Eb“</strong></span> 
     </span>
    </p>
   </div>
   <div class='ocr_carea' id='block_1_62' title="bbox 488 3244 2065 3319">
    <p class='ocr_par' dir='ltr' id='par_1_62' title="bbox 488 3244 2065 3319">
     <span class='ocr_line' id='line_1_63' title="bbox 488 3244 2065 3319; baseline 0.004 -21"><span class='ocrx_word' id='word_1_458' title='bbox 488 3244 893 3314; x_wconf 87' lang='lat' dir='ltr'><strong>insumpsissct,</strong></span> <span class='ocrx_word' id='word_1_459' title='bbox 917 3246 997 3299; x_wconf 88' lang='lat' dir='ltr'><strong>lsa</strong></span> <span class='ocrx_word' id='word_1_460' title='bbox 1033 3244 1367 3301; x_wconf 79' lang='lat' dir='ltr'><strong>Nuslierensi</strong></span> <span class='ocrx_word' id='word_1_461' title='bbox 1395 3264 1411 3312; x_wconf 91' lang='lat'><strong>;</strong></span> <span class='ocrx_word' id='word_1_462' title='bbox 1442 3247 1662 3319; x_wconf 88' lang='lat' dir='ltr'><strong>collegit</strong></span> <span class='ocrx_word' id='word_1_463' title='bbox 1694 3248 1860 3302; x_wconf 82' lang='lat' dir='ltr'><strong>etiam</strong></span> <span class='ocrx_word' id='word_1_464' title='bbox 1891 3250 2065 3319; x_wconf 89' lang='lat' dir='ltr'><strong>impe-</strong></span> 
     </span>
    </p>
   </div>
   <div class='ocr_carea' id='block_1_63' title="bbox 490 3335 2066 3405">
    <p class='ocr_par' dir='ltr' id='par_1_63' title="bbox 490 3335 2066 3405">
     <span class='ocr_line' id='line_1_64' title="bbox 490 3335 2066 3405; baseline 0.003 -14"><span class='ocrx_word' id='word_1_465' title='bbox 490 3335 661 3391; x_wconf 78' lang='lat' dir='ltr'><strong>rstcri</strong></span> <span class='ocrx_word' id='word_1_466' title='bbox 685 3351 1036 3390; x_wconf 89' lang='lat' dir='ltr'><strong>nummorum</strong></span> <span class='ocrx_word' id='word_1_467' title='bbox 1063 3352 1093 3389; x_wconf 92' lang='lat' dir='ltr'><strong>e</strong></span> <span class='ocrx_word' id='word_1_468' title='bbox 1125 3338 1422 3405; x_wconf 84' lang='lat' dir='ltr'><strong>previnciis</strong></span> <span class='ocrx_word' id='word_1_469' title='bbox 1452 3339 1648 3393; x_wconf 88' lang='lat' dir='ltr'><strong>millies</strong></span> <span class='ocrx_word' id='word_1_470' title='bbox 1672 3340 1821 3393; x_wconf 91' lang='lat' dir='ltr'><strong>mille</strong></span> <span class='ocrx_word' id='word_1_471' title='bbox 1847 3356 2066 3398; x_wconf 83' lang='lat' dir='ltr'><strong>aureos.</strong></span> 
     </span>
    </p>
   </div>
   <div class='ocr_carea' id='block_1_64' title="bbox 492 3424 2069 3502">
    <p class='ocr_par' dir='ltr' id='par_1_64' title="bbox 492 3424 2069 3502">
     <span class='ocr_line' id='line_1_65' title="bbox 492 3424 2069 3502; baseline 0.006 -24"><span class='ocrx_word' id='word_1_472' title='bbox 492 3425 783 3480; x_wconf 79' lang='lat' dir='ltr'><strong>Almoctafi</strong></span> <span class='ocrx_word' id='word_1_473' title='bbox 841 3438 1022 3480; x_wconf 88' lang='lat' dir='ltr'><strong>autem</strong></span> <span class='ocrx_word' id='word_1_474' title='bbox 1056 3424 1484 3483; x_wconf 76' lang='lat' dir='ltr'><strong>Iinhammedem</strong></span> <span class='ocrx_word' id='word_1_475' title='bbox 1523 3429 1642 3484; x_wconf 84' lang='lat' dir='ltr'><strong>Ebn</strong></span> <span class='ocrx_word' id='word_1_476' title='bbox 1679 3429 1918 3486; x_wconf 91' lang='lat' dir='ltr'><strong>Soliman</strong></span> <span class='ocrx_word' id='word_1_477' title='bbox 1943 3448 2069 3502; x_wconf 85' lang='lat' dir='ltr'><strong>pre-</strong></span> 
     </span>
    </p>
   </div>
   <div class='ocr_carea' id='block_1_65' title="bbox 488 3518 2068 3596">
    <p class='ocr_par' dir='ltr' id='par_1_65' title="bbox 488 3518 2068 3596">
     <span class='ocr_line' id='line_1_66' title="bbox 488 3518 2068 3596; baseline 0.003 -23"><span class='ocrx_word' id='word_1_478' title='bbox 488 3518 722 3573; x_wconf 87' lang='lat' dir='ltr'><strong>hensum</strong></span> <span class='ocrx_word' id='word_1_479' title='bbox 766 3518 819 3571; x_wconf 92' lang='lat' dir='ltr'><strong>in</strong></span> <span class='ocrx_word' id='word_1_480' title='bbox 847 3519 1061 3574; x_wconf 88' lang='lat' dir='ltr'><strong>vincula</strong></span> <span class='ocrx_word' id='word_1_481' title='bbox 1096 3520 1356 3590; x_wconf 88' lang='lat' dir='ltr'><strong>conjecit,</strong></span> <span class='ocrx_word' id='word_1_482' title='bbox 1389 3523 1458 3576; x_wconf 90' lang='lat' dir='ltr'><strong>ob</strong></span> <span class='ocrx_word' id='word_1_483' title='bbox 1487 3536 1618 3589; x_wconf 86' lang='lat' dir='ltr'><strong>epes</strong></span> <span class='ocrx_word' id='word_1_484' title='bbox 1646 3537 1784 3592; x_wconf 84' lang='lat' dir='ltr'><strong>quas</strong></span> <span class='ocrx_word' id='word_1_485' title='bbox 1814 3524 1867 3576; x_wconf 92' lang='lat' dir='ltr'><strong>in</strong></span> <span class='ocrx_word' id='word_1_486' title='bbox 1895 3522 2068 3596; x_wconf 67' lang='lat' dir='ltr'><strong>Egy-</strong></span> 
     </span>
    </p>
   </div>
   <div class='ocr_carea' id='block_1_66' title="bbox 492 3611 2068 3681">
    <p class='ocr_par' dir='ltr' id='par_1_66' title="bbox 492 3611 2068 3681">
     <span class='ocr_line' id='line_1_67' title="bbox 492 3611 2068 3681; baseline 0.003 -17"><span class='ocrx_word' id='word_1_487' title='bbox 492 3617 581 3680; x_wconf 86' lang='lat' dir='ltr'><strong>pto</strong></span> <span class='ocrx_word' id='word_1_488' title='bbox 618 3611 909 3681; x_wconf 86' lang='lat' dir='ltr'><strong>collegerat</strong></span> <span class='ocrx_word' id='word_1_489' title='bbox 954 3613 1008 3666; x_wconf 94' lang='lat' dir='ltr'><strong>in</strong></span> <span class='ocrx_word' id='word_1_490' title='bbox 1059 3614 1324 3667; x_wconf 83' lang='lat' dir='ltr'><strong>rationem</strong></span> <span class='ocrx_word' id='word_1_491' title='bbox 1353 3628 1475 3669; x_wconf 91' lang='lat' dir='ltr'><strong>eum</strong></span> <span class='ocrx_word' id='word_1_492' title='bbox 1530 3629 1760 3669; x_wconf 91' lang='lat' dir='ltr'><strong>vocans.</strong></span> <span class='ocrx_word' id='word_1_493' title='bbox 1798 3613 2068 3670; x_wconf 86' lang='lat' dir='ltr'><strong>Prodicus</strong></span> 
     </span>
    </p>
   </div>
   <div class='ocr_carea' id='block_1_67' title="bbox 487 3702 2065 3786">
    <p class='ocr_par' dir='ltr' id='par_1_67' title="bbox 487 3702 2065 3786">
     <span class='ocr_line' id='line_1_68' title="bbox 487 3702 2065 3786; baseline 0.001 -28"><span class='ocrx_word' id='word_1_494' title='bbox 487 3710 672 3759; x_wconf 89' lang='lat' dir='ltr'><strong>autem</strong></span> <span class='ocrx_word' id='word_1_495' title='bbox 701 3702 755 3756; x_wconf 91' lang='lat' dir='ltr'><strong>in</strong></span> <span class='ocrx_word' id='word_1_496' title='bbox 784 3702 939 3764; x_wconf 76' lang='lat' dir='ltr'><strong>Syria</strong></span> <span class='ocrx_word' id='word_1_497' title='bbox 967 3704 1188 3773; x_wconf 88' lang='lat' dir='ltr'><strong>quidam</strong></span> <span class='ocrx_word' id='word_1_498' title='bbox 1216 3721 1245 3759; x_wconf 93' lang='lat' dir='ltr'><strong>e</strong></span> <span class='ocrx_word' id='word_1_499' title='bbox 1271 3704 1792 3771; x_wconf 83' lang='lat' dir='ltr'><strong>ducibus‘Harunis,</strong></span> <span class='ocrx_word' id='word_1_500' title='bbox 1822 3706 2065 3786; x_wconf 64' lang='lat' dir='ltr'><strong>Maiiam-</strong></span> 
     </span>
    </p>
   </div>
   <div class='ocr_carea' id='block_1_68' title="bbox 489 3793 2070 3869">
    <p class='ocr_par' dir='ltr' id='par_1_68' title="bbox 489 3793 2070 3869">
     <span class='ocr_line' id='line_1_69' title="bbox 489 3793 2070 3869; baseline 0.002 -21"><span class='ocrx_word' id='word_1_501' title='bbox 489 3794 613 3848; x_wconf 87' lang='lat' dir='ltr'><strong>med</strong></span> <span class='ocrx_word' id='word_1_502' title='bbox 647 3793 765 3849; x_wconf 81' lang='lat' dir='ltr'><strong>Ebn</strong></span> <span class='ocrx_word' id='word_1_503' title='bbox 796 3795 881 3848; x_wconf 82' lang='lat' dir='ltr'><strong>Ali</strong></span> <span class='ocrx_word' id='word_1_504' title='bbox 912 3796 976 3849; x_wconf 86' lang='lat' dir='ltr'><strong>Al</strong></span> <span class='ocrx_word' id='word_1_505' title='bbox 1003 3796 1183 3866; x_wconf 88' lang='lat' dir='ltr'><strong>Chalij</strong></span> <span class='ocrx_word' id='word_1_506' title='bbox 1215 3798 1542 3867; x_wconf 88' lang='lat' dir='ltr'><strong>appellatus,</strong></span> <span class='ocrx_word' id='word_1_507' title='bbox 1572 3812 1638 3853; x_wconf 89' lang='lat' dir='ltr'><strong>ex</strong></span> <span class='ocrx_word' id='word_1_508' title='bbox 1670 3797 1736 3855; x_wconf 91' lang='lat' dir='ltr'><strong>iis</strong></span> <span class='ocrx_word' id='word_1_509' title='bbox 1760 3798 1853 3869; x_wconf 92' lang='lat' dir='ltr'><strong>qui</strong></span> <span class='ocrx_word' id='word_1_510' title='bbox 1888 3798 2070 3869; x_wconf 55' lang='lat' dir='ltr'><strong>in.~Sy-</strong></span> 
     </span>
    </p>
   </div>
   <div class='ocr_carea' id='block_1_69' title="bbox 495 3886 2072 3953">
    <p class='ocr_par' dir='ltr' id='par_1_69' title="bbox 495 3886 2072 3953">
     <span class='ocr_line' id='line_1_70' title="bbox 495 3886 2072 3953; baseline 0.001 -12"><span class='ocrx_word' id='word_1_511' title='bbox 495 3887 569 3941; x_wconf 86' lang='lat' dir='ltr'><strong>ria</strong></span> <span class='ocrx_word' id='word_1_512' title='bbox 601 3902 724 3942; x_wconf 93' lang='lat' dir='ltr'><strong>cum</strong></span> <span class='ocrx_word' id='word_1_513' title='bbox 755 3886 1133 3943; x_wconf 77' lang='lat' dir='ltr'><strong>Mobsmmede</strong></span> <span class='ocrx_word' id='word_1_514' title='bbox 1162 3890 1277 3943; x_wconf 77' lang='lat' dir='ltr'><strong>Eill’l</strong></span> <span class='ocrx_word' id='word_1_515' title='bbox 1304 3889 1548 3943; x_wconf 87' lang='lat' dir='ltr'><strong>Soliman</strong></span> <span class='ocrx_word' id='word_1_516' title='bbox 1585 3900 1922 3953; x_wconf 88' lang='lat' dir='ltr'><strong>manserunt,</strong></span> <span class='ocrx_word' id='word_1_517' title='bbox 1957 3891 2072 3945; x_wconf 88' lang='lat' dir='ltr'><strong>col-</strong></span> 
     </span>
    </p>
   </div>
   <div class='ocr_carea' id='block_1_70' title="bbox 491 3978 2070 4045">
    <p class='ocr_par' dir='ltr' id='par_1_70' title="bbox 491 3978 2070 4045">
     <span class='ocr_line' id='line_1_71' title="bbox 491 3978 2070 4045; baseline -0.001 -10"><span class='ocrx_word' id='word_1_518' title='bbox 491 3983 629 4035; x_wconf 85' lang='lat' dir='ltr'><strong>lecta</strong></span> <span class='ocrx_word' id='word_1_519' title='bbox 663 3978 766 4034; x_wconf 90' lang='lat' dir='ltr'><strong>sibi</strong></span> <span class='ocrx_word' id='word_1_520' title='bbox 800 3981 961 4034; x_wconf 88' lang='lat' dir='ltr'><strong>turba</strong></span> <span class='ocrx_word' id='word_1_521' title='bbox 1005 3979 1287 4035; x_wconf 88' lang='lat' dir='ltr'><strong>hominum</strong></span> <span class='ocrx_word' id='word_1_522' title='bbox 1339 3981 1496 4037; x_wconf 88' lang='lat' dir='ltr'><strong>mista</strong></span> <span class='ocrx_word' id='word_1_523' title='bbox 1519 4022 1533 4045; x_wconf 94' lang='lat'><strong>,</strong></span> <span class='ocrx_word' id='word_1_524' title='bbox 1568 3982 1621 4035; x_wconf 91' lang='lat' dir='ltr'><strong>in</strong></span> <span class='ocrx_word' id='word_1_525' title='bbox 1668 3981 1801 4037; x_wconf 90' lang='lat' dir='ltr'><strong>urbe</strong></span> <span class='ocrx_word' id='word_1_526' title='bbox 1838 3980 2070 4035; x_wconf 79' lang='lat' dir='ltr'><strong>Ramlalt</strong></span> 
     </span>
    </p>
   </div>
   <div class='ocr_carea' id='block_1_71' title="bbox 494 4071 2072 4139">
    <p class='ocr_par' dir='ltr' id='par_1_71' title="bbox 494 4071 2072 4139">
     <span class='ocr_line' id='line_1_72' title="bbox 494 4071 2072 4139; baseline -0.001 -11"><span class='ocrx_word' id='word_1_527' title='bbox 494 4072 677 4128; x_wconf 86' lang='lat' dir='ltr'><strong>sedem</strong></span> <span class='ocrx_word' id='word_1_528' title='bbox 720 4071 857 4126; x_wconf 73' lang='lat' dir='ltr'><strong>fixit.</strong></span> <span class='ocrx_word' id='word_1_529' title='bbox 891 4072 1046 4139; x_wconf 86' lang='lat' dir='ltr'><strong>Quod</strong></span> <span class='ocrx_word' id='word_1_530' title='bbox 1095 4089 1217 4127; x_wconf 92' lang='lat' dir='ltr'><strong>cum</strong></span> <span class='ocrx_word' id='word_1_531' title='bbox 1253 4073 1353 4128; x_wconf 68' lang='lat' dir='ltr'><strong>[sae</strong></span> <span class='ocrx_word' id='word_1_532' title='bbox 1381 4072 1720 4129; x_wconf 87' lang='lat' dir='ltr'><strong>Nushercnsi</strong></span> <span class='ocrx_word' id='word_1_533' title='bbox 1759 4073 2072 4128; x_wconf 89' lang='lat' dir='ltr'><strong>nuntiatum</strong></span> 
     </span>
    </p>
   </div>
   <div class='ocr_carea' id='block_1_72' title="bbox 494 4163 2073 4233">
    <p class='ocr_par' dir='ltr' id='par_1_72' title="bbox 494 4163 2073 4233">
     <span class='ocr_line' id='line_1_73' title="bbox 494 4163 2073 4233; baseline -0.001 -12"><span class='ocrx_word' id='word_1_534' title='bbox 494 4171 655 4225; x_wconf 84' lang='lat' dir='ltr'><strong>esset,</strong></span> <span class='ocrx_word' id='word_1_535' title='bbox 683 4163 801 4233; x_wconf 88' lang='lat' dir='ltr'><strong>ipse</strong></span> <span class='ocrx_word' id='word_1_536' title='bbox 845 4180 967 4218; x_wconf 94' lang='lat' dir='ltr'><strong>cum</strong></span> <span class='ocrx_word' id='word_1_537' title='bbox 1022 4164 1083 4218; x_wconf 82' lang='lat' dir='ltr'><strong>Al</strong></span> <span class='ocrx_word' id='word_1_538' title='bbox 1131 4164 1373 4221; x_wconf 83' lang='lat' dir='ltr'><strong>Hosaino</strong></span> <span class='ocrx_word' id='word_1_539' title='bbox 1408 4166 1522 4221; x_wconf 86' lang='lat' dir='ltr'><strong>Ebn</strong></span> <span class='ocrx_word' id='word_1_540' title='bbox 1560 4166 1768 4222; x_wconf 78' lang='lat' dir='ltr'><strong>Ahmed</strong></span> <span class='ocrx_word' id='word_1_541' title='bbox 1825 4165 2073 4220; x_wconf 77' lang='lat' dir='ltr'><strong>Modera-</strong></span> 
     </span>
    </p>
   </div>
   <div class='ocr_carea' id='block_1_73' title="bbox 464 4252 2075 4326">
    <p class='ocr_par' dir='ltr' id='par_1_73' title="bbox 464 4252 2075 4326">
     <span class='ocr_line' id='line_1_74' title="bbox 464 4252 2075 4326; baseline -0.001 -15"><span class='ocrx_word' id='word_1_542' title='bbox 464 4308 467 4311; x_wconf 32' lang='grc' dir='ltr'><strong><em>γ</em></strong></span> <span class='ocrx_word' id='word_1_543' title='bbox 495 4256 675 4320; x_wconf 80' lang='lat' dir='ltr'><strong>nensi,</strong></span> <span class='ocrx_word' id='word_1_544' title='bbox 702 4256 791 4310; x_wconf 92' lang='lat' dir='ltr'><strong>cui</strong></span> <span class='ocrx_word' id='word_1_545' title='bbox 824 4271 1129 4325; x_wconf 78' lang='lat' dir='ltr'><strong>cognomen</strong></span> <span class='ocrx_word' id='word_1_546' title='bbox 1161 4258 1279 4312; x_wconf 81' lang='lat' dir='ltr'><strong>Abu</strong></span> <span class='ocrx_word' id='word_1_547' title='bbox 1305 4257 1504 4319; x_wconf 85' lang='lat' dir='ltr'><strong>Zinna.</strong></span> <span class='ocrx_word' id='word_1_548' title='bbox 1525 4252 1579 4312; x_wconf 61' lang='lat' dir='ltr'><strong>et</strong></span> <span class='ocrx_word' id='word_1_549' title='bbox 1606 4272 1729 4326; x_wconf 65' lang='lat' dir='ltr'><strong>quae</strong></span> <span class='ocrx_word' id='word_1_550' title='bbox 1757 4258 1808 4310; x_wconf 94' lang='lat' dir='ltr'><strong>in</strong></span> <span class='ocrx_word' id='word_1_551' title='bbox 1838 4254 2075 4326; x_wconf 66' lang='lat' dir='ltr'><strong>Egypto</strong></span> 
     </span>
    </p>
   </div>
   <div class='ocr_carea' id='block_1_74' title="bbox 2169 3237 3743 3309">
    <p class='ocr_par' dir='ltr' id='par_1_74' title="bbox 2169 3237 3743 3309">
     <span class='ocr_line' id='line_1_75' title="bbox 2169 3237 3743 3309; baseline 0.001 -16"><span class='ocrx_word' id='word_1_552' title='bbox 2169 3237 2374 3295; x_wconf 81' lang='lat' dir='ltr'><strong>Hosain</strong></span> <span class='ocrx_word' id='word_1_553' title='bbox 2410 3240 2759 3297; x_wconf 89' lang='lat' dir='ltr'><strong>consiliarius</strong></span> <span class='ocrx_word' id='word_1_554' title='bbox 2788 3251 2842 3295; x_wconf 92' lang='lat' dir='ltr'><strong>et</strong></span> <span class='ocrx_word' id='word_1_555' title='bbox 2877 3241 3100 3306; x_wconf 87' lang='lat' dir='ltr'><strong>Phatec,</strong></span> <span class='ocrx_word' id='word_1_556' title='bbox 3128 3254 3318 3295; x_wconf 86' lang='lat' dir='ltr'><strong>mense</strong></span> <span class='ocrx_word' id='word_1_557' title='bbox 3348 3238 3520 3294; x_wconf 77' lang='lat' dir='ltr'><strong>Babia</strong></span> <span class='ocrx_word' id='word_1_558' title='bbox 3556 3250 3743 3309; x_wconf 83' lang='lat' dir='ltr'><strong>poste-</strong></span> 
     </span>
    </p>
   </div>
   <div class='ocr_carea' id='block_1_75' title="bbox 2172 3329 3743 3399">
    <p class='ocr_par' dir='ltr' id='par_1_75' title="bbox 2172 3329 3743 3399">
     <span class='ocr_line' id='line_1_76' title="bbox 2172 3329 3743 3399; baseline -0.001 -13"><span class='ocrx_word' id='word_1_559' title='bbox 2172 3330 2338 3396; x_wconf 89' lang='lat' dir='ltr'><strong>riore,</strong></span> <span class='ocrx_word' id='word_1_560' title='bbox 2396 3346 2542 3386; x_wconf 91' lang='lat' dir='ltr'><strong>anno</strong></span> <span class='ocrx_word' id='word_1_561' title='bbox 2575 3332 2958 3386; x_wconf 81' lang='lat' dir='ltr'><strong>ducentesimo</strong></span> <span class='ocrx_word' id='word_1_562' title='bbox 2994 3331 3353 3399; x_wconf 87' lang='lat' dir='ltr'><strong>nonagesimo</strong></span> <span class='ocrx_word' id='word_1_563' title='bbox 3400 3344 3568 3385; x_wconf 93' lang='lat' dir='ltr'><strong>nono.</strong></span> <span class='ocrx_word' id='word_1_564' title='bbox 3611 3329 3743 3385; x_wconf 84' lang='lat' dir='ltr'><strong>Pre-</strong></span> 
     </span>
    </p>
   </div>
   <div class='ocr_carea' id='block_1_76' title="bbox 2170 3417 3746 3474">
    <p class='ocr_par' dir='ltr' id='par_1_76' title="bbox 2170 3417 3746 3474">
     <span class='ocr_line' id='line_1_77' title="bbox 2170 3417 3746 3474; baseline -0.001 -2"><span class='ocrx_word' id='word_1_565' title='bbox 2170 3417 2372 3473; x_wconf 77' lang='lat' dir='ltr'><strong>hcnsus</strong></span> <span class='ocrx_word' id='word_1_566' title='bbox 2416 3421 2577 3474; x_wconf 88' lang='lat' dir='ltr'><strong>etiam</strong></span> <span class='ocrx_word' id='word_1_567' title='bbox 2629 3427 2712 3473; x_wconf 89' lang='lat' dir='ltr'><strong>est</strong></span> <span class='ocrx_word' id='word_1_568' title='bbox 2764 3419 3031 3473; x_wconf 80' lang='lat' dir='ltr'><strong>Abdollah</strong></span> <span class='ocrx_word' id='word_1_569' title='bbox 3087 3419 3260 3473; x_wconf 89' lang='lat' dir='ltr'><strong>Ebnol</strong></span> <span class='ocrx_word' id='word_1_570' title='bbox 3314 3418 3546 3472; x_wconf 77' lang='lat' dir='ltr'><strong>Motazzi</strong></span> <span class='ocrx_word' id='word_1_571' title='bbox 3598 3427 3652 3472; x_wconf 92' lang='lat' dir='ltr'><strong>et</strong></span> <span class='ocrx_word' id='word_1_572' title='bbox 3688 3418 3746 3471; x_wconf 84' lang='lat' dir='ltr'><strong>in</strong></span> 
     </span>
    </p>
   </div>
   <div class='ocr_carea' id='block_1_77' title="bbox 2167 3511 3744 3581">
    <p class='ocr_par' dir='ltr' id='par_1_77' title="bbox 2167 3511 3744 3581">
     <span class='ocr_line' id='line_1_78' title="bbox 2167 3511 3744 3581; baseline -0.003 -15"><span class='ocrx_word' id='word_1_573' title='bbox 2167 3513 2381 3566; x_wconf 79' lang='lat' dir='ltr'><strong>vincula</strong></span> <span class='ocrx_word' id='word_1_574' title='bbox 2433 3512 2740 3581; x_wconf 76' lang='lat' dir='ltr'><strong>coniectus.</strong></span> <span class='ocrx_word' id='word_1_575' title='bbox 2782 3511 3171 3565; x_wconf 84' lang='lat' dir='ltr'><strong>Consiliarium</strong></span> <span class='ocrx_word' id='word_1_576' title='bbox 3227 3521 3407 3567; x_wconf 88' lang='lat' dir='ltr'><strong>autem</strong></span> <span class='ocrx_word' id='word_1_577' title='bbox 3458 3511 3744 3565; x_wconf 89' lang='lat' dir='ltr'><strong>constituit</strong></span> 
     </span>
    </p>
   </div>
   <div class='ocr_carea' id='block_1_78' title="bbox 2168 3602 3745 3667">
    <p class='ocr_par' dir='ltr' id='par_1_78' title="bbox 2168 3602 3745 3667">
     <span class='ocr_line' id='line_1_79' title="bbox 2168 3602 3745 3667; baseline -0.003 -7"><span class='ocrx_word' id='word_1_578' title='bbox 2168 3604 2537 3667; x_wconf 78' lang='lat' dir='ltr'><strong>AlMoktadar,</strong></span> <span class='ocrx_word' id='word_1_579' title='bbox 2604 3604 2743 3657; x_wconf 85' lang='lat' dir='ltr'><strong>Alim</strong></span> <span class='ocrx_word' id='word_1_580' title='bbox 2809 3603 2926 3658; x_wconf 82' lang='lat' dir='ltr'><strong>Ebn</strong></span> <span class='ocrx_word' id='word_1_581' title='bbox 2994 3603 3360 3666; x_wconf 78' lang='lat' dir='ltr'><strong>Moliammed,</strong></span> <span class='ocrx_word' id='word_1_582' title='bbox 3424 3602 3541 3657; x_wconf 88' lang='lat' dir='ltr'><strong>Ebn</strong></span> <span class='ocrx_word' id='word_1_583' title='bbox 3592 3602 3745 3657; x_wconf 78' lang='lat' dir='ltr'><strong>Musa</strong></span> 
     </span>
    </p>
   </div>
   <div class='ocr_carea' id='block_1_79' title="bbox 2168 3694 3745 3764">
    <p class='ocr_par' dir='ltr' id='par_1_79' title="bbox 2168 3694 3745 3764">
     <span class='ocr_line' id='line_1_80' title="bbox 2168 3694 3745 3764; baseline -0.003 -14"><span class='ocrx_word' id='word_1_584' title='bbox 2168 3696 2339 3750; x_wconf 82' lang='lat' dir='ltr'><strong>Ebnol</strong></span> <span class='ocrx_word' id='word_1_585' title='bbox 2373 3694 2594 3748; x_wconf 78' lang='lat' dir='ltr'><strong>Pliorat.</strong></span> <span class='ocrx_word' id='word_1_586' title='bbox 2632 3695 2803 3749; x_wconf 82' lang='lat' dir='ltr'><strong>Porro</strong></span> <span class='ocrx_word' id='word_1_587' title='bbox 2838 3694 3043 3764; x_wconf 92' lang='lat' dir='ltr'><strong>prodiit</strong></span> <span class='ocrx_word' id='word_1_588' title='bbox 3100 3695 3154 3748; x_wconf 93' lang='lat' dir='ltr'><strong>in</strong></span> <span class='ocrx_word' id='word_1_589' title='bbox 3191 3694 3478 3749; x_wconf 90' lang='lat' dir='ltr'><strong>occidente</strong></span> <span class='ocrx_word' id='word_1_590' title='bbox 3507 3695 3590 3747; x_wconf 87' lang='lat' dir='ltr'><strong>vir</strong></span> <span class='ocrx_word' id='word_1_591' title='bbox 3616 3694 3745 3763; x_wconf 83' lang='lat' dir='ltr'><strong>qui-</strong></span> 
     </span>
    </p>
   </div>
   <div class='ocr_carea' id='block_1_80' title="bbox 2168 3782 3746 3853">
    <p class='ocr_par' dir='ltr' id='par_1_80' title="bbox 2168 3782 3746 3853">
     <span class='ocr_line' id='line_1_81' title="bbox 2168 3782 3746 3853; baseline -0.003 -13"><span class='ocrx_word' id='word_1_592' title='bbox 2168 3786 2291 3840; x_wconf 79' lang='lat' dir='ltr'><strong>dum</strong></span> <span class='ocrx_word' id='word_1_593' title='bbox 2348 3789 2565 3840; x_wconf 87' lang='lat' dir='ltr'><strong>nomine</strong></span> <span class='ocrx_word' id='word_1_594' title='bbox 2634 3787 2903 3840; x_wconf 82' lang='lat' dir='ltr'><strong>Abdollalt</strong></span> <span class='ocrx_word' id='word_1_595' title='bbox 2956 3785 3309 3841; x_wconf 79' lang='lat' dir='ltr'><strong>AlMolItaseb</strong></span> <span class='ocrx_word' id='word_1_596' title='bbox 3360 3785 3569 3848; x_wconf 80' lang='lat' dir='ltr'><strong>billabi,</strong></span> <span class='ocrx_word' id='word_1_597' title='bbox 3625 3782 3746 3853; x_wconf 91' lang='lat' dir='ltr'><strong>qui,</strong></span> 
     </span>
    </p>
   </div>
   <div class='ocr_carea' id='block_1_81' title="bbox 2172 3875 3746 3946">
    <p class='ocr_par' dir='ltr' id='par_1_81' title="bbox 2172 3875 3746 3946">
     <span class='ocr_line' id='line_1_82' title="bbox 2172 3875 3746 3946; baseline -0.001 -17"><span class='ocrx_word' id='word_1_598' title='bbox 2172 3875 2309 3931; x_wconf 88' lang='lat' dir='ltr'><strong>fusis</strong></span> <span class='ocrx_word' id='word_1_599' title='bbox 2342 3877 2497 3929; x_wconf 77' lang='lat' dir='ltr'><strong>Ebnil</strong></span> <span class='ocrx_word' id='word_1_600' title='bbox 2532 3876 2723 3945; x_wconf 87' lang='lat' dir='ltr'><strong>Aglabi</strong></span> <span class='ocrx_word' id='word_1_601' title='bbox 2775 3876 2974 3944; x_wconf 83' lang='lat' dir='ltr'><strong>cepiis,</strong></span> <span class='ocrx_word' id='word_1_602' title='bbox 3031 3876 3295 3945; x_wconf 61' lang='lat' dir='ltr'><strong>caesisque</strong></span> <span class='ocrx_word' id='word_1_603' title='bbox 3324 3876 3495 3946; x_wconf 91' lang='lat' dir='ltr'><strong>ipsius</strong></span> <span class='ocrx_word' id='word_1_604' title='bbox 3530 3875 3746 3929; x_wconf 81' lang='lat' dir='ltr'><strong>comiti-</strong></span> 
     </span>
    </p>
   </div>
   <div class='ocr_carea' id='block_1_82' title="bbox 2172 3964 3747 4036">
    <p class='ocr_par' dir='ltr' id='par_1_82' title="bbox 2172 3964 3747 4036">
     <span class='ocr_line' id='line_1_83' title="bbox 2172 3964 3747 4036; baseline -0.003 -15"><span class='ocrx_word' id='word_1_605' title='bbox 2172 3966 2298 4032; x_wconf 90' lang='lat' dir='ltr'><strong>bus,</strong></span> <span class='ocrx_word' id='word_1_606' title='bbox 2334 3965 2681 4021; x_wconf 88' lang='lat' dir='ltr'><strong>Occidentem</strong></span> <span class='ocrx_word' id='word_1_607' title='bbox 2721 3967 3030 4035; x_wconf 89' lang='lat' dir='ltr'><strong>occupavit.</strong></span> <span class='ocrx_word' id='word_1_608' title='bbox 3073 3967 3118 4019; x_wconf 84' lang='grc' dir='ltr'><strong>Δ</strong></span> <span class='ocrx_word' id='word_1_609' title='bbox 3149 3982 3259 4036; x_wconf 90' lang='lat' dir='ltr'><strong>quo</strong></span> <span class='ocrx_word' id='word_1_610' title='bbox 3315 3964 3529 4036; x_wconf 86' lang='lat' dir='ltr'><strong>fugiens</strong></span> <span class='ocrx_word' id='word_1_611' title='bbox 3575 3966 3747 4035; x_wconf 66' lang='lat' dir='ltr'><strong>Zaya-</strong></span> 
     </span>
    </p>
   </div>
   <div class='ocr_carea' id='block_1_83' title="bbox 2172 4054 3749 4117">
    <p class='ocr_par' dir='ltr' id='par_1_83' title="bbox 2172 4054 3749 4117">
     <span class='ocr_line' id='line_1_84' title="bbox 2172 4054 3749 4117; baseline -0.003 -6"><span class='ocrx_word' id='word_1_612' title='bbox 2172 4057 2435 4111; x_wconf 89' lang='lat' dir='ltr'><strong>datollahi</strong></span> <span class='ocrx_word' id='word_1_613' title='bbox 2489 4057 2605 4111; x_wconf 79' lang='lat' dir='ltr'><strong>Ebn</strong></span> <span class='ocrx_word' id='word_1_614' title='bbox 2660 4056 3002 4111; x_wconf 83' lang='lat' dir='ltr'><strong>Molmtnmed</strong></span> <span class='ocrx_word' id='word_1_615' title='bbox 3052 4054 3168 4111; x_wconf 86' lang='lat' dir='ltr'><strong>Ebn</strong></span> <span class='ocrx_word' id='word_1_616' title='bbox 3222 4056 3509 4117; x_wconf 79' lang='lat' dir='ltr'><strong>Abraliim,</strong></span> <span class='ocrx_word' id='word_1_617' title='bbox 3575 4054 3749 4109; x_wconf 84' lang='lat' dir='ltr'><strong>Ebnol</strong></span> 
     </span>
    </p>
   </div>
   <div class='ocr_carea' id='block_1_84' title="bbox 2170 4147 3750 4218">
    <p class='ocr_par' dir='ltr' id='par_1_84' title="bbox 2170 4147 3750 4218">
     <span class='ocr_line' id='line_1_85' title="bbox 2170 4147 3750 4218; baseline 0.001 -16"><span class='ocrx_word' id='word_1_618' title='bbox 2170 4148 2360 4218; x_wconf 78' lang='lat' dir='ltr'><strong>Aglab,</strong></span> <span class='ocrx_word' id='word_1_619' title='bbox 2428 4150 2726 4217; x_wconf 87' lang='lat' dir='ltr'><strong>assumptis</strong></span> <span class='ocrx_word' id='word_1_620' title='bbox 2774 4147 2875 4202; x_wconf 90' lang='lat' dir='ltr'><strong>sibi</strong></span> <span class='ocrx_word' id='word_1_621' title='bbox 2929 4148 3250 4204; x_wconf 80' lang='lat' dir='ltr'><strong>domesticis</strong></span> <span class='ocrx_word' id='word_1_622' title='bbox 3309 4162 3373 4203; x_wconf 91' lang='lat' dir='ltr'><strong>ac</strong></span> <span class='ocrx_word' id='word_1_623' title='bbox 3426 4149 3750 4204; x_wconf 84' lang='lat' dir='ltr'><strong>necessariis</strong></span> 
     </span>
    </p>
   </div>
   <div class='ocr_carea' id='block_1_85' title="bbox 2172 4238 3750 4312">
    <p class='ocr_par' dir='ltr' id='par_1_85' title="bbox 2172 4238 3750 4312">
     <span class='ocr_line' id='line_1_86' title="bbox 2172 4238 3750 4312; baseline -0.003 -14"><span class='ocrx_word' id='word_1_624' title='bbox 2172 4243 2315 4307; x_wconf 89' lang='lat' dir='ltr'><strong>suis,</strong></span> <span class='ocrx_word' id='word_1_625' title='bbox 2362 4242 2416 4295; x_wconf 92' lang='lat' dir='ltr'><strong>in</strong></span> <span class='ocrx_word' id='word_1_626' title='bbox 2449 4238 2743 4312; x_wconf 66' lang='lat' dir='ltr'><strong>Egyptum</strong></span> <span class='ocrx_word' id='word_1_627' title='bbox 2776 4256 2835 4296; x_wconf 90' lang='lat' dir='ltr'><strong>se</strong></span> <span class='ocrx_word' id='word_1_628' title='bbox 2868 4240 3119 4305; x_wconf 88' lang='lat' dir='ltr'><strong>contulit,</strong></span> <span class='ocrx_word' id='word_1_629' title='bbox 3157 4256 3319 4309; x_wconf 89' lang='lat' dir='ltr'><strong>quam</strong></span> <span class='ocrx_word' id='word_1_630' title='bbox 3352 4241 3635 4309; x_wconf 83' lang='lat' dir='ltr'><strong>ingressus</strong></span> <span class='ocrx_word' id='word_1_631' title='bbox 3667 4249 3750 4294; x_wconf 84' lang='lat' dir='ltr'><strong>est</strong></span> 
     </span>
    </p>
   </div>
   <div class='ocr_carea' id='block_1_86' title="bbox 495 4330 2062 4416">
    <p class='ocr_par' dir='ltr' id='par_1_86' title="bbox 495 4345 2057 4416">
     <span class='ocr_line' id='line_1_87' title="bbox 495 4345 2057 4416; baseline -0.001 -13"><span class='ocrx_word' id='word_1_632' title='bbox 495 4356 676 4403; x_wconf 84' lang='lat' dir='ltr'><strong>essent</strong></span> <span class='ocrx_word' id='word_1_633' title='bbox 704 4345 879 4414; x_wconf 88' lang='lat' dir='ltr'><strong>copiis</strong></span> <span class='ocrx_word' id='word_1_634' title='bbox 910 4356 1103 4402; x_wconf 91' lang='lat' dir='ltr'><strong>contra</strong></span> <span class='ocrx_word' id='word_1_635' title='bbox 1142 4346 1578 4404; x_wconf 77' lang='lat' dir='ltr'><strong>Moliammedem</strong></span> <span class='ocrx_word' id='word_1_636' title='bbox 1613 4349 1730 4403; x_wconf 83' lang='lat' dir='ltr'><strong>Ebn</strong></span> <span class='ocrx_word' id='word_1_637' title='bbox 1762 4349 1847 4402; x_wconf 81' lang='lat' dir='ltr'><strong>Ali</strong></span> <span class='ocrx_word' id='word_1_638' title='bbox 1882 4346 2057 4416; x_wconf 72' lang='lat' dir='ltr'><strong>Clualij</strong></span> 
     </span>
    </p>
   </div>
   <div class='ocr_carea' id='block_1_87' title="bbox 2164 4330 3750 4416">
    <p class='ocr_par' dir='ltr' id='par_1_87' title="bbox 2180 4330 3750 4401">
     <span class='ocr_line' id='line_1_88' title="bbox 2180 4330 3750 4401; baseline -0.001 -13"><span class='ocrx_word' id='word_1_639' title='bbox 2180 4349 2365 4389; x_wconf 91' lang='lat' dir='ltr'><strong>mense</strong></span> <span class='ocrx_word' id='word_1_640' title='bbox 2416 4333 2721 4400; x_wconf 80' lang='lat' dir='ltr'><strong>Bamadan,</strong></span> <span class='ocrx_word' id='word_1_641' title='bbox 2775 4348 2921 4387; x_wconf 90' lang='lat' dir='ltr'><strong>anno</strong></span> <span class='ocrx_word' id='word_1_642' title='bbox 2968 4330 3349 4387; x_wconf 91' lang='lat' dir='ltr'><strong>ducentesimo</strong></span> <span class='ocrx_word' id='word_1_643' title='bbox 3393 4333 3750 4401; x_wconf 77' lang='lat' dir='ltr'><strong>nonagesimo</strong></span> 
     </span>
    </p>
   </div>
   <div class='ocr_carea' id='block_1_88' title="bbox 496 4437 2072 4509">
    <p class='ocr_par' dir='ltr' id='par_1_88' title="bbox 496 4437 2072 4509">
     <span class='ocr_line' id='line_1_89' title="bbox 496 4437 2072 4509; baseline -0.001 -19"><span class='ocrx_word' id='word_1_644' title='bbox 496 4444 671 4507; x_wconf 84' lang='lat' dir='ltr'><strong>ipsum</strong></span> <span class='ocrx_word' id='word_1_645' title='bbox 703 4446 1073 4509; x_wconf 88' lang='lat' dir='ltr'><strong>oppugnatum</strong></span> <span class='ocrx_word' id='word_1_646' title='bbox 1108 4438 1341 4507; x_wconf 91' lang='lat' dir='ltr'><strong>prodiit;</strong></span> <span class='ocrx_word' id='word_1_647' title='bbox 1363 4447 1417 4490; x_wconf 91' lang='lat' dir='ltr'><strong>at</strong></span> <span class='ocrx_word' id='word_1_648' title='bbox 1439 4454 1561 4495; x_wconf 91' lang='lat' dir='ltr'><strong>cum</strong></span> <span class='ocrx_word' id='word_1_649' title='bbox 1588 4437 1899 4492; x_wconf 81' lang='lat' dir='ltr'><strong>nuntiatum</strong></span> <span class='ocrx_word' id='word_1_650' title='bbox 1927 4445 2072 4491; x_wconf 89' lang='lat' dir='ltr'><strong>esset</strong></span> 
     </span>
    </p>
   </div>
   <div class='ocr_carea' id='block_1_89' title="bbox 497 4528 2072 4599">
    <p class='ocr_par' dir='ltr' id='par_1_89' title="bbox 497 4528 2072 4599">
     <span class='ocr_line' id='line_1_90' title="bbox 497 4528 2072 4599; baseline -0.001 -16"><span class='ocrx_word' id='word_1_651' title='bbox 497 4529 624 4594; x_wconf 83' lang='lat' dir='ltr'><strong>illis,</strong></span> <span class='ocrx_word' id='word_1_652' title='bbox 661 4543 855 4599; x_wconf 81' lang='lat' dir='ltr'><strong>magna</strong></span> <span class='ocrx_word' id='word_1_653' title='bbox 901 4530 1076 4597; x_wconf 89' lang='lat' dir='ltr'><strong>ipsum</strong></span> <span class='ocrx_word' id='word_1_654' title='bbox 1115 4529 1468 4585; x_wconf 82' lang='lat' dir='ltr'><strong>multitudine</strong></span> <span class='ocrx_word' id='word_1_655' title='bbox 1499 4529 1829 4584; x_wconf 91' lang='lat' dir='ltr'><strong>instructum</strong></span> <span class='ocrx_word' id='word_1_656' title='bbox 1876 4528 2072 4593; x_wconf 86' lang='lat' dir='ltr'><strong>fuisse,</strong></span> 
     </span>
    </p>
   </div>
   <div class='ocr_carea' id='block_1_90' title="bbox 494 4618 2071 4688">
    <p class='ocr_par' dir='ltr' id='par_1_90' title="bbox 494 4618 2071 4688">
     <span class='ocr_line' id='line_1_91' title="bbox 494 4618 2071 4688; baseline -0.001 -13"><span class='ocrx_word' id='word_1_657' title='bbox 494 4620 696 4675; x_wconf 84' lang='lat' dir='ltr'><strong>reversi</strong></span> <span class='ocrx_word' id='word_1_658' title='bbox 736 4630 898 4686; x_wconf 90' lang='lat' dir='ltr'><strong>sunt,</strong></span> <span class='ocrx_word' id='word_1_659' title='bbox 933 4636 1040 4675; x_wconf 89' lang='lat' dir='ltr'><strong>una</strong></span> <span class='ocrx_word' id='word_1_660' title='bbox 1069 4635 1194 4675; x_wconf 91' lang='lat' dir='ltr'><strong>cum</strong></span> <span class='ocrx_word' id='word_1_661' title='bbox 1245 4621 1447 4677; x_wconf 92' lang='lat' dir='ltr'><strong>ducum</strong></span> <span class='ocrx_word' id='word_1_662' title='bbox 1497 4631 1662 4688; x_wconf 64' lang='lat' dir='ltr'><strong>coetu,</strong></span> <span class='ocrx_word' id='word_1_663' title='bbox 1711 4618 2071 4683; x_wconf 86' lang='lat' dir='ltr'><strong>Phostatum;</strong></span> 
     </span>
    </p>
   </div>
   <div class='ocr_carea' id='block_1_91' title="bbox 497 4711 2071 4783">
    <p class='ocr_par' dir='ltr' id='par_1_91' title="bbox 497 4711 2071 4783">
     <span class='ocr_line' id='line_1_92' title="bbox 497 4711 2071 4783; baseline 0 -17"><span class='ocrx_word' id='word_1_664' title='bbox 497 4712 619 4766; x_wconf 81' lang='lat' dir='ltr'><strong>inde</strong></span> <span class='ocrx_word' id='word_1_665' title='bbox 638 4712 690 4765; x_wconf 93' lang='lat' dir='ltr'><strong>in</strong></span> <span class='ocrx_word' id='word_1_666' title='bbox 722 4712 948 4766; x_wconf 76' lang='lat' dir='ltr'><strong>Allizam</strong></span> <span class='ocrx_word' id='word_1_667' title='bbox 982 4728 1037 4766; x_wconf 90' lang='lat' dir='ltr'><strong>se</strong></span> <span class='ocrx_word' id='word_1_668' title='bbox 1064 4713 1411 4782; x_wconf 87' lang='lat' dir='ltr'><strong>recipientes.</strong></span> <span class='ocrx_word' id='word_1_669' title='bbox 1439 4721 1635 4783; x_wconf 89' lang='lat' dir='ltr'><strong>pontes</strong></span> <span class='ocrx_word' id='word_1_670' title='bbox 1658 4712 1798 4767; x_wconf 92' lang='lat' dir='ltr'><strong>duos</strong></span> <span class='ocrx_word' id='word_1_671' title='bbox 1825 4711 2071 4767; x_wconf 91' lang='lat' dir='ltr'><strong>succisos</strong></span> 
     </span>
    </p>
   </div>
   <div class='ocr_carea' id='block_1_92' title="bbox 495 4804 2071 4874">
    <p class='ocr_par' dir='ltr' id='par_1_92' title="bbox 495 4804 2071 4874">
     <span class='ocr_line' id='line_1_93' title="bbox 495 4804 2071 4874; baseline -0.001 -15"><span class='ocrx_word' id='word_1_672' title='bbox 495 4806 939 4866; x_wconf 86' lang='lat' dir='ltr'><strong>combussernnt,</strong></span> <span class='ocrx_word' id='word_1_673' title='bbox 974 4818 1042 4857; x_wconf 90' lang='lat' dir='ltr'><strong>ne</strong></span> <span class='ocrx_word' id='word_1_674' title='bbox 1095 4806 1243 4874; x_wconf 87' lang='lat' dir='ltr'><strong>ipsos</strong></span> <span class='ocrx_word' id='word_1_675' title='bbox 1295 4813 1679 4873; x_wconf 86' lang='lat' dir='ltr'><strong>assequeretnr</strong></span> <span class='ocrx_word' id='word_1_676' title='bbox 1730 4804 2071 4859; x_wconf 76' lang='lat' dir='ltr'><strong>Moliammed</strong></span> 
     </span>
    </p>
   </div>
   <div class='ocr_carea' id='block_1_93' title="bbox 496 4893 2075 4964">
    <p class='ocr_par' dir='ltr' id='par_1_93' title="bbox 496 4893 2075 4964">
     <span class='ocr_line' id='line_1_94' title="bbox 496 4893 2075 4964; baseline 0 -15"><span class='ocrx_word' id='word_1_677' title='bbox 496 4895 611 4949; x_wconf 79' lang='lat' dir='ltr'><strong>Elin</strong></span> <span class='ocrx_word' id='word_1_678' title='bbox 660 4896 743 4947; x_wconf 81' lang='lat' dir='ltr'><strong>Alt</strong></span> <span class='ocrx_word' id='word_1_679' title='bbox 807 4893 871 4947; x_wconf 78' lang='lat' dir='ltr'><strong>Al</strong></span> <span class='ocrx_word' id='word_1_680' title='bbox 923 4894 1124 4964; x_wconf 87' lang='lat' dir='ltr'><strong>Chalij.</strong></span> <span class='ocrx_word' id='word_1_681' title='bbox 1180 4895 1427 4964; x_wconf 86' lang='lat' dir='ltr'><strong>Cumque</strong></span> <span class='ocrx_word' id='word_1_682' title='bbox 1482 4896 1619 4951; x_wconf 90' lang='lat' dir='ltr'><strong>alias</strong></span> <span class='ocrx_word' id='word_1_683' title='bbox 1681 4896 1909 4950; x_wconf 90' lang='lat' dir='ltr'><strong>subinde</strong></span> <span class='ocrx_word' id='word_1_684' title='bbox 1968 4894 2075 4949; x_wconf 90' lang='lat' dir='ltr'><strong>alio</strong></span> 
     </span>
    </p>
   </div>
   <div class='ocr_carea' id='block_1_94' title="bbox 493 4984 2074 5059">
    <p class='ocr_par' dir='ltr' id='par_1_94' title="bbox 493 4984 2074 5059">
     <span class='ocr_line' id='line_1_95' title="bbox 493 4984 2074 5059; baseline -0.002 -17"><span class='ocrx_word' id='word_1_685' title='bbox 493 4984 857 5059; x_wconf 61' lang='grc'><strong>497-499</strong></span> <span class='ocrx_word' id='word_1_686' title='bbox 889 4988 1385 5057; x_wconf 81' lang='lat' dir='ltr'><strong>proficiscerentur,</strong></span> <span class='ocrx_word' id='word_1_687' title='bbox 1413 5004 1558 5041; x_wconf 87' lang='lat' dir='ltr'><strong>nunc</strong></span> <span class='ocrx_word' id='word_1_688' title='bbox 1587 4986 1641 5041; x_wconf 94' lang='lat' dir='ltr'><strong>in</strong></span> <span class='ocrx_word' id='word_1_689' title='bbox 1664 4986 2074 5051; x_wconf 85' lang='lat' dir='ltr'><strong>Alexandriam,</strong></span> 
     </span>
    </p>
   </div>
   <div class='ocr_carea' id='block_1_95' title="bbox 497 5076 2068 5143">
    <p class='ocr_par' dir='ltr' id='par_1_95' title="bbox 497 5076 2068 5143">
     <span class='ocr_line' id='line_1_96' title="bbox 497 5076 2068 5143; baseline -0.001 -13"><span class='ocrx_word' id='word_1_690' title='bbox 497 5085 628 5130; x_wconf 92' lang='lat' dir='ltr'><strong>tunc</strong></span> <span class='ocrx_word' id='word_1_691' title='bbox 661 5076 716 5129; x_wconf 94' lang='lat' dir='ltr'><strong>in</strong></span> <span class='ocrx_word' id='word_1_692' title='bbox 752 5077 819 5129; x_wconf 80' lang='lat' dir='ltr'><strong>Al</strong></span> <span class='ocrx_word' id='word_1_693' title='bbox 855 5076 1078 5131; x_wconf 83' lang='lat' dir='ltr'><strong>Saidum</strong></span> <span class='ocrx_word' id='word_1_694' title='bbox 1104 5118 1119 5143; x_wconf 94' lang='lat'><strong>,</strong></span> <span class='ocrx_word' id='word_1_695' title='bbox 1149 5078 1338 5134; x_wconf 86' lang='lat' dir='ltr'><strong>relicta</strong></span> <span class='ocrx_word' id='word_1_696' title='bbox 1367 5076 1469 5132; x_wconf 91' lang='lat' dir='ltr'><strong>fuit</strong></span> <span class='ocrx_word' id='word_1_697' title='bbox 1506 5080 1638 5132; x_wconf 85' lang='lat' dir='ltr'><strong>urbs</strong></span> <span class='ocrx_word' id='word_1_698' title='bbox 1676 5078 1904 5133; x_wconf 87' lang='lat' dir='ltr'><strong>Phostat</strong></span> <span class='ocrx_word' id='word_1_699' title='bbox 1947 5079 2068 5131; x_wconf 87' lang='lat' dir='ltr'><strong>sine</strong></span> 
     </span>
    </p>
   </div>
   <div class='ocr_carea' id='block_1_96' title="bbox 498 5167 2076 5239">
    <p class='ocr_par' dir='ltr' id='par_1_96' title="bbox 498 5167 2076 5239">
     <span class='ocr_line' id='line_1_97' title="bbox 498 5167 2076 5239; baseline 0.001 -16"><span class='ocrx_word' id='word_1_700' title='bbox 498 5167 833 5237; x_wconf 88' lang='lat' dir='ltr'><strong>imperatore</strong></span> <span class='ocrx_word' id='word_1_701' title='bbox 857 5208 872 5231; x_wconf 96' lang='lat'><strong>,</strong></span> <span class='ocrx_word' id='word_1_702' title='bbox 905 5170 1077 5223; x_wconf 91' lang='lat' dir='ltr'><strong>aliove</strong></span> <span class='ocrx_word' id='word_1_703' title='bbox 1108 5170 1365 5239; x_wconf 78' lang='lat' dir='ltr'><strong>quodam,</strong></span> <span class='ocrx_word' id='word_1_704' title='bbox 1393 5170 1882 5239; x_wconf 82' lang='lat' dir='ltr'><strong>custodiebantque</strong></span> <span class='ocrx_word' id='word_1_705' title='bbox 1916 5184 1944 5223; x_wconf 91' lang='lat' dir='ltr'><strong>e</strong></span> <span class='ocrx_word' id='word_1_706' title='bbox 1979 5183 2076 5238; x_wconf 90' lang='lat' dir='ltr'><strong>po-</strong></span> 
     </span>
    </p>
   </div>
   <div class='ocr_carea' id='block_1_97' title="bbox 498 5256 2078 5330">
    <p class='ocr_par' dir='ltr' id='par_1_97' title="bbox 498 5256 2078 5330">
     <span class='ocr_line' id='line_1_98' title="bbox 498 5256 2078 5330; baseline 0 -18"><span class='ocrx_word' id='word_1_707' title='bbox 498 5259 629 5328; x_wconf 84' lang='lat' dir='ltr'><strong>pqu</strong></span> <span class='ocrx_word' id='word_1_708' title='bbox 657 5256 746 5311; x_wconf 88' lang='lat' dir='ltr'><strong>alii</strong></span> <span class='ocrx_word' id='word_1_709' title='bbox 774 5259 912 5313; x_wconf 85' lang='lat' dir='ltr'><strong>alios</strong></span> <span class='ocrx_word' id='word_1_710' title='bbox 941 5274 1036 5326; x_wconf 88' lang='lat' dir='ltr'><strong>per</strong></span> <span class='ocrx_word' id='word_1_711' title='bbox 1065 5262 1310 5330; x_wconf 88' lang='lat' dir='ltr'><strong>quinque</strong></span> <span class='ocrx_word' id='word_1_712' title='bbox 1342 5261 1479 5314; x_wconf 84' lang='lat' dir='ltr'><strong>dies.</strong></span> <span class='ocrx_word' id='word_1_713' title='bbox 1511 5259 1649 5314; x_wconf 89' lang='lat' dir='ltr'><strong>Tum</strong></span> <span class='ocrx_word' id='word_1_714' title='bbox 1700 5260 1888 5314; x_wconf 89' lang='lat' dir='ltr'><strong>urbem</strong></span> <span class='ocrx_word' id='word_1_715' title='bbox 1917 5258 2078 5315; x_wconf 82' lang='lat' dir='ltr'><strong>Mesri</strong></span> 
     </span>
    </p>
   </div>
   <div class='ocr_carea' id='block_1_98' title="bbox 499 5348 2080 5420">
    <p class='ocr_par' dir='ltr' id='par_1_98' title="bbox 499 5348 2080 5420">
     <span class='ocr_line' id='line_1_99' title="bbox 499 5348 2080 5420; baseline 0.002 -17"><span class='ocrx_word' id='word_1_716' title='bbox 499 5348 790 5418; x_wconf 89' lang='lat' dir='ltr'><strong>ingressus</strong></span> <span class='ocrx_word' id='word_1_717' title='bbox 829 5359 914 5405; x_wconf 92' lang='lat' dir='ltr'><strong>est</strong></span> <span class='ocrx_word' id='word_1_718' title='bbox 942 5349 1282 5406; x_wconf 87' lang='lat' dir='ltr'><strong>Mohammed</strong></span> <span class='ocrx_word' id='word_1_719' title='bbox 1330 5351 1447 5407; x_wconf 89' lang='lat' dir='ltr'><strong>Ebn</strong></span> <span class='ocrx_word' id='word_1_720' title='bbox 1481 5352 1563 5406; x_wconf 86' lang='lat' dir='ltr'><strong>Ali</strong></span> <span class='ocrx_word' id='word_1_721' title='bbox 1596 5350 1775 5420; x_wconf 88' lang='lat' dir='ltr'><strong>Chalij</strong></span> <span class='ocrx_word' id='word_1_722' title='bbox 1808 5352 1895 5405; x_wconf 86' lang='lat' dir='ltr'><strong>die</strong></span> <span class='ocrx_word' id='word_1_723' title='bbox 1931 5349 2080 5406; x_wconf 86' lang='lat' dir='ltr'><strong>Jovis</strong></span> 
     </span>
    </p>
   </div>
   <div class='ocr_carea' id='block_1_99' title="bbox 499 5440 2079 5512">
    <p class='ocr_par' dir='ltr' id='par_1_99' title="bbox 499 5440 2079 5512">
     <span class='ocr_line' id='line_1_100' title="bbox 499 5440 2079 5512; baseline 0 -15"><span class='ocrx_word' id='word_1_724' title='bbox 499 5440 717 5497; x_wconf 73' lang='lat' dir='ltr'><strong>decimo</strong></span> <span class='ocrx_word' id='word_1_725' title='bbox 774 5451 974 5512; x_wconf 84' lang='lat' dir='ltr'><strong>quarto</strong></span> <span class='ocrx_word' id='word_1_726' title='bbox 1014 5452 1140 5496; x_wconf 88' lang='lat' dir='ltr'><strong>ante</strong></span> <span class='ocrx_word' id='word_1_727' title='bbox 1194 5442 1404 5497; x_wconf 82' lang='lat' dir='ltr'><strong>finitum</strong></span> <span class='ocrx_word' id='word_1_728' title='bbox 1454 5458 1693 5498; x_wconf 91' lang='lat' dir='ltr'><strong>mensem</strong></span> <span class='ocrx_word' id='word_1_729' title='bbox 1745 5442 1827 5497; x_wconf 79' lang='lat' dir='ltr'><strong>Dil</strong></span> <span class='ocrx_word' id='word_1_730' title='bbox 1857 5443 2079 5508; x_wconf 71' lang='lat' dir='ltr'><strong>Kaadze,</strong></span> 
     </span>
    </p>
   </div>
   <div class='ocr_carea' id='block_1_100' title="bbox 2172 4421 3750 4493">
    <p class='ocr_par' dir='ltr' id='par_1_100' title="bbox 2172 4421 3750 4493">
     <span class='ocr_line' id='line_1_101' title="bbox 2172 4421 3750 4493; baseline -0.002 -14"><span class='ocrx_word' id='word_1_731' title='bbox 2172 4436 2358 4490; x_wconf 82' lang='lat' dir='ltr'><strong>sexto;</strong></span> <span class='ocrx_word' id='word_1_732' title='bbox 2397 4434 2508 4479; x_wconf 90' lang='lat' dir='ltr'><strong>tum</strong></span> <span class='ocrx_word' id='word_1_733' title='bbox 2545 4425 2610 4479; x_wconf 87' lang='lat' dir='ltr'><strong>ad</strong></span> <span class='ocrx_word' id='word_1_734' title='bbox 2646 4424 2893 4479; x_wconf 77' lang='lat' dir='ltr'><strong>Ramlam</strong></span> <span class='ocrx_word' id='word_1_735' title='bbox 2951 4422 3248 4492; x_wconf 85' lang='lat' dir='ltr'><strong>profectus,</strong></span> <span class='ocrx_word' id='word_1_736' title='bbox 3292 4421 3645 4493; x_wconf 77' lang='lat'><strong>501-503</strong></span> <span class='ocrx_word' id='word_1_737' title='bbox 3677 4421 3750 4476; x_wconf 90' lang='lat' dir='ltr'><strong>ibi</strong></span> 
     </span>
    </p>
   </div>
   <div class='ocr_carea' id='block_1_101' title="bbox 2174 4514 3751 4573">
    <p class='ocr_par' dir='ltr' id='par_1_101' title="bbox 2174 4514 3751 4573">
     <span class='ocr_line' id='line_1_102' title="bbox 2174 4514 3751 4573; baseline -0.003 -1"><span class='ocrx_word' id='word_1_738' title='bbox 2174 4519 2347 4572; x_wconf 81' lang='lat' dir='ltr'><strong>donec</strong></span> <span class='ocrx_word' id='word_1_739' title='bbox 2399 4518 2541 4573; x_wconf 87' lang='lat' dir='ltr'><strong>diem</strong></span> <span class='ocrx_word' id='word_1_740' title='bbox 2600 4517 2781 4573; x_wconf 91' lang='lat' dir='ltr'><strong>obiret</strong></span> <span class='ocrx_word' id='word_1_741' title='bbox 2830 4531 2891 4571; x_wconf 90' lang='lat' dir='ltr'><strong>se</strong></span> <span class='ocrx_word' id='word_1_742' title='bbox 2944 4517 3235 4571; x_wconf 84' lang='lat' dir='ltr'><strong>continuit.</strong></span> <span class='ocrx_word' id='word_1_743' title='bbox 3306 4517 3425 4571; x_wconf 70' lang='lat' dir='ltr'><strong>Abu</strong></span> <span class='ocrx_word' id='word_1_744' title='bbox 3486 4514 3751 4569; x_wconf 86' lang='lat' dir='ltr'><strong>Abdollab</strong></span> 
     </span>
    </p>
   </div>
   <div class='ocr_carea' id='block_1_102' title="bbox 2172 4608 3753 4679">
    <p class='ocr_par' dir='ltr' id='par_1_102' title="bbox 2172 4608 3753 4679">
     <span class='ocr_line' id='line_1_103' title="bbox 2172 4608 3753 4679; baseline -0.004 -13"><span class='ocrx_word' id='word_1_745' title='bbox 2172 4611 2526 4667; x_wconf 79' lang='lat' dir='ltr'><strong>Almohtaseb</strong></span> <span class='ocrx_word' id='word_1_746' title='bbox 2596 4625 2747 4676; x_wconf 87' lang='lat' dir='ltr'><strong>vero,</strong></span> <span class='ocrx_word' id='word_1_747' title='bbox 2808 4609 2899 4679; x_wconf 91' lang='lat' dir='ltr'><strong>qui</strong></span> <span class='ocrx_word' id='word_1_748' title='bbox 2971 4609 3025 4663; x_wconf 95' lang='lat' dir='ltr'><strong>in</strong></span> <span class='ocrx_word' id='word_1_749' title='bbox 3094 4608 3384 4663; x_wconf 91' lang='lat' dir='ltr'><strong>occidente</strong></span> <span class='ocrx_word' id='word_1_750' title='bbox 3445 4608 3753 4668; x_wconf 88' lang='lat' dir='ltr'><strong>rebellavit,</strong></span> 
     </span>
    </p>
   </div>
   <div class='ocr_carea' id='block_1_103' title="bbox 2172 4700 3754 4774">
    <p class='ocr_par' dir='ltr' id='par_1_103' title="bbox 2172 4700 3754 4774">
     <span class='ocr_line' id='line_1_104' title="bbox 2172 4700 3754 4774; baseline -0.003 -16"><span class='ocrx_word' id='word_1_751' title='bbox 2172 4705 2461 4774; x_wconf 83' lang='lat' dir='ltr'><strong>quemdam</strong></span> <span class='ocrx_word' id='word_1_752' title='bbox 2513 4703 2605 4773; x_wconf 91' lang='lat' dir='ltr'><strong>qui</strong></span> <span class='ocrx_word' id='word_1_753' title='bbox 2668 4717 2729 4757; x_wconf 91' lang='lat' dir='ltr'><strong>se</strong></span> <span class='ocrx_word' id='word_1_754' title='bbox 2797 4702 3074 4756; x_wconf 81' lang='lat' dir='ltr'><strong>Aliensem</strong></span> <span class='ocrx_word' id='word_1_755' title='bbox 3136 4701 3475 4771; x_wconf 67' lang='lat' dir='ltr'><strong>praedicavit,</strong></span> <span class='ocrx_word' id='word_1_756' title='bbox 3535 4700 3754 4754; x_wconf 87' lang='lat' dir='ltr'><strong>nomine</strong></span> 
     </span>
    </p>
   </div>
   <div class='ocr_carea' id='block_1_104' title="bbox 2166 4790 3755 4862">
    <p class='ocr_par' dir='ltr' id='par_1_104' title="bbox 2166 4790 3755 4862">
     <span class='ocr_line' id='line_1_105' title="bbox 2166 4790 3755 4862; baseline -0.005 -10"><span class='ocrx_word' id='word_1_757' title='bbox 2166 4796 2491 4853; x_wconf 71' lang='lat' dir='ltr'><strong>‘Obaidallah</strong></span> <span class='ocrx_word' id='word_1_758' title='bbox 2541 4799 2882 4862; x_wconf 83' lang='lat' dir='ltr'><strong>assumptum</strong></span> <span class='ocrx_word' id='word_1_759' title='bbox 2915 4792 2967 4846; x_wconf 92' lang='lat' dir='ltr'><strong>in</strong></span> <span class='ocrx_word' id='word_1_760' title='bbox 3001 4792 3141 4847; x_wconf 91' lang='lat' dir='ltr'><strong>solio</strong></span> <span class='ocrx_word' id='word_1_761' title='bbox 3188 4792 3494 4856; x_wconf 89' lang='lat' dir='ltr'><strong>collocavit,</strong></span> <span class='ocrx_word' id='word_1_762' title='bbox 3545 4790 3755 4858; x_wconf 87' lang='lat' dir='ltr'><strong>fideque</strong></span> 
     </span>
    </p>
   </div>
   <div class='ocr_carea' id='block_1_105' title="bbox 2175 4882 3756 4958">
    <p class='ocr_par' dir='ltr' id='par_1_105' title="bbox 2175 4882 3756 4958">
     <span class='ocr_line' id='line_1_106' title="bbox 2175 4882 3756 4958; baseline -0.006 -14"><span class='ocrx_word' id='word_1_763' title='bbox 2175 4890 2249 4944; x_wconf 91' lang='lat' dir='ltr'><strong>illi</strong></span> <span class='ocrx_word' id='word_1_764' title='bbox 2281 4891 2404 4942; x_wconf 88' lang='lat' dir='ltr'><strong>data</strong></span> <span class='ocrx_word' id='word_1_765' title='bbox 2448 4884 2749 4958; x_wconf 74' lang='lat' dir='ltr'><strong>[homines]</strong></span> <span class='ocrx_word' id='word_1_766' title='bbox 2807 4884 2874 4937; x_wconf 92' lang='lat' dir='ltr'><strong>ad</strong></span> <span class='ocrx_word' id='word_1_767' title='bbox 2916 4884 3089 4954; x_wconf 92' lang='lat' dir='ltr'><strong>ipsius</strong></span> <span class='ocrx_word' id='word_1_768' title='bbox 3124 4885 3448 4952; x_wconf 83' lang='lat' dir='ltr'><strong>obsequium</strong></span> <span class='ocrx_word' id='word_1_769' title='bbox 3484 4882 3756 4936; x_wconf 88' lang='lat' dir='ltr'><strong>invitavit.</strong></span> 
     </span>
    </p>
   </div>
   <div class='ocr_carea' id='block_1_106' title="bbox 2174 4960 3756 5038">
    <p class='ocr_par' dir='ltr' id='par_1_106' title="bbox 2174 4960 3756 5038">
     <span class='ocr_line' id='line_1_107' title="bbox 2174 4960 3756 5038; baseline -0.006 -1"><span class='ocrx_word' id='word_1_770' title='bbox 2174 4982 2260 5038; x_wconf 70' lang='lat' dir='ltr'><strong>sn</strong></span> <span class='ocrx_word' id='word_1_771' title='bbox 2292 4960 2610 5037; x_wconf 80' lang='lat' dir='ltr'><strong>Obaidallali</strong></span> <span class='ocrx_word' id='word_1_772' title='bbox 2669 4994 2797 5034; x_wconf 87' lang='lat' dir='ltr'><strong>vero</strong></span> <span class='ocrx_word' id='word_1_773' title='bbox 2832 4978 2950 5032; x_wconf 84' lang='lat' dir='ltr'><strong>Abu</strong></span> <span class='ocrx_word' id='word_1_774' title='bbox 3008 4976 3373 5033; x_wconf 80' lang='lat' dir='ltr'><strong>Abdollahum</strong></span> <span class='ocrx_word' id='word_1_775' title='bbox 3408 4974 3756 5030; x_wconf 79' lang='lat' dir='ltr'><strong>AlMohtaseb</strong></span> 
     </span>
    </p>
   </div>
   <div class='ocr_carea' id='block_1_107' title="bbox 2178 5067 3753 5145">
    <p class='ocr_par' dir='ltr' id='par_1_107' title="bbox 2178 5067 3753 5145">
     <span class='ocr_line' id='line_1_108' title="bbox 2178 5067 3753 5145; baseline -0.01 -13"><span class='ocrx_word' id='word_1_776' title='bbox 2178 5078 2406 5132; x_wconf 86' lang='lat' dir='ltr'><strong>adortus</strong></span> <span class='ocrx_word' id='word_1_777' title='bbox 2464 5075 2642 5145; x_wconf 84' lang='lat' dir='ltr'><strong>ipsum</strong></span> <span class='ocrx_word' id='word_1_778' title='bbox 2694 5070 2995 5136; x_wconf 89' lang='lat' dir='ltr'><strong>interfecit,</strong></span> <span class='ocrx_word' id='word_1_779' title='bbox 3060 5080 3225 5141; x_wconf 89' lang='lat' dir='ltr'><strong>atque</strong></span> <span class='ocrx_word' id='word_1_780' title='bbox 3259 5071 3376 5140; x_wconf 90' lang='lat' dir='ltr'><strong>ipse</strong></span> <span class='ocrx_word' id='word_1_781' title='bbox 3410 5067 3753 5123; x_wconf 88' lang='lat' dir='ltr'><strong>occidentem</strong></span> 
     </span>
    </p>
   </div>
   <div class='ocr_carea' id='block_1_108' title="bbox 2178 5158 3755 5236">
    <p class='ocr_par' dir='ltr' id='par_1_108' title="bbox 2178 5158 3755 5236">
     <span class='ocr_line' id='line_1_109' title="bbox 2178 5158 3755 5236; baseline -0.009 -15"><span class='ocrx_word' id='word_1_782' title='bbox 2178 5165 2489 5236; x_wconf 89' lang='lat' dir='ltr'><strong>occupavit,</strong></span> <span class='ocrx_word' id='word_1_783' title='bbox 2531 5178 2676 5217; x_wconf 80' lang='lat' dir='ltr'><strong>anno</strong></span> <span class='ocrx_word' id='word_1_784' title='bbox 2730 5160 3112 5216; x_wconf 90' lang='lat' dir='ltr'><strong>ducentesimo</strong></span> <span class='ocrx_word' id='word_1_785' title='bbox 3151 5158 3507 5229; x_wconf 85' lang='lat' dir='ltr'><strong>nonagesimo</strong></span> <span class='ocrx_word' id='word_1_786' title='bbox 3538 5165 3755 5211; x_wconf 84' lang='lat' dir='ltr'><strong>octavo.</strong></span> 
     </span>
    </p>
   </div>
   <div class='ocr_carea' id='block_1_109' title="bbox 2179 5246 3758 5320">
    <p class='ocr_par' dir='ltr' id='par_1_109' title="bbox 2179 5246 3758 5320">
     <span class='ocr_line' id='line_1_110' title="bbox 2179 5246 3758 5320; baseline -0.009 -7"><span class='ocrx_word' id='word_1_787' title='bbox 2179 5259 2349 5313; x_wconf 78' lang='lat' dir='ltr'><strong>l’orro</strong></span> <span class='ocrx_word' id='word_1_788' title='bbox 2407 5255 2793 5320; x_wconf 76' lang='lat' dir='ltr'><strong>AlMoktader,</strong></span> <span class='ocrx_word' id='word_1_789' title='bbox 2858 5254 2943 5308; x_wconf 83' lang='lat' dir='ltr'><strong>Ali</strong></span> <span class='ocrx_word' id='word_1_790' title='bbox 3002 5254 3116 5308; x_wconf 81' lang='lat' dir='ltr'><strong>Ebn</strong></span> <span class='ocrx_word' id='word_1_791' title='bbox 3176 5248 3523 5305; x_wconf 78' lang='lat' dir='ltr'><strong>Mobammed</strong></span> <span class='ocrx_word' id='word_1_792' title='bbox 3584 5246 3758 5301; x_wconf 87' lang='lat' dir='ltr'><strong>Ebnol</strong></span> 
     </span>
    </p>
   </div>
   <div class='ocr_carea' id='block_1_110' title="bbox 2179 5337 3757 5415">
    <p class='ocr_par' dir='ltr' id='par_1_110' title="bbox 2179 5337 3757 5415">
     <span class='ocr_line' id='line_1_111' title="bbox 2179 5337 3757 5415; baseline -0.01 -11"><span class='ocrx_word' id='word_1_793' title='bbox 2179 5350 2417 5404; x_wconf 85' lang='lat' dir='ltr'><strong>Phorato</strong></span> <span class='ocrx_word' id='word_1_794' title='bbox 2448 5347 2645 5414; x_wconf 90' lang='lat' dir='ltr'><strong>iratus,</strong></span> <span class='ocrx_word' id='word_1_795' title='bbox 2678 5361 2870 5402; x_wconf 90' lang='lat' dir='ltr'><strong>mense</strong></span> <span class='ocrx_word' id='word_1_796' title='bbox 2901 5343 3180 5415; x_wconf 65' lang='lat' dir='ltr'><strong>Diiiiajjze,</strong></span> <span class='ocrx_word' id='word_1_797' title='bbox 3208 5356 3353 5396; x_wconf 88' lang='lat' dir='ltr'><strong>anno</strong></span> <span class='ocrx_word' id='word_1_798' title='bbox 3376 5337 3757 5396; x_wconf 88' lang='lat' dir='ltr'><strong>ducentesimo</strong></span> 
     </span>
    </p>
   </div>
   <div class='ocr_carea' id='block_1_111' title="bbox 2182 5429 3758 5513">
    <p class='ocr_par' dir='ltr' id='par_1_111' title="bbox 2182 5429 3758 5513">
     <span class='ocr_line' id='line_1_112' title="bbox 2182 5429 3758 5513; baseline -0.01 -16"><span class='ocrx_word' id='word_1_799' title='bbox 2182 5445 2535 5513; x_wconf 88' lang='lat' dir='ltr'><strong>nonagesimo</strong></span> <span class='ocrx_word' id='word_1_800' title='bbox 2587 5456 2756 5508; x_wconf 91' lang='lat' dir='ltr'><strong>nono,</strong></span> <span class='ocrx_word' id='word_1_801' title='bbox 2810 5439 2989 5509; x_wconf 91' lang='lat' dir='ltr'><strong>ipsum</strong></span> <span class='ocrx_word' id='word_1_802' title='bbox 3058 5438 3114 5492; x_wconf 92' lang='lat' dir='ltr'><strong>in</strong></span> <span class='ocrx_word' id='word_1_803' title='bbox 3166 5448 3444 5492; x_wconf 86' lang='lat' dir='ltr'><strong>carcerem</strong></span> <span class='ocrx_word' id='word_1_804' title='bbox 3502 5429 3758 5499; x_wconf 74' lang='lat' dir='ltr'><strong>coniecit,</strong></span> 
     </span>
    </p>
   </div>
   <div class='ocr_carea' id='block_1_112' title="bbox 504 5522 3759 5606">
    <p class='ocr_par' dir='ltr' id='par_1_112' title="bbox 504 5522 3759 5606">
     <span class='ocr_line' id='line_1_113' title="bbox 504 5522 3759 5606; baseline -0.004 -17"><span class='ocrx_word' id='word_1_805' title='bbox 504 5550 650 5592; x_wconf 83' lang='lat' dir='ltr'><strong>anno</strong></span> <span class='ocrx_word' id='word_1_806' title='bbox 673 5533 1055 5592; x_wconf 82' lang='lat' dir='ltr'><strong>ducentesimo</strong></span> <span class='ocrx_word' id='word_1_807' title='bbox 1080 5538 1433 5606; x_wconf 87' lang='lat' dir='ltr'><strong>nonagesimo</strong></span> <span class='ocrx_word' id='word_1_808' title='bbox 1454 5538 1719 5599; x_wconf 86' lang='lat' dir='ltr'><strong>secundo,</strong></span> <span class='ocrx_word' id='word_1_809' title='bbox 1747 5536 1932 5605; x_wconf 90' lang='lat' dir='ltr'><strong>ibique</strong></span> <span class='ocrx_word' id='word_1_810' title='bbox 1958 5544 2083 5591; x_wconf 92' lang='lat' dir='ltr'><strong>octo</strong></span> <span class='ocrx_word' id='word_1_811' title='bbox 2184 5536 2501 5591; x_wconf 88' lang='lat' dir='ltr'><strong>consiliario</strong></span> <span class='ocrx_word' id='word_1_812' title='bbox 2531 5534 2635 5589; x_wconf 90' lang='lat' dir='ltr'><strong>sibi</strong></span> <span class='ocrx_word' id='word_1_813' title='bbox 2666 5534 2969 5589; x_wconf 90' lang='lat' dir='ltr'><strong>constituto</strong></span> <span class='ocrx_word' id='word_1_814' title='bbox 3000 5529 3382 5585; x_wconf 82' lang='lat' dir='ltr'><strong>Mohammede</strong></span> <span class='ocrx_word' id='word_1_815' title='bbox 3418 5526 3530 5581; x_wconf 84' lang='lat' dir='ltr'><strong>Ebn</strong></span> <span class='ocrx_word' id='word_1_816' title='bbox 3561 5522 3759 5577; x_wconf 79' lang='lat' dir='ltr'><strong>Abdol-</strong></span> 
     </span>
    </p>
   </div>
   <div class='ocr_carea' id='block_1_113' title="bbox 504 5629 2074 5700">
    <p class='ocr_par' dir='ltr' id='par_1_113' title="bbox 504 5629 2074 5700">
     <span class='ocr_line' id='line_1_114' title="bbox 504 5629 2074 5700; baseline -0.001 -16"><span class='ocrx_word' id='word_1_817' title='bbox 504 5642 726 5685; x_wconf 85' lang='lat' dir='ltr'><strong>menses</strong></span> <span class='ocrx_word' id='word_1_818' title='bbox 759 5629 1026 5695; x_wconf 87' lang='lat' dir='ltr'><strong>substitit,</strong></span> <span class='ocrx_word' id='word_1_819' title='bbox 1069 5645 1202 5699; x_wconf 89' lang='lat' dir='ltr'><strong>opes</strong></span> <span class='ocrx_word' id='word_1_820' title='bbox 1239 5629 1536 5699; x_wconf 82' lang='lat' dir='ltr'><strong>colligens;</strong></span> <span class='ocrx_word' id='word_1_821' title='bbox 1568 5634 1846 5700; x_wconf 84' lang='lat' dir='ltr'><strong>crevitque</strong></span> <span class='ocrx_word' id='word_1_822' title='bbox 1880 5644 2074 5699; x_wconf 82' lang='lat' dir='ltr'><strong>peten-</strong></span> 
     </span>
    </p>
   </div>
   <div class='ocr_carea' id='block_1_114' title="bbox 507 5718 2068 5793">
    <p class='ocr_par' dir='ltr' id='par_1_114' title="bbox 507 5718 2068 5793">
     <span class='ocr_line' id='line_1_115' title="bbox 507 5718 2068 5793; baseline 0.001 -18"><span class='ocrx_word' id='word_1_823' title='bbox 507 5718 583 5776; x_wconf 78' lang='lat' dir='ltr'><strong>tia</strong></span> <span class='ocrx_word' id='word_1_824' title='bbox 608 5720 799 5791; x_wconf 84' lang='lat' dir='ltr'><strong>ipsius.</strong></span> <span class='ocrx_word' id='word_1_825' title='bbox 820 5720 958 5777; x_wconf 90' lang='lat' dir='ltr'><strong>Tum</strong></span> <span class='ocrx_word' id='word_1_826' title='bbox 990 5722 1410 5776; x_wconf 81' lang='lat' dir='ltr'><strong>adventantibus</strong></span> <span class='ocrx_word' id='word_1_827' title='bbox 1436 5722 1713 5777; x_wconf 69' lang='lat' dir='ltr'><strong>Aliloctnfi</strong></span> <span class='ocrx_word' id='word_1_828' title='bbox 1744 5724 1915 5793; x_wconf 75' lang='lat' dir='ltr'><strong>copiis</strong></span> <span class='ocrx_word' id='word_1_829' title='bbox 1942 5737 2068 5777; x_wconf 88' lang='lat' dir='ltr'><strong>cum</strong></span> 
     </span>
    </p>
   </div>
   <div class='ocr_carea' id='block_1_115' title="bbox 2194 5623 3757 5700">
    <p class='ocr_par' dir='ltr' id='par_1_115' title="bbox 2194 5623 3757 5700">
     <span class='ocr_line' id='line_1_116' title="bbox 2194 5623 3757 5700; baseline -0.012 -17"><span class='ocrx_word' id='word_1_830' title='bbox 2194 5628 2325 5694; x_wconf 76' lang='lat' dir='ltr'><strong>inhi,</strong></span> <span class='ocrx_word' id='word_1_831' title='bbox 2361 5628 2475 5683; x_wconf 85' lang='lat' dir='ltr'><strong>Ebn</strong></span> <span class='ocrx_word' id='word_1_832' title='bbox 2503 5626 2721 5700; x_wconf 77' lang='lat' dir='ltr'><strong>Yabyze,</strong></span> <span class='ocrx_word' id='word_1_833' title='bbox 2754 5627 2871 5681; x_wconf 87' lang='lat' dir='ltr'><strong>Ebn</strong></span> <span class='ocrx_word' id='word_1_834' title='bbox 2901 5624 3182 5691; x_wconf 84' lang='lat' dir='ltr'><strong>Chakano,</strong></span> <span class='ocrx_word' id='word_1_835' title='bbox 3214 5623 3305 5693; x_wconf 87' lang='lat' dir='ltr'><strong>qui</strong></span> <span class='ocrx_word' id='word_1_836' title='bbox 3340 5625 3757 5689; x_wconf 86' lang='lat' dir='ltr'><strong>cognomentum</strong></span> 
     </span>
    </p>
   </div>
   <div class='ocr_carea' id='block_1_116' title="bbox 2188 5716 3762 5784">
    <p class='ocr_par' dir='ltr' id='par_1_116' title="bbox 2188 5716 3762 5784">
     <span class='ocr_line' id='line_1_117' title="bbox 2188 5716 3762 5784; baseline -0.011 -8"><span class='ocrx_word' id='word_1_837' title='bbox 2188 5721 2378 5777; x_wconf 80' lang='lat' dir='ltr'><strong>habuit</strong></span> <span class='ocrx_word' id='word_1_838' title='bbox 2434 5719 2615 5776; x_wconf 77' lang='lat' dir='ltr'><strong>Daltka</strong></span> <span class='ocrx_word' id='word_1_839' title='bbox 2669 5720 2913 5776; x_wconf 87' lang='lat' dir='ltr'><strong>Sedraho</strong></span> <span class='ocrx_word' id='word_1_840' title='bbox 2952 5716 3204 5784; x_wconf 75' lang='lat' dir='ltr'><strong>[pulsans</strong></span> <span class='ocrx_word' id='word_1_841' title='bbox 3272 5723 3495 5781; x_wconf 67' lang='lat' dir='ltr'><strong>pertus,</strong></span> <span class='ocrx_word' id='word_1_842' title='bbox 3570 5721 3762 5772; x_wconf 87' lang='lat' dir='ltr'><strong>nempe</strong></span> 
     </span>
    </p>
   </div>
  </div>
