4116 6408
398 342 534 406 1149

1833 344 1930 405 AN
1934 344 2199 407 NALES.

3521 347 3658 415 1150

396 457 539 523 quod
578 472 701 511 cum
739 456 862 526 quis
893 457 962 511 ab
992 471 1058 512 eo
1109 456 1315 527 aliquid
1355 467 1560 528 peteret
1609 466 1803 529 pectus
1858 458 1962 514 sibi
1996 459 2045 520 Α
2075 459 2407 516 instructum
2448 459 2716 514 exercitu.
2749 458 2943 515 Castra
2972 459 3139 530 igitur
3166 470 3472 529 posuerunt
3495 476 3654 516 exer-

395 549 614 616 pulsarc
644 549 846 603 soleret
902 561 966 603 ac
990 547 1207 604 dicere:
1269 546 1403 615 lmo,
1458 549 1704 607 exhibito
1736 550 1830 606 tibi
1873 550 1973 605 ho-

394 649 552 692 nore.
584 634 744 692 Anno
770 637 1065 694 chaliiatus
1097 637 1468 695 AlMoktaderi
1502 640 1665 696 tertio
1697 636 1975 696 constitu-

393 734 485 782 tus
514 736 601 783 est
633 727 742 784 Leo
779 730 1091 798 patriarcha
1122 727 1676 801 Hierosolymitanus,
1728 730 1821 800 qui
1876 745 1975 783 an-

393 831 501 891 nos
530 818 918 885 septemdecim
947 818 1110 883 sedit,
1156 818 1285 873 dein
1322 825 1575 873 mortuus
1606 824 1711 872 est.
1742 815 1886 883 Quin
1918 824 1972 870 et

393 907 753 976 conﬂagravit
786 907 1134 963 Alexandria:
1182 909 1417 964 ecclesia
1453 923 1652 978 magna
1702 922 1824 978 qua:
1879 907 1972 959 Al-

392 999 645 1055 Kaisaria
708 999 996 1072 [Caesaris]
1040 1000 1311 1069 appellata
1342 1010 1450 1065 est,
1484 1000 1857 1070 templumque
1891 998 1977 1053 fu-

392 1097 513 1146 erat
553 1089 700 1158 quod
751 1090 1042 1159 Cleopatra
1094 1089 1285 1159 regina
1333 1088 1575 1144 Saturno
1613 1102 1831 1144 sacrum
1883 1104 1978 1142 ex-

390 1191 692 1246 struxerat,
744 1181 831 1237 die
865 1181 1029 1245 lunae,
1062 1181 1228 1236 tertio
1268 1181 1474 1237 mensis
1515 1180 1776 1246 Shawali,
1812 1195 1957 1235 anno

394 1273 808 1329 trecentesimo.
1014 1348 1017 1353 ν

462 1364 542 1419 Εο
584 1380 729 1421 anno
766 1379 955 1421 mense
1001 1362 1173 1420 Rabia
1218 1364 1525 1435 posteriore
1577 1365 1733 1421 misit
1772 1365 1971 1423 Obaid-

396 1457 543 1513 allali
589 1457 880 1527 quemdam
914 1471 945 1513 e
987 1455 1224 1512 ducibus
1256 1457 1393 1521 suis,
1442 1457 1665 1513 nomine
1694 1454 1969 1522 Habbasa,

394 1547 583 1602 multis
612 1548 941 1603 instructum
976 1548 1172 1617 copiis,
1209 1551 1301 1620 qui
1333 1549 1562 1605 Barkam
1600 1553 1782 1622 cepit;
1817 1560 1967 1621 terga

392 1640 471 1695 illi
524 1639 783 1698 dantibus
818 1640 880 1698 Al
929 1638 1250 1703 Moktaderi,
1297 1642 1393 1710 qui
1425 1642 1498 1698 ibi
1544 1651 1705 1699 erant
1768 1643 1963 1713 cepiis.

390 1731 555 1805 505
577 1732 715 1787 Tum
740 1735 1128 1792 Alexandriam
1159 1738 1461 1809 profectum
1490 1752 1671 1808 pugna
1700 1738 1771 1794 ibi
1800 1753 1958 1794 exce-

336 1880 345 1887 ,
391 1832 591 1894 perunt
607 1826 669 1880 Al
693 1825 986 1883 Mokalderi
1008 1806 1306 1896 exercitus,
1333 1806 1534 1900 quibus
1558 1806 1610 1884 in
1641 1829 1821 1900 ﬁngam
1852 1845 1973 1885 ver-
2002 1806 2044 1863 Β

393 1917 475 1971 sis
503 1916 891 1972 Alexandriam
923 1922 1085 1987 cepit.
1115 1920 1259 1977 Misit
1283 1923 1447 1977 etiam
1472 1939 1504 1977 e
1530 1922 1644 1977 suis
1668 1921 1967 1979 exercitum

388 2010 677 2080 quemdam
728 2011 792 2065 Al
839 2010 1180 2082 Phayumum
1214 2023 1268 2068 et
1316 2015 1379 2068 Al
1412 2014 1721 2070 Bahnasam
1768 2029 1972 2085 easque

384 2102 558 2173 cepit.
614 2100 786 2167 Cujus
842 2102 918 2156 rei
972 2118 1093 2157 cum
1146 2120 1244 2172 per
1290 2105 1505 2162 litteras
1549 2104 1967 2162 Obaidallahnm

389 2190 682 2246 certiorem
732 2191 978 2256 recessit,
1027 2193 1176 2247 misit
1206 2193 1321 2263 ipse
1351 2194 1419 2251 ad
1452 2210 1575 2251 eum
1607 2195 1777 2250 lilium
1807 2211 1967 2250 suum

385 2281 815 2338 Abulkasemum
865 2284 953 2351 (in
1007 2284 1114 2337 alio
1158 2286 1453 2355 exemplari
1514 2288 1712 2343 dicitur
1751 2287 1968 2344 Ahdor-

394 2374 746 2436 raltmanum,
779 2390 904 2427 cum
932 2374 1178 2431 exercitu
1209 2391 1405 2448 magno
1427 2378 1483 2433 in
1517 2380 1793 2448 suppetias
1820 2381 1968 2435 Hab-

393 2464 594 2532 basae).
635 2463 756 2518 Fuit
791 2472 973 2518 autem
1022 2467 1310 2536 praefectus
1340 2466 1559 2539 Egypti
1595 2462 1969 2526 Taccin‘Cba-

392 2555 650 2620 seleusis,
701 2556 764 2609 ad
819 2572 976 2624 quem
1041 2557 1189 2612 misit
1218 2558 1280 2615 AI
1336 2558 1616 2616 Maktader
1662 2564 1725 2616 ΑΙ
1768 2563 1965 2619 Kasem

389 2646 506 2702 Ebn
557 2647 743 2712 Sama,
778 2663 884 2701 una
912 2664 1037 2701 cum
1071 2649 1306 2707 ducibus
1337 2651 1576 2721 aliquam
1616 2655 1826 2720 multis,
1863 2670 1968 2711 nec

385 2755 494 2796 non
534 2739 823 2794 Muuasum
871 2741 1209 2807 eunuchum,
1242 2750 1297 2798 et
1340 2741 1627 2810 Hawaum,
1674 2761 1831 2816 opem
1892 2748 1966 2804 illi

388 2832 628 2887 laturos.
675 2829 740 2886 lli
778 2832 832 2887 in
870 2832 1084 2889 Allizab
1126 2833 1356 2902 profecti
1396 2836 1656 2907 populum
1699 2840 1764 2892 ad
1810 2840 1967 2895 auxi-

383 2922 517 2977 lium
564 2932 964 2988 convocarunt,
1016 2938 1252 2993 quorum
1285 2924 1353 2979 ad
1385 2925 1534 2997 ipsos
1566 2928 1733 2983 armis
1764 2928 1969 2985 instru-

384 3015 456 3069 cti
488 3026 868 3071 convenerunt
898 3016 1120 3072 circiter
1148 3019 1359 3076 centies
1390 3018 1557 3075 mille.
1584 3020 1801 3085 Quibus
1830 3035 1955 3074 cum

2072 555 2213 611 citus
2250 555 2304 609 in
2329 555 2392 608 Al
2421 553 2604 620 lizab;
2642 560 2774 608 tunc
2812 560 2995 608 autem
3033 555 3101 607 ab
3134 550 3497 608 Obaidallabo
3522 567 3656 608 cen-

2074 654 2185 698 tum
2227 659 2394 699 naves
2429 642 2643 699 bellicis
2696 643 2890 698 usibus
2938 649 3179 712 parata;
3225 658 3457 711 quarum
3496 656 3654 700 octo-

2072 737 2222 808 ginta
2276 751 2464 793 earum
2520 751 2662 802 quas
2701 735 2766 789 Al
2813 733 3010 789 Homul
3061 732 3391 806 [onerarias]
3432 746 3653 799 vocant,

2070 829 2271 900 viginti
2328 844 2515 884 earum
2571 844 2710 898 quas
2758 826 3034 882 Asharcni
3066 844 3080 879 :
3110 841 3233 896 quae
3284 826 3350 879 ad
3412 825 3643 881 Rasbidi

2080 924 2287 981 moenia
2326 924 2673 994 appulerunt.
2708 919 2880 990 Cujus
2914 919 2991 975 rei
3030 933 3157 974 cum
3190 917 3413 986 scriptis
3462 917 3656 974 litteris

2076 1017 2140 1073 AI
2198 1016 2570 1073 Moktaderum
2625 1014 2912 1070 certiorem
2969 1010 3193 1067 fecisset
3241 1011 3456 1073 Mones,
3506 1011 3685 1064 misit.

2078 1109 2170 1165 ille
2221 1109 2545 1165 Thamalum
2600 1106 2919 1164 eunuchum
2972 1118 3099 1165 eum
3160 1103 3395 1158 navibus
3447 1103 3658 1158 bellicis

2079 1201 2507 1274 quinquaginta.
2579 1200 2892 1256 Occurrens
2960 1210 3092 1267 ergo
3157 1197 3296 1266 ipsis
3357 1196 3658 1251 Thamalus

2079 1293 2245 1365 508
2292 1307 2461 1349 naves
2494 1307 2684 1348 eorum
2725 1291 3038 1348 contractas
3089 1290 3359 1353 incendit,
3404 1289 3658 1358 plurimls

2071 1383 2313 1455 ipsorum
2343 1385 2500 1440 caesis
2526 1395 2579 1441 et
2608 1384 2943 1450 submersis,
2976 1384 3161 1438 multis
3193 1384 3358 1438 etiam
3390 1382 3442 1434 in
3482 1383 3648 1437 (idem

2071 1475 2242 1546 recipi
2302 1491 2362 1533 se
2410 1476 2744 1547 petentibus,
2790 1489 2887 1531 eos
2919 1483 3100 1531 autem
3134 1475 3227 1544 qui
3276 1475 3331 1528 in
3371 1474 3528 1528 ﬁdem
3569 1488 3657 1527 re-

2066 1567 2210 1636 cepti
2268 1565 2511 1632 fuerant,
2577 1568 2633 1622 in
2675 1565 2975 1638 Egyptum
3031 1566 3227 1620 misit:
3277 1565 3482 1634 quibus
3520 1564 3659 1619 dixit

2065 1658 2298 1729 populus
2338 1676 2355 1713 :
2396 1658 2655 1728 Quisquis
2717 1658 2883 1715 fuerit
2935 1674 2967 1713 e
3011 1659 3164 1712 vobis
3227 1657 3645 1720 Cetbamensis,

2064 1743 2121 1804 se
2148 1764 2179 1803 a
2214 1748 2500 1813 Siciliotis,
2549 1748 2828 1807 Africanis
2875 1758 2932 1805 et
2979 1748 3335 1818 Tripolitanis
3383 1755 3654 1818 segreget.

2073 1839 2208 1894 Cum
2240 1840 2599 1895 secessissent
2629 1855 2760 1909 ergo
2788 1839 2853 1893 Al
2884 1839 3265 1901 Cetamcnses,
3296 1837 3388 1908 qui
3422 1853 3656 1892 numero

2073 1930 2214 1984 ultra
2271 1930 2598 2001 quingentos
2648 1938 2829 1993 erant,
2864 1930 3082 1985 irruens
3130 1930 3185 1983 in
3221 1930 3370 1999 ipsos
3402 1929 3657 1998 populus,

2067 2022 2193 2078 illos
2224 2022 2343 2077 loco
2388 2024 2481 2093 qui
2512 2022 2749 2077 Amakas
2786 2022 3009 2085 dicitur,
3047 2023 3194 2077 caede
3248 2021 3561 2087 turpissima
3594 2035 3659 2075 ac

2068 2112 2373 2170 fmdissima
2416 2116 2580 2170 simul
2628 2131 2659 2170 e
2709 2114 2888 2169 medio
2936 2113 3182 2168 sustulit.
3238 2113 3435 2167 Mansit
3476 2122 3659 2168 autent

2072 2204 2267 2261 Munes
2314 2208 2603 2262 eunuchus
2637 2222 2760 2261 cum
2793 2205 2968 2274 c0piis
3000 2207 3114 2260 suis
3145 2206 3199 2259 in
3235 2204 3295 2258 Al
3329 2204 3476 2258 lizab
3507 2204 3663 2258 bien—

2065 2297 2178 2361 nio,
2207 2296 2348 2351 vallo
2376 2297 2677 2351 exercitum
2709 2296 2977 2349 munitum
3050 2294 3277 2348 habens.
3320 2292 3659 2348 AbulKascm

2066 2393 2247 2441 autem
2273 2384 2625 2441 Alexandriae
2655 2383 2876 2446 mansit,
2904 2391 3067 2451 atque
3098 2382 3225 2437 inde
3252 2382 3315 2436 Al
3345 2380 3657 2450 Pbaymum

2069 2476 2353 2549 profectus
2407 2486 2512 2532 est.
2568 2475 2807 2547 Scripsit
2854 2489 2988 2544 ergo
3022 2474 3213 2527 Munes
3260 2472 3554 2528 eunuchus
3582 2470 3654 2529 ad

2075 2570 2399 2626 Thamalum
2446 2570 2785 2635 eunuchum,
2822 2575 2883 2622 ut
2932 2583 3055 2620 cum
3097 2566 3335 2621 navibus
3381 2565 3498 2621 suis
3529 2564 3659 2619 Ale-

2074 2661 2361 2717 xandriam
2399 2660 2591 2716 adiens
2620 2662 2836 2729 (neque.
2867 2659 3012 2713 enim
3046 2657 3393 2712 Alexandria:
3442 2663 3598 2710 erant
3624 2670 3657 2710 e

2070 2754 2245 2824 c0piis
2272 2752 2659 2817 AbulKasemi,
2687 2760 2884 2821 prater
2909 2758 3180 2805 trecentos
3211 2748 3437 2802 circiter
3461 2746 3659 2815 viros),

2072 2845 2192 2915 ejus
2238 2845 2446 2900 incolas
2491 2850 2825 2913 asportaret,
2869 2857 2971 2897 nec
3013 2854 3344 2909 quemquam
3390 2838 3464 2892 ibi
3500 2838 3661 2893 babi-

2074 2944 2195 2991 tare
2227 2936 2449 2991 sineret.
2499 2934 2888 2989 Alexandriam
2938 2948 3071 3002 ergo
3117 2947 3285 2987 naves
3319 2945 3456 2986 suas
3491 2929 3665 2984 addu-

2068 3041 2198 3080 cens
2228 3024 2547 3083 Tbamalus.
2583 3040 2681 3093 per
2726 3039 3033 3095 praeconem
3078 3023 3310 3080 monuit.
3338 3023 3382 3078 si
3416 3029 3661 3077 maneret

383 3105 724 3177 [llabbasalil
756 3124 876 3162 cum
912 3109 1089 3178 c0piis
1127 3109 1245 3165 suis
1272 3108 1327 3163 in
1371 3124 1662 3165 occursum
1695 3112 1959 3175 venisset,
1997 3134 2040 3194 ο
2077 3115 2425 3169 Alexandria:
2464 3125 2583 3184 post
2619 3115 2863 3169 triduum
2915 3114 3213 3186 quispiam,
3260 3129 3321 3171 se
3369 3113 3445 3168 illi
3494 3118 3662 3181 caput

388 3200 515 3268 ipsi,
550 3200 665 3255 acie
699 3199 987 3265 instructa,
1012 3216 1192 3275 pugna
1225 3202 1401 3271 ipsum
1430 3213 1956 3272 exceperunt,com-

386 3291 736 3360 missumque
768 3301 855 3347 est
893 3294 1036 3348 inter
1078 3296 1229 3361 ipsos
1276 3294 1524 3365 praelium
1574 3292 1695 3348 loco
1721 3295 1959 3363 quodam

386 3385 579 3441 insqu
604 3401 726 3453 qua:
747 3386 932 3440 Ardol’
954 3385 1210 3442 Cbamsiu
1236 3385 1403 3458 [terra
1425 3383 1957 3457 quinquagenorum]

381 3475 557 3529 audit.
592 3477 649 3529 in
689 3477 872 3546 fugam
920 3487 1105 3533 autem
1153 3491 1348 3535 versus
1379 3484 1463 3537 est
1504 3474 1758 3532 Habbasa
1804 3476 1959 3531 caesis

384 3569 679 3624 comitibus
720 3568 893 3635 ipsius
923 3568 1222 3635 peditibus,
1255 3583 1396 3639 quos
1428 3569 1709 3624 insecutus
1742 3577 1827 3623 est
1861 3582 1960 3638 po-

381 3661 547 3730 pulus
579 3676 595 3714 :
626 3671 676 3713 at
710 3659 786 3713 illi
817 3660 869 3713 in
902 3661 1164 3727 populum
1200 3660 1379 3717 denuo
1403 3661 1651 3714 conversi
1677 3674 1961 3728 quoscun-

382 3768 492 3822 que
523 3752 716 3807 obvios
748 3752 1057 3806 habuerunt
1089 3752 1439 3808 interfecere.
1465 3753 1619 3819 Quod
1655 3768 1779 3806 cum
1824 3760 1962 3804 tem-

383 3858 518 3917 pore
560 3842 875 3911 vespertino
916 3844 1261 3911 contigisset,
1292 3842 1511 3897 diremit
1544 3858 1636 3899 eos
1665 3859 1793 3898 nox.
1820 3841 1958 3896 Ciesi

385 3942 567 3989 autem
601 3942 732 3988 sunt
756 3948 791 3987 e
824 3932 1025 4003 populo
1053 3934 1277 3986 circiter
1311 3933 1479 3987 vicies
1507 3932 1655 3986 mille
1681 3949 1694 3996 ;
1725 3948 1789 3986 ex
1818 3933 1963 3988 Hab-

381 4021 531 4079 hasaa
563 4024 827 4078 militibus
855 4024 1039 4079 decies
1070 4023 1214 4078 mille
1244 4039 1259 4076 :
1296 4024 1611 4091 reversique
1637 4034 1766 4079 sunt
1797 4024 1961 4078 Obai-

383 4115 735 4169 dallaliisocii
787 4123 984 4180 noctu;
1017 4115 1273 4184 pupulum
1305 4114 1655 4186 505-507
1683 4131 1809 4169 vero
1831 4131 1962 4169 cono

388 4216 659 4259 vocarunt
703 4219 1004 4274 praecones.
1034 4204 1217 4259 Rediit
1243 4221 1372 4276 ergo
1417 4206 1558 4260 Atul
1586 4206 1783 4262 Kasem
1834 4222 1960 4262 cum

382 4297 684 4351 comitibus
715 4307 769 4351 et
804 4299 977 4366 copiis
1021 4298 1138 4353 suis
1169 4300 1224 4351 in
1268 4296 1639 4352 occidentem.
1673 4298 1846 4354 Porro
1896 4298 1962 4352 Al

385 4386 667 4442 Mobtader
693 4386 777 4441 Ali
810 4389 923 4441 Ebn
953 4386 1295 4442 Mobammed
1323 4388 1439 4443 Ebn
1468 4389 1814 4452 Obaidallah,
1844 4390 1960 4444 Ebn

2088 3214 2522 3273 amputaturum.
2578 3203 2841 3260 Homines
2879 3220 3010 3274 ergo
3069 3205 3258 3259 relicta
3314 3202 3661 3274 supellectile

2073 3312 2197 3360 sua,
2231 3306 2283 3351 et
2312 3311 2433 3365 quae
2462 3297 2829 3366 possederunt
2851 3294 3129 3360 omnibus,
3155 3294 3471 3364 clausisque
3498 3294 3662 3353 ostiis

2079 3389 2218 3453 suis,
2251 3387 2458 3457 egressi
2492 3397 2621 3442 sunt
2674 3387 3006 3442 Alexandria
3042 3386 3216 3441 instar
3245 3401 3437 3441 eorum
3469 3387 3564 3456 qui
3599 3401 3660 3442 se

2070 3478 2373 3533 oblectandi
2398 3478 2568 3548 gratia
2590 3478 2980 3548 egrediuntur:
3006 3477 3340 3546 abduxitque
3359 3476 3506 3545 ip~os
3520 3475 3664 3530 Tha-

2073 3572 2250 3624 malus
2282 3569 2515 3624 navibus
2546 3569 2599 3622 in
2630 3570 2884 3631 insulam,
2917 3585 3039 3637 qua:
3069 3568 3250 3621 insula
3279 3567 3524 3622 Abultziir
3555 3582 3659 3637 ap-

2068 3660 2304 3728 pellatur
2329 3675 2343 3711 :
2374 3658 2641 3712 submersi
2662 3669 2841 3717 autem
2863 3668 2994 3713 sunt
3017 3673 3082 3712 ex
3107 3658 3239 3721 ips's
3263 3657 3314 3711 in
3338 3657 3458 3711 Nilo
3476 3657 3657 3712 multi.
3706 3700 3707 3703 η

2069 3746 2422 3820 509-51]
2484 3748 2772 3805 Perierunt
2826 3749 2990 3802 etiam
3034 3763 3224 3802 eorum
3284 3746 3426 3801 fame
3452 3757 3505 3801 et
3543 3747 3659 3814 siti,

2072 3838 2129 3891 in
2185 3838 2337 3907 pagis
2367 3846 2422 3893 et
2453 3837 2717 3901 Phostati.
2750 3839 2893 3895 ultra
2925 3837 3159 3892 ducenta
3192 3843 3431 3891 virorum
3463 3853 3566 3909 pue
3596 3853 3663 3893 o-

2075 3945 2197 3983 rum
2228 3940 2280 3985 et
2306 3930 2594 3985 mulierum
2624 3929 2817 3987 millia.
2844 3929 3153 3999 Mansitque
3185 3930 3338 3985 locus
3359 3931 3659 3995 desolatus,

2079 4021 2296 4073 neruine
2358 4022 2411 4075 in
2465 4022 2581 4090 ipso
2630 4033 2903 4075 manente.
2932 4020 3083 4079 Fecit
3137 4028 3316 4076 autem
3367 4021 3469 4076 hoc
3518 4020 3662 4076 'l‘ba-

2078 4110 2280 4171 malus,
2312 4125 2380 4164 ne
2418 4112 2482 4164 Al
2521 4110 2803 4181 Pbayumo
2848 4110 3064 4168 rediens
3104 4110 3449 4167 AbulKasem
3483 4111 3661 4166 locum

2082 4202 2358 4256 inveniret
2391 4203 2483 4257 ubi
2523 4204 2765 4273 hospitio
2809 4205 3176 4275 exciperetur.
3233 4203 3439 4259 Deinde
3471 4203 3662 4259 Munes

2071 4295 2360 4351 eunuchus
2394 4296 2646 4351 collectis
2697 4296 2894 4367 copiis,
2948 4309 3140 4361 contra
3191 4295 3346 4351 illum
3398 4294 3463 4350 Al
3514 4296 3656 4351 Plia-

2074 4386 2223 4455 yumi
2258 4397 2566 4441 manentem
2618 4386 2902 4457 prodiens,
2937 4387 3117 4459 ipsum
3155 4387 3210 4441 in
3247 4388 3430 4455 fugam
3470 4387 3658 4449 vertit,

385 4479 643 4552 Yabyyae,
695 4479 811 4535 Ebn
844 4481 1106 4537 Chakano
1138 4483 1334 4546 iratus,
1363 4483 1452 4537 die
1500 4481 1833 4538 Moharrami
1863 4484 1962 4537 de-
1999 4493 2044 4550 ι)
2075 4477 2233 4533 caesis
2281 4478 2458 4549 ipsius
2493 4478 2814 4541 comitibus,
2852 4487 2907 4533 et
2946 4478 3177 4548 direptis
3230 4493 3418 4533 eorum
3460 4478 3661 4551 opibus

386 4573 532 4627 cimo
588 4586 733 4625 anno
791 4571 1203 4637 trecentesimo,
1241 4574 1419 4637 primo
1482 4571 1800 4645 [vizierum]
1857 4573 1962 4628 sibi

389 4663 617 4718 adscivit
648 4664 789 4717 Alim
832 4663 1001 4718 Ebnol
1036 4663 1264 4727 larrabi,
1299 4674 1427 4733 ιιιυο
1459 4679 1652 4719 rursus
1683 4664 1964 4731 abdicato,

395 4772 582 4813 mense
608 4758 711 4811 Dill
748 4757 914 4827 Hajjae
951 4773 1096 4813 anno
1151 4759 1535 4816 trecentesimo
1586 4758 1774 4821 tertio,
1819 4756 1962 4812 Alim

388 4844 507 4899 Ebn
542 4843 913 4912 Mobammed,
956 4847 1131 4901 Ebnol
1173 4846 1402 4914 Hosani,
1453 4847 1626 4903 Ebnol
1666 4846 1893 4912 Phorat,
1937 4861 1967 4902 e

384 4952 610 4992 carcere
643 4936 899 4992 eductum
936 4939 1199 4993 vizierum
1241 4941 1553 5006 constituit;
1586 4940 1783 4996 deinde
1814 4939 1971 4994 abdi-

384 5040 568 5083 catum
599 5045 823 5084 rursum
852 5029 907 5082 in
937 5044 1216 5086 carcerem
1245 5033 1503 5102 conjecit,
1535 5046 1722 5089 mense
1747 5031 1966 5086 lomada

389 5121 583 5190 prion’,
631 5136 778 5174 anno
812 5123 1197 5176 trecentesimo
1232 5131 1450 5191 quarto,
1481 5124 1537 5176 in
1583 5137 1783 5177 munus
1832 5121 1968 5177 illud

402 5214 634 5271 suffecto
675 5212 883 5269 Humed
919 5213 1093 5268 Ehnol
1129 5214 1353 5270 Abbasi.
1395 5217 1554 5271 Anno
1588 5214 1975 5272 trecentesimo

383 5309 643 5379 septimo,
665 5309 971 5372 veniensiex
989 5306 1269 5361 occidente
1285 5305 1972 5379 Abulkasemthaidallabi

385 5398 530 5457 illius
576 5416 699 5456 cum
749 5403 955 5455 centies
1001 5398 1149 5452 mille
1195 5398 1329 5455 viris
1360 5399 1750 5479 Alexandriam
1807 5407 1971 5467 cepit,

389 5494 533 5548 unde
568 5502 713 5547 metu
750 5491 1090 5549 consternati
1135 5500 1264 5545 sunt
1300 5490 1519 5561 Aﬂgypti
1556 5492 1773 5545 incolat.
1816 5492 1972 5559 Cepit

383 5589 546 5642 etiam
581 5586 645 5642 Al
670 5586 1008 5658 Phayumum
1031 5596 1085 5641 et
1108 5586 1169 5639 Al
1209 5586 1609 5647 Babnasam,et
1640 5585 1873 5638 insulam
1906 5583 1972 5638 Al

386 5677 707 5731 Absmarin.
736 5676 908 5747 Cujus
945 5679 1023 5731 rei
1056 5677 1198 5731 fama
1231 5691 1356 5730 cum
1390 5679 1455 5728 ad
1492 5676 1554 5729 Al
1587 5673 1965 5729 Moktadcrum

390 5768 756 5837 pervenisset,
788 5770 938 5826 misit
975 5769 1064 5824 ille
1097 5767 1382 5825 Munesum
1415 5770 1729 5825 eunuchum
1766 5782 1964 5837 magno

2062 4571 2385 4639 caeterisqne
2431 4584 2552 4638 quae
2587 4570 2859 4623 habebant
2889 4569 3166 4625 erunibus.

2145 4661 2385 4731 Fugiens
2414 4676 2545 4729 ergo
2594 4659 2937 4717 AbulKasem
2970 4676 3094 4715 cum
3122 4660 3313 4716 amicis
3348 4661 3465 4716 suis
3502 4660 3660 4715 Kira-

2070 4769 2291 4810 wanum
2326 4770 2387 4810 se
2413 4754 2684 4820 contulit;
2729 4754 2894 4824 idque
2927 4769 3116 4809 mense
3151 4752 3234 4807 Dil
3272 4750 3463 4822 Hajjae,
3512 4766 3660 4805 anno

2071 4847 2457 4900 trecentesimo
2503 4855 2721 4909 octavo,
2760 4853 2883 4914 post
2917 4845 3061 4914 quod
3091 4860 3216 4899 cum
3259 4843 3398 4898 duos
3433 4858 3654 4898 menses

2069 4938 2406 4993 substitisset
2436 4938 2622 4992 Munes
2659 4937 2971 4998 eunuchus.
3014 4935 3326 5006 Bagdadum
3370 4934 3542 5004 petiit,
3572 4949 3659 4988 re—

2071 5030 2206 5084 licto
2263 5032 2313 5083 in
2371 5028 2609 5101 Egypto
2661 5030 2855 5085 Heialo
2909 5029 3022 5084 Ebn
3080 5027 3276 5083 Badar.
3325 5025 3655 5083 Alexandria

2076 5132 2283 5192 autem,
2325 5138 2448 5178 cum
2499 5123 2704 5178 reversi
2744 5134 2932 5178 essent
2964 5130 3231 5194 quotquot
3270 5119 3660 5191 superfuerunt

2073 5231 2139 5271 ex
2183 5210 2356 5286 ipsius
2403 5215 2618 5282 incolis,
2661 5232 2726 5271 ea
2788 5216 2986 5271 iterum
3026 5216 3170 5270 culta
3213 5223 3315 5270 est.
3351 5214 3523 5268 Porro
3552 5209 3661 5266 Leo

2079 5309 2390 5377 imperator
2418 5310 2613 5363 morbo
2640 5308 2790 5380 gravi
2828 5318 3137 5383 correptus,
3171 5322 3296 5361 cum
3333 5306 3659 5361 moriturum

2084 5414 2145 5454 se
2188 5400 2427 5465 timeret,
2467 5400 2712 5466 mittens,
2744 5400 3029 5456 Nicolaum
3070 5396 3465 5470 patriarcbam,
3497 5407 3659 5465 quem

2071 5491 2193 5546 loco
2224 5500 2493 5558 moverat,
2523 5493 2835 5557 accersivit,
2905 5492 3079 5563 ipsius
3125 5490 3356 5563 gratiam
3386 5487 3658 5552 ambiens,

2075 5599 2137 5639 ac
2167 5585 2349 5655 ipsum
2431 5586 2706 5641 cathedrae
2769 5587 3034 5650 restituit,
3109 5591 3321 5639 semoto
3391 5579 3655 5635 Antbimo

2073 5675 2411 5743 DalriarCha.
2447 5692 2609 5747 quem
2656 5677 2723 5731 ad
2771 5677 3164 5733 monasterium
3196 5673 3467 5746 quoddam
3503 5670 3654 5724 Con-

2074 5769 2625 5839 ataritinopolitanum
2668 5787 2728 5828 se
2768 5772 3016 5840 recipere
3045 5770 3245 5839 jussit;
3282 5768 3334 5824 in
3384 5780 3493 5837 quo
3524 5777 3649 5821 cum
