  <div class='ocr_page' id='page_1' title='image "/cluster/home/n/w/nwhite01/storage/ocr_20150623/111/coo.31924054870153/584.png"; bbox 0 0 4116 6440; ppageno 0'>
   <div class='ocr_carea' id='block_1_1' title="bbox 341 372 477 438">
    <p class='ocr_par' dir='ltr' id='par_1_1' title="bbox 341 372 477 438">
     <span class='ocr_line' id='line_1_1' title="bbox 341 372 477 438; baseline -0.037 0"><span class='ocrx_word' id='word_1_1' title='bbox 341 372 477 438; x_wconf 76' lang='grc'><strong>1153</strong></span> 
     </span>
    </p>
   </div>
   <div class='ocr_carea' id='block_1_2' title="bbox 1794 379 2159 438">
    <p class='ocr_par' dir='ltr' id='par_1_2' title="bbox 1794 379 2159 438">
     <span class='ocr_line' id='line_1_2' title="bbox 1794 379 2159 438; baseline 0 -3"><span class='ocrx_word' id='word_1_2' title='bbox 1794 379 2159 438; x_wconf 79' lang='lat' dir='ltr'><strong>ANNALES.</strong></span> 
     </span>
    </p>
   </div>
   <div class='ocr_carea' id='block_1_3' title="bbox 3483 381 3615 448">
    <p class='ocr_par' dir='ltr' id='par_1_3' title="bbox 3483 381 3615 448">
     <span class='ocr_line' id='line_1_3' title="bbox 3483 381 3615 448; baseline -0.038 0"><span class='ocrx_word' id='word_1_3' title='bbox 3483 381 3615 448; x_wconf 67' lang='grc'><strong>1554</strong></span> 
     </span>
    </p>
   </div>
   <div class='ocr_carea' id='block_1_4' title="bbox 337 493 3617 566">
    <p class='ocr_par' dir='ltr' id='par_1_4' title="bbox 337 493 3617 566">
     <span class='ocr_line' id='line_1_4' title="bbox 337 493 3617 566; baseline 0.002 -17"><span class='ocrx_word' id='word_1_4' title='bbox 337 495 511 550; x_wconf 76' lang='lat' dir='ltr'><strong>etAbi</strong></span> <span class='ocrx_word' id='word_1_5' title='bbox 547 493 672 548; x_wconf 88' lang='lat' dir='ltr'><strong>Said</strong></span> <span class='ocrx_word' id='word_1_6' title='bbox 721 494 1032 548; x_wconf 79' lang='lat' dir='ltr'><strong>Allannahi</strong></span> <span class='ocrx_word' id='word_1_7' title='bbox 1079 496 1241 566; x_wconf 89' lang='lat' dir='ltr'><strong>vulgo</strong></span> <span class='ocrx_word' id='word_1_8' title='bbox 1294 495 1468 562; x_wconf 89' lang='lat' dir='ltr'><strong>audit,</strong></span> <span class='ocrx_word' id='word_1_9' title='bbox 1516 497 1609 566; x_wconf 86' lang='lat' dir='ltr'><strong>qui</strong></span> <span class='ocrx_word' id='word_1_10' title='bbox 1648 495 1911 551; x_wconf 64' lang='lat' dir='ltr'><strong>llasoram</strong></span> <span class='ocrx_word' id='word_1_11' title='bbox 1944 502 1996 559; x_wconf 78' lang='grc' dir='ltr'><strong>Α</strong></span> <span class='ocrx_word' id='word_1_12' title='bbox 2023 505 2202 548; x_wconf 97' lang='lat' dir='ltr'><strong>matre</strong></span> <span class='ocrx_word' id='word_1_13' title='bbox 2233 510 2355 556; x_wconf 89' lang='lat' dir='ltr'><strong>sua,</strong></span> <span class='ocrx_word' id='word_1_14' title='bbox 2404 497 2493 550; x_wconf 89' lang='lat' dir='ltr'><strong>cui</strong></span> <span class='ocrx_word' id='word_1_15' title='bbox 2535 508 2743 550; x_wconf 84' lang='lat' dir='ltr'><strong>nomen</strong></span> <span class='ocrx_word' id='word_1_16' title='bbox 2781 494 3329 563; x_wconf 78' lang='lat' dir='ltr'><strong>fuitChaizaranah,</strong></span> <span class='ocrx_word' id='word_1_17' title='bbox 3369 501 3617 556; x_wconf 63' lang='lat' dir='ltr'><strong>denomio</strong></span> 
     </span>
    </p>
   </div>
   <div class='ocr_carea' id='block_1_5' title="bbox 339 587 1918 658">
    <p class='ocr_par' dir='ltr' id='par_1_5' title="bbox 339 587 1918 658">
     <span class='ocr_line' id='line_1_5' title="bbox 339 587 1918 658; baseline 0.001 -20"><span class='ocrx_word' id='word_1_18' title='bbox 339 587 688 656; x_wconf 85' lang='lat' dir='ltr'><strong>perveniens,</strong></span> <span class='ocrx_word' id='word_1_19' title='bbox 744 602 864 640; x_wconf 87' lang='lat' dir='ltr'><strong>eam</strong></span> <span class='ocrx_word' id='word_1_20' title='bbox 917 597 1128 655; x_wconf 89' lang='lat' dir='ltr'><strong>captam</strong></span> <span class='ocrx_word' id='word_1_21' title='bbox 1169 589 1506 651; x_wconf 55' lang='lat' dir='ltr'><strong>.devastavit,</strong></span> <span class='ocrx_word' id='word_1_22' title='bbox 1563 597 1616 644; x_wconf 90' lang='lat' dir='ltr'><strong>et</strong></span> <span class='ocrx_word' id='word_1_23' title='bbox 1666 604 1918 658; x_wconf 88' lang='lat' dir='ltr'><strong>magnam</strong></span> 
     </span>
    </p>
   </div>
   <div class='ocr_carea' id='block_1_6' title="bbox 341 678 1918 748">
    <p class='ocr_par' dir='ltr' id='par_1_6' title="bbox 341 678 1918 748">
     <span class='ocr_line' id='line_1_6' title="bbox 341 678 1918 748; baseline 0 -16"><span class='ocrx_word' id='word_1_24' title='bbox 341 678 624 732; x_wconf 85' lang='lat' dir='ltr'><strong>hominum</strong></span> <span class='ocrx_word' id='word_1_25' title='bbox 661 687 899 748; x_wconf 89' lang='lat' dir='ltr'><strong>stragem</strong></span> <span class='ocrx_word' id='word_1_26' title='bbox 936 678 992 732; x_wconf 92' lang='lat' dir='ltr'><strong>in</strong></span> <span class='ocrx_word' id='word_1_27' title='bbox 1019 693 1084 732; x_wconf 88' lang='lat' dir='ltr'><strong>ea</strong></span> <span class='ocrx_word' id='word_1_28' title='bbox 1117 678 1289 733; x_wconf 85' lang='lat' dir='ltr'><strong>edidit</strong></span> <span class='ocrx_word' id='word_1_29' title='bbox 1319 719 1335 745; x_wconf 97' lang='lat'><strong>,</strong></span> <span class='ocrx_word' id='word_1_30' title='bbox 1369 689 1534 748; x_wconf 88' lang='lat' dir='ltr'><strong>atque</strong></span> <span class='ocrx_word' id='word_1_31' title='bbox 1561 680 1688 734; x_wconf 90' lang='lat' dir='ltr'><strong>inde</strong></span> <span class='ocrx_word' id='word_1_32' title='bbox 1717 679 1918 734; x_wconf 88' lang='lat' dir='ltr'><strong>Cusam</strong></span> 
     </span>
    </p>
   </div>
   <div class='ocr_carea' id='block_1_7' title="bbox 340 767 1936 839">
    <p class='ocr_par' dir='ltr' id='par_1_7' title="bbox 340 767 1936 839">
     <span class='ocr_line' id='line_1_7' title="bbox 340 767 1936 839; baseline 0.001 -15"><span class='ocrx_word' id='word_1_33' title='bbox 340 767 644 838; x_wconf 87' lang='lat' dir='ltr'><strong>profectus,</strong></span> <span class='ocrx_word' id='word_1_34' title='bbox 670 784 732 823; x_wconf 91' lang='lat' dir='ltr'><strong>ea</strong></span> <span class='ocrx_word' id='word_1_35' title='bbox 762 771 926 823; x_wconf 89' lang='lat' dir='ltr'><strong>etiam</strong></span> <span class='ocrx_word' id='word_1_36' title='bbox 966 779 1149 839; x_wconf 87' lang='lat' dir='ltr'><strong>capta,</strong></span> <span class='ocrx_word' id='word_1_37' title='bbox 1187 771 1396 826; x_wconf 84' lang='lat' dir='ltr'><strong>incolas</strong></span> <span class='ocrx_word' id='word_1_38' title='bbox 1428 769 1653 832; x_wconf 88' lang='lat' dir='ltr'><strong>occidit,</strong></span> <span class='ocrx_word' id='word_1_39' title='bbox 1691 772 1936 826; x_wconf 84' lang='lat' dir='ltr'><strong>multos-.</strong></span> 
     </span>
    </p>
   </div>
   <div class='ocr_carea' id='block_1_8' title="bbox 341 859 1919 933">
    <p class='ocr_par' dir='ltr' id='par_1_8' title="bbox 341 859 1919 933">
     <span class='ocr_line' id='line_1_8' title="bbox 341 859 1919 933; baseline 0.003 -20"><span class='ocrx_word' id='word_1_40' title='bbox 341 875 447 928; x_wconf 92' lang='lat' dir='ltr'><strong>que</strong></span> <span class='ocrx_word' id='word_1_41' title='bbox 471 859 598 914; x_wconf 91' lang='lat' dir='ltr'><strong>inde</strong></span> <span class='ocrx_word' id='word_1_42' title='bbox 625 862 871 930; x_wconf 87' lang='lat' dir='ltr'><strong>captivos</strong></span> <span class='ocrx_word' id='word_1_43' title='bbox 904 861 1152 924; x_wconf 86' lang='lat' dir='ltr'><strong>abduxit,</strong></span> <span class='ocrx_word' id='word_1_44' title='bbox 1177 871 1232 916; x_wconf 89' lang='lat' dir='ltr'><strong>et</strong></span> <span class='ocrx_word' id='word_1_45' title='bbox 1273 861 1474 916; x_wconf 88' lang='lat' dir='ltr'><strong>multas</strong></span> <span class='ocrx_word' id='word_1_46' title='bbox 1529 863 1710 916; x_wconf 85' lang='lat' dir='ltr'><strong>avexit</strong></span> <span class='ocrx_word' id='word_1_47' title='bbox 1761 878 1919 933; x_wconf 90' lang='lat' dir='ltr'><strong>opes.</strong></span> 
     </span>
    </p>
   </div>
   <div class='ocr_carea' id='block_1_9' title="bbox 341 950 1924 1024">
    <p class='ocr_par' dir='ltr' id='par_1_9' title="bbox 341 950 1924 1024">
     <span class='ocr_line' id='line_1_9' title="bbox 341 950 1924 1024; baseline 0.005 -20"><span class='ocrx_word' id='word_1_48' title='bbox 341 950 476 1006; x_wconf 92' lang='lat' dir='ltr'><strong>Dein</strong></span> <span class='ocrx_word' id='word_1_49' title='bbox 513 968 742 1022; x_wconf 90' lang='lat' dir='ltr'><strong>pergens</strong></span> <span class='ocrx_word' id='word_1_50' title='bbox 781 969 951 1024; x_wconf 83' lang='lat' dir='ltr'><strong>prope</strong></span> <span class='ocrx_word' id='word_1_51' title='bbox 1003 953 1318 1024; x_wconf 86' lang='lat' dir='ltr'><strong>Bagdadum</strong></span> <span class='ocrx_word' id='word_1_52' title='bbox 1357 965 1536 1009; x_wconf 84' lang='lat' dir='ltr'><strong>castra</strong></span> <span class='ocrx_word' id='word_1_53' title='bbox 1573 956 1756 1024; x_wconf 91' lang='lat' dir='ltr'><strong>posuit</strong></span> <span class='ocrx_word' id='word_1_54' title='bbox 1803 955 1924 1012; x_wconf 91' lang='lat' dir='ltr'><strong>loco</strong></span> 
     </span>
    </p>
   </div>
   <div class='ocr_carea' id='block_1_10' title="bbox 340 1043 1924 1119">
    <p class='ocr_par' dir='ltr' id='par_1_10' title="bbox 340 1043 1924 1119">
     <span class='ocr_line' id='line_1_10' title="bbox 340 1043 1924 1119; baseline 0.004 -22"><span class='ocrx_word' id='word_1_55' title='bbox 340 1046 432 1113; x_wconf 89' lang='lat' dir='ltr'><strong>qui</strong></span> <span class='ocrx_word' id='word_1_56' title='bbox 463 1043 788 1116; x_wconf 72' lang='lat' dir='ltr'><strong>TelArkuph</strong></span> <span class='ocrx_word' id='word_1_57' title='bbox 824 1046 1014 1113; x_wconf 89' lang='lat' dir='ltr'><strong>audit;</strong></span> <span class='ocrx_word' id='word_1_58' title='bbox 1050 1047 1327 1116; x_wconf 86' lang='lat' dir='ltr'><strong>multaque</strong></span> <span class='ocrx_word' id='word_1_59' title='bbox 1363 1049 1506 1102; x_wconf 90' lang='lat' dir='ltr'><strong>inter</strong></span> <span class='ocrx_word' id='word_1_60' title='bbox 1537 1050 1716 1119; x_wconf 87' lang='lat' dir='ltr'><strong>ipsum</strong></span> <span class='ocrx_word' id='word_1_61' title='bbox 1748 1057 1803 1104; x_wconf 92' lang='lat' dir='ltr'><strong>et</strong></span> <span class='ocrx_word' id='word_1_62' title='bbox 1824 1050 1924 1104; x_wconf 73' lang='grc' dir='ltr'><strong>Αιο</strong></span> 
     </span>
    </p>
   </div>
   <div class='ocr_carea' id='block_1_11' title="bbox 341 1134 1925 1210">
    <p class='ocr_par' dir='ltr' id='par_1_11' title="bbox 341 1134 1925 1210">
     <span class='ocr_line' id='line_1_11' title="bbox 341 1134 1925 1210; baseline 0.003 -18"><span class='ocrx_word' id='word_1_63' title='bbox 341 1134 648 1192; x_wconf 84' lang='lat' dir='ltr'><strong>Moktaderi</strong></span> <span class='ocrx_word' id='word_1_64' title='bbox 711 1137 902 1206; x_wconf 90' lang='lat' dir='ltr'><strong>copias</strong></span> <span class='ocrx_word' id='word_1_65' title='bbox 947 1139 1242 1194; x_wconf 86' lang='lat' dir='ltr'><strong>commissa</strong></span> <span class='ocrx_word' id='word_1_66' title='bbox 1277 1149 1407 1196; x_wconf 90' lang='lat' dir='ltr'><strong>sunt</strong></span> <span class='ocrx_word' id='word_1_67' title='bbox 1447 1143 1629 1210; x_wconf 64' lang='lat' dir='ltr'><strong>praelia</strong></span> <span class='ocrx_word' id='word_1_68' title='bbox 1672 1151 1770 1198; x_wconf 89' lang='lat' dir='ltr'><strong>:at</strong></span> <span class='ocrx_word' id='word_1_69' title='bbox 1801 1157 1925 1196; x_wconf 90' lang='lat' dir='ltr'><strong>cum</strong></span> 
     </span>
    </p>
   </div>
   <div class='ocr_carea' id='block_1_12' title="bbox 343 1211 1926 1304">
    <p class='ocr_par' dir='ltr' id='par_1_12' title="bbox 343 1211 1926 1304">
     <span class='ocr_line' id='line_1_12' title="bbox 343 1211 1926 1304; baseline 0.006 -24"><span class='ocrx_word' id='word_1_70' title='bbox 343 1211 452 1281; x_wconf 79' lang='lat' dir='ltr'><strong>non</strong></span> <span class='ocrx_word' id='word_1_71' title='bbox 493 1235 884 1296; x_wconf 88' lang='lat' dir='ltr'><strong>assequeretur</strong></span> <span class='ocrx_word' id='word_1_72' title='bbox 913 1244 1031 1296; x_wconf 72' lang='lat' dir='ltr'><strong>quae</strong></span> <span class='ocrx_word' id='word_1_73' title='bbox 1063 1232 1256 1296; x_wconf 85' lang='lat' dir='ltr'><strong>voluit,</strong></span> <span class='ocrx_word' id='word_1_74' title='bbox 1310 1233 1507 1288; x_wconf 89' lang='lat' dir='ltr'><strong>Cusam</strong></span> <span class='ocrx_word' id='word_1_75' title='bbox 1541 1234 1720 1299; x_wconf 79' lang='lat' dir='ltr'><strong>rediit,</strong></span> <span class='ocrx_word' id='word_1_76' title='bbox 1759 1234 1926 1304; x_wconf 84' lang='lat' dir='ltr'><strong>idque</strong></span> 
     </span>
    </p>
   </div>
   <div class='ocr_carea' id='block_1_13' title="bbox 343 1320 1929 1395">
    <p class='ocr_par' dir='ltr' id='par_1_13' title="bbox 343 1320 1929 1395">
     <span class='ocr_line' id='line_1_13' title="bbox 343 1320 1929 1395; baseline 0.004 -22"><span class='ocrx_word' id='word_1_77' title='bbox 343 1335 492 1375; x_wconf 89' lang='lat' dir='ltr'><strong>anno</strong></span> <span class='ocrx_word' id='word_1_78' title='bbox 533 1320 920 1375; x_wconf 84' lang='lat' dir='ltr'><strong>trecentesimo</strong></span> <span class='ocrx_word' id='word_1_79' title='bbox 971 1321 1188 1376; x_wconf 90' lang='lat' dir='ltr'><strong>decimo</strong></span> <span class='ocrx_word' id='word_1_80' title='bbox 1237 1325 1446 1380; x_wconf 87' lang='lat' dir='ltr'><strong>tertio:</strong></span> <span class='ocrx_word' id='word_1_81' title='bbox 1496 1327 1631 1394; x_wconf 90' lang='lat' dir='ltr'><strong>quin</strong></span> <span class='ocrx_word' id='word_1_82' title='bbox 1679 1333 1734 1380; x_wconf 88' lang='lat' dir='ltr'><strong>et</strong></span> <span class='ocrx_word' id='word_1_83' title='bbox 1773 1341 1929 1395; x_wconf 82' lang='lat' dir='ltr'><strong>aquae</strong></span> 
     </span>
    </p>
   </div>
   <div class='ocr_carea' id='block_1_14' title="bbox 345 1412 1928 1483">
    <p class='ocr_par' dir='ltr' id='par_1_14' title="bbox 345 1412 1928 1483">
     <span class='ocr_line' id='line_1_14' title="bbox 345 1412 1928 1483; baseline 0.006 -18"><span class='ocrx_word' id='word_1_84' title='bbox 345 1421 558 1483; x_wconf 88' lang='lat' dir='ltr'><strong>puteos,</strong></span> <span class='ocrx_word' id='word_1_85' title='bbox 590 1414 644 1467; x_wconf 90' lang='lat' dir='ltr'><strong>in</strong></span> <span class='ocrx_word' id='word_1_86' title='bbox 687 1412 776 1466; x_wconf 90' lang='lat' dir='ltr'><strong>via</strong></span> <span class='ocrx_word' id='word_1_87' title='bbox 804 1429 926 1482; x_wconf 73' lang='lat' dir='ltr'><strong>quae</strong></span> <span class='ocrx_word' id='word_1_88' title='bbox 959 1413 1232 1469; x_wconf 82' lang='lat' dir='ltr'><strong>Meccham</strong></span> <span class='ocrx_word' id='word_1_89' title='bbox 1267 1415 1448 1482; x_wconf 87' lang='lat' dir='ltr'><strong>ducit,</strong></span> <span class='ocrx_word' id='word_1_90' title='bbox 1505 1417 1817 1474; x_wconf 88' lang='lat' dir='ltr'><strong>obstructos</strong></span> <span class='ocrx_word' id='word_1_91' title='bbox 1845 1428 1928 1473; x_wconf 89' lang='lat' dir='ltr'><strong>at-</strong></span> 
     </span>
    </p>
   </div>
   <div class='ocr_carea' id='block_1_15' title="bbox 346 1505 1930 1579">
    <p class='ocr_par' dir='ltr' id='par_1_15' title="bbox 346 1505 1930 1579">
     <span class='ocr_line' id='line_1_15' title="bbox 346 1505 1930 1579; baseline 0.006 -22"><span class='ocrx_word' id='word_1_92' title='bbox 346 1521 454 1575; x_wconf 92' lang='lat' dir='ltr'><strong>que</strong></span> <span class='ocrx_word' id='word_1_93' title='bbox 501 1505 756 1574; x_wconf 87' lang='lat' dir='ltr'><strong>impletos</strong></span> <span class='ocrx_word' id='word_1_94' title='bbox 803 1506 1123 1571; x_wconf 87' lang='lat' dir='ltr'><strong>exsiccavit,</strong></span> <span class='ocrx_word' id='word_1_95' title='bbox 1179 1510 1314 1563; x_wconf 88' lang='lat' dir='ltr'><strong>adeo</strong></span> <span class='ocrx_word' id='word_1_96' title='bbox 1361 1519 1419 1563; x_wconf 93' lang='lat' dir='ltr'><strong>ut</strong></span> <span class='ocrx_word' id='word_1_97' title='bbox 1474 1519 1623 1565; x_wconf 90' lang='lat' dir='ltr'><strong>metu</strong></span> <span class='ocrx_word' id='word_1_98' title='bbox 1671 1510 1842 1579; x_wconf 85' lang='lat' dir='ltr'><strong>ipsius</strong></span> <span class='ocrx_word' id='word_1_99' title='bbox 1897 1526 1930 1566; x_wconf 89' lang='lat' dir='ltr'><strong>a</strong></span> 
     </span>
    </p>
   </div>
   <div class='ocr_carea' id='block_1_16' title="bbox 346 1597 1930 1670">
    <p class='ocr_par' dir='ltr' id='par_1_16' title="bbox 346 1597 1930 1670">
     <span class='ocr_line' id='line_1_16' title="bbox 346 1597 1930 1670; baseline 0.005 -20"><span class='ocrx_word' id='word_1_100' title='bbox 346 1597 883 1665; x_wconf 79' lang='lat' dir='ltr'><strong>peregrinationibus</strong></span> <span class='ocrx_word' id='word_1_101' title='bbox 911 1599 1252 1654; x_wconf 84' lang='lat' dir='ltr'><strong>abstinerent</strong></span> <span class='ocrx_word' id='word_1_102' title='bbox 1279 1599 1516 1670; x_wconf 82' lang='lat' dir='ltr'><strong>Bagdadi</strong></span> <span class='ocrx_word' id='word_1_103' title='bbox 1548 1611 1602 1657; x_wconf 91' lang='lat' dir='ltr'><strong>et</strong></span> <span class='ocrx_word' id='word_1_104' title='bbox 1627 1601 1930 1658; x_wconf 84' lang='lat' dir='ltr'><strong>Chorasani</strong></span> 
     </span>
    </p>
   </div>
   <div class='ocr_carea' id='block_1_17' title="bbox 346 1687 1931 1762">
    <p class='ocr_par' dir='ltr' id='par_1_17' title="bbox 346 1687 1931 1762">
     <span class='ocr_line' id='line_1_17' title="bbox 346 1687 1931 1762; baseline 0.004 -20"><span class='ocrx_word' id='word_1_105' title='bbox 346 1688 556 1754; x_wconf 76' lang='lat' dir='ltr'><strong>incolae,</strong></span> <span class='ocrx_word' id='word_1_106' title='bbox 591 1687 810 1760; x_wconf 63' lang='lat' dir='ltr'><strong>Egypti</strong></span> <span class='ocrx_word' id='word_1_107' title='bbox 864 1690 1080 1744; x_wconf 84' lang='lat' dir='ltr'><strong>interim</strong></span> <span class='ocrx_word' id='word_1_108' title='bbox 1115 1701 1167 1746; x_wconf 93' lang='lat' dir='ltr'><strong>et</strong></span> <span class='ocrx_word' id='word_1_109' title='bbox 1201 1691 1371 1762; x_wconf 64' lang='lat' dir='ltr'><strong>Syriae</strong></span> <span class='ocrx_word' id='word_1_110' title='bbox 1404 1694 1599 1749; x_wconf 89' lang='lat' dir='ltr'><strong>incolis</strong></span> <span class='ocrx_word' id='word_1_111' title='bbox 1632 1710 1724 1750; x_wconf 89' lang='lat' dir='ltr'><strong>eas</strong></span> <span class='ocrx_word' id='word_1_112' title='bbox 1750 1695 1931 1750; x_wconf 82' lang='lat' dir='ltr'><strong>-insti-</strong></span> 
     </span>
    </p>
   </div>
   <div class='ocr_carea' id='block_1_18' title="bbox 348 1778 1932 1848">
    <p class='ocr_par' dir='ltr' id='par_1_18' title="bbox 348 1778 1932 1848">
     <span class='ocr_line' id='line_1_18' title="bbox 348 1778 1932 1848; baseline 0.004 -16"><span class='ocrx_word' id='word_1_113' title='bbox 348 1779 646 1834; x_wconf 87' lang='lat' dir='ltr'><strong>tuentibus.</strong></span> <span class='ocrx_word' id='word_1_114' title='bbox 671 1778 919 1848; x_wconf 89' lang='lat' dir='ltr'><strong>Cumque</strong></span> <span class='ocrx_word' id='word_1_115' title='bbox 957 1793 1102 1833; x_wconf 91' lang='lat' dir='ltr'><strong>anno</strong></span> <span class='ocrx_word' id='word_1_116' title='bbox 1153 1781 1528 1837; x_wconf 86' lang='lat' dir='ltr'><strong>tricentesimo</strong></span> <span class='ocrx_word' id='word_1_117' title='bbox 1575 1784 1790 1838; x_wconf 85' lang='lat' dir='ltr'><strong>decimo</strong></span> <span class='ocrx_word' id='word_1_118' title='bbox 1842 1801 1932 1838; x_wconf 88' lang='lat' dir='ltr'><strong>se-</strong></span> 
     </span>
    </p>
   </div>
   <div class='ocr_carea' id='block_1_19' title="bbox 2024 585 3617 662">
    <p class='ocr_par' dir='ltr' id='par_1_19' title="bbox 2024 585 3617 662">
     <span class='ocr_line' id='line_1_19' title="bbox 2024 585 3617 662; baseline 0.006 -22"><span class='ocrx_word' id='word_1_119' title='bbox 2024 597 2188 641; x_wconf 85' lang='lat' dir='ltr'><strong>natus</strong></span> <span class='ocrx_word' id='word_1_120' title='bbox 2212 595 2314 641; x_wconf 89' lang='lat' dir='ltr'><strong>est.</strong></span> <span class='ocrx_word' id='word_1_121' title='bbox 2348 585 2503 652; x_wconf 84' lang='lat' dir='ltr'><strong>Quod</strong></span> <span class='ocrx_word' id='word_1_122' title='bbox 2535 588 2602 640; x_wconf 88' lang='lat' dir='ltr'><strong>ad</strong></span> <span class='ocrx_word' id='word_1_123' title='bbox 2635 585 2936 653; x_wconf 78' lang='lat' dir='ltr'><strong>Romanos,</strong></span> <span class='ocrx_word' id='word_1_124' title='bbox 2978 590 3617 662; x_wconf 87' lang='lat' dir='ltr'><strong>mortuoChristophoro</strong></span> 
     </span>
    </p>
   </div>
   <div class='ocr_carea' id='block_1_20' title="bbox 2031 675 3608 753">
    <p class='ocr_par' dir='ltr' id='par_1_20' title="bbox 2031 675 3608 753">
     <span class='ocr_line' id='line_1_20' title="bbox 2031 675 3608 753; baseline 0.008 -25"><span class='ocrx_word' id='word_1_125' title='bbox 2031 675 2246 732; x_wconf 89' lang='lat' dir='ltr'><strong>Domnii</strong></span> <span class='ocrx_word' id='word_1_126' title='bbox 2279 678 2411 742; x_wconf 86' lang='lat' dir='ltr'><strong>ﬁlio,</strong></span> <span class='ocrx_word' id='word_1_127' title='bbox 2455 678 2852 733; x_wconf 88' lang='lat' dir='ltr'><strong>monachatum</strong></span> <span class='ocrx_word' id='word_1_128' title='bbox 2880 679 3164 747; x_wconf 77' lang='lat' dir='ltr'><strong>amplexus</strong></span> <span class='ocrx_word' id='word_1_129' title='bbox 3196 692 3281 737; x_wconf 82' lang='lat' dir='ltr'><strong>est</strong></span> <span class='ocrx_word' id='word_1_130' title='bbox 3319 683 3608 753; x_wconf 81' lang='lat' dir='ltr'><strong>Domnius,</strong></span> 
     </span>
    </p>
   </div>
   <div class='ocr_carea' id='block_1_21' title="bbox 2028 770 3608 846">
    <p class='ocr_par' dir='ltr' id='par_1_21' title="bbox 2028 770 3608 846">
     <span class='ocr_line' id='line_1_21' title="bbox 2028 770 3608 846; baseline 0.004 -22"><span class='ocrx_word' id='word_1_131' title='bbox 2028 771 2292 840; x_wconf 88' lang='lat' dir='ltr'><strong>solusque</strong></span> <span class='ocrx_word' id='word_1_132' title='bbox 2322 771 2525 825; x_wconf 85' lang='lat' dir='ltr'><strong>mansit</strong></span> <span class='ocrx_word' id='word_1_133' title='bbox 2557 770 2958 827; x_wconf 80' lang='lat' dir='ltr'><strong>Constantinus</strong></span> <span class='ocrx_word' id='word_1_134' title='bbox 2989 773 3043 826; x_wconf 92' lang='lat' dir='ltr'><strong>in</strong></span> <span class='ocrx_word' id='word_1_135' title='bbox 3078 772 3292 841; x_wconf 89' lang='lat' dir='ltr'><strong>imperii</strong></span> <span class='ocrx_word' id='word_1_136' title='bbox 3323 777 3608 846; x_wconf 83' lang='lat' dir='ltr'><strong>regimine.</strong></span> 
     </span>
    </p>
   </div>
   <div class='ocr_carea' id='block_1_22' title="bbox 2039 861 3611 934">
    <p class='ocr_par' dir='ltr' id='par_1_22' title="bbox 2039 861 3611 934">
     <span class='ocr_line' id='line_1_22' title="bbox 2039 861 3611 934; baseline 0.003 -16"><span class='ocrx_word' id='word_1_137' title='bbox 2039 861 2287 918; x_wconf 81' lang='lat' dir='ltr'><strong>Mortuus</strong></span> <span class='ocrx_word' id='word_1_138' title='bbox 2315 872 2400 918; x_wconf 89' lang='lat' dir='ltr'><strong>est</strong></span> <span class='ocrx_word' id='word_1_139' title='bbox 2428 864 2591 918; x_wconf 89' lang='lat' dir='ltr'><strong>etiam</strong></span> <span class='ocrx_word' id='word_1_140' title='bbox 2613 861 2927 934; x_wconf 86' lang='lat' dir='ltr'><strong>Stephanus</strong></span> <span class='ocrx_word' id='word_1_141' title='bbox 2944 865 3267 934; x_wconf 36' lang='lat' dir='ltr'><strong>patriarcha.</strong></span> <span class='ocrx_word' id='word_1_142' title='bbox 3283 866 3576 922; x_wconf 82' lang='lat' dir='ltr'><strong>Constanti</strong></span> <span class='ocrx_word' id='word_1_143' title='bbox 3594 895 3611 910; x_wconf 81' lang='grc' dir='ltr'><strong>ο</strong></span> 
     </span>
    </p>
   </div>
   <div class='ocr_carea' id='block_1_23' title="bbox 2029 955 3617 1027">
    <p class='ocr_par' dir='ltr' id='par_1_23' title="bbox 2029 955 3617 1027">
     <span class='ocr_line' id='line_1_23' title="bbox 2029 955 3617 1027; baseline 0.001 -19"><span class='ocrx_word' id='word_1_144' title='bbox 2029 955 2402 1024; x_wconf 89' lang='lat' dir='ltr'><strong>nopolitanus,</strong></span> <span class='ocrx_word' id='word_1_145' title='bbox 2420 963 2704 1024; x_wconf 76' lang='lat' dir='ltr'><strong>postquam</strong></span> <span class='ocrx_word' id='word_1_146' title='bbox 2726 958 3040 1010; x_wconf 85' lang='lat' dir='ltr'><strong>cathedram</strong></span> <span class='ocrx_word' id='word_1_147' title='bbox 3065 957 3302 1011; x_wconf 88' lang='lat' dir='ltr'><strong>triennio</strong></span> <span class='ocrx_word' id='word_1_148' title='bbox 3321 971 3617 1027; x_wconf 82' lang='lat' dir='ltr'><strong>occupave-</strong></span> 
     </span>
    </p>
   </div>
   <div class='ocr_carea' id='block_1_24' title="bbox 2037 1046 3618 1118">
    <p class='ocr_par' dir='ltr' id='par_1_24' title="bbox 2037 1046 3618 1118">
     <span class='ocr_line' id='line_1_24' title="bbox 2037 1046 3618 1118; baseline 0 -18"><span class='ocrx_word' id='word_1_149' title='bbox 2037 1056 2123 1100; x_wconf 84' lang='lat' dir='ltr'><strong>rat</strong></span> <span class='ocrx_word' id='word_1_150' title='bbox 2151 1063 2164 1100; x_wconf 88' lang='lat'><strong>:</strong></span> <span class='ocrx_word' id='word_1_151' title='bbox 2193 1048 2638 1116; x_wconf 89' lang='lat' dir='ltr'><strong>constitutusque</strong></span> <span class='ocrx_word' id='word_1_152' title='bbox 2657 1055 2742 1102; x_wconf 90' lang='lat' dir='ltr'><strong>est</strong></span> <span class='ocrx_word' id='word_1_153' title='bbox 2764 1046 2963 1101; x_wconf 86' lang='lat' dir='ltr'><strong>ibidem</strong></span> <span class='ocrx_word' id='word_1_154' title='bbox 2993 1048 3301 1117; x_wconf 82' lang='lat' dir='ltr'><strong>patriarcha</strong></span> <span class='ocrx_word' id='word_1_155' title='bbox 3323 1049 3618 1118; x_wconf 85' lang='lat' dir='ltr'><strong>Atranphi-</strong></span> 
     </span>
    </p>
   </div>
   <div class='ocr_carea' id='block_1_25' title="bbox 2037 1136 3623 1207">
    <p class='ocr_par' dir='ltr' id='par_1_25' title="bbox 2037 1136 3623 1207">
     <span class='ocr_line' id='line_1_25' title="bbox 2037 1136 3623 1207; baseline -0.001 -14"><span class='ocrx_word' id='word_1_156' title='bbox 2037 1155 2164 1194; x_wconf 91' lang='lat' dir='ltr'><strong>nus.</strong></span> <span class='ocrx_word' id='word_1_157' title='bbox 2191 1136 2334 1194; x_wconf 85' lang='lat' dir='ltr'><strong>Obiit</strong></span> <span class='ocrx_word' id='word_1_158' title='bbox 2355 1139 2518 1192; x_wconf 89' lang='lat' dir='ltr'><strong>etiam</strong></span> <span class='ocrx_word' id='word_1_159' title='bbox 2546 1139 2928 1193; x_wconf 88' lang='lat' dir='ltr'><strong>Christodulus</strong></span> <span class='ocrx_word' id='word_1_160' title='bbox 2961 1139 3268 1207; x_wconf 83' lang='lat' dir='ltr'><strong>patriarcha</strong></span> <span class='ocrx_word' id='word_1_161' title='bbox 3303 1139 3623 1193; x_wconf 84' lang='lat' dir='ltr'><strong>Alexandri-</strong></span> 
     </span>
    </p>
   </div>
   <div class='ocr_carea' id='block_1_26' title="bbox 2037 1230 3620 1298">
    <p class='ocr_par' dir='ltr' id='par_1_26' title="bbox 2037 1230 3620 1298">
     <span class='ocr_line' id='line_1_26' title="bbox 2037 1230 3620 1298; baseline -0.001 -12"><span class='ocrx_word' id='word_1_162' title='bbox 2037 1248 2142 1287; x_wconf 88' lang='lat' dir='ltr'><strong>nus</strong></span> <span class='ocrx_word' id='word_1_163' title='bbox 2169 1232 2260 1286; x_wconf 92' lang='lat' dir='ltr'><strong>die</strong></span> <span class='ocrx_word' id='word_1_164' title='bbox 2291 1230 2567 1298; x_wconf 80' lang='lat' dir='ltr'><strong>Mercurii,</strong></span> <span class='ocrx_word' id='word_1_165' title='bbox 2592 1231 2882 1286; x_wconf 87' lang='lat' dir='ltr'><strong>undecimo</strong></span> <span class='ocrx_word' id='word_1_166' title='bbox 2903 1241 3031 1286; x_wconf 89' lang='lat' dir='ltr'><strong>ante</strong></span> <span class='ocrx_word' id='word_1_167' title='bbox 3063 1231 3272 1285; x_wconf 86' lang='lat' dir='ltr'><strong>ﬁnitum</strong></span> <span class='ocrx_word' id='word_1_168' title='bbox 3312 1231 3390 1284; x_wconf 91' lang='lat' dir='ltr'><strong>Dil</strong></span> <span class='ocrx_word' id='word_1_169' title='bbox 3416 1231 3620 1295; x_wconf 85' lang='lat' dir='ltr'><strong>Kaada,</strong></span> 
     </span>
    </p>
   </div>
   <div class='ocr_carea' id='block_1_27' title="bbox 2033 1304 3625 1392">
    <p class='ocr_par' dir='ltr' id='par_1_27' title="bbox 2033 1304 3625 1392">
     <span class='ocr_line' id='line_1_27' title="bbox 2033 1304 3625 1392; baseline -0.001 -15"><span class='ocrx_word' id='word_1_170' title='bbox 2033 1339 2178 1378; x_wconf 91' lang='lat' dir='ltr'><strong>anno</strong></span> <span class='ocrx_word' id='word_1_171' title='bbox 2228 1325 2619 1380; x_wconf 79' lang='lat' dir='ltr'><strong>trecentesimo</strong></span> <span class='ocrx_word' id='word_1_172' title='bbox 2675 1304 2962 1387; x_wconf 73' lang='lat' dir='ltr'><strong>vicesimo,</strong></span> <span class='ocrx_word' id='word_1_173' title='bbox 3006 1324 3101 1392; x_wconf 86' lang='lat' dir='ltr'><strong>qui</strong></span> <span class='ocrx_word' id='word_1_174' title='bbox 3141 1333 3227 1378; x_wconf 90' lang='lat' dir='ltr'><strong>est</strong></span> <span class='ocrx_word' id='word_1_175' title='bbox 3277 1323 3500 1377; x_wconf 89' lang='lat' dir='ltr'><strong>Tishrin</strong></span> <span class='ocrx_word' id='word_1_176' title='bbox 3537 1339 3625 1378; x_wconf 86' lang='lat' dir='ltr'><strong>se-</strong></span> 
     </span>
    </p>
   </div>
   <div class='ocr_carea' id='block_1_28' title="bbox 2033 1417 3618 1487">
    <p class='ocr_par' dir='ltr' id='par_1_28' title="bbox 2033 1417 3618 1487">
     <span class='ocr_line' id='line_1_28' title="bbox 2033 1417 3618 1487; baseline -0.001 -17"><span class='ocrx_word' id='word_1_177' title='bbox 2033 1417 2202 1471; x_wconf 85' lang='lat' dir='ltr'><strong>cundi</strong></span> <span class='ocrx_word' id='word_1_178' title='bbox 2235 1419 2532 1474; x_wconf 88' lang='lat' dir='ltr'><strong>vicesimus</strong></span> <span class='ocrx_word' id='word_1_179' title='bbox 2561 1417 2814 1487; x_wconf 85' lang='lat' dir='ltr'><strong>quintus,</strong></span> <span class='ocrx_word' id='word_1_180' title='bbox 2849 1417 2976 1470; x_wconf 89' lang='lat' dir='ltr'><strong>anni</strong></span> <span class='ocrx_word' id='word_1_181' title='bbox 3012 1417 3335 1472; x_wconf 88' lang='lat' dir='ltr'><strong>Diocletiani</strong></span> <span class='ocrx_word' id='word_1_182' title='bbox 3384 1431 3618 1470; x_wconf 88' lang='lat' dir='ltr'><strong>sexcen-</strong></span> 
     </span>
    </p>
   </div>
   <div class='ocr_carea' id='block_1_29' title="bbox 2036 1506 3621 1579">
    <p class='ocr_par' dir='ltr' id='par_1_29' title="bbox 2036 1506 3621 1579">
     <span class='ocr_line' id='line_1_29' title="bbox 2036 1506 3621 1579; baseline -0.001 -19"><span class='ocrx_word' id='word_1_183' title='bbox 2036 1507 2215 1579; x_wconf 87' lang='lat' dir='ltr'><strong>tesimi</strong></span> <span class='ocrx_word' id='word_1_184' title='bbox 2264 1509 2675 1578; x_wconf 81' lang='lat' dir='ltr'><strong>quadragesimi</strong></span> <span class='ocrx_word' id='word_1_185' title='bbox 2715 1509 2842 1562; x_wconf 90' lang='lat' dir='ltr'><strong>noni</strong></span> <span class='ocrx_word' id='word_1_186' title='bbox 2899 1527 2914 1565; x_wconf 88' lang='lat'><strong>:</strong></span> <span class='ocrx_word' id='word_1_187' title='bbox 2969 1510 3329 1578; x_wconf 88' lang='lat' dir='ltr'><strong>sepultusque</strong></span> <span class='ocrx_word' id='word_1_188' title='bbox 3375 1506 3621 1560; x_wconf 89' lang='lat' dir='ltr'><strong>Phostati</strong></span> 
     </span>
    </p>
   </div>
   <div class='ocr_carea' id='block_1_30' title="bbox 2033 1597 3620 1670">
    <p class='ocr_par' dir='ltr' id='par_1_30' title="bbox 2033 1597 3620 1670">
     <span class='ocr_line' id='line_1_30' title="bbox 2033 1597 3620 1670; baseline -0.002 -17"><span class='ocrx_word' id='word_1_189' title='bbox 2033 1597 2392 1670; x_wconf 65' lang='lat' dir='ltr'><strong>Egyptiacze,</strong></span> <span class='ocrx_word' id='word_1_190' title='bbox 2423 1615 2548 1657; x_wconf 86' lang='lat' dir='ltr'><strong>cum</strong></span> <span class='ocrx_word' id='word_1_191' title='bbox 2583 1600 2635 1653; x_wconf 93' lang='lat' dir='ltr'><strong>in</strong></span> <span class='ocrx_word' id='word_1_192' title='bbox 2667 1600 2930 1655; x_wconf 87' lang='lat' dir='ltr'><strong>cathedra</strong></span> <span class='ocrx_word' id='word_1_193' title='bbox 2962 1600 3202 1655; x_wconf 83' lang='lat' dir='ltr'><strong>sedisset</strong></span> <span class='ocrx_word' id='word_1_194' title='bbox 3225 1613 3402 1654; x_wconf 90' lang='lat' dir='ltr'><strong>annos</strong></span> <span class='ocrx_word' id='word_1_195' title='bbox 3430 1599 3620 1668; x_wconf 82' lang='lat' dir='ltr'><strong>viginti</strong></span> 
     </span>
    </p>
   </div>
   <div class='ocr_carea' id='block_1_31' title="bbox 2036 1689 3620 1760">
    <p class='ocr_par' dir='ltr' id='par_1_31' title="bbox 2036 1689 3620 1760">
     <span class='ocr_line' id='line_1_31' title="bbox 2036 1689 3620 1760; baseline -0.003 -16"><span class='ocrx_word' id='word_1_196' title='bbox 2036 1706 2153 1754; x_wconf 83' lang='lat' dir='ltr'><strong>sex,</strong></span> <span class='ocrx_word' id='word_1_197' title='bbox 2195 1699 2250 1744; x_wconf 92' lang='lat' dir='ltr'><strong>et</strong></span> <span class='ocrx_word' id='word_1_198' title='bbox 2281 1707 2374 1744; x_wconf 92' lang='lat' dir='ltr'><strong>sex</strong></span> <span class='ocrx_word' id='word_1_199' title='bbox 2409 1706 2643 1746; x_wconf 90' lang='lat' dir='ltr'><strong>menses.</strong></span> <span class='ocrx_word' id='word_1_200' title='bbox 2673 1691 2932 1760; x_wconf 88' lang='lat' dir='ltr'><strong>Sepultus</strong></span> <span class='ocrx_word' id='word_1_201' title='bbox 2962 1701 3144 1745; x_wconf 91' lang='lat' dir='ltr'><strong>autem</strong></span> <span class='ocrx_word' id='word_1_202' title='bbox 3176 1700 3262 1745; x_wconf 90' lang='lat' dir='ltr'><strong>est</strong></span> <span class='ocrx_word' id='word_1_203' title='bbox 3307 1691 3360 1744; x_wconf 91' lang='lat' dir='ltr'><strong>in</strong></span> <span class='ocrx_word' id='word_1_204' title='bbox 3382 1689 3620 1744; x_wconf 88' lang='lat' dir='ltr'><strong>ecclesia</strong></span> 
     </span>
    </p>
   </div>
   <div class='ocr_carea' id='block_1_32' title="bbox 2037 1780 3625 1838">
    <p class='ocr_par' dir='ltr' id='par_1_32' title="bbox 2037 1780 3625 1838">
     <span class='ocr_line' id='line_1_32' title="bbox 2037 1780 3625 1838; baseline -0.001 -4"><span class='ocrx_word' id='word_1_205' title='bbox 2037 1781 2336 1837; x_wconf 87' lang='lat' dir='ltr'><strong>Michaelis.</strong></span> <span class='ocrx_word' id='word_1_206' title='bbox 2371 1781 2541 1835; x_wconf 88' lang='lat' dir='ltr'><strong>Porro</strong></span> <span class='ocrx_word' id='word_1_207' title='bbox 2574 1785 2742 1838; x_wconf 88' lang='lat' dir='ltr'><strong>duces</strong></span> <span class='ocrx_word' id='word_1_208' title='bbox 2790 1799 2892 1836; x_wconf 86' lang='lat' dir='ltr'><strong>una</strong></span> <span class='ocrx_word' id='word_1_209' title='bbox 2922 1799 3045 1838; x_wconf 89' lang='lat' dir='ltr'><strong>cum</strong></span> <span class='ocrx_word' id='word_1_210' title='bbox 3098 1781 3330 1837; x_wconf 81' lang='lat' dir='ltr'><strong>Munaso</strong></span> <span class='ocrx_word' id='word_1_211' title='bbox 3369 1780 3625 1838; x_wconf 84' lang='lat' dir='ltr'><strong>eunucho</strong></span> 
     </span>
    </p>
   </div>
   <div class='ocr_carea' id='block_1_33' title="bbox 350 1843 3625 1946">
    <p class='ocr_par' dir='ltr' id='par_1_33' title="bbox 350 1843 3625 1946">
     <span class='ocr_line' id='line_1_33' title="bbox 350 1843 3625 1946; baseline 0 -23"><span class='ocrx_word' id='word_1_212' title='bbox 350 1873 520 1939; x_wconf 89' lang='lat' dir='ltr'><strong>ptimo</strong></span> <span class='ocrx_word' id='word_1_213' title='bbox 550 1873 801 1927; x_wconf 89' lang='lat' dir='ltr'><strong>homines</strong></span> <span class='ocrx_word' id='word_1_214' title='bbox 834 1872 888 1925; x_wconf 89' lang='lat' dir='ltr'><strong>in</strong></span> <span class='ocrx_word' id='word_1_215' title='bbox 918 1873 1373 1942; x_wconf 80' lang='lat' dir='ltr'><strong>peregrinationis</strong></span> <span class='ocrx_word' id='word_1_216' title='bbox 1414 1873 1707 1946; x_wconf 59' lang='lat' dir='ltr'><strong>[religiosa</strong></span> <span class='ocrx_word' id='word_1_217' title='bbox 1739 1878 1933 1932; x_wconf 73' lang='lat' dir='ltr'><strong>ritibus</strong></span> <span class='ocrx_word' id='word_1_218' title='bbox 1968 1843 2008 1899; x_wconf 68' lang='grc' dir='ltr'>Β</span> <span class='ocrx_word' id='word_1_219' title='bbox 2038 1872 2794 1940; x_wconf 67' lang='lat' dir='ltr'><strong>BagdadiinAlbloktaderum</strong></span> <span class='ocrx_word' id='word_1_220' title='bbox 2821 1875 3625 1944; x_wconf 79' lang='lat' dir='ltr'><strong>insurgentes,ipsumaggres-</strong></span> 
     </span>
    </p>
   </div>
   <div class='ocr_carea' id='block_1_34' title="bbox 348 1961 1931 2036">
    <p class='ocr_par' dir='ltr' id='par_1_34' title="bbox 348 1961 1931 2036">
     <span class='ocr_line' id='line_1_34' title="bbox 348 1961 1931 2036; baseline 0 -19"><span class='ocrx_word' id='word_1_221' title='bbox 348 1961 732 2036; x_wconf 78' lang='lat' dir='ltr'><strong>observandis]</strong></span> <span class='ocrx_word' id='word_1_222' title='bbox 766 1973 971 2030; x_wconf 90' lang='lat' dir='ltr'><strong>essent,</strong></span> <span class='ocrx_word' id='word_1_223' title='bbox 1007 1963 1098 2018; x_wconf 91' lang='lat' dir='ltr'><strong>die</strong></span> <span class='ocrx_word' id='word_1_224' title='bbox 1142 1962 1350 2030; x_wconf 81' lang='lat' dir='ltr'><strong>Martis,</strong></span> <span class='ocrx_word' id='word_1_225' title='bbox 1384 1964 1640 2035; x_wconf 78' lang='lat' dir='ltr'><strong>Dililajjae</strong></span> <span class='ocrx_word' id='word_1_226' title='bbox 1674 1968 1931 2036; x_wconf 86' lang='lat' dir='ltr'><strong>septimn,</strong></span> 
     </span>
    </p>
   </div>
   <div class='ocr_carea' id='block_1_35' title="bbox 350 2055 1932 2128">
    <p class='ocr_par' dir='ltr' id='par_1_35' title="bbox 350 2055 1932 2128">
     <span class='ocr_line' id='line_1_35' title="bbox 350 2055 1932 2128; baseline 0.003 -19"><span class='ocrx_word' id='word_1_227' title='bbox 350 2055 626 2110; x_wconf 85' lang='lat' dir='ltr'><strong>Meccham</strong></span> <span class='ocrx_word' id='word_1_228' title='bbox 665 2055 991 2126; x_wconf 74' lang='lat' dir='ltr'><strong>perveniens</strong></span> <span class='ocrx_word' id='word_1_229' title='bbox 1041 2055 1332 2110; x_wconf 81' lang='lat' dir='ltr'><strong>Allannabi</strong></span> <span class='ocrx_word' id='word_1_230' title='bbox 1393 2073 1518 2111; x_wconf 91' lang='lat' dir='ltr'><strong>cum</strong></span> <span class='ocrx_word' id='word_1_231' title='bbox 1563 2059 1737 2128; x_wconf 87' lang='lat' dir='ltr'><strong>copiis</strong></span> <span class='ocrx_word' id='word_1_232' title='bbox 1787 2060 1932 2123; x_wconf 86' lang='lat' dir='ltr'><strong>suis.</strong></span> 
     </span>
    </p>
   </div>
   <div class='ocr_carea' id='block_1_36' title="bbox 350 2146 1932 2216">
    <p class='ocr_par' dir='ltr' id='par_1_36' title="bbox 350 2146 1932 2216">
     <span class='ocr_line' id='line_1_36' title="bbox 350 2146 1932 2216; baseline -0.001 -12"><span class='ocrx_word' id='word_1_233' title='bbox 350 2146 711 2216; x_wconf 84' lang='lat' dir='ltr'><strong>eamdemque</strong></span> <span class='ocrx_word' id='word_1_234' title='bbox 756 2147 1060 2215; x_wconf 90' lang='lat' dir='ltr'><strong>ingressus,</strong></span> <span class='ocrx_word' id='word_1_235' title='bbox 1097 2148 1342 2202; x_wconf 90' lang='lat' dir='ltr'><strong>homines</strong></span> <span class='ocrx_word' id='word_1_236' title='bbox 1377 2159 1489 2203; x_wconf 92' lang='lat' dir='ltr'><strong>tum</strong></span> <span class='ocrx_word' id='word_1_237' title='bbox 1545 2151 1690 2204; x_wconf 82' lang='lat' dir='ltr'><strong>circa</strong></span> <span class='ocrx_word' id='word_1_238' title='bbox 1741 2152 1932 2216; x_wconf 67' lang='lat' dir='ltr'><strong>aedem,</strong></span> 
     </span>
    </p>
   </div>
   <div class='ocr_carea' id='block_1_37' title="bbox 351 2239 1926 2311">
    <p class='ocr_par' dir='ltr' id='par_1_37' title="bbox 351 2239 1926 2311">
     <span class='ocr_line' id='line_1_37' title="bbox 351 2239 1926 2311; baseline 0.003 -19"><span class='ocrx_word' id='word_1_239' title='bbox 351 2248 468 2292; x_wconf 89' lang='lat' dir='ltr'><strong>tum</strong></span> <span class='ocrx_word' id='word_1_240' title='bbox 502 2239 645 2292; x_wconf 89' lang='lat' dir='ltr'><strong>intra</strong></span> <span class='ocrx_word' id='word_1_241' title='bbox 691 2239 999 2292; x_wconf 87' lang='lat' dir='ltr'><strong>oratorium</strong></span> <span class='ocrx_word' id='word_1_242' title='bbox 1037 2254 1257 2294; x_wconf 84' lang='lat' dir='ltr'><strong>sacrum</strong></span> <span class='ocrx_word' id='word_1_243' title='bbox 1303 2248 1358 2294; x_wconf 91' lang='lat' dir='ltr'><strong>et</strong></span> <span class='ocrx_word' id='word_1_244' title='bbox 1399 2243 1452 2294; x_wconf 92' lang='lat' dir='ltr'><strong>in</strong></span> <span class='ocrx_word' id='word_1_245' title='bbox 1503 2242 1718 2311; x_wconf 85' lang='lat' dir='ltr'><strong>plateis,</strong></span> <span class='ocrx_word' id='word_1_246' title='bbox 1760 2243 1926 2296; x_wconf 84' lang='lat' dir='ltr'><strong>innu-</strong></span> 
     </span>
    </p>
   </div>
   <div class='ocr_carea' id='block_1_38' title="bbox 351 2331 1936 2403">
    <p class='ocr_par' dir='ltr' id='par_1_38' title="bbox 351 2331 1936 2403">
     <span class='ocr_line' id='line_1_38' title="bbox 351 2331 1936 2403; baseline 0.004 -19"><span class='ocrx_word' id='word_1_247' title='bbox 351 2348 530 2387; x_wconf 91' lang='lat' dir='ltr'><strong>meros</strong></span> <span class='ocrx_word' id='word_1_248' title='bbox 572 2331 817 2395; x_wconf 91' lang='lat' dir='ltr'><strong>occidit,</strong></span> <span class='ocrx_word' id='word_1_249' title='bbox 869 2331 1006 2385; x_wconf 90' lang='lat' dir='ltr'><strong>adeo</strong></span> <span class='ocrx_word' id='word_1_250' title='bbox 1052 2341 1110 2385; x_wconf 95' lang='lat' dir='ltr'><strong>nt</strong></span> <span class='ocrx_word' id='word_1_251' title='bbox 1157 2333 1314 2388; x_wconf 66' lang='lat' dir='ltr'><strong>caesis</strong></span> <span class='ocrx_word' id='word_1_252' title='bbox 1372 2335 1692 2403; x_wconf 87' lang='lat' dir='ltr'><strong>impleretur</strong></span> <span class='ocrx_word' id='word_1_253' title='bbox 1737 2346 1936 2403; x_wconf 87' lang='lat' dir='ltr'><strong>puteus</strong></span> 
     </span>
    </p>
   </div>
   <div class='ocr_carea' id='block_1_39' title="bbox 352 2422 1934 2492">
    <p class='ocr_par' dir='ltr' id='par_1_39' title="bbox 352 2422 1934 2492">
     <span class='ocr_line' id='line_1_39' title="bbox 352 2422 1934 2492; baseline 0.005 -16"><span class='ocrx_word' id='word_1_254' title='bbox 352 2422 634 2488; x_wconf 63' lang='lat' dir='ltr'><strong>Zamaam,</strong></span> <span class='ocrx_word' id='word_1_255' title='bbox 675 2437 779 2476; x_wconf 88' lang='lat' dir='ltr'><strong>nec</strong></span> <span class='ocrx_word' id='word_1_256' title='bbox 817 2437 926 2474; x_wconf 91' lang='lat' dir='ltr'><strong>non</strong></span> <span class='ocrx_word' id='word_1_257' title='bbox 961 2422 1156 2482; x_wconf 87' lang='lat' dir='ltr'><strong>valles,</strong></span> <span class='ocrx_word' id='word_1_258' title='bbox 1180 2423 1300 2488; x_wconf 76' lang='lat' dir='ltr'><strong>vite,</strong></span> <span class='ocrx_word' id='word_1_259' title='bbox 1331 2423 1552 2492; x_wconf 91' lang='lat' dir='ltr'><strong>domus,</strong></span> <span class='ocrx_word' id='word_1_260' title='bbox 1585 2436 1640 2481; x_wconf 91' lang='lat' dir='ltr'><strong>et</strong></span> <span class='ocrx_word' id='word_1_261' title='bbox 1666 2425 1883 2480; x_wconf 88' lang='lat' dir='ltr'><strong>deserta</strong></span> <span class='ocrx_word' id='word_1_262' title='bbox 1918 2445 1934 2484; x_wconf 87' lang='lat'><strong>:</strong></span> 
     </span>
    </p>
   </div>
   <div class='ocr_carea' id='block_1_40' title="bbox 351 2513 1937 2588">
    <p class='ocr_par' dir='ltr' id='par_1_40' title="bbox 351 2513 1937 2588">
     <span class='ocr_line' id='line_1_40' title="bbox 351 2513 1937 2588; baseline 0.005 -21"><span class='ocrx_word' id='word_1_263' title='bbox 351 2515 497 2584; x_wconf 90' lang='lat' dir='ltr'><strong>quod</strong></span> <span class='ocrx_word' id='word_1_264' title='bbox 533 2515 576 2569; x_wconf 90' lang='lat' dir='ltr'><strong>si</strong></span> <span class='ocrx_word' id='word_1_265' title='bbox 613 2514 707 2582; x_wconf 91' lang='lat' dir='ltr'><strong>qui</strong></span> <span class='ocrx_word' id='word_1_266' title='bbox 743 2513 868 2583; x_wconf 90' lang='lat' dir='ltr'><strong>fuga</strong></span> <span class='ocrx_word' id='word_1_267' title='bbox 902 2530 960 2569; x_wconf 91' lang='lat' dir='ltr'><strong>se</strong></span> <span class='ocrx_word' id='word_1_268' title='bbox 992 2515 1138 2570; x_wconf 63' lang='lat' dir='ltr'><strong>caede</strong></span> <span class='ocrx_word' id='word_1_269' title='bbox 1162 2517 1458 2586; x_wconf 89' lang='lat' dir='ltr'><strong>eriperent,</strong></span> <span class='ocrx_word' id='word_1_270' title='bbox 1495 2529 1550 2574; x_wconf 91' lang='lat' dir='ltr'><strong>et</strong></span> <span class='ocrx_word' id='word_1_271' title='bbox 1588 2521 1736 2588; x_wconf 91' lang='lat' dir='ltr'><strong>ipsos</strong></span> <span class='ocrx_word' id='word_1_272' title='bbox 1765 2521 1937 2575; x_wconf 88' lang='lat' dir='ltr'><strong>inter-</strong></span> 
     </span>
    </p>
   </div>
   <div class='ocr_carea' id='block_1_41' title="bbox 353 2605 1940 2676">
    <p class='ocr_par' dir='ltr' id='par_1_41' title="bbox 353 2605 1940 2676">
     <span class='ocr_line' id='line_1_41' title="bbox 353 2605 1940 2676; baseline 0.006 -20"><span class='ocrx_word' id='word_1_273' title='bbox 353 2605 599 2658; x_wconf 87' lang='lat' dir='ltr'><strong>fecerunt</strong></span> <span class='ocrx_word' id='word_1_274' title='bbox 631 2606 862 2670; x_wconf 77' lang='lat' dir='ltr'><strong>Arabes,</strong></span> <span class='ocrx_word' id='word_1_275' title='bbox 914 2619 1046 2674; x_wconf 89' lang='lat' dir='ltr'><strong>opes</strong></span> <span class='ocrx_word' id='word_1_276' title='bbox 1096 2605 1342 2676; x_wconf 90' lang='lat' dir='ltr'><strong>ipsorum</strong></span> <span class='ocrx_word' id='word_1_277' title='bbox 1389 2607 1734 2676; x_wconf 88' lang='lat' dir='ltr'><strong>diripientes.</strong></span> <span class='ocrx_word' id='word_1_278' title='bbox 1772 2611 1940 2666; x_wconf 86' lang='lat' dir='ltr'><strong>Erant</strong></span> 
     </span>
    </p>
   </div>
   <div class='ocr_carea' id='block_1_42' title="bbox 353 2695 1940 2772">
    <p class='ocr_par' dir='ltr' id='par_1_42' title="bbox 353 2695 1940 2772">
     <span class='ocr_line' id='line_1_42' title="bbox 353 2695 1940 2772; baseline 0.004 -23"><span class='ocrx_word' id='word_1_279' title='bbox 353 2706 531 2750; x_wconf 84' lang='lat' dir='ltr'><strong>autem</strong></span> <span class='ocrx_word' id='word_1_280' title='bbox 567 2705 621 2752; x_wconf 91' lang='lat' dir='ltr'><strong>et</strong></span> <span class='ocrx_word' id='word_1_281' title='bbox 655 2698 747 2766; x_wconf 93' lang='lat' dir='ltr'><strong>qui</strong></span> <span class='ocrx_word' id='word_1_282' title='bbox 790 2695 1012 2751; x_wconf 89' lang='lat' dir='ltr'><strong>loddmn</strong></span> <span class='ocrx_word' id='word_1_283' title='bbox 1045 2697 1310 2768; x_wconf 87' lang='lat' dir='ltr'><strong>fugientes</strong></span> <span class='ocrx_word' id='word_1_284' title='bbox 1341 2700 1476 2754; x_wconf 84' lang='lat' dir='ltr'><strong>mari</strong></span> <span class='ocrx_word' id='word_1_285' title='bbox 1499 2699 1847 2772; x_wconf 77' lang='lat'><strong>521-523</strong></span> <span class='ocrx_word' id='word_1_286' title='bbox 1880 2716 1940 2758; x_wconf 89' lang='lat' dir='ltr'><strong>se</strong></span> 
     </span>
    </p>
   </div>
   <div class='ocr_carea' id='block_1_43' title="bbox 361 2789 1940 2862">
    <p class='ocr_par' dir='ltr' id='par_1_43' title="bbox 361 2789 1940 2862">
     <span class='ocr_line' id='line_1_43' title="bbox 361 2789 1940 2862; baseline 0.003 -19"><span class='ocrx_word' id='word_1_287' title='bbox 361 2791 790 2843; x_wconf 82' lang='lat' dir='ltr'><strong>committerent.</strong></span> <span class='ocrx_word' id='word_1_288' title='bbox 845 2789 1002 2859; x_wconf 88' lang='lat' dir='ltr'><strong>Cepit</strong></span> <span class='ocrx_word' id='word_1_289' title='bbox 1069 2805 1197 2859; x_wconf 80' lang='lat' dir='ltr'><strong>ergo</strong></span> <span class='ocrx_word' id='word_1_290' title='bbox 1257 2790 1616 2848; x_wconf 85' lang='lat' dir='ltr'><strong>Allanuabius</strong></span> <span class='ocrx_word' id='word_1_291' title='bbox 1667 2809 1828 2862; x_wconf 87' lang='lat' dir='ltr'><strong>opum</strong></span> <span class='ocrx_word' id='word_1_292' title='bbox 1885 2802 1940 2848; x_wconf 91' lang='lat' dir='ltr'><strong>et</strong></span> 
     </span>
    </p>
   </div>
   <div class='ocr_carea' id='block_1_44' title="bbox 356 2883 1939 2956">
    <p class='ocr_par' dir='ltr' id='par_1_44' title="bbox 356 2883 1939 2956">
     <span class='ocr_line' id='line_1_44' title="bbox 356 2883 1939 2956; baseline 0.002 -20"><span class='ocrx_word' id='word_1_293' title='bbox 356 2883 714 2952; x_wconf 86' lang='lat' dir='ltr'><strong>supellectilis</strong></span> <span class='ocrx_word' id='word_1_294' title='bbox 758 2884 1021 2949; x_wconf 84' lang='lat' dir='ltr'><strong>majorem</strong></span> <span class='ocrx_word' id='word_1_295' title='bbox 1073 2899 1236 2952; x_wconf 85' lang='lat' dir='ltr'><strong>quam</strong></span> <span class='ocrx_word' id='word_1_296' title='bbox 1283 2903 1404 2954; x_wconf 77' lang='lat' dir='ltr'><strong>qua:</strong></span> <span class='ocrx_word' id='word_1_297' title='bbox 1453 2887 1726 2942; x_wconf 90' lang='lat' dir='ltr'><strong>rcccnseri</strong></span> <span class='ocrx_word' id='word_1_298' title='bbox 1762 2887 1939 2956; x_wconf 87' lang='lat' dir='ltr'><strong>possit</strong></span> 
     </span>
    </p>
   </div>
   <div class='ocr_carea' id='block_1_45' title="bbox 355 2977 1941 3053">
    <p class='ocr_par' dir='ltr' id='par_1_45' title="bbox 355 2977 1941 3053">
     <span class='ocr_line' id='line_1_45' title="bbox 355 2977 1941 3053; baseline 0.004 -24"><span class='ocrx_word' id='word_1_299' title='bbox 355 2978 593 3053; x_wconf 85' lang='lat' dir='ltr'><strong>c0piam.</strong></span> <span class='ocrx_word' id='word_1_300' title='bbox 629 2977 906 3046; x_wconf 86' lang='lat' dir='ltr'><strong>Quidquid</strong></span> <span class='ocrx_word' id='word_1_301' title='bbox 938 2981 1105 3036; x_wconf 90' lang='lat' dir='ltr'><strong>etiam</strong></span> <span class='ocrx_word' id='word_1_302' title='bbox 1147 2981 1288 3036; x_wconf 90' lang='lat' dir='ltr'><strong>intra</strong></span> <span class='ocrx_word' id='word_1_303' title='bbox 1324 2983 1496 3036; x_wconf 77' lang='lat' dir='ltr'><strong>aedem</strong></span> <span class='ocrx_word' id='word_1_304' title='bbox 1543 2995 1757 3035; x_wconf 88' lang='lat' dir='ltr'><strong>sacram</strong></span> <span class='ocrx_word' id='word_1_305' title='bbox 1793 2987 1941 3035; x_wconf 87' lang='lat' dir='ltr'><strong>esset</strong></span> 
     </span>
    </p>
   </div>
   <div class='ocr_carea' id='block_1_46' title="bbox 355 3069 1941 3141">
    <p class='ocr_par' dir='ltr' id='par_1_46' title="bbox 355 3069 1941 3141">
     <span class='ocr_line' id='line_1_46' title="bbox 355 3069 1941 3141; baseline 0.003 -20"><span class='ocrx_word' id='word_1_306' title='bbox 355 3069 473 3121; x_wconf 89' lang='lat' dir='ltr'><strong>auri</strong></span> <span class='ocrx_word' id='word_1_307' title='bbox 506 3077 670 3138; x_wconf 89' lang='lat' dir='ltr'><strong>atque</strong></span> <span class='ocrx_word' id='word_1_308' title='bbox 697 3071 908 3140; x_wconf 85' lang='lat' dir='ltr'><strong>argenti</strong></span> <span class='ocrx_word' id='word_1_309' title='bbox 944 3073 1196 3128; x_wconf 88' lang='lat' dir='ltr'><strong>abstulit.</strong></span> <span class='ocrx_word' id='word_1_310' title='bbox 1245 3071 1506 3128; x_wconf 87' lang='lat' dir='ltr'><strong>Laminas</strong></span> <span class='ocrx_word' id='word_1_311' title='bbox 1533 3073 1699 3126; x_wconf 88' lang='lat' dir='ltr'><strong>etiam</strong></span> <span class='ocrx_word' id='word_1_312' title='bbox 1747 3087 1941 3141; x_wconf 85' lang='lat' dir='ltr'><strong>argen-</strong></span> 
     </span>
    </p>
   </div>
   <div class='ocr_carea' id='block_1_47' title="bbox 357 3163 2006 3236">
    <p class='ocr_par' dir='ltr' id='par_1_47' title="bbox 357 3163 2006 3236">
     <span class='ocr_line' id='line_1_47' title="bbox 357 3163 2006 3236; baseline 0.007 -26"><span class='ocrx_word' id='word_1_313' title='bbox 357 3169 470 3214; x_wconf 84' lang='lat' dir='ltr'><strong>teas</strong></span> <span class='ocrx_word' id='word_1_314' title='bbox 503 3176 622 3229; x_wconf 66' lang='lat' dir='ltr'><strong>quae</strong></span> <span class='ocrx_word' id='word_1_315' title='bbox 669 3163 722 3216; x_wconf 91' lang='lat' dir='ltr'><strong>in</strong></span> <span class='ocrx_word' id='word_1_316' title='bbox 747 3163 921 3232; x_wconf 88' lang='lat' dir='ltr'><strong>janua</strong></span> <span class='ocrx_word' id='word_1_317' title='bbox 969 3165 1158 3236; x_wconf 90' lang='lat' dir='ltr'><strong>templi</strong></span> <span class='ocrx_word' id='word_1_318' title='bbox 1207 3177 1366 3220; x_wconf 90' lang='lat' dir='ltr'><strong>erant</strong></span> <span class='ocrx_word' id='word_1_319' title='bbox 1414 3167 1634 3220; x_wconf 85' lang='lat' dir='ltr'><strong>avulsas</strong></span> <span class='ocrx_word' id='word_1_320' title='bbox 1681 3165 1932 3221; x_wconf 87' lang='lat' dir='ltr'><strong>abstulit.</strong></span> <span class='ocrx_word' id='word_1_321' title='bbox 1963 3178 2006 3235; x_wconf 76' lang='grc' dir='ltr'>ο</span> 
     </span>
    </p>
   </div>
   <div class='ocr_carea' id='block_1_48' title="bbox 358 3247 1938 3326">
    <p class='ocr_par' dir='ltr' id='par_1_48' title="bbox 358 3247 1938 3326">
     <span class='ocr_line' id='line_1_48' title="bbox 358 3247 1938 3326; baseline 0.008 -25"><span class='ocrx_word' id='word_1_322' title='bbox 358 3247 592 3320; x_wconf 85' lang='lat' dir='ltr'><strong>Fuitque</strong></span> <span class='ocrx_word' id='word_1_323' title='bbox 626 3252 680 3305; x_wconf 90' lang='lat' dir='ltr'><strong>in</strong></span> <span class='ocrx_word' id='word_1_324' title='bbox 715 3255 917 3326; x_wconf 91' lang='lat' dir='ltr'><strong>angulo</strong></span> <span class='ocrx_word' id='word_1_325' title='bbox 953 3253 1087 3310; x_wconf 66' lang='lat' dir='ltr'><strong>tedis</strong></span> <span class='ocrx_word' id='word_1_326' title='bbox 1114 3255 1372 3310; x_wconf 80' lang='lat' dir='ltr'><strong>exteriori</strong></span> <span class='ocrx_word' id='word_1_327' title='bbox 1398 3255 1534 3323; x_wconf 88' lang='lat' dir='ltr'><strong>lapis</strong></span> <span class='ocrx_word' id='word_1_328' title='bbox 1565 3257 1738 3324; x_wconf 88' lang='lat' dir='ltr'><strong>niger,</strong></span> <span class='ocrx_word' id='word_1_329' title='bbox 1773 3269 1938 3324; x_wconf 87' lang='lat' dir='ltr'><strong>quem</strong></span> 
     </span>
    </p>
   </div>
   <div class='ocr_carea' id='block_1_49' title="bbox 357 3345 1939 3412">
    <p class='ocr_par' dir='ltr' id='par_1_49' title="bbox 357 3345 1939 3412">
     <span class='ocr_line' id='line_1_49' title="bbox 357 3345 1939 3412; baseline 0.003 -18"><span class='ocrx_word' id='word_1_330' title='bbox 357 3357 690 3412; x_wconf 90' lang='lat' dir='ltr'><strong>magnopere</strong></span> <span class='ocrx_word' id='word_1_331' title='bbox 755 3346 999 3400; x_wconf 91' lang='lat' dir='ltr'><strong>venerati</strong></span> <span class='ocrx_word' id='word_1_332' title='bbox 1074 3345 1324 3402; x_wconf 90' lang='lat' dir='ltr'><strong>homines</strong></span> <span class='ocrx_word' id='word_1_333' title='bbox 1386 3355 1440 3400; x_wconf 90' lang='lat' dir='ltr'><strong>et</strong></span> <span class='ocrx_word' id='word_1_334' title='bbox 1499 3346 1939 3402; x_wconf 89' lang='lat' dir='ltr'><strong>benedictionem</strong></span> 
     </span>
    </p>
   </div>
   <div class='ocr_carea' id='block_1_50' title="bbox 357 3432 1938 3508">
    <p class='ocr_par' dir='ltr' id='par_1_50' title="bbox 357 3432 1938 3508">
     <span class='ocr_line' id='line_1_50' title="bbox 357 3432 1938 3508; baseline 0.004 -24"><span class='ocrx_word' id='word_1_335' title='bbox 357 3432 486 3486; x_wconf 90' lang='lat' dir='ltr'><strong>inde</strong></span> <span class='ocrx_word' id='word_1_336' title='bbox 533 3441 816 3502; x_wconf 90' lang='lat' dir='ltr'><strong>captantes</strong></span> <span class='ocrx_word' id='word_1_337' title='bbox 869 3436 1182 3492; x_wconf 74' lang='lat' dir='ltr'><strong>deosculari</strong></span> <span class='ocrx_word' id='word_1_338' title='bbox 1239 3436 1510 3500; x_wconf 84' lang='lat' dir='ltr'><strong>solebant,</strong></span> <span class='ocrx_word' id='word_1_339' title='bbox 1547 3453 1712 3508; x_wconf 89' lang='lat' dir='ltr'><strong>quem</strong></span> <span class='ocrx_word' id='word_1_340' title='bbox 1767 3437 1938 3490; x_wconf 89' lang='lat' dir='ltr'><strong>etiam</strong></span> 
     </span>
    </p>
   </div>
   <div class='ocr_carea' id='block_1_51' title="bbox 361 3523 1940 3598">
    <p class='ocr_par' dir='ltr' id='par_1_51' title="bbox 361 3523 1940 3598">
     <span class='ocr_line' id='line_1_51' title="bbox 361 3523 1940 3598; baseline 0.006 -23"><span class='ocrx_word' id='word_1_341' title='bbox 361 3523 478 3576; x_wconf 91' lang='lat' dir='ltr'><strong>loco</strong></span> <span class='ocrx_word' id='word_1_342' title='bbox 539 3535 751 3579; x_wconf 90' lang='lat' dir='ltr'><strong>motum</strong></span> <span class='ocrx_word' id='word_1_343' title='bbox 807 3541 995 3582; x_wconf 84' lang='lat' dir='ltr'><strong>secum</strong></span> <span class='ocrx_word' id='word_1_344' title='bbox 1053 3527 1322 3594; x_wconf 83' lang='lat' dir='ltr'><strong>abduxit;</strong></span> <span class='ocrx_word' id='word_1_345' title='bbox 1373 3538 1694 3598; x_wconf 88' lang='lat' dir='ltr'><strong>septemque</strong></span> <span class='ocrx_word' id='word_1_346' title='bbox 1746 3528 1940 3584; x_wconf 88' lang='lat' dir='ltr'><strong>diebus</strong></span> 
     </span>
    </p>
   </div>
   <div class='ocr_carea' id='block_1_52' title="bbox 360 3611 1968 3688">
    <p class='ocr_par' dir='ltr' id='par_1_52' title="bbox 360 3611 1968 3688">
     <span class='ocr_line' id='line_1_52' title="bbox 360 3611 1968 3688; baseline 0.005 -24"><span class='ocrx_word' id='word_1_347' title='bbox 360 3611 624 3676; x_wconf 64' lang='lat' dir='ltr'><strong>Meet-hie,</strong></span> <span class='ocrx_word' id='word_1_348' title='bbox 675 3614 1100 3684; x_wconf 68' lang='lat' dir='ltr'><strong>eidiripiendte,</strong></span> <span class='ocrx_word' id='word_1_349' title='bbox 1153 3617 1492 3685; x_wconf 83' lang='lat' dir='ltr'><strong>insumpsit:</strong></span> <span class='ocrx_word' id='word_1_350' title='bbox 1532 3617 1655 3674; x_wconf 86' lang='lat' dir='ltr'><strong>dein</strong></span> <span class='ocrx_word' id='word_1_351' title='bbox 1707 3618 1968 3688; x_wconf 54' lang='lat' dir='ltr'><strong>patriam’</strong></span> 
     </span>
    </p>
   </div>
   <div class='ocr_carea' id='block_1_53' title="bbox 359 3707 1941 3776">
    <p class='ocr_par' dir='ltr' id='par_1_53' title="bbox 359 3707 1941 3776">
     <span class='ocr_line' id='line_1_53' title="bbox 359 3707 1941 3776; baseline 0.004 -20"><span class='ocrx_word' id='word_1_352' title='bbox 359 3719 514 3756; x_wconf 87' lang='lat' dir='ltr'><strong>suam</strong></span> <span class='ocrx_word' id='word_1_353' title='bbox 553 3720 804 3759; x_wconf 80' lang='lat' dir='ltr'><strong>reversus</strong></span> <span class='ocrx_word' id='word_1_354' title='bbox 831 3714 915 3759; x_wconf 88' lang='lat' dir='ltr'><strong>est</strong></span> <span class='ocrx_word' id='word_1_355' title='bbox 940 3707 1480 3776; x_wconf 90' lang='lat' dir='ltr'><strong>peregrinationibus</strong></span> <span class='ocrx_word' id='word_1_356' title='bbox 1510 3708 1750 3764; x_wconf 87' lang='lat' dir='ltr'><strong>abolitis.</strong></span> <span class='ocrx_word' id='word_1_357' title='bbox 1772 3709 1941 3764; x_wconf 85' lang='lat' dir='ltr'><strong>Porro</strong></span> 
     </span>
    </p>
   </div>
   <div class='ocr_carea' id='block_1_54' title="bbox 364 3795 1940 3864">
    <p class='ocr_par' dir='ltr' id='par_1_54' title="bbox 364 3795 1940 3864">
     <span class='ocr_line' id='line_1_54' title="bbox 364 3795 1940 3864; baseline 0.004 -18"><span class='ocrx_word' id='word_1_358' title='bbox 364 3795 502 3848; x_wconf 89' lang='lat' dir='ltr'><strong>obiit</strong></span> <span class='ocrx_word' id='word_1_359' title='bbox 554 3795 698 3849; x_wconf 87' lang='lat' dir='ltr'><strong>Elias</strong></span> <span class='ocrx_word' id='word_1_360' title='bbox 757 3796 1070 3864; x_wconf 88' lang='lat' dir='ltr'><strong>patriarcha</strong></span> <span class='ocrx_word' id='word_1_361' title='bbox 1131 3798 1508 3852; x_wconf 84' lang='lat' dir='ltr'><strong>Antiochenus</strong></span> <span class='ocrx_word' id='word_1_362' title='bbox 1567 3798 1656 3854; x_wconf 91' lang='lat' dir='ltr'><strong>die</strong></span> <span class='ocrx_word' id='word_1_363' title='bbox 1713 3797 1940 3854; x_wconf 86' lang='lat' dir='ltr'><strong>Sabbati</strong></span> 
     </span>
    </p>
   </div>
   <div class='ocr_carea' id='block_1_55' title="bbox 362 3887 1938 3956">
    <p class='ocr_par' dir='ltr' id='par_1_55' title="bbox 362 3887 1938 3956">
     <span class='ocr_line' id='line_1_55' title="bbox 362 3887 1938 3956; baseline 0.003 -16"><span class='ocrx_word' id='word_1_364' title='bbox 362 3887 593 3941; x_wconf 68' lang='lat' dir='ltr'><strong>Iomadm</strong></span> <span class='ocrx_word' id='word_1_365' title='bbox 628 3888 956 3956; x_wconf 88' lang='lat' dir='ltr'><strong>posterioris</strong></span> <span class='ocrx_word' id='word_1_366' title='bbox 1009 3887 1224 3944; x_wconf 90' lang='lat' dir='ltr'><strong>decimo</strong></span> <span class='ocrx_word' id='word_1_367' title='bbox 1267 3889 1452 3952; x_wconf 87' lang='lat' dir='ltr'><strong>tertio,</strong></span> <span class='ocrx_word' id='word_1_368' title='bbox 1490 3904 1635 3943; x_wconf 89' lang='lat' dir='ltr'><strong>anno</strong></span> <span class='ocrx_word' id='word_1_369' title='bbox 1668 3898 1938 3945; x_wconf 81' lang='lat' dir='ltr'><strong>trecente-</strong></span> 
     </span>
    </p>
   </div>
   <div class='ocr_carea' id='block_1_56' title="bbox 360 3979 1939 4054">
    <p class='ocr_par' dir='ltr' id='par_1_56' title="bbox 360 3979 1939 4054">
     <span class='ocr_line' id='line_1_56' title="bbox 360 3979 1939 4054; baseline 0.002 -21"><span class='ocrx_word' id='word_1_370' title='bbox 360 3980 500 4033; x_wconf 83' lang='lat' dir='ltr'><strong>simo</strong></span> <span class='ocrx_word' id='word_1_371' title='bbox 525 3979 738 4034; x_wconf 89' lang='lat' dir='ltr'><strong>decimo</strong></span> <span class='ocrx_word' id='word_1_372' title='bbox 787 3983 1023 4051; x_wconf 88' lang='lat' dir='ltr'><strong>septimo</strong></span> <span class='ocrx_word' id='word_1_373' title='bbox 1076 3980 1412 4054; x_wconf 89' lang='lat' dir='ltr'><strong>[postquam]</strong></span> <span class='ocrx_word' id='word_1_374' title='bbox 1458 3983 1515 4037; x_wconf 90' lang='lat' dir='ltr'><strong>in</strong></span> <span class='ocrx_word' id='word_1_375' title='bbox 1548 3983 1816 4038; x_wconf 88' lang='lat' dir='ltr'><strong>cathedra</strong></span> <span class='ocrx_word' id='word_1_376' title='bbox 1851 3999 1939 4037; x_wconf 90' lang='lat' dir='ltr'><strong>se-</strong></span> 
     </span>
    </p>
   </div>
   <div class='ocr_carea' id='block_1_57' title="bbox 380 4071 1942 4144">
    <p class='ocr_par' dir='ltr' id='par_1_57' title="bbox 380 4071 1942 4144">
     <span class='ocr_line' id='line_1_57' title="bbox 380 4071 1942 4144; baseline 0.004 -19"><span class='ocrx_word' id='word_1_377' title='bbox 380 4071 553 4126; x_wconf 88' lang='lat' dir='ltr'><strong>disset</strong></span> <span class='ocrx_word' id='word_1_378' title='bbox 601 4087 776 4128; x_wconf 89' lang='lat' dir='ltr'><strong>annos</strong></span> <span class='ocrx_word' id='word_1_379' title='bbox 830 4075 1015 4144; x_wconf 81' lang='lat' dir='ltr'><strong>viginti</strong></span> <span class='ocrx_word' id='word_1_380' title='bbox 1062 4083 1204 4130; x_wconf 92' lang='lat' dir='ltr'><strong>octo.</strong></span> <span class='ocrx_word' id='word_1_381' title='bbox 1257 4073 1447 4130; x_wconf 84' lang='lat' dir='ltr'><strong>Vizieri</strong></span> <span class='ocrx_word' id='word_1_382' title='bbox 1490 4077 1654 4130; x_wconf 89' lang='lat' dir='ltr'><strong>etiam</strong></span> <span class='ocrx_word' id='word_1_383' title='bbox 1713 4092 1942 4131; x_wconf 88' lang='lat' dir='ltr'><strong>munere</strong></span> 
     </span>
    </p>
   </div>
   <div class='ocr_carea' id='block_1_58' title="bbox 363 4158 1942 4231">
    <p class='ocr_par' dir='ltr' id='par_1_58' title="bbox 363 4158 1942 4231">
     <span class='ocr_line' id='line_1_58' title="bbox 363 4158 1942 4231; baseline 0.004 -16"><span class='ocrx_word' id='word_1_384' title='bbox 363 4164 607 4231; x_wconf 88' lang='lat' dir='ltr'><strong>privatus</strong></span> <span class='ocrx_word' id='word_1_385' title='bbox 640 4173 724 4218; x_wconf 89' lang='lat' dir='ltr'><strong>est</strong></span> <span class='ocrx_word' id='word_1_386' title='bbox 756 4164 1100 4220; x_wconf 80' lang='lat' dir='ltr'><strong>Mohammed</strong></span> <span class='ocrx_word' id='word_1_387' title='bbox 1144 4166 1259 4221; x_wconf 88' lang='lat' dir='ltr'><strong>Ebu</strong></span> <span class='ocrx_word' id='word_1_388' title='bbox 1294 4167 1404 4228; x_wconf 82' lang='lat' dir='ltr'><strong>Ali.</strong></span> <span class='ocrx_word' id='word_1_389' title='bbox 1439 4166 1556 4223; x_wconf 81' lang='lat' dir='ltr'><strong>Ebn</strong></span> <span class='ocrx_word' id='word_1_390' title='bbox 1593 4158 1807 4221; x_wconf 77' lang='lat' dir='ltr'><strong>Moklah</strong></span> <span class='ocrx_word' id='word_1_391' title='bbox 1851 4167 1942 4222; x_wconf 90' lang='lat' dir='ltr'><strong>die</strong></span> 
     </span>
    </p>
   </div>
   <div class='ocr_carea' id='block_1_59' title="bbox 362 4253 1938 4327">
    <p class='ocr_par' dir='ltr' id='par_1_59' title="bbox 362 4253 1938 4327">
     <span class='ocr_line' id='line_1_59' title="bbox 362 4253 1938 4327; baseline 0.004 -21"><span class='ocrx_word' id='word_1_392' title='bbox 362 4253 576 4318; x_wconf 76' lang='lat' dir='ltr'><strong>Martis,</strong></span> <span class='ocrx_word' id='word_1_393' title='bbox 631 4264 757 4311; x_wconf 89' lang='lat' dir='ltr'><strong>ante</strong></span> <span class='ocrx_word' id='word_1_394' title='bbox 811 4256 1029 4309; x_wconf 90' lang='lat' dir='ltr'><strong>ﬁnitum</strong></span> <span class='ocrx_word' id='word_1_395' title='bbox 1075 4255 1300 4312; x_wconf 88' lang='lat' dir='ltr'><strong>lomada</strong></span> <span class='ocrx_word' id='word_1_396' title='bbox 1337 4259 1578 4327; x_wconf 89' lang='lat' dir='ltr'><strong>priorem</strong></span> <span class='ocrx_word' id='word_1_397' title='bbox 1623 4259 1938 4324; x_wconf 90' lang='lat' dir='ltr'><strong>undecimo,</strong></span> 
     </span>
    </p>
   </div>
   <div class='ocr_carea' id='block_1_60' title="bbox 361 4345 1941 4403">
    <p class='ocr_par' dir='ltr' id='par_1_60' title="bbox 361 4345 1941 4403">
     <span class='ocr_line' id='line_1_60' title="bbox 361 4345 1941 4403; baseline 0.003 -5"><span class='ocrx_word' id='word_1_398' title='bbox 361 4360 487 4398; x_wconf 86' lang='lat' dir='ltr'><strong>cum</strong></span> <span class='ocrx_word' id='word_1_399' title='bbox 528 4345 581 4398; x_wconf 95' lang='lat' dir='ltr'><strong>in</strong></span> <span class='ocrx_word' id='word_1_400' title='bbox 621 4347 751 4400; x_wconf 91' lang='lat' dir='ltr'><strong>illud</strong></span> <span class='ocrx_word' id='word_1_401' title='bbox 800 4347 1043 4402; x_wconf 83' lang='lat' dir='ltr'><strong>adscitus</strong></span> <span class='ocrx_word' id='word_1_402' title='bbox 1076 4357 1224 4402; x_wconf 90' lang='lat' dir='ltr'><strong>esset</strong></span> <span class='ocrx_word' id='word_1_403' title='bbox 1261 4346 1504 4402; x_wconf 89' lang='lat' dir='ltr'><strong>Soliman</strong></span> <span class='ocrx_word' id='word_1_404' title='bbox 1553 4349 1730 4403; x_wconf 87' lang='lat' dir='ltr'><strong>Ebnol</strong></span> <span class='ocrx_word' id='word_1_405' title='bbox 1761 4347 1941 4402; x_wconf 85' lang='lat' dir='ltr'><strong>Hasan</strong></span> 
     </span>
    </p>
   </div>
   <div class='ocr_carea' id='block_1_61' title="bbox 363 4436 1944 4504">
    <p class='ocr_par' dir='ltr' id='par_1_61' title="bbox 363 4436 1944 4504">
     <span class='ocr_line' id='line_1_61' title="bbox 363 4436 1944 4504; baseline 0 -14"><span class='ocrx_word' id='word_1_406' title='bbox 363 4437 478 4490; x_wconf 73' lang='lat' dir='ltr'><strong>Elin</strong></span> <span class='ocrx_word' id='word_1_407' title='bbox 505 4436 804 4491; x_wconf 79' lang='lat' dir='ltr'><strong>lliochalled</strong></span> <span class='ocrx_word' id='word_1_408' title='bbox 836 4438 924 4492; x_wconf 88' lang='lat' dir='ltr'><strong>die</strong></span> <span class='ocrx_word' id='word_1_409' title='bbox 951 4436 1125 4501; x_wconf 85' lang='lat' dir='ltr'><strong>Jovis,</strong></span> <span class='ocrx_word' id='word_1_410' title='bbox 1172 4438 1387 4494; x_wconf 83' lang='lat' dir='ltr'><strong>decimo</strong></span> <span class='ocrx_word' id='word_1_411' title='bbox 1412 4439 1595 4504; x_wconf 87' lang='lat' dir='ltr'><strong>_tertio</strong></span> <span class='ocrx_word' id='word_1_412' title='bbox 1643 4447 1770 4493; x_wconf 89' lang='lat' dir='ltr'><strong>ante</strong></span> <span class='ocrx_word' id='word_1_413' title='bbox 1821 4438 1944 4492; x_wconf 89' lang='lat' dir='ltr'><strong>ﬁni-</strong></span> 
     </span>
    </p>
   </div>
   <div class='ocr_carea' id='block_1_62' title="bbox 1983 1964 3622 2034">
    <p class='ocr_par' dir='ltr' id='par_1_62' title="bbox 1983 1964 3622 2034">
     <span class='ocr_line' id='line_1_62' title="bbox 1983 1964 3622 2034; baseline -0.002 -15"><span class='ocrx_word' id='word_1_414' title='bbox 1983 2025 1986 2028; x_wconf 25' lang='lat'><strong>,</strong></span> <span class='ocrx_word' id='word_1_415' title='bbox 2037 1964 2083 2019; x_wconf 90' lang='lat' dir='ltr'><strong>si</strong></span> <span class='ocrx_word' id='word_1_416' title='bbox 2121 1973 2279 2027; x_wconf 89' lang='lat' dir='ltr'><strong>sunt,</strong></span> <span class='ocrx_word' id='word_1_417' title='bbox 2342 1965 2407 2016; x_wconf 84' lang='lat' dir='ltr'><strong>ad</strong></span> <span class='ocrx_word' id='word_1_418' title='bbox 2452 1979 2590 2033; x_wconf 90' lang='lat' dir='ltr'><strong>quos</strong></span> <span class='ocrx_word' id='word_1_419' title='bbox 2615 1980 2792 2034; x_wconf 82' lang='lat' dir='ltr'><strong>pugna</strong></span> <span class='ocrx_word' id='word_1_420' title='bbox 2811 1964 3164 2034; x_wconf 88' lang='lat' dir='ltr'><strong>excipiendos</strong></span> <span class='ocrx_word' id='word_1_421' title='bbox 3216 1979 3340 2017; x_wconf 88' lang='lat' dir='ltr'><strong>cum</strong></span> <span class='ocrx_word' id='word_1_422' title='bbox 3366 1977 3622 2033; x_wconf 82' lang='lat' dir='ltr'><strong>egressus</strong></span> 
     </span>
    </p>
   </div>
   <div class='ocr_carea' id='block_1_63' title="bbox 2037 2052 3626 2124">
    <p class='ocr_par' dir='ltr' id='par_1_63' title="bbox 2037 2052 3626 2124">
     <span class='ocr_line' id='line_1_63' title="bbox 2037 2052 3626 2124; baseline -0.003 -16"><span class='ocrx_word' id='word_1_423' title='bbox 2037 2063 2206 2119; x_wconf 88' lang='lat' dir='ltr'><strong>esset,</strong></span> <span class='ocrx_word' id='word_1_424' title='bbox 2244 2055 2422 2124; x_wconf 91' lang='lat' dir='ltr'><strong>ipsum</strong></span> <span class='ocrx_word' id='word_1_425' title='bbox 2470 2054 2887 2116; x_wconf 85' lang='lat' dir='ltr'><strong>interfecerunt,</strong></span> <span class='ocrx_word' id='word_1_426' title='bbox 2922 2066 3192 2123; x_wconf 89' lang='lat' dir='ltr'><strong>caputque</strong></span> <span class='ocrx_word' id='word_1_427' title='bbox 3224 2054 3394 2106; x_wconf 63' lang='lat' dir='ltr'><strong>hasta:</strong></span> <span class='ocrx_word' id='word_1_428' title='bbox 3443 2052 3626 2120; x_wconf 86' lang='lat' dir='ltr'><strong>impo-</strong></span> 
     </span>
    </p>
   </div>
   <div class='ocr_carea' id='block_1_64' title="bbox 2038 2145 3624 2217">
    <p class='ocr_par' dir='ltr' id='par_1_64' title="bbox 2038 2145 3624 2217">
     <span class='ocr_line' id='line_1_64' title="bbox 2038 2145 3624 2217; baseline -0.003 -16"><span class='ocrx_word' id='word_1_429' title='bbox 2038 2147 2203 2201; x_wconf 90' lang='lat' dir='ltr'><strong>situm</strong></span> <span class='ocrx_word' id='word_1_430' title='bbox 2254 2147 2397 2202; x_wconf 89' lang='lat' dir='ltr'><strong>circa</strong></span> <span class='ocrx_word' id='word_1_431' title='bbox 2445 2147 2634 2201; x_wconf 89' lang='lat' dir='ltr'><strong>urbem</strong></span> <span class='ocrx_word' id='word_1_432' title='bbox 2679 2147 3036 2216; x_wconf 77' lang='lat'><strong>525-527</strong></span> <span class='ocrx_word' id='word_1_433' title='bbox 3081 2154 3406 2217; x_wconf 82' lang='lat' dir='ltr'><strong>gestarum;</strong></span> <span class='ocrx_word' id='word_1_434' title='bbox 3457 2145 3624 2211; x_wconf 86' lang='lat' dir='ltr'><strong>idque</strong></span> 
     </span>
    </p>
   </div>
   <div class='ocr_carea' id='block_1_65' title="bbox 2037 2237 3622 2302">
    <p class='ocr_par' dir='ltr' id='par_1_65' title="bbox 2037 2237 3622 2302">
     <span class='ocr_line' id='line_1_65' title="bbox 2037 2237 3622 2302; baseline 0 -12"><span class='ocrx_word' id='word_1_435' title='bbox 2037 2237 2125 2291; x_wconf 90' lang='lat' dir='ltr'><strong>die</strong></span> <span class='ocrx_word' id='word_1_436' title='bbox 2149 2237 2422 2302; x_wconf 78' lang='lat' dir='ltr'><strong>Mercurii,</strong></span> <span class='ocrx_word' id='word_1_437' title='bbox 2446 2247 2572 2292; x_wconf 90' lang='lat' dir='ltr'><strong>ante</strong></span> <span class='ocrx_word' id='word_1_438' title='bbox 2599 2239 2811 2292; x_wconf 86' lang='lat' dir='ltr'><strong>ﬁnitum</strong></span> <span class='ocrx_word' id='word_1_439' title='bbox 2838 2253 3081 2291; x_wconf 87' lang='lat' dir='ltr'><strong>mensem</strong></span> <span class='ocrx_word' id='word_1_440' title='bbox 3127 2237 3324 2292; x_wconf 85' lang='lat' dir='ltr'><strong>Shawa</strong></span> <span class='ocrx_word' id='word_1_441' title='bbox 3353 2237 3622 2300; x_wconf 88' lang='lat' dir='ltr'><strong>secundo,</strong></span> 
     </span>
    </p>
   </div>
   <div class='ocr_carea' id='block_1_66' title="bbox 2046 2326 3624 2399">
    <p class='ocr_par' dir='ltr' id='par_1_66' title="bbox 2046 2326 3624 2399">
     <span class='ocr_line' id='line_1_66' title="bbox 2046 2326 3624 2399; baseline 0.001 -17"><span class='ocrx_word' id='word_1_442' title='bbox 2046 2344 2190 2382; x_wconf 89' lang='lat' dir='ltr'><strong>anno</strong></span> <span class='ocrx_word' id='word_1_443' title='bbox 2219 2329 2604 2383; x_wconf 83' lang='lat' dir='ltr'><strong>trecentesimo</strong></span> <span class='ocrx_word' id='word_1_444' title='bbox 2640 2329 2919 2382; x_wconf 87' lang='lat' dir='ltr'><strong>vicesimo.</strong></span> <span class='ocrx_word' id='word_1_445' title='bbox 2952 2326 3075 2382; x_wconf 86' lang='lat' dir='ltr'><strong>Fuit</strong></span> <span class='ocrx_word' id='word_1_446' title='bbox 3103 2328 3395 2383; x_wconf 85' lang='lat' dir='ltr'><strong>chalifatus</strong></span> <span class='ocrx_word' id='word_1_447' title='bbox 3449 2329 3624 2399; x_wconf 91' lang='lat' dir='ltr'><strong>ipsius</strong></span> 
     </span>
    </p>
   </div>
   <div class='ocr_carea' id='block_1_67' title="bbox 2041 2419 3626 2488">
    <p class='ocr_par' dir='ltr' id='par_1_67' title="bbox 2041 2419 3626 2488">
     <span class='ocr_line' id='line_1_67' title="bbox 2041 2419 3626 2488; baseline -0.003 -14"><span class='ocrx_word' id='word_1_448' title='bbox 2041 2435 2310 2474; x_wconf 87' lang='lat' dir='ltr'><strong>annorum</strong></span> <span class='ocrx_word' id='word_1_449' title='bbox 2363 2420 2552 2488; x_wconf 83' lang='lat' dir='ltr'><strong>viginti</strong></span> <span class='ocrx_word' id='word_1_450' title='bbox 2609 2429 2868 2488; x_wconf 89' lang='lat' dir='ltr'><strong>quatuor,</strong></span> <span class='ocrx_word' id='word_1_451' title='bbox 2923 2420 3191 2472; x_wconf 90' lang='lat' dir='ltr'><strong>mensium</strong></span> <span class='ocrx_word' id='word_1_452' title='bbox 3247 2419 3517 2477; x_wconf 88' lang='lat' dir='ltr'><strong>undecim.</strong></span> <span class='ocrx_word' id='word_1_453' title='bbox 3570 2425 3626 2470; x_wconf 89' lang='lat' dir='ltr'><strong>et</strong></span> 
     </span>
    </p>
   </div>
   <div class='ocr_carea' id='block_1_68' title="bbox 2039 2507 3624 2580">
    <p class='ocr_par' dir='ltr' id='par_1_68' title="bbox 2039 2507 3624 2580">
     <span class='ocr_line' id='line_1_68' title="bbox 2039 2507 3624 2580; baseline -0.002 -16"><span class='ocrx_word' id='word_1_454' title='bbox 2039 2511 2252 2565; x_wconf 88' lang='lat' dir='ltr'><strong>dierum</strong></span> <span class='ocrx_word' id='word_1_455' title='bbox 2287 2512 2605 2580; x_wconf 86' lang='lat' dir='ltr'><strong>quindecim</strong></span> <span class='ocrx_word' id='word_1_456' title='bbox 2639 2529 2652 2566; x_wconf 89' lang='lat'><strong>:</strong></span> <span class='ocrx_word' id='word_1_457' title='bbox 2686 2511 2790 2564; x_wconf 91' lang='lat' dir='ltr'><strong>fuit</strong></span> <span class='ocrx_word' id='word_1_458' title='bbox 2832 2511 3071 2566; x_wconf 83' lang='lat' dir='ltr'><strong>vizierus</strong></span> <span class='ocrx_word' id='word_1_459' title='bbox 3104 2510 3280 2579; x_wconf 88' lang='lat' dir='ltr'><strong>ipsius</strong></span> <span class='ocrx_word' id='word_1_460' title='bbox 3319 2507 3624 2576; x_wconf 81' lang='lat' dir='ltr'><strong>Alpbadlus</strong></span> 
     </span>
    </p>
   </div>
   <div class='ocr_carea' id='block_1_69' title="bbox 2044 2599 3627 2664">
    <p class='ocr_par' dir='ltr' id='par_1_69' title="bbox 2044 2599 3627 2664">
     <span class='ocr_line' id='line_1_69' title="bbox 2044 2599 3627 2664; baseline 0.001 -10"><span class='ocrx_word' id='word_1_461' title='bbox 2044 2601 2158 2656; x_wconf 87' lang='lat' dir='ltr'><strong>Ebn</strong></span> <span class='ocrx_word' id='word_1_462' title='bbox 2209 2601 2411 2664; x_wconf 75' lang='lat' dir='ltr'><strong>laafar,</strong></span> <span class='ocrx_word' id='word_1_463' title='bbox 2455 2603 2626 2656; x_wconf 83' lang='lat' dir='ltr'><strong>Ebnol</strong></span> <span class='ocrx_word' id='word_1_464' title='bbox 2677 2600 2902 2656; x_wconf 89' lang='lat' dir='ltr'><strong>Phorat.</strong></span> <span class='ocrx_word' id='word_1_465' title='bbox 2939 2600 3187 2655; x_wconf 79' lang='lat' dir='ltr'><strong>Mortuus</strong></span> <span class='ocrx_word' id='word_1_466' title='bbox 3234 2610 3315 2656; x_wconf 69' lang='grc' dir='ltr'><strong>εει</strong></span> <span class='ocrx_word' id='word_1_467' title='bbox 3366 2599 3627 2655; x_wconf 75' lang='lat' dir='ltr'><strong>Trikonis</strong></span> 
     </span>
    </p>
   </div>
   <div class='ocr_carea' id='block_1_70' title="bbox 2042 2693 3623 2764">
    <p class='ocr_par' dir='ltr' id='par_1_70' title="bbox 2042 2693 3623 2764">
     <span class='ocr_line' id='line_1_70' title="bbox 2042 2693 3623 2764; baseline -0.003 -16"><span class='ocrx_word' id='word_1_468' title='bbox 2042 2696 2352 2764; x_wconf 88' lang='lat' dir='ltr'><strong>patriarcha</strong></span> <span class='ocrx_word' id='word_1_469' title='bbox 2421 2694 3065 2764; x_wconf 84' lang='lat' dir='ltr'><strong>Constantinopolitanus</strong></span> <span class='ocrx_word' id='word_1_470' title='bbox 3115 2708 3242 2748; x_wconf 90' lang='lat' dir='ltr'><strong>cum</strong></span> <span class='ocrx_word' id='word_1_471' title='bbox 3305 2693 3623 2747; x_wconf 90' lang='lat' dir='ltr'><strong>cathedram</strong></span> 
     </span>
    </p>
   </div>
   <div class='ocr_carea' id='block_1_71' title="bbox 2039 2781 3624 2855">
    <p class='ocr_par' dir='ltr' id='par_1_71' title="bbox 2039 2781 3624 2855">
     <span class='ocr_line' id='line_1_71' title="bbox 2039 2781 3624 2855; baseline -0.003 -16"><span class='ocrx_word' id='word_1_472' title='bbox 2039 2787 2418 2855; x_wconf 87' lang='lat' dir='ltr'><strong>quinquennio</strong></span> <span class='ocrx_word' id='word_1_473' title='bbox 2467 2794 2834 2855; x_wconf 81' lang='lat' dir='ltr'><strong>occupasset,</strong></span> <span class='ocrx_word' id='word_1_474' title='bbox 2888 2783 3289 2853; x_wconf 83' lang='lat' dir='ltr'><strong>constituitque</strong></span> <span class='ocrx_word' id='word_1_475' title='bbox 3321 2823 3334 2827; x_wconf 78' lang='lat'><strong>-</strong></span> <span class='ocrx_word' id='word_1_476' title='bbox 3362 2781 3624 2835; x_wconf 89' lang='lat' dir='ltr'><strong>Domnius</strong></span> 
     </span>
    </p>
   </div>
   <div class='ocr_carea' id='block_1_72' title="bbox 2042 2871 3624 2946">
    <p class='ocr_par' dir='ltr' id='par_1_72' title="bbox 2042 2871 3624 2946">
     <span class='ocr_line' id='line_1_72' title="bbox 2042 2871 3624 2946; baseline -0.006 -14"><span class='ocrx_word' id='word_1_477' title='bbox 2042 2877 2211 2932; x_wconf 89' lang='lat' dir='ltr'><strong>ﬁlium</strong></span> <span class='ocrx_word' id='word_1_478' title='bbox 2244 2893 2402 2931; x_wconf 90' lang='lat' dir='ltr'><strong>suum</strong></span> <span class='ocrx_word' id='word_1_479' title='bbox 2432 2877 2650 2932; x_wconf 88' lang='lat' dir='ltr'><strong>nomine</strong></span> <span class='ocrx_word' id='word_1_480' title='bbox 2682 2874 3179 2946; x_wconf 84' lang='lat' dir='ltr'><strong>TheOphylactum,</strong></span> <span class='ocrx_word' id='word_1_481' title='bbox 3211 2872 3304 2942; x_wconf 89' lang='lat' dir='ltr'><strong>qui</strong></span> <span class='ocrx_word' id='word_1_482' title='bbox 3336 2871 3624 2925; x_wconf 90' lang='lat' dir='ltr'><strong>eunuchus</strong></span> 
     </span>
    </p>
   </div>
   <div class='ocr_carea' id='block_1_73' title="bbox 2041 2961 3616 3038">
    <p class='ocr_par' dir='ltr' id='par_1_73' title="bbox 2041 2961 3616 3038">
     <span class='ocr_line' id='line_1_73' title="bbox 2041 2961 3616 3038; baseline -0.006 -14"><span class='ocrx_word' id='word_1_483' title='bbox 2041 2971 2168 3033; x_wconf 87' lang='lat' dir='ltr'><strong>fuit,</strong></span> <span class='ocrx_word' id='word_1_484' title='bbox 2207 2972 2574 3038; x_wconf 87' lang='lat' dir='ltr'><strong>patriarcham</strong></span> <span class='ocrx_word' id='word_1_485' title='bbox 2606 2983 2756 3034; x_wconf 85' lang='lat' dir='ltr'><strong>cum,</strong></span> <span class='ocrx_word' id='word_1_486' title='bbox 2795 2967 3016 3036; x_wconf 85' lang='lat' dir='ltr'><strong>juvenis</strong></span> <span class='ocrx_word' id='word_1_487' title='bbox 3053 2973 3196 3022; x_wconf 89' lang='lat' dir='ltr'><strong>esset</strong></span> <span class='ocrx_word' id='word_1_488' title='bbox 3226 2977 3495 3017; x_wconf 89' lang='lat' dir='ltr'><strong>annorum</strong></span> <span class='ocrx_word' id='word_1_489' title='bbox 3531 2961 3616 3016; x_wconf 83' lang='lat' dir='ltr'><strong>vi-</strong></span> 
     </span>
    </p>
   </div>
   <div class='ocr_carea' id='block_1_74' title="bbox 2042 3063 2456 3132">
    <p class='ocr_par' dir='ltr' id='par_1_74' title="bbox 2042 3063 2456 3132">
     <span class='ocr_line' id='line_1_74' title="bbox 2042 3063 2456 3132; baseline -0.002 -16"><span class='ocrx_word' id='word_1_490' title='bbox 2042 3063 2174 3132; x_wconf 81' lang='lat' dir='ltr'><strong>ginti</strong></span> <span class='ocrx_word' id='word_1_491' title='bbox 2202 3065 2456 3117; x_wconf 90' lang='lat' dir='ltr'><strong>duorum.</strong></span> 
     </span>
    </p>
   </div>
   <div class='ocr_carea' id='block_1_75' title="bbox 2515 3149 3151 3220">
    <p class='ocr_par' dir='ltr' id='par_1_75' title="bbox 2515 3149 3151 3220">
     <span class='ocr_line' id='line_1_75' title="bbox 2515 3149 3151 3220; baseline -0.006 -14"><span class='ocrx_word' id='word_1_492' title='bbox 2515 3151 2818 3220; x_wconf 77' lang='lat' dir='ltr'><strong>Chalifalus</strong></span> <span class='ocrx_word' id='word_1_493' title='bbox 2857 3149 3151 3204; x_wconf 79' lang='lat' dir='ltr'><strong>AlKaIteri.</strong></span> 
     </span>
    </p>
   </div>
   <div class='ocr_carea' id='block_1_76' title="bbox 2065 3242 3623 3316">
    <p class='ocr_par' dir='ltr' id='par_1_76' title="bbox 2065 3242 3623 3316">
     <span class='ocr_line' id='line_1_76' title="bbox 2065 3242 3623 3316; baseline 0.003 -16"><span class='ocrx_word' id='word_1_494' title='bbox 2065 3296 2069 3300; x_wconf 88' lang='lat'><strong>.</strong></span> <span class='ocrx_word' id='word_1_495' title='bbox 2113 3247 2481 3316; x_wconf 86' lang='lat' dir='ltr'><strong>lnauguratus</strong></span> <span class='ocrx_word' id='word_1_496' title='bbox 2511 3255 2594 3299; x_wconf 89' lang='lat' dir='ltr'><strong>est</strong></span> <span class='ocrx_word' id='word_1_497' title='bbox 2624 3242 2874 3298; x_wconf 79' lang='lat' dir='ltr'><strong>AIKaher</strong></span> <span class='ocrx_word' id='word_1_498' title='bbox 2909 3245 3097 3298; x_wconf 88' lang='lat' dir='ltr'><strong>billabi</strong></span> <span class='ocrx_word' id='word_1_499' title='bbox 3127 3245 3470 3302; x_wconf 82' lang='lat' dir='ltr'><strong>Mohannned</strong></span> <span class='ocrx_word' id='word_1_500' title='bbox 3504 3245 3623 3304; x_wconf 91' lang='lat' dir='ltr'><strong>Ebu</strong></span> 
     </span>
    </p>
   </div>
   <div class='ocr_carea' id='block_1_77' title="bbox 2043 3335 3626 3402">
    <p class='ocr_par' dir='ltr' id='par_1_77' title="bbox 2043 3335 3626 3402">
     <span class='ocr_line' id='line_1_77' title="bbox 2043 3335 3626 3402; baseline 0.001 -9"><span class='ocrx_word' id='word_1_501' title='bbox 2043 3340 2252 3393; x_wconf 78' lang='lat' dir='ltr'><strong>Ahnted</strong></span> <span class='ocrx_word' id='word_1_502' title='bbox 2288 3337 2662 3402; x_wconf 78' lang='lat' dir='ltr'><strong>AlMotadetli,</strong></span> <span class='ocrx_word' id='word_1_503' title='bbox 2695 3337 2784 3390; x_wconf 90' lang='lat' dir='ltr'><strong>die</strong></span> <span class='ocrx_word' id='word_1_504' title='bbox 2810 3335 2980 3402; x_wconf 75' lang='lat' dir='ltr'><strong>lovis,</strong></span> <span class='ocrx_word' id='word_1_505' title='bbox 3015 3339 3221 3391; x_wconf 88' lang='lat' dir='ltr'><strong>mensis</strong></span> <span class='ocrx_word' id='word_1_506' title='bbox 3257 3336 3499 3392; x_wconf 82' lang='lat' dir='ltr'><strong>Shawali</strong></span> <span class='ocrx_word' id='word_1_507' title='bbox 3530 3355 3626 3402; x_wconf 81' lang='lat' dir='ltr'><strong>uc-</strong></span> 
     </span>
    </p>
   </div>
   <div class='ocr_carea' id='block_1_78' title="bbox 2043 3428 3629 3493">
    <p class='ocr_par' dir='ltr' id='par_1_78' title="bbox 2043 3428 3629 3493">
     <span class='ocr_line' id='line_1_78' title="bbox 2043 3428 3629 3493; baseline 0.004 -11"><span class='ocrx_word' id='word_1_508' title='bbox 2043 3430 2296 3493; x_wconf 82' lang='lat' dir='ltr'><strong>nultitno,</strong></span> <span class='ocrx_word' id='word_1_509' title='bbox 2324 3444 2468 3482; x_wconf 91' lang='lat' dir='ltr'><strong>anno</strong></span> <span class='ocrx_word' id='word_1_510' title='bbox 2498 3429 2888 3483; x_wconf 88' lang='lat' dir='ltr'><strong>trecentesimo</strong></span> <span class='ocrx_word' id='word_1_511' title='bbox 2927 3429 3206 3483; x_wconf 89' lang='lat' dir='ltr'><strong>vicesimo.</strong></span> <span class='ocrx_word' id='word_1_512' title='bbox 3238 3428 3337 3483; x_wconf 81' lang='lat' dir='ltr'><strong>llic</strong></span> <span class='ocrx_word' id='word_1_513' title='bbox 3365 3432 3629 3488; x_wconf 75' lang='lat' dir='ltr'><strong>vizierum</strong></span> 
     </span>
    </p>
   </div>
   <div class='ocr_carea' id='block_1_79' title="bbox 2045 3517 3630 3580">
    <p class='ocr_par' dir='ltr' id='par_1_79' title="bbox 2045 3517 3630 3580">
     <span class='ocr_line' id='line_1_79' title="bbox 2045 3517 3630 3580; baseline 0.003 -5"><span class='ocrx_word' id='word_1_514' title='bbox 2045 3521 2150 3575; x_wconf 87' lang='lat' dir='ltr'><strong>sibi</strong></span> <span class='ocrx_word' id='word_1_515' title='bbox 2195 3519 2432 3574; x_wconf 88' lang='lat' dir='ltr'><strong>adscivit</strong></span> <span class='ocrx_word' id='word_1_516' title='bbox 2484 3517 2922 3574; x_wconf 82' lang='lat' dir='ltr'><strong>Mohammedem</strong></span> <span class='ocrx_word' id='word_1_517' title='bbox 2983 3519 3100 3574; x_wconf 86' lang='lat' dir='ltr'><strong>Ebu</strong></span> <span class='ocrx_word' id='word_1_518' title='bbox 3149 3520 3387 3575; x_wconf 79' lang='lat' dir='ltr'><strong>Moklah.</strong></span> <span class='ocrx_word' id='word_1_519' title='bbox 3440 3523 3630 3580; x_wconf 88' lang='lat' dir='ltr'><strong>Primo</strong></span> 
     </span>
    </p>
   </div>
   <div class='ocr_carea' id='block_1_80' title="bbox 2043 3611 3631 3681">
    <p class='ocr_par' dir='ltr' id='par_1_80' title="bbox 2043 3611 3631 3681">
     <span class='ocr_line' id='line_1_80' title="bbox 2043 3611 3631 3681; baseline 0.003 -15"><span class='ocrx_word' id='word_1_520' title='bbox 2043 3611 2336 3666; x_wconf 87' lang='lat' dir='ltr'><strong>chalifatus</strong></span> <span class='ocrx_word' id='word_1_521' title='bbox 2397 3613 2580 3681; x_wconf 88' lang='lat' dir='ltr'><strong>ipsius</strong></span> <span class='ocrx_word' id='word_1_522' title='bbox 2624 3625 2769 3664; x_wconf 87' lang='lat' dir='ltr'><strong>anno</strong></span> <span class='ocrx_word' id='word_1_523' title='bbox 2822 3615 3157 3665; x_wconf 76' lang='lat' dir='ltr'><strong>constitutus</strong></span> <span class='ocrx_word' id='word_1_524' title='bbox 3204 3621 3288 3666; x_wconf 87' lang='lat' dir='ltr'><strong>est</strong></span> <span class='ocrx_word' id='word_1_525' title='bbox 3337 3615 3464 3668; x_wconf 90' lang='lat' dir='ltr'><strong>Said</strong></span> <span class='ocrx_word' id='word_1_526' title='bbox 3512 3614 3631 3671; x_wconf 87' lang='lat' dir='ltr'><strong>Ebu</strong></span> 
     </span>
    </p>
   </div>
   <div class='ocr_carea' id='block_1_81' title="bbox 2046 3699 3636 3773">
    <p class='ocr_par' dir='ltr' id='par_1_81' title="bbox 2046 3699 3636 3773">
     <span class='ocr_line' id='line_1_81' title="bbox 2046 3699 3636 3773; baseline 0.001 -17"><span class='ocrx_word' id='word_1_527' title='bbox 2046 3703 2251 3767; x_wconf 87' lang='lat' dir='ltr'><strong>Batrik,</strong></span> <span class='ocrx_word' id='word_1_528' title='bbox 2288 3703 2534 3755; x_wconf 89' lang='lat' dir='ltr'><strong>medicus</strong></span> <span class='ocrx_word' id='word_1_529' title='bbox 2562 3716 2592 3754; x_wconf 89' lang='lat' dir='ltr'><strong>e</strong></span> <span class='ocrx_word' id='word_1_530' title='bbox 2632 3701 2881 3756; x_wconf 81' lang='lat' dir='ltr'><strong>Phostati</strong></span> <span class='ocrx_word' id='word_1_531' title='bbox 2912 3699 3250 3771; x_wconf 64' lang='lat' dir='ltr'><strong>Egyptiaeae</strong></span> <span class='ocrx_word' id='word_1_532' title='bbox 3280 3703 3498 3762; x_wconf 83' lang='lat' dir='ltr'><strong>incolis.</strong></span> <span class='ocrx_word' id='word_1_533' title='bbox 3535 3720 3636 3773; x_wconf 81' lang='lat' dir='ltr'><strong>pa-</strong></span> 
     </span>
    </p>
   </div>
   <div class='ocr_carea' id='block_1_82' title="bbox 2055 3792 3632 3864">
    <p class='ocr_par' dir='ltr' id='par_1_82' title="bbox 2055 3792 3632 3864">
     <span class='ocr_line' id='line_1_82' title="bbox 2055 3792 3632 3864; baseline 0.001 -18"><span class='ocrx_word' id='word_1_534' title='bbox 2055 3793 2294 3847; x_wconf 86' lang='lat' dir='ltr'><strong>triarcha</strong></span> <span class='ocrx_word' id='word_1_535' title='bbox 2338 3792 2765 3857; x_wconf 82' lang='lat' dir='ltr'><strong>Alexandrinus,</strong></span> <span class='ocrx_word' id='word_1_536' title='bbox 2814 3794 3229 3862; x_wconf 88' lang='lat' dir='ltr'><strong>appellatusque</strong></span> <span class='ocrx_word' id='word_1_537' title='bbox 3269 3793 3424 3848; x_wconf 79' lang='lat' dir='ltr'><strong>Anka</strong></span> <span class='ocrx_word' id='word_1_538' title='bbox 3459 3794 3632 3864; x_wconf 84' lang='lat' dir='ltr'><strong>Euty-</strong></span> 
     </span>
    </p>
   </div>
   <div class='ocr_carea' id='block_1_83' title="bbox 2044 3877 3634 3952">
    <p class='ocr_par' dir='ltr' id='par_1_83' title="bbox 2044 3877 3634 3952">
     <span class='ocr_line' id='line_1_83' title="bbox 2044 3877 3634 3952; baseline 0.003 -17"><span class='ocrx_word' id='word_1_539' title='bbox 2044 3877 2201 3935; x_wconf 79' lang='lat' dir='ltr'><strong>cliius</strong></span> <span class='ocrx_word' id='word_1_540' title='bbox 2236 3899 2250 3934; x_wconf 87' lang='lat'><strong>:</strong></span> <span class='ocrx_word' id='word_1_541' title='bbox 2303 3882 2469 3950; x_wconf 89' lang='lat' dir='ltr'><strong>idque</strong></span> <span class='ocrx_word' id='word_1_542' title='bbox 2511 3884 2596 3935; x_wconf 83' lang='lat' dir='ltr'><strong>die</strong></span> <span class='ocrx_word' id='word_1_543' title='bbox 2621 3879 2799 3946; x_wconf 81' lang='lat' dir='ltr'><strong>Jovls,</strong></span> <span class='ocrx_word' id='word_1_544' title='bbox 2843 3883 3048 3936; x_wconf 89' lang='lat' dir='ltr'><strong>mensis</strong></span> <span class='ocrx_word' id='word_1_545' title='bbox 3087 3881 3347 3947; x_wconf 81' lang='lat' dir='ltr'><strong>Amshir,</strong></span> <span class='ocrx_word' id='word_1_546' title='bbox 3403 3885 3496 3952; x_wconf 83' lang='lat' dir='ltr'><strong>qui</strong></span> <span class='ocrx_word' id='word_1_547' title='bbox 3546 3895 3634 3940; x_wconf 88' lang='lat' dir='ltr'><strong>est</strong></span> 
     </span>
    </p>
   </div>
   <div class='ocr_carea' id='block_1_84' title="bbox 2045 3970 3634 4046">
    <p class='ocr_par' dir='ltr' id='par_1_84' title="bbox 2045 3970 3634 4046">
     <span class='ocr_line' id='line_1_84' title="bbox 2045 3970 3634 4046; baseline 0.003 -22"><span class='ocrx_word' id='word_1_548' title='bbox 2045 3970 2250 4025; x_wconf 86' lang='lat' dir='ltr'><strong>Shebat</strong></span> <span class='ocrx_word' id='word_1_549' title='bbox 2287 4011 2302 4033; x_wconf 90' lang='lat'><strong>,</strong></span> <span class='ocrx_word' id='word_1_550' title='bbox 2356 3973 2483 4025; x_wconf 90' lang='lat' dir='ltr'><strong>anni</strong></span> <span class='ocrx_word' id='word_1_551' title='bbox 2535 3972 2862 4028; x_wconf 84' lang='lat' dir='ltr'><strong>Diocletiani</strong></span> <span class='ocrx_word' id='word_1_552' title='bbox 2905 3975 3293 4029; x_wconf 87' lang='lat' dir='ltr'><strong>sexcentesimi</strong></span> <span class='ocrx_word' id='word_1_553' title='bbox 3337 3976 3634 4046; x_wconf 88' lang='lat' dir='ltr'><strong>quadrage-</strong></span> 
     </span>
    </p>
   </div>
   <div class='ocr_carea' id='block_1_85' title="bbox 2045 4065 3632 4140">
    <p class='ocr_par' dir='ltr' id='par_1_85' title="bbox 2045 4065 3632 4140">
     <span class='ocr_line' id='line_1_85' title="bbox 2045 4065 3632 4140; baseline 0.002 -22"><span class='ocrx_word' id='word_1_554' title='bbox 2045 4065 2168 4118; x_wconf 88' lang='lat' dir='ltr'><strong>simi</strong></span> <span class='ocrx_word' id='word_1_555' title='bbox 2198 4065 2350 4126; x_wconf 91' lang='lat' dir='ltr'><strong>noni,</strong></span> <span class='ocrx_word' id='word_1_556' title='bbox 2376 4076 2571 4118; x_wconf 87' lang='lat' dir='ltr'><strong>octavo</strong></span> <span class='ocrx_word' id='word_1_557' title='bbox 2600 4067 2806 4119; x_wconf 89' lang='lat' dir='ltr'><strong>mensis</strong></span> <span class='ocrx_word' id='word_1_558' title='bbox 2839 4065 3074 4136; x_wconf 88' lang='lat' dir='ltr'><strong>Saphar,</strong></span> <span class='ocrx_word' id='word_1_559' title='bbox 3103 4083 3252 4122; x_wconf 80' lang='lat' dir='ltr'><strong>anno</strong></span> <span class='ocrx_word' id='word_1_560' title='bbox 3279 4067 3508 4140; x_wconf 70' lang='lat' dir='ltr'><strong>[Hejrae]</strong></span> <span class='ocrx_word' id='word_1_561' title='bbox 3537 4069 3632 4121; x_wconf 91' lang='lat' dir='ltr'><strong>lu-</strong></span> 
     </span>
    </p>
   </div>
   <div class='ocr_carea' id='block_1_86' title="bbox 2044 4155 3118 4227">
    <p class='ocr_par' dir='ltr' id='par_1_86' title="bbox 2044 4155 3118 4227">
     <span class='ocr_line' id='line_1_86' title="bbox 2044 4155 3118 4227; baseline 0.003 -19"><span class='ocrx_word' id='word_1_562' title='bbox 2044 4155 2164 4208; x_wconf 85' lang='lat' dir='ltr'><strong>nari</strong></span> <span class='ocrx_word' id='word_1_563' title='bbox 2193 4157 2582 4210; x_wconf 85' lang='lat' dir='ltr'><strong>trecentesimo</strong></span> <span class='ocrx_word' id='word_1_564' title='bbox 2614 4157 2878 4212; x_wconf 84' lang='lat' dir='ltr'><strong>vicesimo</strong></span> <span class='ocrx_word' id='word_1_565' title='bbox 2915 4158 3118 4227; x_wconf 88' lang='lat' dir='ltr'><strong>primo.</strong></span> 
     </span>
    </p>
   </div>
   <div class='ocr_carea' id='block_1_87' title="bbox 2434 4247 3238 4316">
    <p class='ocr_par' dir='ltr' id='par_1_87' title="bbox 2434 4247 3238 4316">
     <span class='ocr_line' id='line_1_87' title="bbox 2434 4247 3238 4316; baseline -0.001 -11"><span class='ocrx_word' id='word_1_566' title='bbox 2434 4247 2599 4316; x_wconf 80' lang='lat'><strong>528</strong></span> <span class='ocrx_word' id='word_1_567' title='bbox 2625 4247 2931 4316; x_wconf 75' lang='lat' dir='ltr'><strong>Chalifatus</strong></span> <span class='ocrx_word' id='word_1_568' title='bbox 2963 4250 3031 4303; x_wconf 75' lang='lat' dir='ltr'><strong>Al</strong></span> <span class='ocrx_word' id='word_1_569' title='bbox 3062 4249 3238 4305; x_wconf 65' lang='lat' dir='ltr'><strong>Radit.</strong></span> 
     </span>
    </p>
   </div>
   <div class='ocr_carea' id='block_1_88' title="bbox 2115 4330 3636 4410">
    <p class='ocr_par' dir='ltr' id='par_1_88' title="bbox 2115 4330 3636 4410">
     <span class='ocr_line' id='line_1_88' title="bbox 2115 4330 3636 4410; baseline 0.007 -21"><span class='ocrx_word' id='word_1_570' title='bbox 2115 4335 2482 4407; x_wconf 74' lang='lat' dir='ltr'><strong>lnauguratus</strong></span> <span class='ocrx_word' id='word_1_571' title='bbox 2505 4349 2589 4393; x_wconf 91' lang='lat' dir='ltr'><strong>cst</strong></span> <span class='ocrx_word' id='word_1_572' title='bbox 2617 4339 2678 4392; x_wconf 81' lang='lat' dir='ltr'><strong>Al</strong></span> <span class='ocrx_word' id='word_1_573' title='bbox 2700 4339 2856 4406; x_wconf 79' lang='lat' dir='ltr'><strong>Radi,</strong></span> <span class='ocrx_word' id='word_1_574' title='bbox 2879 4340 2973 4410; x_wconf 91' lang='lat' dir='ltr'><strong>qui</strong></span> <span class='ocrx_word' id='word_1_575' title='bbox 3003 4330 3147 4396; x_wconf 75' lang='lat' dir='ltr'><strong>idem</strong></span> <span class='ocrx_word' id='word_1_576' title='bbox 3170 4351 3251 4397; x_wconf 91' lang='lat' dir='ltr'><strong>est</strong></span> <span class='ocrx_word' id='word_1_577' title='bbox 3275 4342 3419 4397; x_wconf 83' lang='lat' dir='ltr'><strong>Abul</strong></span> <span class='ocrx_word' id='word_1_578' title='bbox 3449 4342 3636 4400; x_wconf 81' lang='lat' dir='ltr'><strong>Abhas</strong></span> 
     </span>
    </p>
   </div>
   <div class='ocr_carea' id='block_1_89' title="bbox 2046 4427 3637 4502">
    <p class='ocr_par' dir='ltr' id='par_1_89' title="bbox 2046 4427 3637 4502">
     <span class='ocr_line' id='line_1_89' title="bbox 2046 4427 3637 4502; baseline 0.007 -21"><span class='ocrx_word' id='word_1_579' title='bbox 2046 4427 2384 4484; x_wconf 88' lang='lat' dir='ltr'><strong>Mohammed</strong></span> <span class='ocrx_word' id='word_1_580' title='bbox 2420 4429 2594 4484; x_wconf 78' lang='lat' dir='ltr'><strong>Ebnol</strong></span> <span class='ocrx_word' id='word_1_581' title='bbox 2622 4431 2946 4499; x_wconf 85' lang='lat' dir='ltr'><strong>Moktaderi,</strong></span> <span class='ocrx_word' id='word_1_582' title='bbox 2980 4433 3069 4488; x_wconf 90' lang='lat' dir='ltr'><strong>die</strong></span> <span class='ocrx_word' id='word_1_583' title='bbox 3089 4433 3366 4502; x_wconf 79' lang='lat' dir='ltr'><strong>Mercurii,</strong></span> <span class='ocrx_word' id='word_1_584' title='bbox 3401 4435 3637 4492; x_wconf 73' lang='lat' dir='ltr'><strong>lomadae</strong></span> 
     </span>
    </p>
   </div>
   <div class='ocr_carea' id='block_1_90' title="bbox 370 4517 3632 4592">
    <p class='ocr_par' dir='ltr' id='par_1_90' title="bbox 370 4517 3632 4592">
     <span class='ocr_line' id='line_1_90' title="bbox 370 4517 3632 4592; baseline 0.003 -12"><span class='ocrx_word' id='word_1_585' title='bbox 370 4541 486 4581; x_wconf 89' lang='lat' dir='ltr'><strong>tum</strong></span> <span class='ocrx_word' id='word_1_586' title='bbox 533 4529 784 4582; x_wconf 86' lang='lat' dir='ltr'><strong>eumdem</strong></span> <span class='ocrx_word' id='word_1_587' title='bbox 830 4544 1094 4592; x_wconf 84' lang='lat' dir='ltr'><strong>mensem,</strong></span> <span class='ocrx_word' id='word_1_588' title='bbox 1128 4543 1272 4583; x_wconf 88' lang='lat' dir='ltr'><strong>anno</strong></span> <span class='ocrx_word' id='word_1_589' title='bbox 1305 4529 1692 4584; x_wconf 85' lang='lat' dir='ltr'><strong>trecentesimo</strong></span> <span class='ocrx_word' id='word_1_590' title='bbox 1723 4529 1938 4586; x_wconf 89' lang='lat' dir='ltr'><strong>decimo</strong></span> <span class='ocrx_word' id='word_1_591' title='bbox 1970 4517 2024 4578; x_wconf 82' lang='lat' dir='ltr'><strong>D</strong></span> <span class='ocrx_word' id='word_1_592' title='bbox 2056 4521 2251 4591; x_wconf 74' lang='grc' dir='ltr'><strong>Ρτίοτίε</strong></span> <span class='ocrx_word' id='word_1_593' title='bbox 2283 4531 2462 4588; x_wconf 69' lang='grc' dir='ltr'><strong>εοκῑο.</strong></span> <span class='ocrx_word' id='word_1_594' title='bbox 2495 4539 2639 4579; x_wconf 70' lang='lat' dir='ltr'><strong>anno</strong></span> <span class='ocrx_word' id='word_1_595' title='bbox 2667 4526 3054 4581; x_wconf 65' lang='lat' dir='ltr'><strong>trecentesimo</strong></span> <span class='ocrx_word' id='word_1_596' title='bbox 3075 4528 3343 4583; x_wconf 76' lang='lat' dir='ltr'><strong>Vicesimo</strong></span> <span class='ocrx_word' id='word_1_597' title='bbox 3369 4533 3632 4585; x_wconf 74' lang='lat' dir='ltr'><strong>secundo.</strong></span> 
     </span>
    </p>
   </div>
   <div class='ocr_carea' id='block_1_91' title="bbox 362 4619 1949 4688">
    <p class='ocr_par' dir='ltr' id='par_1_91' title="bbox 362 4619 1949 4688">
     <span class='ocr_line' id='line_1_91' title="bbox 362 4619 1949 4688; baseline 0.004 -16"><span class='ocrx_word' id='word_1_598' title='bbox 362 4630 591 4684; x_wconf 84' lang='lat' dir='ltr'><strong>octavo;</strong></span> <span class='ocrx_word' id='word_1_599' title='bbox 618 4620 709 4688; x_wconf 92' lang='lat' dir='ltr'><strong>qui</strong></span> <span class='ocrx_word' id='word_1_600' title='bbox 739 4627 795 4673; x_wconf 86' lang='lat' dir='ltr'><strong>et</strong></span> <span class='ocrx_word' id='word_1_601' title='bbox 828 4635 1046 4674; x_wconf 89' lang='lat' dir='ltr'><strong>rursum</strong></span> <span class='ocrx_word' id='word_1_602' title='bbox 1070 4619 1262 4676; x_wconf 90' lang='lat' dir='ltr'><strong>eodem</strong></span> <span class='ocrx_word' id='word_1_603' title='bbox 1290 4631 1534 4678; x_wconf 87' lang='lat' dir='ltr'><strong>semotus</strong></span> <span class='ocrx_word' id='word_1_604' title='bbox 1562 4631 1645 4677; x_wconf 87' lang='lat' dir='ltr'><strong>est</strong></span> <span class='ocrx_word' id='word_1_605' title='bbox 1679 4622 1769 4678; x_wconf 85' lang='lat' dir='ltr'><strong>die</strong></span> <span class='ocrx_word' id='word_1_606' title='bbox 1797 4623 1949 4680; x_wconf 81' lang='lat' dir='ltr'><strong>Jovis</strong></span> 
     </span>
    </p>
   </div>
   <div class='ocr_carea' id='block_1_92' title="bbox 363 4709 1949 4782">
    <p class='ocr_par' dir='ltr' id='par_1_92' title="bbox 363 4709 1949 4782">
     <span class='ocr_line' id='line_1_92' title="bbox 363 4709 1949 4782; baseline 0.006 -18"><span class='ocrx_word' id='word_1_607' title='bbox 363 4721 489 4765; x_wconf 85' lang='lat' dir='ltr'><strong>ante</strong></span> <span class='ocrx_word' id='word_1_608' title='bbox 521 4710 730 4767; x_wconf 87' lang='lat' dir='ltr'><strong>ﬁnitum</strong></span> <span class='ocrx_word' id='word_1_609' title='bbox 775 4709 968 4782; x_wconf 80' lang='lat' dir='ltr'><strong>Rajcb,</strong></span> <span class='ocrx_word' id='word_1_610' title='bbox 994 4726 1137 4770; x_wconf 87' lang='lat' dir='ltr'><strong>anno</strong></span> <span class='ocrx_word' id='word_1_611' title='bbox 1169 4713 1560 4768; x_wconf 86' lang='lat' dir='ltr'><strong>trecentesimo</strong></span> <span class='ocrx_word' id='word_1_612' title='bbox 1609 4713 1826 4770; x_wconf 89' lang='lat' dir='ltr'><strong>decimo</strong></span> <span class='ocrx_word' id='word_1_613' title='bbox 1856 4731 1949 4773; x_wconf 89' lang='lat' dir='ltr'><strong>se-</strong></span> 
     </span>
    </p>
   </div>
   <div class='ocr_carea' id='block_1_93' title="bbox 362 4796 1949 4872">
    <p class='ocr_par' dir='ltr' id='par_1_93' title="bbox 362 4796 1949 4872">
     <span class='ocr_line' id='line_1_93' title="bbox 362 4796 1949 4872; baseline 0.009 -21"><span class='ocrx_word' id='word_1_614' title='bbox 362 4802 554 4872; x_wconf 85' lang='lat' dir='ltr'><strong>ptimo,</strong></span> <span class='ocrx_word' id='word_1_615' title='bbox 582 4805 784 4857; x_wconf 70' lang='lat' dir='ltr'><strong>viziero</strong></span> <span class='ocrx_word' id='word_1_616' title='bbox 820 4804 1127 4858; x_wconf 90' lang='lat' dir='ltr'><strong>constituto</strong></span> <span class='ocrx_word' id='word_1_617' title='bbox 1161 4803 1484 4860; x_wconf 91' lang='lat' dir='ltr'><strong>Obaidallah</strong></span> <span class='ocrx_word' id='word_1_618' title='bbox 1533 4805 1650 4862; x_wconf 83' lang='lat' dir='ltr'><strong>Ebn</strong></span> <span class='ocrx_word' id='word_1_619' title='bbox 1699 4796 1949 4864; x_wconf 55' lang='lat' dir='ltr'><strong>Mohamé</strong></span> 
     </span>
    </p>
   </div>
   <div class='ocr_carea' id='block_1_94' title="bbox 364 4894 1944 4968">
    <p class='ocr_par' dir='ltr' id='par_1_94' title="bbox 364 4894 1944 4968">
     <span class='ocr_line' id='line_1_94' title="bbox 364 4894 1944 4968; baseline 0.006 -22"><span class='ocrx_word' id='word_1_620' title='bbox 364 4894 485 4948; x_wconf 91' lang='lat' dir='ltr'><strong>med</strong></span> <span class='ocrx_word' id='word_1_621' title='bbox 535 4894 868 4958; x_wconf 88' lang='lat' dir='ltr'><strong>Cadanensi,</strong></span> <span class='ocrx_word' id='word_1_622' title='bbox 907 4896 996 4968; x_wconf 87' lang='lat' dir='ltr'><strong>die</strong></span> <span class='ocrx_word' id='word_1_623' title='bbox 1041 4896 1294 4964; x_wconf 85' lang='lat' dir='ltr'><strong>Sabhati,</strong></span> <span class='ocrx_word' id='word_1_624' title='bbox 1328 4909 1487 4954; x_wconf 86' lang='lat' dir='ltr'><strong>sexto</strong></span> <span class='ocrx_word' id='word_1_625' title='bbox 1521 4908 1648 4954; x_wconf 90' lang='lat' dir='ltr'><strong>ante</strong></span> <span class='ocrx_word' id='word_1_626' title='bbox 1692 4901 1944 4956; x_wconf 90' lang='lat' dir='ltr'><strong>eumdem</strong></span> 
     </span>
    </p>
   </div>
   <div class='ocr_carea' id='block_1_95' title="bbox 363 4988 1944 5049">
    <p class='ocr_par' dir='ltr' id='par_1_95' title="bbox 363 4988 1944 5049">
     <span class='ocr_line' id='line_1_95' title="bbox 363 4988 1944 5049; baseline 0.006 -10"><span class='ocrx_word' id='word_1_627' title='bbox 363 5001 606 5040; x_wconf 89' lang='lat' dir='ltr'><strong>mensem</strong></span> <span class='ocrx_word' id='word_1_628' title='bbox 643 4988 849 5040; x_wconf 85' lang='lat' dir='ltr'><strong>ﬁnitum</strong></span> <span class='ocrx_word' id='word_1_629' title='bbox 895 5003 1040 5043; x_wconf 89' lang='lat' dir='ltr'><strong>anno</strong></span> <span class='ocrx_word' id='word_1_630' title='bbox 1071 4991 1462 5046; x_wconf 85' lang='lat' dir='ltr'><strong>trecentesimo</strong></span> <span class='ocrx_word' id='word_1_631' title='bbox 1493 4992 1706 5047; x_wconf 90' lang='lat' dir='ltr'><strong>decimo</strong></span> <span class='ocrx_word' id='word_1_632' title='bbox 1753 5008 1896 5049; x_wconf 91' lang='lat' dir='ltr'><strong>nono</strong></span> <span class='ocrx_word' id='word_1_633' title='bbox 1929 5011 1944 5048; x_wconf 91' lang='lat'><strong>:</strong></span> 
     </span>
    </p>
   </div>
   <div class='ocr_carea' id='block_1_96' title="bbox 363 5079 1948 5147">
    <p class='ocr_par' dir='ltr' id='par_1_96' title="bbox 363 5079 1948 5147">
     <span class='ocr_line' id='line_1_96' title="bbox 363 5079 1948 5147; baseline 0.008 -19"><span class='ocrx_word' id='word_1_634' title='bbox 363 5094 472 5147; x_wconf 88' lang='lat' dir='ltr'><strong>qtto</strong></span> <span class='ocrx_word' id='word_1_635' title='bbox 523 5079 722 5133; x_wconf 84' lang='lat' dir='ltr'><strong>deinde</strong></span> <span class='ocrx_word' id='word_1_636' title='bbox 765 5088 978 5134; x_wconf 87' lang='lat' dir='ltr'><strong>semoto</strong></span> <span class='ocrx_word' id='word_1_637' title='bbox 1031 5080 1294 5136; x_wconf 81' lang='lat' dir='ltr'><strong>suffectus</strong></span> <span class='ocrx_word' id='word_1_638' title='bbox 1341 5091 1426 5137; x_wconf 90' lang='lat' dir='ltr'><strong>est</strong></span> <span class='ocrx_word' id='word_1_639' title='bbox 1476 5082 1727 5139; x_wconf 85' lang='lat' dir='ltr'><strong>AlHasan</strong></span> <span class='ocrx_word' id='word_1_640' title='bbox 1761 5085 1948 5141; x_wconf 84' lang='lat' dir='ltr'><strong>Ebnol’</strong></span> 
     </span>
    </p>
   </div>
   <div class='ocr_carea' id='block_1_97' title="bbox 364 5167 1947 5242">
    <p class='ocr_par' dir='ltr' id='par_1_97' title="bbox 364 5167 1947 5242">
     <span class='ocr_line' id='line_1_97' title="bbox 364 5167 1947 5242; baseline 0.004 -16"><span class='ocrx_word' id='word_1_641' title='bbox 364 5167 563 5226; x_wconf 77' lang='lat' dir='ltr'><strong>Kasem</strong></span> <span class='ocrx_word' id='word_1_642' title='bbox 589 5169 752 5242; x_wconf 63' lang='grc'><strong>524</strong></span> <span class='ocrx_word' id='word_1_643' title='bbox 794 5169 910 5224; x_wconf 84' lang='lat' dir='ltr'><strong>Ebn</strong></span> <span class='ocrx_word' id='word_1_644' title='bbox 959 5169 1132 5225; x_wconf 90' lang='lat' dir='ltr'><strong>Obaid</strong></span> <span class='ocrx_word' id='word_1_645' title='bbox 1160 5173 1327 5227; x_wconf 89' lang='lat' dir='ltr'><strong>oddin</strong></span> <span class='ocrx_word' id='word_1_646' title='bbox 1375 5174 1645 5240; x_wconf 87' lang='lat' dir='ltr'><strong>Soliman,</strong></span> <span class='ocrx_word' id='word_1_647' title='bbox 1675 5177 1788 5230; x_wconf 88' lang='lat' dir='ltr'><strong>Ebn</strong></span> <span class='ocrx_word' id='word_1_648' title='bbox 1819 5176 1947 5232; x_wconf 82' lang='lat' dir='ltr'><strong>Wa-</strong></span> 
     </span>
    </p>
   </div>
   <div class='ocr_carea' id='block_1_98' title="bbox 364 5260 1943 5329">
    <p class='ocr_par' dir='ltr' id='par_1_98' title="bbox 364 5260 1943 5329">
     <span class='ocr_line' id='line_1_98' title="bbox 364 5260 1943 5329; baseline 0.007 -16"><span class='ocrx_word' id='word_1_649' title='bbox 364 5260 508 5322; x_wconf 86' lang='lat' dir='ltr'><strong>had,</strong></span> <span class='ocrx_word' id='word_1_650' title='bbox 561 5264 650 5314; x_wconf 91' lang='lat' dir='ltr'><strong>die</strong></span> <span class='ocrx_word' id='word_1_651' title='bbox 713 5261 936 5316; x_wconf 84' lang='lat' dir='ltr'><strong>Sahbati</strong></span> <span class='ocrx_word' id='word_1_652' title='bbox 969 5303 984 5329; x_wconf 94' lang='lat'><strong>,</strong></span> <span class='ocrx_word' id='word_1_653' title='bbox 1036 5263 1199 5316; x_wconf 89' lang='lat' dir='ltr'><strong>tertio</strong></span> <span class='ocrx_word' id='word_1_654' title='bbox 1249 5276 1376 5319; x_wconf 83' lang='lat' dir='ltr'><strong>ante</strong></span> <span class='ocrx_word' id='word_1_655' title='bbox 1435 5264 1649 5320; x_wconf 84' lang='lat' dir='ltr'><strong>ﬁnitum</strong></span> <span class='ocrx_word' id='word_1_656' title='bbox 1704 5284 1943 5323; x_wconf 85' lang='lat' dir='ltr'><strong>mensem</strong></span> 
     </span>
    </p>
   </div>
   <div class='ocr_carea' id='block_1_99' title="bbox 366 5351 1946 5430">
    <p class='ocr_par' dir='ltr' id='par_1_99' title="bbox 366 5351 1946 5430">
     <span class='ocr_line' id='line_1_99' title="bbox 366 5351 1946 5430; baseline 0.005 -24"><span class='ocrx_word' id='word_1_657' title='bbox 366 5351 606 5416; x_wconf 89' lang='lat' dir='ltr'><strong>Shawal,</strong></span> <span class='ocrx_word' id='word_1_658' title='bbox 662 5366 806 5407; x_wconf 87' lang='lat' dir='ltr'><strong>anno</strong></span> <span class='ocrx_word' id='word_1_659' title='bbox 851 5359 1238 5408; x_wconf 86' lang='lat' dir='ltr'><strong>trecentesimo</strong></span> <span class='ocrx_word' id='word_1_660' title='bbox 1268 5356 1480 5410; x_wconf 89' lang='lat' dir='ltr'><strong>decimo</strong></span> <span class='ocrx_word' id='word_1_661' title='bbox 1528 5373 1696 5420; x_wconf 86' lang='lat' dir='ltr'><strong>nono,</strong></span> <span class='ocrx_word' id='word_1_662' title='bbox 1740 5374 1946 5430; x_wconf 90' lang='lat' dir='ltr'><strong>cogno-</strong></span> 
     </span>
    </p>
   </div>
   <div class='ocr_carea' id='block_1_100' title="bbox 364 5441 1942 5511">
    <p class='ocr_par' dir='ltr' id='par_1_100' title="bbox 364 5441 1942 5511">
     <span class='ocr_line' id='line_1_100' title="bbox 364 5441 1942 5511; baseline 0.005 -16"><span class='ocrx_word' id='word_1_663' title='bbox 364 5441 715 5511; x_wconf 84' lang='lat' dir='ltr'><strong>minatusque</strong></span> <span class='ocrx_word' id='word_1_664' title='bbox 761 5453 846 5498; x_wconf 87' lang='lat' dir='ltr'><strong>est</strong></span> <span class='ocrx_word' id='word_1_665' title='bbox 890 5442 1353 5511; x_wconf 79' lang='lat' dir='ltr'><strong>Omaidol’dulah,</strong></span> <span class='ocrx_word' id='word_1_666' title='bbox 1393 5444 1509 5500; x_wconf 89' lang='lat' dir='ltr'><strong>Ebu</strong></span> <span class='ocrx_word' id='word_1_667' title='bbox 1542 5444 1942 5503; x_wconf 85' lang='lat' dir='ltr'><strong>Walii’ldulahi</strong></span> 
     </span>
    </p>
   </div>
   <div class='ocr_carea' id='block_1_101' title="bbox 364 5534 1948 5606">
    <p class='ocr_par' dir='ltr' id='par_1_101' title="bbox 364 5534 1948 5606">
     <span class='ocr_line' id='line_1_101' title="bbox 364 5534 1948 5606; baseline 0.006 -19"><span class='ocrx_word' id='word_1_668' title='bbox 364 5548 394 5587; x_wconf 86' lang='lat' dir='ltr'><strong>a</strong></span> <span class='ocrx_word' id='word_1_669' title='bbox 422 5549 530 5603; x_wconf 92' lang='lat' dir='ltr'><strong>quo</strong></span> <span class='ocrx_word' id='word_1_670' title='bbox 567 5534 770 5590; x_wconf 91' lang='lat' dir='ltr'><strong>deinde</strong></span> <span class='ocrx_word' id='word_1_671' title='bbox 814 5536 1028 5590; x_wconf 81' lang='lat' dir='ltr'><strong>sublata</strong></span> <span class='ocrx_word' id='word_1_672' title='bbox 1066 5537 1328 5606; x_wconf 89' lang='lat' dir='ltr'><strong>dignitate</strong></span> <span class='ocrx_word' id='word_1_673' title='bbox 1377 5538 1503 5604; x_wconf 88' lang='lat' dir='ltr'><strong>ista,</strong></span> <span class='ocrx_word' id='word_1_674' title='bbox 1548 5555 1669 5593; x_wconf 88' lang='lat' dir='ltr'><strong>eam</strong></span> <span class='ocrx_word' id='word_1_675' title='bbox 1707 5540 1948 5596; x_wconf 92' lang='lat' dir='ltr'><strong>obtinuit</strong></span> 
     </span>
    </p>
   </div>
   <div class='ocr_carea' id='block_1_102' title="bbox 279 5623 1948 5693">
    <p class='ocr_par' dir='ltr' id='par_1_102' title="bbox 279 5623 1948 5693">
     <span class='ocr_line' id='line_1_102' title="bbox 279 5623 1948 5693; baseline 0.003 -14"><span class='ocrx_word' id='word_1_676' title='bbox 279 5650 286 5665; x_wconf 80' lang='grc' dir='ltr'><strong>ι</strong></span> <span class='ocrx_word' id='word_1_677' title='bbox 364 5625 503 5680; x_wconf 79' lang='lat' dir='ltr'><strong>Abul</strong></span> <span class='ocrx_word' id='word_1_678' title='bbox 535 5623 668 5679; x_wconf 88' lang='lat' dir='ltr'><strong>Fadl</strong></span> <span class='ocrx_word' id='word_1_679' title='bbox 702 5625 820 5680; x_wconf 85' lang='lat' dir='ltr'><strong>Ebn</strong></span> <span class='ocrx_word' id='word_1_680' title='bbox 851 5624 1049 5689; x_wconf 86' lang='lat' dir='ltr'><strong>laafar,</strong></span> <span class='ocrx_word' id='word_1_681' title='bbox 1100 5626 1294 5682; x_wconf 84' lang='lat' dir='ltr'><strong>Ebnol’</strong></span> <span class='ocrx_word' id='word_1_682' title='bbox 1339 5628 1525 5693; x_wconf 86' lang='lat' dir='ltr'><strong>Forat,</strong></span> <span class='ocrx_word' id='word_1_683' title='bbox 1573 5629 1685 5683; x_wconf 82' lang='lat' dir='ltr'><strong>Ebu</strong></span> <span class='ocrx_word' id='word_1_684' title='bbox 1712 5628 1826 5684; x_wconf 89' lang='lat' dir='ltr'><strong>Cha</strong></span> <span class='ocrx_word' id='word_1_685' title='bbox 1858 5646 1948 5684; x_wconf 71' lang='lat' dir='ltr'><strong>za~</strong></span> 
     </span>
    </p>
   </div>
   <div class='ocr_carea' id='block_1_103' title="bbox 365 5719 1944 5786">
    <p class='ocr_par' dir='ltr' id='par_1_103' title="bbox 365 5719 1944 5786">
     <span class='ocr_line' id='line_1_103' title="bbox 365 5719 1944 5786; baseline 0.003 -13"><span class='ocrx_word' id='word_1_686' title='bbox 365 5719 537 5773; x_wconf 85' lang='lat' dir='ltr'><strong>ranah</strong></span> <span class='ocrx_word' id='word_1_687' title='bbox 575 5720 664 5775; x_wconf 81' lang='lat' dir='ltr'><strong>d-ie</strong></span> <span class='ocrx_word' id='word_1_688' title='bbox 707 5719 1015 5786; x_wconf 86' lang='lat' dir='ltr'><strong>Dominico,</strong></span> <span class='ocrx_word' id='word_1_689' title='bbox 1053 5722 1216 5777; x_wconf 88' lang='lat' dir='ltr'><strong>tertio</strong></span> <span class='ocrx_word' id='word_1_690' title='bbox 1246 5731 1384 5780; x_wconf 82' lang='lat' dir='ltr'><strong>ante.</strong></span> <span class='ocrx_word' id='word_1_691' title='bbox 1431 5723 1652 5778; x_wconf 88' lang='lat' dir='ltr'><strong>ﬁnitum</strong></span> <span class='ocrx_word' id='word_1_692' title='bbox 1711 5723 1944 5780; x_wconf 73' lang='lat' dir='ltr'><strong>Rabiam</strong></span> 
     </span>
    </p>
   </div>
   <div class='ocr_carea' id='block_1_104' title="bbox 367 5809 1944 5886">
    <p class='ocr_par' dir='ltr' id='par_1_104' title="bbox 367 5809 1944 5886">
     <span class='ocr_line' id='line_1_104' title="bbox 367 5809 1944 5886; baseline 0.003 -20"><span class='ocrx_word' id='word_1_693' title='bbox 367 5809 754 5880; x_wconf 87' lang='lat' dir='ltr'><strong>posteriorem,</strong></span> <span class='ocrx_word' id='word_1_694' title='bbox 799 5827 945 5869; x_wconf 90' lang='lat' dir='ltr'><strong>anno</strong></span> <span class='ocrx_word' id='word_1_695' title='bbox 993 5817 1378 5871; x_wconf 85' lang='lat' dir='ltr'><strong>trecentesimo</strong></span> <span class='ocrx_word' id='word_1_696' title='bbox 1429 5815 1727 5883; x_wconf 85' lang='lat' dir='ltr'><strong>vicesimo,</strong></span> <span class='ocrx_word' id='word_1_697' title='bbox 1779 5817 1871 5886; x_wconf 90' lang='lat' dir='ltr'><strong>qui</strong></span> <span class='ocrx_word' id='word_1_698' title='bbox 1915 5830 1944 5871; x_wconf 92' lang='lat' dir='ltr'><strong>a</strong></span> 
     </span>
    </p>
   </div>
   <div class='ocr_carea' id='block_1_105' title="bbox 2045 4613 3633 4678">
    <p class='ocr_par' dir='ltr' id='par_1_105' title="bbox 2045 4613 3633 4678">
     <span class='ocr_line' id='line_1_105' title="bbox 2045 4613 3633 4678; baseline 0.004 -11"><span class='ocrx_word' id='word_1_699' title='bbox 2045 4613 2318 4669; x_wconf 80' lang='lat' dir='ltr'><strong>Vizierum</strong></span> <span class='ocrx_word' id='word_1_700' title='bbox 2351 4613 2455 4668; x_wconf 89' lang='lat' dir='ltr'><strong>sibi</strong></span> <span class='ocrx_word' id='word_1_701' title='bbox 2501 4615 2736 4676; x_wconf 85' lang='lat' dir='ltr'><strong>adscivit</strong></span> <span class='ocrx_word' id='word_1_702' title='bbox 2769 4615 3210 4673; x_wconf 82' lang='lat' dir='ltr'><strong>Mohammedem</strong></span> <span class='ocrx_word' id='word_1_703' title='bbox 3245 4620 3358 4674; x_wconf 86' lang='lat' dir='ltr'><strong>Ebn</strong></span> <span class='ocrx_word' id='word_1_704' title='bbox 3396 4620 3633 4678; x_wconf 80' lang='lat' dir='ltr'><strong>Moklah.</strong></span> 
     </span>
    </p>
   </div>
   <div class='ocr_carea' id='block_1_106' title="bbox 2042 4705 3635 4783">
    <p class='ocr_par' dir='ltr' id='par_1_106' title="bbox 2042 4705 3635 4783">
     <span class='ocr_line' id='line_1_106' title="bbox 2042 4705 3635 4783; baseline 0.004 -24"><span class='ocrx_word' id='word_1_705' title='bbox 2042 4705 2203 4760; x_wconf 85' lang='lat' dir='ltr'><strong>Anno</strong></span> <span class='ocrx_word' id='word_1_706' title='bbox 2252 4705 2545 4761; x_wconf 88' lang='lat' dir='ltr'><strong>chalifatus</strong></span> <span class='ocrx_word' id='word_1_707' title='bbox 2579 4708 2700 4777; x_wconf 88' lang='lat' dir='ltr'><strong>ejus</strong></span> <span class='ocrx_word' id='word_1_708' title='bbox 2750 4709 2928 4783; x_wconf 78' lang='lat' dir='ltr'><strong>primo</strong></span> <span class='ocrx_word' id='word_1_709' title='bbox 2979 4712 3314 4766; x_wconf 88' lang='lat' dir='ltr'><strong>constitutus</strong></span> <span class='ocrx_word' id='word_1_710' title='bbox 3357 4723 3442 4766; x_wconf 88' lang='lat' dir='ltr'><strong>est</strong></span> <span class='ocrx_word' id='word_1_711' title='bbox 3480 4715 3635 4767; x_wconf 82' lang='lat' dir='ltr'><strong>Anba</strong></span> 
     </span>
    </p>
   </div>
   <div class='ocr_carea' id='block_1_107' title="bbox 2046 4799 3638 4878">
    <p class='ocr_par' dir='ltr' id='par_1_107' title="bbox 2046 4799 3638 4878">
     <span class='ocr_line' id='line_1_107' title="bbox 2046 4799 3638 4878; baseline 0.006 -26"><span class='ocrx_word' id='word_1_712' title='bbox 2046 4799 2416 4865; x_wconf 87' lang='lat' dir='ltr'><strong>Theodosius,</strong></span> <span class='ocrx_word' id='word_1_713' title='bbox 2467 4803 2559 4870; x_wconf 90' lang='lat' dir='ltr'><strong>qui</strong></span> <span class='ocrx_word' id='word_1_714' title='bbox 2612 4801 2753 4856; x_wconf 90' lang='lat' dir='ltr'><strong>idem</strong></span> <span class='ocrx_word' id='word_1_715' title='bbox 2787 4811 2872 4859; x_wconf 81' lang='lat' dir='ltr'><strong>est</strong></span> <span class='ocrx_word' id='word_1_716' title='bbox 2921 4804 3268 4874; x_wconf 83' lang='lat' dir='ltr'><strong>Stephanus,</strong></span> <span class='ocrx_word' id='word_1_717' title='bbox 3304 4806 3506 4871; x_wconf 90' lang='lat' dir='ltr'><strong>scriba,</strong></span> <span class='ocrx_word' id='word_1_718' title='bbox 3540 4811 3638 4878; x_wconf 89' lang='lat' dir='ltr'><strong>qui</strong></span> 
     </span>
    </p>
   </div>
   <div class='ocr_carea' id='block_1_108' title="bbox 2044 4892 3637 4970">
    <p class='ocr_par' dir='ltr' id='par_1_108' title="bbox 2044 4892 3637 4970">
     <span class='ocr_line' id='line_1_108' title="bbox 2044 4892 3637 4970; baseline 0.003 -23"><span class='ocrx_word' id='word_1_719' title='bbox 2044 4892 2281 4963; x_wconf 86' lang='lat' dir='ltr'><strong>Bagdadi</strong></span> <span class='ocrx_word' id='word_1_720' title='bbox 2317 4893 2496 4947; x_wconf 78' lang='lat' dir='ltr'><strong>fuerat</strong></span> <span class='ocrx_word' id='word_1_721' title='bbox 2519 4908 2644 4947; x_wconf 90' lang='lat' dir='ltr'><strong>cum</strong></span> <span class='ocrx_word' id='word_1_722' title='bbox 2685 4892 2877 4950; x_wconf 84' lang='lat' dir='ltr'><strong>Munes</strong></span> <span class='ocrx_word' id='word_1_723' title='bbox 2908 4899 3163 4951; x_wconf 86' lang='lat' dir='ltr'><strong>eunucho</strong></span> <span class='ocrx_word' id='word_1_724' title='bbox 3194 4899 3497 4953; x_wconf 67' lang='lat' dir='ltr'><strong>Antiochiae</strong></span> <span class='ocrx_word' id='word_1_725' title='bbox 3537 4901 3637 4970; x_wconf 85' lang='lat' dir='ltr'><strong>Sy-</strong></span> 
     </span>
    </p>
   </div>
   <div class='ocr_carea' id='block_1_109' title="bbox 2044 4986 3636 5055">
    <p class='ocr_par' dir='ltr' id='par_1_109' title="bbox 2044 4986 3636 5055">
     <span class='ocr_line' id='line_1_109' title="bbox 2044 4986 3636 5055; baseline 0.003 -15"><span class='ocrx_word' id='word_1_726' title='bbox 2044 4987 2146 5040; x_wconf 75' lang='lat' dir='ltr'><strong>ria:</strong></span> <span class='ocrx_word' id='word_1_727' title='bbox 2182 4986 2518 5054; x_wconf 86' lang='lat' dir='ltr'><strong>patriarcha,</strong></span> <span class='ocrx_word' id='word_1_728' title='bbox 2565 5001 2756 5042; x_wconf 82' lang='lat' dir='ltr'><strong>mense</strong></span> <span class='ocrx_word' id='word_1_729' title='bbox 2811 4987 3116 5055; x_wconf 76' lang='lat' dir='ltr'><strong>ltamadan,</strong></span> <span class='ocrx_word' id='word_1_730' title='bbox 3161 5004 3304 5042; x_wconf 91' lang='lat' dir='ltr'><strong>anno</strong></span> <span class='ocrx_word' id='word_1_731' title='bbox 3365 4999 3636 5045; x_wconf 54' lang='lat' dir='ltr'><strong>lrcc&#39;nte‘</strong></span> 
     </span>
    </p>
   </div>
   <div class='ocr_carea' id='block_1_110' title="bbox 2055 5075 3636 5150">
    <p class='ocr_par' dir='ltr' id='par_1_110' title="bbox 2055 5075 3636 5150">
     <span class='ocr_line' id='line_1_110' title="bbox 2055 5075 3636 5150; baseline 0.004 -21"><span class='ocrx_word' id='word_1_732' title='bbox 2055 5077 2195 5129; x_wconf 82' lang='lat' dir='ltr'><strong>simo</strong></span> <span class='ocrx_word' id='word_1_733' title='bbox 2220 5075 2482 5130; x_wconf 87' lang='lat' dir='ltr'><strong>vicesimo</strong></span> <span class='ocrx_word' id='word_1_734' title='bbox 2507 5081 2687 5132; x_wconf 88' lang='lat' dir='ltr'><strong>tertio.</strong></span> <span class='ocrx_word' id='word_1_735' title='bbox 2715 5077 2842 5132; x_wconf 85' lang='lat' dir='ltr'><strong>Fuit</strong></span> <span class='ocrx_word' id='word_1_736' title='bbox 2869 5087 3052 5134; x_wconf 90' lang='lat' dir='ltr'><strong>autem</strong></span> <span class='ocrx_word' id='word_1_737' title='bbox 3085 5080 3140 5133; x_wconf 90' lang='lat' dir='ltr'><strong>in</strong></span> <span class='ocrx_word' id='word_1_738' title='bbox 3177 5075 3415 5150; x_wconf 63' lang='lat' dir='ltr'><strong>Egypto</strong></span> <span class='ocrx_word' id='word_1_739' title='bbox 3479 5093 3636 5136; x_wconf 72' lang='lat' dir='ltr'><strong>terrae</strong></span> 
     </span>
    </p>
   </div>
   <div class='ocr_carea' id='block_1_111' title="bbox 2053 5168 3636 5248">
    <p class='ocr_par' dir='ltr' id='par_1_111' title="bbox 2053 5168 3636 5248">
     <span class='ocr_line' id='line_1_111' title="bbox 2053 5168 3636 5248; baseline 0.007 -28"><span class='ocrx_word' id='word_1_740' title='bbox 2053 5176 2237 5224; x_wconf 88' lang='lat' dir='ltr'><strong>motus</strong></span> <span class='ocrx_word' id='word_1_741' title='bbox 2261 5168 2480 5238; x_wconf 89' lang='lat' dir='ltr'><strong>ingens,</strong></span> <span class='ocrx_word' id='word_1_742' title='bbox 2513 5170 2986 5227; x_wconf 74' lang='lat' dir='ltr'><strong>tertio-DilKaad-J:</strong></span> <span class='ocrx_word' id='word_1_743' title='bbox 3011 5173 3258 5244; x_wconf 83' lang='lat' dir='ltr'><strong>ejusdem</strong></span> <span class='ocrx_word' id='word_1_744' title='bbox 3296 5173 3636 5248; x_wconf 81' lang='lat' dir='ltr'><strong>anni.Valde</strong></span> 
     </span>
    </p>
   </div>
   <div class='ocr_carea' id='block_1_112' title="bbox 2051 5262 3625 5331">
    <p class='ocr_par' dir='ltr' id='par_1_112' title="bbox 2051 5262 3625 5331">
     <span class='ocr_line' id='line_1_112' title="bbox 2051 5262 3625 5331; baseline 0.003 -16"><span class='ocrx_word' id='word_1_745' title='bbox 2051 5263 2218 5316; x_wconf 85' lang='lat' dir='ltr'><strong>etiam</strong></span> <span class='ocrx_word' id='word_1_746' title='bbox 2258 5262 2476 5331; x_wconf 69' lang='lat' dir='ltr'><strong>agitatae</strong></span> <span class='ocrx_word' id='word_1_747' title='bbox 2507 5272 2635 5316; x_wconf 89' lang='lat' dir='ltr'><strong>sunt</strong></span> <span class='ocrx_word' id='word_1_748' title='bbox 2667 5264 2837 5319; x_wconf 64' lang='lat' dir='ltr'><strong>stellae</strong></span> <span class='ocrx_word' id='word_1_749' title='bbox 2865 5263 3147 5320; x_wconf 85' lang='lat' dir='ltr'><strong>cadentes.</strong></span> <span class='ocrx_word' id='word_1_750' title='bbox 3194 5266 3365 5321; x_wconf 87' lang='lat' dir='ltr'><strong>Porro</strong></span> <span class='ocrx_word' id='word_1_751' title='bbox 3397 5266 3625 5320; x_wconf 78' lang='lat' dir='ltr'><strong>Mohatn-</strong></span> 
     </span>
    </p>
   </div>
   <div class='ocr_carea' id='block_1_113' title="bbox 2055 5351 3635 5428">
    <p class='ocr_par' dir='ltr' id='par_1_113' title="bbox 2055 5351 3635 5428">
     <span class='ocr_line' id='line_1_113' title="bbox 2055 5351 3635 5428; baseline 0.005 -24"><span class='ocrx_word' id='word_1_752' title='bbox 2055 5352 2176 5405; x_wconf 90' lang='lat' dir='ltr'><strong>med</strong></span> <span class='ocrx_word' id='word_1_753' title='bbox 2207 5351 2322 5406; x_wconf 89' lang='lat' dir='ltr'><strong>Ebu</strong></span> <span class='ocrx_word' id='word_1_754' title='bbox 2342 5351 2513 5425; x_wconf 64' lang='lat' dir='ltr'><strong>Toguj</strong></span> <span class='ocrx_word' id='word_1_755' title='bbox 2539 5356 2810 5410; x_wconf 89' lang='lat' dir='ltr'><strong>etducum</strong></span> <span class='ocrx_word' id='word_1_756' title='bbox 2834 5357 3142 5427; x_wconf 89' lang='lat' dir='ltr'><strong>vulgarium</strong></span> <span class='ocrx_word' id='word_1_757' title='bbox 3167 5358 3376 5428; x_wconf 88' lang='lat' dir='ltr'><strong>aliquot</strong></span> <span class='ocrx_word' id='word_1_758' title='bbox 3404 5357 3635 5412; x_wconf 81' lang='lat' dir='ltr'><strong>Barkam</strong></span> 
     </span>
    </p>
   </div>
   <div class='ocr_carea' id='block_1_114' title="bbox 2051 5441 3634 5519">
    <p class='ocr_par' dir='ltr' id='par_1_114' title="bbox 2051 5441 3634 5519">
     <span class='ocr_line' id='line_1_114' title="bbox 2051 5441 3634 5519; baseline 0.005 -23"><span class='ocrx_word' id='word_1_759' title='bbox 2051 5441 2341 5512; x_wconf 82' lang='lat' dir='ltr'><strong>fugientes,</strong></span> <span class='ocrx_word' id='word_1_760' title='bbox 2371 5461 2496 5500; x_wconf 91' lang='lat' dir='ltr'><strong>cum</strong></span> <span class='ocrx_word' id='word_1_761' title='bbox 2539 5447 2611 5500; x_wconf 91' lang='lat' dir='ltr'><strong>ibi</strong></span> <span class='ocrx_word' id='word_1_762' title='bbox 2635 5447 2823 5518; x_wconf 91' lang='lat' dir='ltr'><strong>copias</strong></span> <span class='ocrx_word' id='word_1_763' title='bbox 2853 5449 3200 5519; x_wconf 88' lang='lat' dir='ltr'><strong>collegissent</strong></span> <span class='ocrx_word' id='word_1_764' title='bbox 3243 5452 3634 5504; x_wconf 81' lang='lat' dir='ltr'><strong>Alexandriam</strong></span> 
     </span>
    </p>
   </div>
   <div class='ocr_carea' id='block_1_115' title="bbox 2049 5538 3633 5610">
    <p class='ocr_par' dir='ltr' id='par_1_115' title="bbox 2049 5538 3633 5610">
     <span class='ocr_line' id='line_1_115' title="bbox 2049 5538 3633 5610; baseline 0.004 -21"><span class='ocrx_word' id='word_1_765' title='bbox 2049 5538 2254 5592; x_wconf 79' lang='lat' dir='ltr'><strong>reversi</strong></span> <span class='ocrx_word' id='word_1_766' title='bbox 2285 5549 2432 5604; x_wconf 90' lang='lat' dir='ltr'><strong>sunt,</strong></span> <span class='ocrx_word' id='word_1_767' title='bbox 2459 5541 2598 5595; x_wconf 91' lang='lat' dir='ltr'><strong>unde</strong></span> <span class='ocrx_word' id='word_1_768' title='bbox 2627 5543 2719 5610; x_wconf 90' lang='lat' dir='ltr'><strong>qui</strong></span> <span class='ocrx_word' id='word_1_769' title='bbox 2747 5541 2819 5595; x_wconf 94' lang='lat' dir='ltr'><strong>ibi</strong></span> <span class='ocrx_word' id='word_1_770' title='bbox 2845 5541 3064 5596; x_wconf 89' lang='lat' dir='ltr'><strong>fuerant</strong></span> <span class='ocrx_word' id='word_1_771' title='bbox 3095 5544 3161 5595; x_wconf 90' lang='lat' dir='ltr'><strong>ad</strong></span> <span class='ocrx_word' id='word_1_772' title='bbox 3186 5543 3363 5596; x_wconf 88' lang='lat' dir='ltr'><strong>rivum</strong></span> <span class='ocrx_word' id='word_1_773' title='bbox 3405 5541 3633 5595; x_wconf 67' lang='lat' dir='ltr'><strong>Itashidi</strong></span> 
     </span>
    </p>
   </div>
   <div class='ocr_carea' id='block_1_116' title="bbox 2047 5628 3635 5704">
    <p class='ocr_par' dir='ltr' id='par_1_116' title="bbox 2047 5628 3635 5704">
     <span class='ocr_line' id='line_1_116' title="bbox 2047 5628 3635 5704; baseline 0.003 -24"><span class='ocrx_word' id='word_1_774' title='bbox 2047 5628 2305 5698; x_wconf 86' lang='lat' dir='ltr'><strong>fugerunt</strong></span> <span class='ocrx_word' id='word_1_775' title='bbox 2338 5649 2350 5683; x_wconf 91' lang='lat'>:</span> <span class='ocrx_word' id='word_1_776' title='bbox 2390 5632 2458 5686; x_wconf 91' lang='lat' dir='ltr'><strong>ad</strong></span> <span class='ocrx_word' id='word_1_777' title='bbox 2509 5648 2648 5700; x_wconf 88' lang='lat' dir='ltr'><strong>quos</strong></span> <span class='ocrx_word' id='word_1_778' title='bbox 2690 5633 2804 5689; x_wconf 82' lang='lat' dir='ltr'><strong>Ebu</strong></span> <span class='ocrx_word' id='word_1_779' title='bbox 2845 5632 3018 5704; x_wconf 91' lang='lat' dir='ltr'><strong>Toguj</strong></span> <span class='ocrx_word' id='word_1_780' title='bbox 3054 5649 3178 5689; x_wconf 91' lang='lat' dir='ltr'><strong>cum</strong></span> <span class='ocrx_word' id='word_1_781' title='bbox 3230 5633 3635 5688; x_wconf 86' lang='lat' dir='ltr'><strong>AbitThbafaro</strong></span> 
     </span>
    </p>
   </div>
   <div class='ocr_carea' id='block_1_117' title="bbox 2047 5720 3628 5797">
    <p class='ocr_par' dir='ltr' id='par_1_117' title="bbox 2047 5720 3628 5797">
     <span class='ocr_line' id='line_1_117' title="bbox 2047 5720 3628 5797; baseline 0.003 -23"><span class='ocrx_word' id='word_1_782' title='bbox 2047 5720 2218 5777; x_wconf 84' lang='lat' dir='ltr'><strong>fratre</strong></span> <span class='ocrx_word' id='word_1_783' title='bbox 2263 5738 2363 5777; x_wconf 89' lang='lat' dir='ltr'><strong>suo</strong></span> <span class='ocrx_word' id='word_1_784' title='bbox 2395 5727 2702 5780; x_wconf 89' lang='lat' dir='ltr'><strong>exercitum</strong></span> <span class='ocrx_word' id='word_1_785' title='bbox 2757 5727 2980 5782; x_wconf 89' lang='lat' dir='ltr'><strong>mittens</strong></span> <span class='ocrx_word' id='word_1_786' title='bbox 3011 5726 3160 5797; x_wconf 91' lang='lat' dir='ltr'><strong>ipsos</strong></span> <span class='ocrx_word' id='word_1_787' title='bbox 3193 5727 3246 5781; x_wconf 93' lang='lat' dir='ltr'><strong>in</strong></span> <span class='ocrx_word' id='word_1_788' title='bbox 3281 5728 3460 5796; x_wconf 88' lang='lat' dir='ltr'><strong>fugam</strong></span> <span class='ocrx_word' id='word_1_789' title='bbox 3501 5741 3628 5779; x_wconf 87' lang='lat' dir='ltr'><strong>ver-</strong></span> 
     </span>
    </p>
   </div>
   <div class='ocr_carea' id='block_1_118' title="bbox 2049 5812 3626 5888">
    <p class='ocr_par' dir='ltr' id='par_1_118' title="bbox 2049 5812 3626 5888">
     <span class='ocr_line' id='line_1_118' title="bbox 2049 5812 3626 5888; baseline 0.003 -20"><span class='ocrx_word' id='word_1_790' title='bbox 2049 5814 2135 5880; x_wconf 89' lang='lat' dir='ltr'><strong>tit,</strong></span> <span class='ocrx_word' id='word_1_791' title='bbox 2171 5812 2327 5871; x_wconf 71' lang='lat' dir='ltr'><strong>czcsis</strong></span> <span class='ocrx_word' id='word_1_792' title='bbox 2383 5815 2527 5884; x_wconf 88' lang='lat' dir='ltr'><strong>aliis,</strong></span> <span class='ocrx_word' id='word_1_793' title='bbox 2579 5817 2700 5873; x_wconf 85' lang='lat' dir='ltr'><strong>aliis</strong></span> <span class='ocrx_word' id='word_1_794' title='bbox 2732 5819 2928 5886; x_wconf 88' lang='lat' dir='ltr'><strong>captis,</strong></span> <span class='ocrx_word' id='word_1_795' title='bbox 2968 5818 3132 5888; x_wconf 90' lang='lat' dir='ltr'><strong>idque</strong></span> <span class='ocrx_word' id='word_1_796' title='bbox 3174 5832 3315 5874; x_wconf 83' lang='lat' dir='ltr'><strong>anno</strong></span> <span class='ocrx_word' id='word_1_797' title='bbox 3366 5828 3626 5873; x_wconf 83' lang='lat' dir='ltr'><strong>trecente-</strong></span> 
     </span>
    </p>
   </div>
  </div>
