4074 6316
1278 414 1607 427 m-
1623 413 1811 422 λ-ο...
2206 411 2787 425 w-—
3053 420 3357 427 ,ν-,ν-γρά-Δ-
3379 420 3529 427 η-ῲα

655 432 658 434 ,
791 425 1186 435 -__.___~__._

1075 454 1264 461 _.
1273 445 3498 459 ...κ-ρ-

371 463 450 467 -,_-
479 457 922 467 ___.-____._.._

912 620 1478 738 unum
1551 586 2292 752 suam:
2356 619 2970 753 manu!

1066 873 1448 933 FULDENSIS
1479 871 1770 929 ABBATIS
1804 871 1891 927 ET
1928 870 2309 928 MOGUNTINI
2344 871 2860 935 ARCHIEPISCOPI

1138 1088 1455 1227 DE
1556 1084 2802 1231 UNIVEBSO

955 1368 1169 1431 LIBRI
1211 1365 1521 1432 VIGINTI
1566 1363 1728 1425 nuo
1772 1362 2125 1455 (sceleri
2172 1306 2406 1431 cum
2474 1369 2756 1434 ANNUM
2807 1374 2977 1457 ενι).

1714 1534 2092 1546 ,φῄ-

1643 1654 2218 1730 ΡΒᾹΞΕΑΤΙΟ

1063 1850 1158 1907 ΔΙ)
1192 1849 1597 1907 LUDOVICUM
1636 1848 1874 1906 REGEM
1910 1849 2428 1910 INVICTISSIMUM
2460 1850 2808 1910 FBANCUE.

1765 2031 2171 2049 α-*ι*

384 2161 619 2221 Domino
659 2156 1131 2224 excellentissimo,
1155 2165 1212 2214 et
1235 2155 1383 2213 omni
1429 2157 1634 2212 honore
1680 2156 1886 2227 dignis-
1907 2122 1963 2223 Ἀ
1991 2159 2168 2217 omnia
2190 2175 2307 2230 quae
2327 2158 2387 2213 in
2411 2159 2485 2214 eis
2516 2168 2642 2215 sunt
2678 2156 2853 2231 (Ριαι.
2870 2163 3021 2235 cxx).
3061 2134 3153 2219 διαί
3186 2175 3318 2235 ergo
3340 2163 3578 2235 primum

314 2255 456 2310 simu
482 2252 755 2306 Lunovlco
795 2249 928 2319 regi,
970 2247 1239 2312 Russus,
1284 2245 1575 2301 vilissimus
1613 2259 1890 2301 servorum

320 2346 415 2401 Dei
442 2359 649 2409 servus,
676 2349 890 2397 :eternze
916 2338 1264 2397 beatitudinis
1294 2338 1347 2393 in
1376 2336 1594 2393 Christo
1623 2346 1773 2408 optat
1805 2352 1892 2394 sa-

317 2433 504 2490 intem.

266 2678 269 2679 ν
318 2644 459 2691 totas
489 2634 793 2706 provincias
815 2631 1121 2688 Germaniae
1148 2641 1307 2703 atque
1345 2630 1551 2695 Galliae,
1578 2638 1634 2686 et
1663 2645 1801 2700 pene
1838 2630 1893 2684 in

317 2726 533 2781 cunctis
573 2723 822 2796 partibus
857 2722 1085 2793 Europae
1128 2721 1337 2777 crebris
1369 2720 1616 2775 laudibus
1661 2719 1894 2784 intonat,

317 2818 451 2872 satis
474 2816 703 2881 exsulto,
724 2827 783 2871 et
802 2814 1015 2870 Domini
1043 2813 1468 2869 misericordiam
1490 2810 1746 2882 imploro;
1770 2825 1898 2881 qua-

322 2913 482 2974 tenus
511 2905 613 2960 hoc
647 2919 768 2960 eum
799 2905 942 2959 bono
978 2910 1266 2974 augmento
1318 2903 1386 2957 ad
1428 2901 1696 2957 salubrem
1733 2900 1895 2956 fluem

296 2965 601 3063 ’pervem‘re
627 2993 904 3048 concedat.
931 2990 1014 3048 0b
1039 2965 1143 3046 hoc
1166 2991 1362 3061 quippe
1384 2988 1585 3047 laboris
1605 2988 1710 3045 mei
1736 3004 1899 3060 opus-

320 3081 463 3147 cula,
511 3098 630 3152 qua;
680 3083 733 3137 in
791 3082 1069 3138 servitium
1127 3080 1363 3148 Christi,
1411 3081 1578 3151 ipsius
1631 3080 1898 3151 largiente

319 3171 515 3243 gratia,
557 3186 739 3228 sacras
775 3169 1088 3243 Scripturas
1127 3169 1462 3243 exponendo,
1503 3177 1664 3241 prout
1708 3168 1897 3242 potui,

318 3262 568 3331 expendi,
595 3277 705 3317 non
734 3262 852 3318 sine
872 3270 1054 3318 vestra
1079 3262 1457 3318 communione
1494 3261 1695 3322 habere
1721 3259 1895 3315 volui:

319 3352 413 3407 sed
444 3353 654 3424 aliquos
680 3361 948 3410 tractatus
989 3362 1152 3425 atque
1194 3354 1636 3421 commentarios,
1681 3354 1737 3409 in
1765 3353 1900 3409 divi-

320 3459 418 3498 nos
462 3443 629 3500 libros
672 3446 1041 3517 conscriptos,
1086 3455 1284 3502 vestrae
1327 3445 1661 3503 venerationi
1704 3444 1896 3500 direxi.

1995 2246 2063 2303 de
2102 2248 2219 2317 ipso
2256 2262 2467 2306 summo
2503 2247 2646 2305 bono
2680 2258 2738 2307 et
2762 2265 2894 2308 vero
2921 2250 3204 2311 conditore
3230 2264 3438 2322 nostro,
3471 2257 3575 2313 hoc

1991 2344 2105 2401 est,
2146 2336 2325 2403 Patre,
2362 2347 2417 2393 et
2463 2337 2623 2406 Filio,
2648 2346 2705 2395 et
2734 2338 2941 2412 Spiritu
2985 2346 3193 2409 sancto,
3221 2361 3327 2400 uno
3353 2354 3412 2402 et
3455 2346 3574 2403 solo

1991 2427 2358 2496 omnipotente
2409 2428 2556 2496 Deo,
2597 2428 2753 2498 juxta
2804 2432 3127 2502 parvitatem
3178 2433 3379 2505 ingenii
3431 2437 3572 2502 mei,

387 2544 581 2600 Audita
606 2543 747 2599 bona
786 2540 1038 2612 opinione
1060 2548 1265 2608 vestra,
1292 2552 1413 2611 quae
1441 2539 1766 2611 praedicatur
1797 2528 1931 2610 per;
1962 2514 2274 2612 ’ξιυτιτξιυηξ-
2306 2518 2486 2612 (“Villii
2536 2521 2722 2612 ﬁmi“:
2756 2536 2843 2577 me
2888 2536 3047 2592 P0390
3089 2523 3388 2612 0000855“.
3433 2525 3573 2580 80τί-
3604 2572 3609 2579 .

1992 2607 2169 2662 bendo
2207 2607 2386 2678 aliqua
2417 2608 2663 2664 disserui.
2691 2609 3044 2679 Posteavero
3080 2612 3148 2667 de
3183 2610 3493 2670 cmlestibus
3519 2621 3578 2669 et

1996 2700 2342 2769 terrestribus
2394 2701 2678 2768 creaturis,
2723 2716 2831 2757 non
2878 2701 3051 2758 solum
3098 2702 3165 2759 de
3213 2712 3437 2770 natura,
3479 2706 3576 2762 sed

1994 2789 2156 2865 etiam
2188 2790 2254 2844 de
2282 2789 2333 2844 vi
2362 2797 2419 2845 et
2443 2787 2722 2847 effectibus
2753 2806 2939 2847 earum
2960 2832 2975 2859 ,
3021 2807 3327 2849 sermonem
3375 2795 3576 2852 habere
3606 2840 3609 2841 ν

1995 2878 2243 2934 institui:
2280 2885 2339 2933 ut
2364 2879 2533 2934 lector
2557 2878 2784 2951 diligens
2827 2880 2883 2934 in
2927 2882 3031 2937 hoc
3075 2896 3237 2952 opere
3275 2891 3333 2938 et
3368 2892 3578 2945 naturae

1995 2970 2378 3040 proprietatem
2415 2969 2573 3040 juxta
2619 2970 2920 3038 historiam,
2945 2978 3001 3027 et
3037 2972 3371 3041 spiritualem
3419 2973 3583 3043 signi-

1997 3059 2300 3115 ﬁcationem
2342 3058 2494 3128 juxta
2524 3061 2810 3132 mysticum
2849 3075 3065 3117 sensum
3095 3062 3255 3117 simul
3279 3063 3453 3133 posita
3491 3063 3580 3119 in-

1997 3153 2224 3209 veniret.
2251 3152 2318 3208 Et
2347 3153 2471 3223 quia
2502 3153 2572 3208 de
2606 3154 2809 3210 sanctis
2842 3154 3150 3212 hominibus
3171 3157 3264 3228 qui
3309 3158 3364 3212 in
3398 3155 3582 3213 Veteri

1999 3253 2054 3301 et
2075 3244 2223 3301 Novo
2251 3244 2598 3303 Testamento
2621 3255 3135 3314 commemorantur,
3166 3262 3461 3320 eorumque
3489 3263 3610 3304 ac-.

2000 3332 2239 3391 tionibus
2283 3334 2560 3405 mysticis,
2604 3349 2706 3392 nec
2751 3351 2856 3393 non
2901 3345 2957 3393 et
3002 3338 3068 3394 de
3112 3337 3246 3395 locis
3290 3340 3344 3395 in
3386 3340 3584 3409 quibus

2002 3424 2355 3493 habitabant,
2398 3414 2561 3484 silere
2605 3443 2693 3484 me
2739 3442 2848 3484 non
2875 3430 3164 3486 convenit:
3196 3432 3413 3487 nomina
3441 3432 3586 3502 ipso-

319 3532 503 3603 Nuper
524 3548 740 3604 quoque
766 3535 892 3605 quia
927 3550 1046 3601 vos,
1075 3536 1290 3605 quando
1316 3536 1370 3592 in
1397 3536 1683 3607 praesentia
1716 3525 1898 3591 νεειηί
1925 3536 1975 3598 Β
2000 3531 2118 3570 rum
2158 3517 2414 3607 simulget
2456 3519 2697 3576 locorum
2722 3535 2791 3575 ex
2829 3519 3093 3577 Hebr-alca
3121 3521 3299 3593 lingua
3335 3522 3390 3576 in
3435 3521 3585 3577 Lati-

316 3619 416 3685 fni,
450 3630 787 3690 compertum
810 3638 908 3678 vos
942 3624 1142 3680 habere
1175 3624 1390 3681 dixistis
1423 3625 1640 3696 aliquod
1670 3640 1901 3695 opuscu-

317 3708 429 3763 lum
460 3702 548 3763 r'ne
575 3710 786 3765 noviter
813 3710 1111 3768 confecisse
1137 3714 1202 3768 de
1232 3729 1542 3771 sermonum
1572 3715 1904 3784 proprietate

318 3806 374 3852 et
400 3796 632 3869 mystica
662 3812 842 3852 rerum
884 3798 1306 3866 signiﬁcatione;
1344 3803 1485 3871 quod
1514 3802 1679 3871 etiam
1715 3818 1744 3857 a
1782 3817 1902 3858 mea

320 3891 589 3962 parvitate
622 3888 934 3962 postulastis
961 3884 1112 3945 vehis
1136 3889 1333 3967 dirigi:
1362 3888 1463 3944 feci
1492 3890 1721 3946 libenter
1760 3892 1904 3962 quod

321 3982 552 4053 petistis,
579 3990 635 4038 et
677 3983 850 4052 ipsum
894 3994 1032 4051 opus
1060 3980 1232 4046 vobis,
1276 3980 1330 4035 in
1367 3980 1555 4051 viginti
1592 3981 1801 4038 duobus
1839 3981 1906 4037 li-

320 4072 437 4127 bris
482 4071 857 4136 terminatum,
900 4069 1215 4125 transmisi:
1248 4076 1328 4134 ut,
1374 4069 1420 4124 si
1456 4067 1750 4125 Serenitati
1802 4071 1905 4126 Ve-

321 4168 449 4215 stra:
473 4159 755 4230 placuerit,
782 4174 965 4216 coram
1011 4158 1162 4213 vobis
1206 4156 1371 4227 relegi
1409 4157 1545 4232 illud
1574 4156 1817 4224 faciatis;
1848 4165 1904 4215 et

320 4252 369 4306 si
393 4250 595 4320 aliquid
639 4250 693 4305 in
723 4266 788 4306 eo
816 4251 1034 4321 dignum
1071 4248 1451 4304 emendatione
1484 4256 1757 4319 repertum
1787 4247 1903 4304 fue-

324 4341 415 4404 rit,
443 4355 568 4394 cum
589 4339 794 4410 vestris
810 4338 1171 4410 sagacissimis
1212 4338 1525 4403 lectoribus,
1560 4347 1721 4408 prout
1761 4338 1904 4393 ratio

324 4429 522 4493 dictat,
574 4425 702 4483 illud
750 4427 1041 4483 emendare
1089 4419 1307 4483 curetis.
1361 4425 1497 4482 Sunt
1542 4426 1686 4482 enim
1736 4425 1792 4482 in
1837 4441 1903 4483 eo

322 4518 477 4587 plura
505 4517 743 4587 exposita
775 4517 842 4572 de
888 4532 1068 4572 rerum
1098 4516 1327 4582 naturis,
1369 4525 1425 4571 et
1452 4516 1737 4572 verborum
1768 4530 1896 4586 pro-

322 4607 659 4676 prietatibus,
690 4621 793 4663 nec
820 4622 925 4661 non
956 4607 1118 4661 etiam
1146 4608 1211 4663 de
1246 4608 1470 4678 mystica
1513 4622 1697 4663 rerum
1738 4608 1904 4678 signi-

324 4696 591 4754 ficatione.
637 4695 793 4764 Quod
836 4697 1038 4751 idcirco
1076 4696 1151 4750 ita
1196 4696 1556 4752 ordinandum
1602 4698 1901 4764 aestimavi,

324 4792 384 4839 ut
420 4783 604 4852 lector
662 4782 899 4855 prudens
961 4783 1315 4838 continuatim
1353 4785 1584 4855 positam
1633 4786 1902 4841 inveniret

2002 3620 2129 3660 nam
2173 3605 2467 3663 transferre
2506 3608 2723 3679 placuit,
2762 3617 2824 3664 ut
2866 3610 2989 3666 inde
3041 3608 3250 3667 facilius
3297 3613 3582 3683 mysticam

2004 3693 2451 3766 significationem
2498 3696 2790 3768 explanare
2841 3714 3076 3770 possem.
3124 3701 3319 3757 Addidi
3367 3719 3584 3774 quoque

2003 3791 2059 3844 in
2092 3804 2263 3860 purse
2303 3792 2343 3846 ti
2384 3793 2641 3866 opusculo
2689 3809 2794 3849 non
2844 3811 3014 3866 pauca
3054 3797 3121 3853 de
3171 3796 3276 3853 fide
3317 3799 3586 3854 catholica

2006 3808 2059 3844 In
2092 3808 2263 3860 pracse
2303 3808 2343 3846 ιι
2381 3808 2641 3937 ἓξιιεουιο
2689 3809 2794 3849 non
2844 3811 3014 3866 pauca
3054 3808 3121 3853 de
3171 3808 3276 3853 llde
3317 3808 3585 3854 cathotica

2006 3888 2062 3935 et
2096 3878 2354 3950 religione
2400 3912 2411 3921 ~
2466 3882 2729 3939 ristiana:
2758 3893 2813 3941 et
2836 3900 2867 3940 e
2908 3888 3180 3943 contrario
3208 3887 3276 3943 de
3302 3889 3585 3958 gentilium

2004 3968 2403 4042 superstitione,
2431 3983 2487 4029 et
2512 3975 2890 4031 haereticorum
2926 3988 3132 4043 errore,
3160 3979 3226 4032 de
3248 3978 3585 4050 philosophis

2005 4070 2062 4115 et
2106 4062 2278 4133 magis
2311 4071 2474 4132 atque
2522 4063 2671 4119 falsis
2707 4063 2828 4126 diis,
2858 4067 2924 4121 de
2966 4065 3163 4137 linguis
3207 4068 3480 4138 gentium,
3518 4070 3586 4127 de

2006 4151 2186 4221 regnis
2225 4158 2280 4206 et
2307 4151 2535 4208 militum
2578 4153 2883 4223 civiumque
2910 4154 3182 4210 vocabulis
3217 4164 3380 4227 atque
3412 4157 3587 4213 adiui-

2006 4242 2237 4308 tatibus;
2269 4243 2336 4298 de
2363 4244 2583 4300 homine
2608 4252 2663 4300 et
2688 4244 2932 4314 partibus
2970 4242 3105 4314 ejus,
3134 4252 3190 4301 et
3214 4246 3435 4318 reliquis
3464 4249 3582 4303 ani-

2007 4332 2322 4388 mantibus:
2361 4334 2429 4389 de
2471 4333 2759 4404 lapidibus,
2806 4333 2967 4406 lignis
3006 4343 3062 4391 et
3108 4336 3313 4401 herbis,
3359 4351 3479 4407 quae
3528 4339 3583 4393 in

2005 4429 2152 4477 terra
2181 4420 2471 4497 gignuntur
2496 4442 2508 4477 :
2541 4424 2606 4479 de
2633 4422 2799 4480 variis
2825 4425 3035 4481 artibus
3061 4433 3223 4497 atque
3250 4427 3496 4484 artificiis
3525 4437 3584 4485 et

2004 4510 2126 4566 aliis
2151 4513 2332 4568 multis
2358 4495 2519 4584 :"quae
2542 4515 2724 4569 omnia
2748 4515 2803 4570 in
2832 4516 3095 4584 prooemio
3119 4495 3426 4574 enumerari
3466 4518 3583 4574 lon-

2005 4614 2131 4672 gum
2157 4610 2258 4657 est.
2288 4602 2519 4658 Proinde
2554 4604 2699 4673 Quod
2731 4603 2796 4660 de
2821 4604 2906 4661 his
2932 4605 3114 4675 posui,
3142 4621 3286 4662 nunc
3310 4604 3537 4662 sulllciat
3567 4625 3597 4689 τ’

2005 4698 2259 4743 ueterum
2288 4698 2465 4745 autem
2492 4691 2548 4745 in
2572 4692 2819 4761 capitulis
2846 4693 3176 4764 singulorum
3214 4693 3475 4749 librorum
3505 4695 3582 4751 di-

2006 4774 2258 4847 ligentius
2280 4790 2346 4830 ea
2372 4778 2646 4832 numerari
2677 4780 2879 4833 curavi.
2908 4779 3128 4835 Decrevi
3169 4781 3314 4838 enim
3355 4783 3459 4839 hoc
3499 4795 3582 4839 to-

324 4872 639 4927 historicam
668 4880 723 4926 et
749 4872 1026 4944 mysticam
1058 4871 1385 4942 singularum
1426 4888 1604 4927 rerum
1648 4873 1903 4944 explana-
1930 4888 1975 4951 ο
2008 4875 2119 4921 illm
2145 4882 2280 4937 opus
2323 4866 2405 4940 (ιιι
2425 4882 2588 4939 supra
2618 4866 2752 4942 diti)
2796 4869 2849 4924 in
2880 4869 3067 4941 viginti
3102 4872 3236 4929 duos
3281 4872 3448 4930 libros
3473 4874 3585 4930 dis-

325 4962 567 5018 tionem:
600 4971 657 5017 et
698 4962 776 5019 sic
819 4962 1132 5018 satisfacere
1155 4962 1549 5031 quolammodo
1595 4971 1777 5033 posset
1803 4979 1902 5019 suo
2006 4958 2192 5028 pertiri
2220 4977 2234 5012 :
2259 4959 2359 5014 sub
2403 4973 2510 5029 quo
2556 4973 2777 5014 numero
2806 4960 2972 5015 Vetus
3015 4959 3420 5018 Testamentum
3446 4962 3584 5034 legis

326 5051 613 5117 desiderio,
645 5051 698 5105 in
725 5066 829 5121 quo
864 5059 919 5106 et
963 5050 1203 5105 historia:
1237 5060 1292 5105 et
1335 5050 1604 5119 allegoria:
1620 5043 1904 5107 rinvéuiret
2005 5051 2199 5107 divinae
2259 5052 2526 5122 interpres
2588 5053 2779 5109 beatus
2823 5052 3181 5125 Hieronymus
3238 5056 3585 5127 complexum

327 5142 834 5198 manifestationem.
882 5141 1031 5197 Unde
1069 5141 1200 5196 mihi
1246 5156 1354 5196 non
1399 5141 1592 5197 melius
1634 5142 1778 5197 aliud
1819 5144 1905 5198 vi-
2009 5156 2069 5196 se
2109 5143 2342 5220 asseruit
2367 5160 2380 5196 :
2407 5142 2656 5213 ex’reujus
2700 5143 3138 5214 interpretatione
3164 5153 3218 5201 et
3248 5148 3586 5217 expositione

327 5230 553 5285 debetur
590 5232 747 5300 hu,us
772 5230 951 5300 operis
980 5244 1194 5285 sumere
1223 5230 1455 5296 initium,
1487 5246 1648 5300 quam
1692 5232 1759 5286 ab
1790 5232 1906 5303 ipso
2010 5233 2254 5302 quaedam
2282 5234 2512 5288 obscura
2538 5234 2591 5287 in
2630 5233 2733 5289 hoc
2764 5249 2925 5306 opere
2957 5236 3239 5294 elucidavi.
3273 5236 3355 5293 Tu
3384 5248 3586 5305 autem,

328 5320 603 5375 conditore
647 5329 849 5384 nostro,
882 5321 974 5391 qui
1010 5322 1251 5375 omnium
1296 5337 1476 5377 rerum
1517 5331 1602 5378 est
1648 5333 1808 5395 caput
1852 5334 1909 5381 et

327 5409 686 5480 principium:
715 5412 842 5480 quia
867 5411 1126 5482 quidquid
1156 5413 1477 5470 naturaliter
1516 5415 1785 5481 subsistit,
1813 5424 1908 5471 aut

330 5508 521 5553 auctor
541 5504 598 5553 et
637 5506 851 5555 creator
886 5500 1129 5555 omnium
1166 5509 1286 5568 est,
1333 5509 1426 5556 aut
1468 5502 1545 5557 ab
1584 5518 1651 5559 eo
1693 5504 1908 5559 condita

328 5596 598 5647 creatura.
627 5587 766 5655 Quia
804 5605 870 5644 ex
901 5591 1011 5660 ipso
1053 5601 1103 5646 et
1138 5608 1230 5662 per
1268 5594 1440 5663 ipsum
1479 5604 1527 5649 et
1558 5595 1614 5649 in
1650 5597 1761 5665 ipso
1786 5605 1909 5650 sunt

330 5680 506 5733 omnia
540 5678 721 5751 (Rom.
745 5679 856 5751 xt);
892 5682 982 5752 qui
1021 5680 1139 5751 fecit
1166 5682 1350 5737 celum
1372 5693 1419 5739 et
1446 5693 1660 5754 terram,
1689 5701 1832 5741 mare
1860 5698 1908 5741 et

819 5776 1098 5844 Parnm,
1150 5773 1323 5841 CXI.

2010 5321 2181 5378 eleete
2207 5308 2423 5378 domine
2445 5330 2499 5376 et
2528 5338 2709 5393 regum
2732 5326 3068 5392 charissime,
3097 5328 3333 5398 acceptis
3356 5327 3441 5384 his
3468 5344 3591 5400 qute

2013 5411 2111 5467 tibi
2137 5412 2433 5478 transmisi,
2465 5420 2618 5469 utere
2643 5415 2724 5471 eis
2749 5424 2811 5471 ut
2839 5417 3026 5472 decet:
3058 5425 3114 5472 et
3140 5426 3250 5473 tam
3278 5417 3399 5490 tibi,
3426 5432 3595 5488 quam

2012 5501 2119 5558 illis
2147 5502 2240 5572 qui
2286 5503 2387 5559 sub
2414 5510 2506 5559 tuo
2554 5506 2816 5577 regimine
2843 5515 2975 5562 sunt
3011 5506 3313 5572 constituti,
3344 5522 3408 5564 ea
3437 5507 3595 5563 utilia

2013 5607 2134 5649 esse
2166 5593 2457 5664 permitte:
2488 5602 2753 5665 quatenus
2781 5604 2932 5652 tuum
2960 5597 3161 5652 bonum
3195 5596 3429 5653 studium
3458 5594 3597 5651 mul-

2017 5687 2088 5743 tis
2135 5686 2418 5757 proveniat
2456 5687 2525 5744 ad
2570 5688 2869 5760 spiritalem
2902 5689 3234 5761 profectum,
3276 5695 3333 5744 et
3362 5687 3458 5743 fiat
3487 5694 3596 5741 tam

3124 5782 3157 5843 1
