4074 6316
399 3839 409 3883 ξ

427 360 490 421 ﬂ

1058 353 1117 407 Β.
1156 349 1411 407 RABANI
1448 346 1665 403 MAURI
1701 343 2015 399 ARCHIEP.

2131 340 2370 401 )GUNT.
2410 333 2697 396 OPERUM
2732 328 2914 387 PARS
2949 327 3015 383 ll.

3632 321 3704 378 i2

426 448 527 536 tibi
560 488 723 545 quam
774 471 879 528 illis
925 466 1163 538 spiritale
1207 463 1525 521 exercitium
1572 470 1733 530 atque
1774 457 2014 514 caelestis
2039 463 2089 523 Α
2115 457 2290 512 minus
2317 450 2589 509 Salomoni
2610 462 2629 501 :
2659 447 2797 514 Quia
2828 441 3106 515 postulasti
3132 441 3345 496 verbum
3375 440 3496 505 hoc,
3519 450 3570 496 et
3598 455 3706 495 uois

423 528 607 642 gaudii
666 564 1079 619 incrementum.
1131 557 1347 612 Imitare
1400 553 1543 608 illius
1592 551 1853 622 sapientis
1906 548 2008 602 viri
2109 544 2281 616 petisti
2306 544 2415 597 dies
2444 539 2652 601 multos,
2688 553 2778 590 nec
2804 533 3013 588 divitias
3040 530 3349 600 animasque
3370 528 3707 583 inimicorum

1662 640 1665 642 .
1787 641 1792 642 ,
2451 630 2462 642 ι
2595 637 2605 642 -
2654 625 2666 642 Ι
2737 626 2771 642 ,ι
2820 623 2908 642 ,εις
2959 620 3258 642 ----2-Α.ι2..,--
3310 618 3370 642 ...Ι
3413 617 3679 642 ,ἒξ----ηιμ

425 640 754 729 cfelnplum,
781 653 873 724 qui
899 654 964 708 de
989 645 1268 721 sapientia:
1294 645 1453 702 laude
1481 640 1704 729 protulit
1726 641 1832 696 tale
1874 656 2012 711 pne-

427 749 669 811 conium,
698 745 921 800 dicens:
952 734 1217 805 Invdcavi,
1242 742 1288 793 et
1324 739 1458 793 venit
1488 738 1542 790 in
1571 724 1891 803 me‘spiritus
1921 749 2009 786 sa-

426 840 677 912 pientior:
712 846 759 891 et
801 832 1062 904 prteposui
1105 830 1253 883 illam
1293 829 1462 898 regnis
1491 838 1538 879 et
1572 824 1809 888 sedibus;
1848 830 1895 876 et
1926 821 2011 873 di-

426 932 582 985 viias
610 927 738 984 nihil
777 942 884 981 esse
909 923 1037 978 duxi
1060 924 1116 977 in
1140 920 1528 992 comparatione
1550 915 1854 972 illius.‘Nec
1877 929 2016 968 com-

426 1021 609 1093 paravi
637 1018 715 1074 illi
753 1017 979 1088 lapidem
1016 1015 1322 1081 pretiosum,
1357 1010 1603 1082 quoniam
1644 1024 1795 1063 omne
1823 1022 2015 1060 aurum

428 1115 487 1167 in
508 1110 896 1181 comparatione
923 1104 1068 1160 illius
1111 1119 1272 1159 arena
1305 1111 1379 1157 est
1419 1100 1645 1170 exigua,
1676 1108 1725 1153 et
1764 1102 2016 1167 tanquam

426 1203 599 1257 lutum
620 1199 966 1264 wstimabitur
984 1205 1259 1267 argentum
1277 1194 1333 1247 in
1357 1199 1630 1261 conspectu
1656 1187 1824 1242 illius.
1849 1185 2019 1257 Super

425 1291 651 1346 salutem
677 1300 723 1344 et
752 1288 971 1358 speciem
1008 1284 1169 1339 dilexi
1199 1282 1380 1346 illam,
1408 1291 1455 1335 et
1484 1280 1733 1351 proposui
1762 1294 1865 1351 pro
1904 1277 2020 1331 luce

426 1385 616 1437 habere
641 1379 815 1445 illam,
835 1378 1083 1450 quoniam
1105 1370 1529 1444 inexstinguibile
1555 1380 1629 1426 est
1653 1369 1828 1425 lumen
1850 1367 2018 1421 illius.

435 1472 700 1528 Venerunt
727 1479 904 1525 autem
944 1467 1072 1521 mihi
1102 1465 1281 1519 omnia
1323 1464 1459 1517 bona
1501 1461 1704 1531 pariter
1746 1474 1864 1513 cum
1900 1456 2021 1523 illa,

425 1572 475 1619 et
505 1559 903 1618 innumerabilis
930 1560 1174 1613 honestas
1200 1571 1292 1627 per
1311 1570 1499 1609 manus
1523 1551 1686 1606 illius.
1715 1549 1786 1604 Et
1811 1548 2025 1603 iteratus

425 1671 544 1709 sum
571 1654 628 1708 in
651 1652 914 1718 omnibus,
942 1650 1193 1722 quoniam
1217 1644 1551 1702 antecedebat
1576 1660 1657 1699 me
1682 1644 1785 1697 ista
1813 1641 2022 1712 sapien-

2111 643 2343 697 tuorum,
2372 630 2462 686 sed
2493 625 2771 700 postulasti
2817 623 2908 677 tibi
2949 620 3261 692 sapientiam
3302 618 3371 671 ad
3408 617 3710 672 discernen-
3771 654 3778 661 .

2112 724 2238 778 dum
2272 718 2598 794 judicium‘:
2639 733 2755 771 ecce
2802 714 2902 783 feci
2947 712 3040 765 tibi
3095 710 3382 764 secundum
3442 723 3709 761 sermones

2114 827 2251 881 tuos,
2277 824 2325 870 et
2354 814 2476 868 dedi
2500 811 2593 866 tibi
2635 825 2725 863 eor
2752 806 2960 878 sapiens
2982 814 3031 857 et
3058 800 3375 871 intelligens,
3398 801 3452 853 in
3482 808 3709 860 tantum,

2113 915 2172 959 ut
2207 902 2387 959 nullus
2410 910 2531 956 ante
2561 910 2609 956 te
2643 896 2830 953 similis
2857 895 2933 949 tui
2965 894 3158 963 fuerit,
3186 907 3276 945 nec
3303 899 3418 961 post
3449 901 3500 943 te
3531 904 3711 944 surre-

2115 1005 2295 1048 cturus
2317 994 2405 1045 s’t.
2448 990 2554 1045 Sed
2584 998 2631 1043 et
2673 988 2785 1041 hwc
2822 999 2941 1055 qum
2974 998 3079 1036 non
3114 979 3419 1050 postulasti,
3441 977 3562 1031 dedi
3592 976 3712 1042 tibi,

2114 1084 2327 1139 divitias
2353 1081 2548 1137 scilicet
2577 1090 2625 1134 et
2670 1076 2893 1150 gloriam
2913 1116 2927 1141 ,
2966 1083 3019 1127 ut
3052 1088 3201 1126 nemo
3232 1070 3388 1140 fuerit
3420 1068 3607 1122 similis
3632 1068 3711 1121 tui

2115 1179 2171 1234 in
2198 1176 2403 1247 regibus
2429 1175 2630 1229 cunctis
2658 1182 2796 1226 retro
2822 1169 3026 1224 diebus.
3052 1166 3113 1223 Si
3149 1176 3323 1219 autem
3364 1162 3715 1218 ansbulaveris

2117 1271 2171 1323 in
2201 1270 2296 1323 viis
2330 1268 2477 1332 meis,
2511 1275 2557 1320 et
2584 1263 2896 1319 custodieris
2929 1267 3188 1331 prlecepta
3222 1274 3359 1321 mea,
3382 1266 3429 1310 et
3462 1254 3715 1308 mandata

2119 1377 2256 1428 mea,
2279 1362 2414 1414 sicut
2443 1356 2729 1425 ambulavit
2764 1352 2934 1407 David
2957 1360 3107 1422 pater
3135 1359 3280 1412 tuus,
3316 1347 3495 1417 longos
3519 1345 3718 1415 faciam

2119 1453 2231 1506 dies
2269 1462 2389 1506 tuos
2431 1448 2551 1522 (111
2579 1447 2709 1518 Reg.
2735 1444 2843 1517 ut).
2870 1442 3027 1498 Unde
3065 1439 3408 1494 manifestum
3446 1446 3533 1493 est
3573 1435 3719 1507 quod

2121 1543 2434 1614 quicunque
2475 1554 2641 1596 verus
2682 1546 2768 1593 est
2808 1543 3023 1590 amator
3064 1531 3373 1601 sapientiae,
3390 1537 3445 1585 et
3489 1528 3723 1599 diligens

2120 1642 2309 1690 custos
2343 1630 2727 1686 mandatorum
2754 1625 2873 1691 Dei,
2912 1632 2968 1679 et
3003 1621 3176 1677 ﬁdelis
3217 1626 3507 1680 exsecutor
3528 1617 3722 1672 volun-

426 1745 523 1800 tia.
553 1742 726 1810 Quam
760 1741 873 1796 sine
899 1714 1108 1811 ﬁctione
1130 1737 1313 1803 didici,
1340 1746 1387 1791 et
1425 1736 1537 1790 sine
1565 1734 1760 1789 invidia
1793 1748 2024 1787 commu-
2124 1725 2253 1781 tatis
2277 1723 2447 1793 ipsius
2474 1736 2648 1792 usque
2674 1720 2728 1774 in
2763 1717 2949 1782 ﬁnem,
2975 1715 3066 1769 hic
3099 1714 3263 1769 habet
3288 1727 3410 1767 eum
3451 1718 3723 1781 protecto-

427 1839 569 1903 nico,
590 1844 639 1892 et
661 1800 981 1891 honestatem
1005 1831 1152 1887 illius
1173 1847 1278 1885 non
1300 1800 1585 1883 abscondo.
1610 1824 1865 1893 Inﬁnitus
1880 1823 2020 1877 enim
2049 1852 2097 1913 Β
2124 1831 2261 1879 rem,
2299 1814 2358 1868 in
2384 1811 2563 1867 futura
2587 1824 2718 1866 vero
2887 1804 3257 1913 ﬁdelissimum
3285 1803 3414 1858 boni
3439 1800 3602 1913 sttt’dii
3634 1815 3724 1855 re-

429 1890 706 1985 thesaurus
732 1936 808 1983 est
847 1923 1183 1980 hominibus:
1210 1914 1315 1992 quo
1340 1921 1429 1993 qui
1461 1920 1544 1973 usi
1570 1890 1711 1981 sunt,
1740 1915 2021 1987 participes
2049 1890 2097 1913 ³⁷
2122 1912 2523 1960 muneratorem
2563 1909 2619 1955 et
2667 1896 2847 1971 gaudii
2888 1894 3077 1952 teter-ui
3120 1893 3455 1993 largitorem.
3488 1890 3717 1953 idcirco,

430 2019 557 2081 facti
584 2026 707 2073 sunt
739 2015 986 2071 amicitia
1027 2013 1149 2078 Dei,
1187 2011 1434 2083 quoniam
1463 2011 1573 2080 ipse
1597 2007 1867 2079 sapientia:
1908 2005 2023 2060 dux

428 2117 506 2164 est
532 2116 582 2163 et
603 2106 918 2176 sapientium
944 2102 1268 2158 emendator.
1293 2098 1361 2153 In
1385 2115 1546 2153 manu
1567 2098 1705 2151 enim
1732 2094 1877 2149 illius
1901 2102 2022 2149 sunt

428 2208 479 2254 et
507 2213 623 2264 nos,
656 2204 706 2251 et
732 2209 995 2250 sermones
1023 2191 1209 2255 nostri,
1243 2199 1292 2245 et
1321 2189 1490 2243 omnis
1516 2187 1800 2258 sapientia,
1825 2195 1871 2240 et
1903 2200 2025 2255 ope-

430 2300 550 2341 rum
576 2286 797 2341 scientia
818 2292 866 2338 et
893 2281 1192 2352 disciplina.
1216 2278 1337 2350 Ipse
1355 2278 1493 2332 enim
1516 2276 1643 2330 mihi
1668 2273 1807 2329 dedit
1835 2273 2023 2327 horum

429 2390 549 2446 qure
591 2382 714 2429 sunt
758 2373 1031 2427 scientiam
1076 2385 1284 2434 veram,
1319 2376 1374 2421 ut
1419 2368 1585 2421 sciam
1631 2364 2024 2435 dispositionem

433 2464 572 2518 orbis
608 2473 904 2527 terrarum,
939 2469 989 2515 et
1016 2462 1254 2515 uirtutem
1285 2458 1691 2523 elementorum,
1729 2455 1938 2509 initium
1974 2462 2025 2508 et

432 2556 961 2619 consummationem,
1002 2562 1051 2608 et
1094 2552 1425 2606 medietatem
1468 2559 1786 2619 temporum,
1819 2546 2026 2602 vicissi-

431 2646 680 2705 tudinum
721 2645 1161 2715 permutationes,
1207 2653 1255 2698 et
1308 2643 1782 2697 consummationes
1829 2650 2029 2709 tempo-

2125 1995 2341 2053 domine
2372 1993 2446 2048 mi
2476 2007 2595 2058 rex,
2621 1999 2751 2046 ante
2780 1987 2964 2043 omnia
3010 1999 3223 2055 semper
3261 1978 3499 2038 studium
3527 1982 3598 2037 sit
3624 1980 3724 2036 tibi

2124 2088 2190 2143 ad
2221 2084 2538 2141 discendam
2567 2081 2886 2153 sapientiam
2915 2078 3180 2142 divinam,
3208 2073 3585 2144 subiectosque
3622 2074 3724 2147 tibi

2125 2175 2362 2247 idipsum
2389 2188 2551 2245 agere
2583 2170 2874 2243 praecipias
2892 2175 3214 2238 aquatenus
3253 2164 3450 2219 merito
3491 2177 3585 2217 res
3622 2180 3725 2217 uo-

2125 2264 2321 2320 minari
2360 2262 2558 2334 possis,
2600 2260 2693 2331 qui
2733 2258 3081 2327 temetipsum
3109 2263 3166 2309 et
3211 2268 3403 2309 omnes
3451 2253 3552 2307 tibi
3595 2252 3728 2306 ube-

2126 2355 2339 2412 dientes
2361 2351 2658 2408 secundum
2685 2349 3021 2404 voluntatem
3049 2346 3146 2400 Dei
3176 2358 3364 2415 regere
3393 2352 3450 2398 et
3490 2342 3545 2396 in
3578 2342 3727 2396 viam

2125 2445 2374 2502 veritatis
2419 2444 2619 2499 ducere
2646 2439 2906 2496 conaris:
2936 2438 3125 2508 sicque
3172 2435 3264 2490 ﬁet
3292 2444 3353 2490 ut
3384 2450 3506 2489 cum
3556 2448 3725 2504 appa-

2128 2539 2301 2594 ruerit
2325 2537 2442 2593 Rex
2467 2550 2681 2608 regum,
2701 2543 2757 2588 et
2780 2531 3042 2599 Dominus
3068 2529 3411 2584 dominorum
3440 2524 3643 2580 sederit
3669 2523 3727 2577 in

2127 2628 2258 2685 sede
2286 2624 2584 2698 maiestatis
2610 2610 2823 2688 suaefet
2850 2627 3191 2692 congregata:
3221 2616 3423 2672 iuerint
3447 2621 3572 2669 ante
3600 2628 3727 2667 eum

434 2751 580 2800 rum,
604 2703 809 2788 morum
826 2703 1159 2798 mutationes,
1182 2740 1229 2786 et
1258 2730 1538 2785 divisiones
1561 2738 1873 2799 temporum,
1899 2703 2028 2781 anni
2126 2733 2318 2779 omnes
2343 2725 2553 2789 gentes,
2586 2723 2646 2769 ut
2683 2712 2949 2782 recipiant
2970 2724 3182 2773 omnes,
3214 2705 3371 2775 juxta
3409 2703 3730 2759 meritorum

435 2837 650 2890 cursus,
667 2831 715 2877 et
740 2821 1012 2877 stellarum
1035 2821 1425 2892 dispositiones,
1446 2830 1666 2875 naturas
1692 2816 2027 2884 animalium,
2129 2808 2471 2880 qualitatem,
2514 2813 2607 2859 aut
2649 2802 2934 2873 prtemium
2967 2807 3060 2854 aut
3086 2812 3330 2870 ptenam,
3358 2804 3487 2849 tunc
3518 2800 3574 2846 tu
3602 2805 3729 2846 cum

433 2922 487 2970 et
513 2913 624 2969 iras
652 2911 957 2976 bestiarum,
997 2911 1101 2966 vim
1120 2883 1441 2975 'ventorum',
1478 2909 1690 2979 cogitati
1729 2924 1762 2962 η
1794 2924 1822 2962 s
1861 2907 2031 2961 homi—
2131 2902 2238 2958 tuis
2263 2915 2294 2955 a
2320 2898 2531 2955 dextris
2550 2894 2668 2965 ejus
2690 2904 2866 2957 stans,
2894 2891 3086 2945 audias
3113 2888 3258 2943 illam
3287 2883 3576 2941 amabilem
3604 2896 3720 2935 sen-

435 3018 596 3071 num,
646 3001 969 3071 differentias
1014 2999 1299 3064 arborum,
1341 3007 1389 3052 et
1427 2964 1640 3051 virtutes
1683 3012 1712 3049 r
1751 3029 1755 3033 -
1808 3012 1951 3062 cum,
1980 3003 2030 3051 et
2130 2992 2358 3048 tentiam
2389 2964 2624 3051 Domini,
2653 2996 2821 3055 (luam
2850 2982 2918 3036 ad
2962 2995 3155 3037 omnes
3195 2977 3404 3033 electos
3428 2988 3558 3028 suos
3598 2964 3737 3041 pro-~

432 3105 755 3162 qurecunque
775 3100 894 3146 sunt
917 3091 1170 3145 absconsa
1192 3101 1241 3145 et
1265 3062 1545 3161 improvisa
1566 3089 1728 3142 didici
1750 3100 1769 3140 .·
1831 3089 2032 3142 mnium
2130 3083 2341 3139 laturus
2386 3088 2505 3146 est,
2545 3079 2777 3134 dicatus:
2827 3072 3026 3137 Venite,
3071 3068 3324 3125 benedicti
3368 3063 3551 3119 Patris
3588 3062 3730 3126 mei,

435 3152 578 3236 enim
623 3152 818 3252 artifex
860 3182 1038 3236 docuit
1087 3197 1168 3236 me
1214 3152 1471 3252 sapientia
1517 3179 1666 3252 (Sap.
1703 3180 1826 3235 vui.
1878 3180 2033 3237 Unde
2063 3234 2103 3252 η
2128 3175 2390 3246 possidete
2437 3170 2579 3226 vobis
2631 3177 2875 3239 paratum
2931 3178 3147 3235 regnum
3196 3160 3260 3214 ab
3298 3157 3498 3228 origine
3543 3152 3728 3252 mundi

439 3234 607 3329 etiam
628 3234 1158 3344 gentium
1189 3234 1246 3329 et
1276 3234 1490 3343 'liegum
1520 3234 1730 3343 \leg'itur
1760 3269 1805 3323 D
1846 3234 2033 3324 minus
2059 3234 2104 3298 C
2132 3234 2354 3335 lMatth.
2394 3258 2548 3332 xxv).
2594 3234 2796 3328 Sicque
2843 3257 3082 3311 insertus
3134 3257 3446 3307 salictorum
3499 3243 3730 3301 cmtibus

440 3362 707 3433 probasse
749 3338 1068 3432 petitionem
1116 3338 1440 3427 Salomonis,
1481 3360 1572 3432 qui
1591 3338 1769 3431 vpetiit
1802 3361 1869 3413 a';
1918 3359 2034 3429 ipso
2138 3357 2243 3411 nbis
2279 3370 2403 3409 cum
2430 3368 2496 3408 eo
2523 3352 2579 3406 in
2616 3350 2783 3405 vitam
2809 3355 3089 3409 aeternam,
3121 3342 3215 3397 ubi
3259 3338 3420 3396 simul
3443 3350 3567 3392 cum
3600 3349 3719 3389 san-

441 3424 546 3507 ;uu
591 3449 709 3505 dari
752 3424 844 3505 to,
882 3450 1134 3515 docibile,
1176 3461 1234 3505 ut
1271 3424 1518 3522 judicare
1564 3424 1747 3521 posset
1784 3424 2032 3521 populum
2138 3446 2247 3502 etis
2272 3443 2484 3515 angelis
2516 3439 2785 3497 laetaberis
2813 3438 2866 3493 in
2894 3442 3186 3506 conspectu
3235 3430 3420 3522 gloria:
3459 3428 3629 3522 ipsius
3654 3424 3713 3522 re

444 3554 621 3605 suum,
651 3550 698 3594 et
722 3540 1026 3606 discernere
1070 3513 1208 3596 inter
1254 3513 1445 3596 bonum
1474 3552 1521 3596 et
1564 3513 1797 3608 malum,2
1828 3513 1917 3596 ubi
1958 3541 2036 3595 ita
2139 3513 2509 3604 liciterusque
2532 3533 2586 3588 in
2613 3532 2798 3585 linem.
2824 3527 3081 3598 Maiestas
3106 3518 3500 3592 omnipotentis
3523 3516 3616 3571 Dei
3638 3513 3733 3569 diu

444 3629 705 3698 scriptum
748 3639 869 3686 est:
901 3630 1109 3686 Placuit
1158 3648 1329 3687 sermo
1378 3649 1554 3687 coram
1607 3633 1856 3697 Domino,
1896 3632 2036 3703 quod

447 3716 698 3773 Salomon
738 3736 843 3774 rem
889 3720 1253 3791 hujuscemodi
1291 3720 1622 3791 postulasset.
1655 3721 1724 3776 Et
1765 3722 1897 3775 dixit
1932 3722 2039 3776 Do—

2142 3643 2236 3682 vos
2266 3628 2354 3682 hic
2378 3634 2555 3681 servet
2592 3621 2916 3682 incolumes,
2939 3627 2997 3674 et
3020 3625 3208 3689 postea
3234 3614 3291 3669 in
3318 3609 3556 3668 cmicstis
3581 3605 3732 3678 regni

2147 3719 2344 3791 gaudio
2372 3715 2643 3773 beatiﬁcet
2668 3711 3022 3783 sempiterno.

1580 3976 2109 4056 PBJEFATIO
2186 3973 2612 4063 ALTERA.

1353 4146 1444 4200 AD
1498 4146 1889 4202 HEMMONEM
1928 4142 2368 4216 [HAYMONEM]
2408 4138 2817 4198 EPISCOPUM.

526 4399 756 4457 Domino
784 4400 1233 4457 reverendissimo
1261 4441 1276 4466 ,
1325 4406 1528 4456 etcum
1559 4394 1705 4452 omni
1759 4395 2041 4451 cluat-italis
2069 4396 2120 4458 D
2147 4393 2718 4452 commemorationem
2771 4395 2825 4452 in
2890 4399 3080 4469 paucis
3122 4398 3371 4455 breviter
3420 4398 3734 4456 ,ἀηοωωηι

456 4490 638 4548 ol‘llcio
667 4488 861 4545 merito
893 4491 1201 4547 venerando
1231 4498 1396 4561 atque
1438 4484 1663 4545 colendo
1700 4484 1845 4539 Patri
1894 4484 2042 4539 linu-

456 4597 587 4640 uoxu
618 4580 892 4652 episcopo,
922 4580 1198 4646 RABANUS,
1233 4577 1439 4634 inutilis
1487 4590 1767 4632 servorum
1801 4573 1895 4628 Dei
1929 4588 2042 4629 ser-

455 4689 559 4755 vus
583 4715 599 4740 ,
632 4672 689 4729 in
713 4671 931 4729 Christo
958 4682 1219 4728 aeternam
1257 4678 1407 4743 optat
1436 4668 1684 4725 salutem.

529 4765 735 4821 Memor
755 4764 883 4820 boni
913 4764 1076 4820 studii
1107 4764 1203 4829 tui,
1233 4758 1620 4826 sancte‘hter,
1646 4759 1789 4830 quod
1812 4757 2045 4815 habuisti

457 4856 516 4912 in
542 4853 737 4927 puerili
766 4862 927 4926 atque
946 4855 1169 4926 juvenili
1224 4861 1381 4909 aetate
1410 4853 1464 4907 in
1494 4851 1799 4906 litterarum
1833 4842 2071 4904 exemi-5

460 4945 539 5002 tio
572 4955 627 5002 et
654 4961 934 5002 sacrarum
965 4944 1370 5017 Scripturarum
1413 4943 1785 5007 meditatione,
1832 4941 2049 5011 quando

460 5051 675 5091 mecum
702 5036 1055 5107 legebassnon
1107 5035 1277 5092 solum
1309 5035 1520 5091 divinos
1547 5033 1716 5090 libros
1747 5041 1803 5090 et
1829 5041 2048 5089 sancto-

463 5143 584 5182 rqu
615 5126 838 5183 Patrum
864 5145 1030 5200 super
1053 5143 1147 5184 eos
1171 5129 1555 5199 expositiones,
1580 5130 1675 5184 sed
1702 5129 1864 5183 etiam
1888 5127 2052 5199 hujus

463 5217 651 5273 mundi
677 5219 999 5290 sapientium
1028 5218 1096 5274 de
1125 5234 1303 5273 rerum
1332 5219 1542 5275 naturis
1569 5218 1796 5275 solertes
1819 5218 2047 5289 inquisi-

466 5307 663 5375 tiones,
690 5326 825 5381 quas
852 5311 905 5365 in
936 5309 1237 5365 liberalium
1264 5310 1462 5365 artium
1488 5310 1846 5380 descriptione
1871 5316 1926 5366 et
1947 5326 2050 5366 ca:-

444 5405 708 5454 Jerarum
737 5416 917 5456 rerum
964 5400 1374 5472 investigatione
1402 5413 1838 5473 composuerunt.
1889 5403 2047 5461 Post-

465 5504 631 5557 quam
661 5505 745 5544 me
792 5491 971 5547 divina
994 5491 1332 5560 providentia
1359 5493 1428 5549 ab
1454 5495 1785 5551 exteriorum
1810 5498 2051 5568 negotio-

471 5594 592 5633 rqu
617 5596 747 5635 cura
776 5582 1003 5637 absolvit
1020 5623 1035 5649 ,
1067 5592 1229 5654 teque
1252 5583 1307 5639 in
1335 5587 1626 5655 pastoralis
1649 5604 1792 5645 cura:
1813 5589 2049 5645 olIicium

472 5668 802 5736 sublimavit,
818 5671 1140 5742 cogitabam,
1168 5674 1296 5744 quid
1310 5674 1436 5731 Tum
1451 5674 1738 5732 Sanctitati
1755 5687 1967 5748 gratum
1995 5691 2052 5734 et

472 5760 602 5816 utile
626 5760 681 5816 in
708 5761 991 5819 scribendo
1012 5765 1279 5822 coniicere
1300 5781 1546 5837 possem:
1578 5782 1684 5837 quo
1718 5768 1948 5824 haberes
1979 5769 2049 5824 ob

2146 4486 2291 4558 quod
2339 4493 2465 4540 ante
2488 4485 2543 4539 in
2574 4484 2864 4543 multorum
2907 4489 3153 4545 codicum
3187 4488 3541 4560 amplitudine
3570 4498 3626 4545 et
3655 4490 3729 4545 fa-

2145 4576 2321 4631 cunda
2355 4587 2632 4634 oratorum
2678 4577 2950 4637 locutione
2984 4583 3247 4640 disertum
3268 4584 3494 4653 copiose
3532 4584 3733 4656 legisti.

2144 4666 2329 4737 Neque
2350 4669 2498 4724 erum
2528 4671 2661 4725 mihi
2688 4672 2931 4744 ignotum
2960 4683 3045 4730 est
3069 4666 3284 4746 qualem
3334 4673 3734 4733 infestationem

2147 4759 2366 4826 habeas,
2397 4776 2504 4816 non
2549 4763 2723 4818 solum
2747 4780 2776 4819 a
2804 4767 3032 4837 paganis
3061 4769 3150 4837 qui
3180 4767 3275 4823 tibi
3300 4770 3542 4824 contines
3588 4778 3734 4835 sunt,

2147 4851 2240 4906 sed
2267 4854 2433 4907 etiam
2459 4869 2489 4908 a
2526 4855 2844 4925 populorum
2886 4858 3081 4922 turbis,
3109 4874 3230 4928 quae
3265 4875 3364 4930 per
3390 4859 3735 4916 insolentiam

2147 4955 2204 5000 et
2232 4945 2629 5016 improbitatem
2658 4966 2869 5006 morum
2898 4950 3354 5007 TumPaternitati
3386 4967 3491 5008 non
3512 4967 3735 5023 parvam

2149 5035 2449 5092 molestiam
2481 5038 2749 5111 ingemat,
2785 5050 2840 5096 ct
2866 5042 2935 5097 ob
2963 5043 3065 5097 hoc
3099 5039 3371 5111 frequenti
3396 5042 3626 5098 orationi
3656 5051 3733 5097 at-

2148 5142 2253 5198 que
2273 5128 2503 5185 assiduae
2528 5130 2744 5186 lectioni
2774 5140 2828 5186 te
2853 5147 3047 5186 vacare
3086 5146 3192 5188 non
3220 5134 3559 5202 permittunt.
3610 5131 3738 5186 Haec

2144 5218 2294 5274 cnim
2317 5220 2498 5275 omnia
2528 5221 2660 5275 mihi
2693 5220 2920 5277 sollicite
2945 5222 3199 5276 tractanti
3227 5222 3374 5277 venit
3400 5222 3455 5277 in
3498 5231 3735 5277 mentem

2148 5317 2209 5365 ut
2225 5307 2380 5379 juxta
2405 5326 2610 5367 morem
2639 5311 2979 5380 antiquorum
3006 5313 3099 5382 qui
3128 5313 3194 5368 de
3220 5328 3401 5368 rerum
3428 5313 3639 5369 naturis
3680 5320 3737 5367 et

2148 5404 2426 5460 nominum
2465 5412 2627 5473 atque
2674 5404 2960 5458 verborum
3010 5404 3349 5476 etymologiis
3403 5404 3555 5475 plura
3604 5418 3738 5461 eon-

2149 5498 2441 5566 scripsere,
2484 5496 2601 5567 ipse
2628 5495 2721 5552 tibi
2760 5495 2974 5566 aliquod
3013 5497 3329 5568 Opusculum
3357 5498 3644 5554 conderem
3678 5497 3732 5552 in

2149 5603 2257 5657 quo
2282 5588 2509 5643 haberes
2539 5586 2799 5658 scriptum
2826 5602 2932 5642 non
2957 5586 3132 5642 solum
3156 5588 3221 5643 de
3246 5603 3428 5643 rerum
3448 5588 3659 5643 naturis
3681 5594 3737 5643 et

2148 5679 2437 5733 verborum
2467 5678 2887 5749 proprietatibus
2910 5717 2926 5743 ,
2958 5678 3052 5733 sed
3093 5678 3257 5733 etiam
3290 5678 3357 5735 de
3392 5679 3621 5751 mystica
3641 5692 3734 5733 ea-

2150 5766 2395 5823 rumdem
2425 5783 2602 5825 rerum
2648 5768 3072 5839 signiﬁcatione.
3109 5777 3167 5824 ut
3196 5770 3549 5826 continuatim
3587 5768 3737 5838 posi-'
