4074 6316
336 395 401 449 l5
1308 375 1394 429 DE
1430 371 1776 428 UNIVERSO
1810 372 1923 427 LlB‘

2032 367 2191 423 XXll.
2230 400 2298 408 ν-
2338 368 2464 423 LIB.
2504 366 2541 420 l.
3502 362 3572 423 η

337 515 444 560 tam
492 493 1096 553 invenircshistoricam
1142 499 1199 545 et
1237 490 1517 560 mysticam
1564 486 1893 558 singularum
1918 497 1971 554 Α
1999 495 2178 538 tamen
2223 482 2369 537 nullo
2424 482 2582 535 modo
2618 480 2906 550 Apostolus
2952 480 3262 546 consentit,
3306 481 3397 550 qui
3445 483 3568 541 ait;

330 586 737 660 expositionem.
786 583 865 636 Tu
912 589 1088 636 autem
1115 619 1131 645 ,
1170 580 1340 635 electe
1368 578 1583 633 domine
1609 586 1663 631 et
1687 577 1895 645 episco-

340 690 521 747 porum
568 674 903 735 cbanssuue,
936 669 1170 739 acceptis
1212 668 1298 723 his
1334 683 1451 737 qum
1478 667 1570 721 tibi
1604 665 1896 729 transmisi,

338 774 484 820 utere
503 762 584 816 eis
613 770 673 815 ut
700 763 870 826 decet,
902 768 958 814 et
990 768 1094 813 tam
1125 758 1219 813 tibi
1246 773 1404 827 quam
1434 756 1537 811 illis
1563 757 1654 825 qui
1680 756 1779 809 sub
1808 765 1900 807 tuo

337 852 594 923 regimine
612 857 737 905 sunt
763 848 1061 913 constituti,
1100 847 1229 900 utile
1249 860 1368 901 esse
1397 845 1646 915 permitte
1670 860 1683 909 ;
1715 851 1901 912 quale—

339 959 435 999 nus
464 952 611 996 tuum
633 942 831 994 bonum
866 938 1100 993 studium
1128 937 1310 991 multis
1338 935 1619 1005 proveniat
1645 934 1712 989 ad
1744 934 1903 1002 spiri-

340 1031 495 1085 talem
518 1029 847 1100 profectum,
883 1037 938 1083 et
967 1029 1057 1082 liat
1087 1037 1194 1083 tam
1226 1026 1319 1081 tibi
1347 1042 1508 1096 quam
1536 1025 1641 1080 illis
1666 1024 1906 1094 spiritale

340 1120 656 1176 exercitium
681 1128 842 1189 atque
874 1118 1108 1175 caelestis
1136 1118 1312 1189 gaudii
1350 1118 1762 1173 incrementum.
1785 1116 1909 1170 lmi-

342 1221 455 1267 tare
481 1209 625 1264 illius
652 1209 909 1279 sapientis
936 1210 1037 1264 viri
1070 1200 1392 1278 exemplum,
1422 1209 1514 1278 qui
1545 1208 1610 1263 de
1636 1208 1910 1278 sapientia:

339 1303 495 1357 laude
515 1301 619 1356 tale
648 1300 868 1370 protulit
906 1300 1232 1370 praeconium
1251 1340 1268 1367 ,
1298 1299 1481 1354 dicens
1509 1318 1521 1329 ·
1563 1298 1824 1364 Inuocaui,
1864 1307 1912 1352 et

341 1392 472 1445 venit
496 1391 551 1443 in
590 1406 670 1443 me
690 1390 902 1460 spiritus
925 1389 1228 1459 sapientiae;
1274 1398 1322 1442 et
1355 1388 1614 1460 prwposui
1658 1385 1803 1439 illam
1833 1403 1914 1440 re—

333 1481 453 1550 gnis
472 1488 520 1533 et
547 1478 777 1544 sedibus,
808 1487 868 1533 ει·
894 1478 1101 1533 divitias
1131 1475 1260 1531 nihil
1286 1494 1394 1531 esse
1417 1476 1545 1530 duxi
1572 1477 1624 1529 in
1645 1492 1915 1545 compara-

338 1570 477 1621 tione
502 1567 663 1621 illius.
689 1566 802 1622 Nec
818 1567 1116 1637 comparavi
1130 1566 1214 1620 illi
1234 1566 1455 1635 lapidem
1472 1568 1773 1636 pretiosum,
1797 1581 1920 1635 quo-

338 1658 480 1712 niam
521 1671 671 1710 omne
708 1672 895 1709 aurum
929 1657 985 1709 in
1032 1656 1419 1725 comparatione
1457 1654 1600 1708 illius
1644 1671 1803 1708 arena
1843 1662 1919 1708 est

334 1750 552 1819 exigua,
595 1757 643 1802 et
689 1757 937 1818 tanquam
971 1746 1137 1799 lutum
1185 1746 1529 1800 a’stimabitnr
1555 1756 1825 1817 argentum
1866 1746 1921 1799 in

2002 572 2168 628 Nemo
2189 571 2418 624 militans
2457 568 2563 623 Deo
2608 568 2831 638 impIScet
2873 585 2928 623 se
2970 569 3187 638 negotiis
3215 571 3573 639 strcalaribus,

1999 675 2053 717 ut
2083 664 2131 719 ei
2149 666 2349 735 placeat
2376 663 2460 715 cui
2487 678 2541 715 se
2566 662 2817 731 probavit.
2852 658 2991 715 Nam
3011 662 3099 732 qui
3124 670 3284 715 certat
3312 663 3365 717 in
3391 680 3575 733 agone,

2002 771 2105 807 non
2153 761 2431 807 coronatur
2480 751 2580 803 nisi
2613 750 2835 820 legitime
2883 751 3152 804 certaverit
3202 750 3290 821 (II
3324 752 3456 806 Tim.
3490 753 3574 822 ιι).

2001 844 2132 899 Item
2168 843 2294 898 alibi
2344 842 2461 897 ait:
2517 841 2731 912 Siquos
2769 839 3174 909 contemptibiles
3208 840 3430 905 habetis,
3483 843 3578 897 hos

2001 934 2299 987 constituite
2327 931 2397 985 ad
2438 929 2773 988 iudicandum
2815 927 3095 983 saecularia
3142 931 3346 998 negotia
3374 930 3426 1001 (Ι
3453 930 3580 985 Cor.

2007 1025 2104 1094 Vl).
2162 1022 2325 1077 Multo
2351 1022 2545 1076 melius
2592 1029 2678 1075 est
2706 1021 2849 1075 enim
2900 1019 3149 1074 laborare
3186 1021 3497 1091 episcopum
3530 1024 3583 1077 in

2008 1116 2251 1171 doctrina
2286 1114 2439 1169 verbi
2488 1113 2582 1168 Dei
2603 1112 2673 1168 ob
2701 1111 2925 1166 salutem
2961 1111 3263 1167 animarum
3299 1113 3399 1168 sibi
3430 1129 3584 1169 com-

2010 1206 2317 1269 missarum,
2367 1218 2527 1273 quam
2557 1202 2609 1255 in
2649 1200 2995 1270 disponendis
3022 1208 3077 1257 et
3114 1200 3431 1258 deﬁniendis
3455 1203 3590 1258 civi-

2012 1297 2152 1351 libus
2185 1294 2600 1365 quaestionibus;
2640 1300 2695 1348 et
2731 1292 2897 1347 variis
2922 1291 3198 1347 hominum
3230 1293 3592 1348 contentioni-

2014 1386 2113 1439 bus
2150 1397 2373 1448 vacare,
2420 1382 2511 1451 qui
2532 1390 2752 1452 propter
2791 1389 3061 1435 terrenam
3088 1380 3439 1450 cupiditatem
3462 1381 3590 1437 lites

2015 1479 2071 1528 e’t
2099 1473 2245 1527 rixas
2280 1472 2609 1526 incessanter
2661 1477 2897 1535 movent,
2948 1478 3002 1525 et
3027 1469 3393 1540 unusquisque
3420 1471 3474 1526 in
3504 1471 3593 1528 his

2017 1565 2242 1619 alterum
2272 1556 2528 1634 superare
2555 1561 2846 1617 contendit.
2893 1560 3164 1632 Nusquam
3199 1564 3341 1617 enim
3370 1564 3425 1618 in
3447 1563 3595 1620 Scri-

2018 1655 2191 1724 pturis
2223 1654 2392 1709 sacris
2412 1654 2608 1725 legitur
2632 1653 2745 1723 ipse
2771 1652 3036 1719 Salvator,
3063 1662 3155 1708 aut
3187 1654 3428 1724 discipuli
3454 1653 3592 1723 ejus,

2021 1747 2126 1800 hoc
2148 1744 2321 1815 egisse
2355 1744 2467 1799 sive
2510 1742 2775 1799 docuisse.
2819 1741 3092 1797 Invenitur
3124 1751 3303 1798 tamen
3332 1744 3386 1798 in
3416 1744 3594 1799 Evan-

334 1847 614 1907 conspectu
635 1835 796 1890 illius.
823 1834 991 1905 Super
1009 1835 1229 1890 salutem
1253 1844 1300 1888 et
1322 1835 1539 1905 speciem
1564 1834 1726 1888 dilexi
1752 1832 1918 1900 illam,
1952 1835 1997 1893 Β
2022 1834 2161 1905 gelio
2197 1834 2455 1902 scriptum
2497 1832 2638 1902 quod
2676 1832 2896 1901 quidam
2925 1833 3084 1887 homo
3112 1834 3382 1901 rogaverit
3419 1834 3595 1905 ipsum

335 1916 383 1982 et
402 1927 655 1999 proposui
682 1943 775 1997 pro
801 1925 914 1981 luce
945 1926 1133 1980 habere
1176 1925 1347 1993 illam,
1397 1927 1643 1997 quoniam
1671 1924 1920 1979 ineastin-

338 2016 534 2087 guibile
562 2026 644 2070 est
677 2016 853 2070 lumen
874 2014 1035 2068 illius.
1090 2013 1352 2068 Venerunt
1385 2025 1557 2068 autem
1586 2015 1714 2068 mihi
1744 2015 1920 2067 omnia

320 2104 698 2178 .bona'pariter
735 2122 852 2159 cum
887 2105 980 2158 illa
1011 2104 1158 2177 (Sap.
1222 2104 1341 2175 vn).
1386 2102 1521 2157 Nam
1568 2112 1624 2159 et
1652 2103 1923 2172 apostolus

339 2195 543 2250 Paulus
581 2195 823 2250 scribens
852 2195 918 2248 ad
950 2192 1291 2248 Timotheum
1337 2193 1402 2247 de
1425 2193 1667 2248 doctrina
1710 2193 1924 2262 sapien-

343 2289 430 2342 tiae
459 2287 678 2353 divinaa,
720 2287 786 2340 ad
812 2287 913 2341 hoc
935 2286 1103 2356 ipsum
1125 2287 1440 2342 exhortatus
1466 2294 1550 2341 est
1568 2301 1710 2351 eum,
1737 2285 1924 2340 dicens

342 2377 394 2450 (1
425 2377 564 2431 Tim.
597 2375 673 2449 tv)
702 2394 715 2429 :
758 2375 885 2431 Ha’c
906 2393 1193 2447 proponens
1213 2376 1485 2446 fratribus,
1512 2376 1674 2431 bonus
1693 2376 1926 2429 minister

337 2467 440 2520 eris
469 2466 666 2521 Christi
707 2465 858 2531 Iesu,
907 2467 1161 2519 enutritus
1204 2466 1370 2521 verbis
1402 2465 1547 2536 fidei,
1578 2476 1626 2520 et
1657 2466 1803 2520 bona:
1831 2466 1926 2519 do-

336 2555 551 2620 ctrinat,
567 2570 725 2625 quam
742 2564 1008 2609 assecutus
1028 2571 1102 2609 es.
1126 2552 1361 2626 Prazcipe
1387 2557 1498 2610 luce
1517 2566 1565 2610 et
1593 2556 1736 2610 doce.
1759 2555 1925 2609 Nemo

341 2642 750 2696 adolescentiam
793 2652 939 2697 tuam
973 2652 1267 2698 contemnat
1305 2661 1323 2698 :
1359 2645 1450 2698 sed
1491 2643 1783 2714 exemplum
1816 2652 1925 2698 esto

337 2731 581 2799 ﬁdelium
607 2731 661 2784 in
692 2731 878 2795 verbo,
923 2733 980 2785 in
1019 2735 1432 2800 conversatione,
1468 2736 1523 2787 in
1566 2736 1840 2797 eharitate,
1870 2734 1927 2787 in

336 2822 474 2889 ﬁde,
527 2823 582 2875 in
605 2824 861 2877 castitate.
918 2823 1059 2915 Hae
1078 2824 1358 2889 meditare,
1408 2836 1465 2879 ut
1507 2825 1768 2896 profectus
1806 2836 1925 2879 tuus

336 2911 659 2980 manifestus
686 2913 752 2966 sit
779 2913 1035 2968 omnibus.
1056 2911 1284 2968 I‘Attende
1325 2914 1418 2969 tibi
1455 2925 1503 2970 et
1523 2915 1775 2969 doctrina:
1798 2928 1816 2966 :
1845 2916 1929 2968 in-

340 3013 422 3056 sta
444 3004 505 3056 in
526 3002 652 3058 illis.
702 3003 820 3058 Hoc
855 3006 992 3058 enim
1022 3004 1241 3074 faciens,
1293 3015 1340 3060 et
1367 3007 1585 3077 teipsum
1617 3005 1814 3060 salvum
1847 3005 1926 3075 fa-

341 3092 477 3156 cies,
507 3100 559 3144 et
585 3109 674 3146 eos
709 3092 799 3163 qui
826 3102 876 3146 te
897 3094 1138 3147 audiunt.
1174 3093 1327 3150 Unde
1363 3095 1516 3150 decet
1546 3103 1597 3149 te
1625 3093 1756 3149 nihil
1785 3093 1928 3148 aliud

2022 1924 2368 1980 Mediatorem
2404 1933 2644 1978 nostrum
2680 1924 2822 1993 quod
2854 1922 3003 1977 fratri
3027 1923 3357 1991 suojuberet
3382 1933 3440 1979 ut
3462 1925 3599 1980 divi-

2022 2016 2175 2070 deret
2198 2030 2378 2070 secum
2413 2014 2779 2069 luereditatem
2806 2029 2980 2070 suam.
3035 2014 3132 2070 Cui
3165 2015 3255 2070 ille
3283 2016 3592 2087 respondit:

2019 2104 2070 2159 0
2093 2107 2269 2171 homo,
2298 2107 2415 2177 quis
2442 2106 2711 2159 constituit
2741 2123 2822 2159 me
2842 2105 3074 2175 judicent
3099 2115 3189 2160 aut
3212 2107 3485 2162 divisorem
3513 2108 3598 2161 in-

2023 2186 2101 2249 ter
2141 2212 2226 2249 vos
2265 2205 2312 2249 et
2351 2194 2618 2265 reliquos?
2668 2193 2817 2266 (Luc.
2856 2195 2978 2266 xu.)
3016 2195 3073 2250 ln
3112 2212 3218 2267 quo
3266 2198 3512 2267 probavit
3539 2212 3600 2253 se

2025 2288 2165 2342 nolle
2195 2289 2440 2343 doctores
2474 2288 2746 2357 Evangelii
2796 2290 2940 2344 curis
2983 2298 3036 2344 et
3081 2290 3216 2345 rixis
3262 2291 3600 2346 saecularium

2023 2364 2276 2449 occupari
2317 2379 2397 2434 vel
2447 2379 2724 2433 interesse.
2757 2377 2871 2432 Non
2919 2379 3227 2434 enimidem
3265 2379 3495 2445 obiciunt
3517 2391 3604 2437 est

2025 2467 2370 2539 Evangelium
2416 2468 2613 2523 Christi
2641 2469 2693 2522 in
2728 2469 2932 2539 pulpito
2975 2468 3219 2523 ecclesim
3245 2469 3442 2539 populo
3466 2486 3605 2539 prm-

2025 2556 2225 2622 dicare,
2275 2567 2330 2611 et
2357 2558 2409 2611 in
2459 2557 2655 2626 placito
2683 2557 3018 2612 surcularium
3048 2557 3170 2612 lites
3196 2557 3435 2615 forenses
3463 2560 3607 2613 inter

2027 2648 2269 2703 rixantes
2316 2648 2625 2703 decernere.
2677 2646 2805 2701 Hzec
2833 2662 2962 2717 ergo
2995 2662 3118 2702 cum
3159 2634 3484 2712 scribantur,
3528 2650 3603 2703 mi

2028 2736 2261 2801 domine,
2311 2736 2437 2791 nolo
2478 2745 2539 2792 ut
2581 2737 2816 2792 aestimes
2842 2751 2928 2791 me
2954 2751 3149 2791 novam
3198 2737 3367 2809 legem
3393 2737 3607 2794 vivendi

2027 2825 2123 2881 tibi
2147 2827 2494 2893 constituere,
2523 2827 2616 2882 sed
2637 2826 2765 2881 olim
2795 2840 2824 2881 a
2851 2827 3051 2882 sanctis
3090 2827 3220 2883 viris
3243 2827 3508 2899 prolatam
3533 2829 3604 2884 ob

2028 2917 2591 2972 commemorationem
2654 2918 2890 2972 breviter
2935 2931 3376 2973 commemorare.
3431 2917 3607 2974 Credo

2029 3009 2171 3063 enim
2202 3016 2255 3064 te
2275 3009 2445 3079 magis
2468 3008 2602 3063 velle
2628 3009 2840 3064 interno
2867 3010 3175 3079 conspectui
3204 3008 3498 3065 conditoris
3525 3011 3604 3064 tui

2029 3097 2321 3154 salubriter
2347 3098 2582 3169 placere,
2627 3114 2788 3169 quam
2815 3097 3089 3154 favoribus
3141 3097 3391 3154 humanis
3438 3099 3609 3155 forin-

342 3196 664 3251 przeponere
682 3186 1015 3242 meditationi
1040 3188 1233 3242 divinm
1250 3187 1406 3259 legis,
1425 3197 1481 3244 et
1505 3189 1760 3244 doctrina:
1781 3189 1932 3244 verbi
1958 3194 2004 3256 ρ
2034 3203 2191 3244 secus
2212 3188 2445 3243 inaniter
2467 3187 2671 3245 extolli.
2714 3188 2840 3244 Ideo
2862 3189 3005 3260 quod
3032 3189 3170 3245 bene
3195 3189 3247 3243 in
3267 3189 3490 3244 servitio
3511 3190 3608 3244 Dei

336 3272 443 3359 Dei
477 3292 493 3327 :
524 3291 622 3331 nec
653 3277 759 3333 ullo
784 3279 943 3334 modo
968 3281 1130 3336 debes
1154 3296 1217 3336 ea
1247 3281 1494 3337 deserere
1526 3290 1746 3351 propter
1771 3296 1924 3335 mun-

338 3366 548 3422 danam
573 3385 762 3426 curam
785 3381 841 3428 et
868 3374 1145 3429 saecularia
1174 3374 1381 3445 negotia
1405 3391 1418 3427 :
1453 3375 1577 3444 quia
1606 3375 1721 3429 haec
1749 3373 1924 3428 maxi-

344 3474 503 3514 mum
535 3460 973 3532 impedimentum
1023 3464 1226 3520 faciunt
1255 3466 1404 3534 operi
1446 3464 1627 3520 divino
1667 3464 1807 3535 apud
1836 3479 1929 3520 eos

344 3550 442 3619 qui
493 3550 580 3605 his
618 3551 928 3609 abutuntur.
976 3554 1131 3620 Nam,
1171 3556 1306 3625 proh
1351 3554 1536 3610 dolor!
1591 3555 1744 3609 multi
1785 3554 1933 3609 inve-

339 3642 580 3696 niuntur
612 3641 771 3711 hujus
799 3645 1057 3715 temporis
1086 3646 1190 3700 viri
1211 3647 1264 3700 in
1290 3646 1666 3702 ecclesiasticis
1688 3644 1935 3716 personis

340 3731 476 3811 qui,
506 3731 695 3786 relicto
733 3734 1063 3803 praedicandi
1084 3734 1258 3791 olllcio
1291 3745 1345 3792 et
1388 3736 1614 3806 spiritali
1644 3750 1935 3791 conversa-

337 3822 530 3888 tione,
564 3822 618 3875 in
643 3837 708 3878 eo
738 3839 797 3879 se
820 3839 1047 3895 magnos
1064 3826 1347 3891 :estimant,
1385 3827 1431 3881 si
1454 3827 1683 3881 terrenis
1710 3826 1939 3895 negotiis

336 3924 757 3983 praeponantur,
810 3924 868 3970 et
915 3917 1390 3987 disceptationibus
1436 3915 1772 3971 saecularium
1801 3931 1939 3984 sirpe

346 4004 613 4058 intersint
638 4021 651 4057 :
684 4005 756 4059 ita
782 4013 843 4080 ut
873 4006 927 4060 in
954 4020 1140 4061 eorum
1163 4005 1511 4061 conventibus
1532 4005 1685 4076 quasi
1709 4004 1940 4058 arbitres

345 4093 698 4163 pnesideant.
737 4104 996 4151 eteorum
1018 4095 1359 4153 conﬂictuum
1379 4095 1590 4167 judices
1614 4096 1763 4150 fiant.
1787 4094 1940 4162 Quod

2030 3296 2189 3353 agere
2240 3281 2472 3351 coepisti,
2527 3282 2631 3338 hoc
2660 3282 2851 3338 melius
2899 3297 2963 3338 ac
2994 3282 3185 3339 melius
3227 3298 3439 3353 semper
3484 3298 3612 3355 ope-

2032 3373 2200 3428 rando
2237 3387 2405 3443 usque
2438 3373 2491 3428 in
2522 3373 2683 3429 linem
2717 3373 2977 3444 perlicere
3006 3383 3257 3446 satagas:
3303 3380 3365 3428 ut
3403 3373 3457 3428 in
3497 3372 3614 3444 pri-

2033 3461 2137 3518 mis
2162 3462 2292 3517 etin
2337 3461 2538 3518 ultimis
2564 3464 2986 3520 conversationis
3010 3472 3114 3518 tuae
3136 3462 3467 3534 temporibus
3510 3460 3609 3518 Dei

2034 3552 2310 3608 servitium
2343 3551 2581 3623 perfecte
2622 3568 2806 3622 agens,
2852 3554 2918 3608 ad
2944 3553 3182 3608 cmlestis
3205 3553 3410 3622 praemii
3438 3550 3611 3622 pleni-

2038 3646 2280 3701 tudinem
2320 3645 2547 3701 l'eliciter
2582 3646 2866 3716 pervenire
2892 3644 3116 3711 valeas;
3153 3653 3413 3714 quatenus
3436 3642 3528 3698 tibi
3558 3641 3612 3696 in

2037 3748 2282 3793 extremo
2301 3735 2503 3806 judicio
2530 3738 2641 3806 ipse
2668 3751 2910 3792 summus
2938 3726 3326 3806 paterfamilias
3364 3748 3485 3788 eum
3506 3748 3612 3787 ca:-

2038 3828 2376 3906 terisplectis
2401 3828 2546 3885 dicat
2574 3845 2586 3879 :
2618 3824 2792 3896 Euge,
2838 3843 2979 3882 serue
3019 3825 3148 3880 bone
3180 3826 3229 3879 et
3251 3822 3423 3893 fidelis
3441 3864 3456 3888 ,
3483 3823 3609 3893 quia

2038 3933 2192 3987 super
2211 3933 2377 3986 pauca
2405 3916 2549 3986 fuisti
2575 3915 2775 3986 ﬁdelis,
2807 3932 2961 3985 super
2987 3914 3151 3969 multa
3192 3922 3239 3969 te
3273 3913 3608 3967 constituam.

2040 4006 2189 4060 Intra
2215 4008 2269 4060 in
2290 4006 2539 4075 gaudium
2564 4005 2759 4059 domini
2788 4005 2863 4059 tui
2894 4003 3106 4075 (Matth.
3142 4000 3292 4073 xxv).

420 4242 3597 4274 MM

1590 4384 1892 4461 LIBER
1948 4382 2380 4461 PRIMUS.

877 4626 1103 4685 CAPUT
1141 4625 1430 4683 PRIMUM.

1024 4719 1102 4772 De
1149 4717 1277 4772 Deo.

431 4810 672 4865 Primum
701 4809 842 4880 apud
881 4808 1134 4863 Hebrxeos
1163 4806 1255 4863 Dei
1299 4822 1495 4862 nomen
1544 4806 1664 4861 Heli
1698 4807 1932 4863 dicitur:

352 4904 504 4974 quod
531 4890 622 4957 alii
647 4903 837 4967 Deum,
875 4902 984 4967 alii,
1020 4900 1392 4972 etymologiam
1437 4901 1551 4971 ejus
1588 4909 1934 4970 exponentes,

338 4978 559 5064 iscyros,
608 4992 662 5048 id
687 5000 769 5047 est
800 4992 1008 5062 fortem,
1045 4992 1380 5061 interpretati
1425 5000 1587 5056 sunt;
1649 4991 1768 5046 ideo
1795 4992 1937 5059 quod

355 5086 505 5141 nulla
556 5084 868 5140 infirmitate
911 5082 1258 5152 Opprimitur,
1290 5081 1384 5136 sed
1424 5080 1577 5135 fortis
1604 5089 1687 5136 est
1711 5089 1765 5135 et
1787 5080 1933 5135 sulIi-

326 5172 513 5231 'cieus
564 5175 631 5229 ad
686 5173 864 5229 omnia
910 5171 1290 5242 perpetranda.
1362 5170 1668 5226 Secundum
1714 5186 1931 5237 nomen,

309 5258 580 5331 1"Eloim;
613 5264 850 5327 tertium,
886 5260 1052 5316 Eloe:
1102 5261 1243 5330 quod
1272 5266 1559 5330 utrumque
1602 5260 1654 5315 in
1685 5258 1933 5314 Latinum

314 5340 323 5347 ’
358 5351 506 5407 Deus
534 5354 749 5409 dicitur.
791 5351 942 5418 Quod
967 5346 1161 5405 nomen
1192 5350 1244 5404 in
1280 5349 1526 5403 Latinum
1551 5356 1632 5405 est
1656 5365 1720 5405 ex
1745 5349 1930 5405 Grarca

318 5441 721 5512 "appellatione
780 5441 1131 5495 translatum:
1185 5455 1309 5494 nam
1357 5441 1498 5494 Deus
1547 5439 1733 5495 Graece
1781 5440 1933 5495 thcos

340 5529 572 5602 '[Forte,
593 5530 723 5603 δέος]
753 5530 902 5585 febor
927 5530 1119 5603 [956cc]
1151 5531 1365 5594 dicitur,
1395 5530 1550 5585 idest
1574 5530 1751 5585 timor.
1780 5530 1932 5586 Unde

318 5614 595 5678 T'tractu‘m
638 5633 719 5679 est
767 5636 958 5678 nomen
1012 5622 1127 5685 Dei,
1175 5621 1316 5689 quod
1361 5636 1482 5675 eum
1530 5621 1826 5676 eolentibus
1863 5620 1935 5674 sit

354 5716 543 5767 timor.
612 5711 751 5768 Deus
802 5714 979 5767 autem
1006 5704 1227 5781 proprie
1274 5722 1467 5765 nomen
1496 5714 1580 5764 est
1629 5709 1930 5769 Trinitatis,

1960 4634 2014 4693 D
2040 4631 2314 4700 pertinens
2357 4632 2422 4684 ad
2470 4628 2702 4694 Patrem,
2752 4637 2806 4684 et
2833 4626 3047 4694 Filium,
3093 4637 3148 4682 et
3191 4626 3452 4695 Spiritum
3485 4641 3615 4684 san-

2040 4729 2205 4773 ctum.
2254 4720 2335 4773 Ad
2382 4735 2542 4788 quam
2577 4718 2896 4773 Trinitatem
2939 4718 3103 4772 etiam
3152 4716 3380 4785 reliqua,
3409 4731 3527 4786 quae
3553 4720 3609 4773 in

2039 4810 2150 4865 Deo
2175 4808 2314 4863 intra
2342 4817 2468 4863 sunt
2508 4806 2700 4878 posita,
2743 4806 3002 4861 vocabula
3054 4803 3380 4861 referuntur.
3437 4807 3610 4875 Quar-

2038 4906 2151 4953 tum
2179 4913 2370 4954 nomen
2400 4906 2484 4953 est
2510 4896 2773 4962 Sabaoth,
2821 4897 2965 4967 quod
2992 4898 3221 4953 vertitur
3244 4899 3296 4953 in
3333 4896 3607 4967 Latinum,

2038 4988 2356 5041 exercituum
2384 4985 2497 5041 sive
2530 4987 2799 5039 virtutum.
2855 4982 2930 5038 De
2978 5000 3085 5055 quo
3112 4985 3165 5040 in
3192 4986 3398 5055 psalmo
3426 4987 3493 5042 ab
3513 5003 3609 5043 an~

2040 5078 2170 5148 gelis
2198 5077 2396 5132 dicitur
2423 5095 2436 5129 :
2468 5075 2596 5143 Quis
2630 5086 2705 5130 est
2736 5076 2832 5129 iste
2865 5074 2974 5129 Rea:
2993 5072 3195 5145 glorier,
3233 5076 3490 5131 Dominus
3507 5078 3612 5130 vir-

2034 5158 2206 5220 tutum
2230 5168 2258 5220 .’
2300 5164 2471 5238 (Psal.
2500 5167 2681 5236 xxm.)
2725 5163 2859 5219 Sunt
2888 5174 3065 5219 autem
3098 5165 3151 5219 in
3182 5165 3481 5236 hujusmodi
3519 5182 3609 5220 or-

2038 5258 2308 5314 diuatione
2333 5259 2557 5312 virtutes
2582 5256 2777 5322 multm,
2805 5264 2865 5311 ut
2892 5254 3435 5327 angeli,archangeli,
3460 5257 3613 5326 prin-

2037 5347 2245 5416 cipatus
2270 5354 2324 5399 et
2349 5353 2661 5415 potestates,
2697 5345 2980 5414 cunctique
3007 5344 3239 5398 caelestis
3281 5344 3483 5399 militia:
3514 5360 3609 5398 or-

2039 5437 2222 5491 dines:
2265 5449 2490 5503 quorum
2524 5443 2698 5489 tamen
2726 5435 2812 5489 ille
2843 5433 3100 5488 Dominus
3124 5441 3226 5498 est,
3253 5448 3438 5488 omnes
3462 5434 3607 5488 enim

2037 5528 2136 5581 sub
2159 5528 2273 5597 ipso
2304 5531 2425 5580 sunt
2451 5524 2670 5594 ejusque
2699 5522 2991 5578 dominatui
3028 5522 3322 5591 subjacent.
3353 5521 3609 5588 Quintum

2033 5610 2232 5672 nomen
2257 5628 2340 5672 est
2374 5616 2527 5671 Elian
2545 5658 2558 5681 ,
2589 5617 2737 5686 quod
2757 5617 3140 5685 interpretator
3153 5616 3215 5669 .in
3240 5614 3489 5669 Latinum
3508 5628 3602 5667 ea:-

2034 5708 2219 5772 celsus,
2248 5709 2337 5775 qui
2364 5724 2525 5777 super
2547 5707 2709 5762 coelos
2732 5714 2834 5773 est,
2865 5708 3002 5761 sicut
3022 5707 3278 5777 scriptum
3296 5713 3384 5761 ‘est
3409 5705 3476 5759 de
3495 5715 3604 5759 eo:
