4074 6316
436 272 521 333 τις
1075 273 1138 332 Β.
1180 278 1430 334 ΒΛΒΑΝΙ
1466 280 1683 337 MAURI
1721 276 2001 335 ARCHIEF

2100 275 2383 335 lOGUN-T.
2422 277 2707 336 OPERUM
2743 277 2921 334 PARS
2958 274 3020 333 ll.
3604 278 3680 341 ιο

448 388 695 443 Ea‘relsus
727 386 1000 454 Dominus,
1038 398 1087 443 et
1128 405 1283 469 super
1309 391 1461 446 catos
1484 391 1653 463 gloria
1694 393 1809 463 ejus
1838 390 2008 464 (Psal.
2040 397 2085 456 Λ
2113 400 2216 447 εει.
2274 392 2530 448 Eternus
2554 402 2656 459 est,
2692 394 2817 463 quia
2845 393 2962 449 sine
2986 400 3357 461 temporeest:
3404 403 3514 450 non
3540 398 3691 453 enim

442 470 596 549 cui).
648 477 907 534 Escelsus
937 486 1116 533 autem
1158 480 1335 537 dictus
1370 496 1469 552 pro
1496 483 1649 538 valde
1687 483 1891 539 celsus;
1933 482 2018 537 Ea:
2116 484 2280 538 habet
2308 484 2520 538 initium
2546 499 2721 553 neque
2744 482 2930 540 linem.
2961 478 3111 555 _ﬂinc
3130 490 3187 536 et
3211 478 3594 554 sempiternus,
3613 502 3691 544 eo

441 567 584 621 enim
628 580 727 634 pro
760 565 906 618 valde
948 567 1186 636 ponitur,
1239 569 1378 623 sicut
1399 570 1639 634 eximius,
1671 571 1825 640 quasi
1869 571 2018 625 ualde
2115 572 2258 642 quod
2323 573 2395 627 sit
2438 587 2654 641 semper
2709 582 2962 628 aaternus:
3028 571 3073 625 Δ
3124 573 3453 642 quibusdam
3509 582 3689 631 autem

438 657 686 711 attinens.
718 654 961 719 Sextum,
1003 654 1133 721 Ieie,
1161 657 1213 710 id
1241 665 1324 711 est
1349 659 1437 728 qui
1463 668 1558 713 est.
1590 656 1732 714 Deus
1752 660 1901 715 enim
1929 676 2015 715 so-

439 746 547 809 lus,
576 746 701 814 quia
744 755 981 801 :eternus
999 755 1102 810 est,
1147 741 1257 803 hoc
1281 755 1386 814 est,
1423 751 1551 818 quia
1581 751 1858 806 exordium
1905 766 2013 807 non

440 832 622 903 habet,
666 836 913 892 essentia:
953 852 1149 893 nomen
1197 846 1361 893 tenet.
1415 839 1528 895 Hoc
1551 842 1696 895 enim
1728 857 1918 897 nomen
1945 842 2011 897 ad

439 937 680 983 sanctum
713 928 928 999 Moysen
955 945 1051 998 per
1073 930 1318 1000 angelum
1339 940 1423 985 est
1454 932 1709 988 delatum.
1742 933 2013 999 Qum-cuti

388 1090 399 1094 δ
438 1019 585 1073 enim
610 1019 751 1087 quod
773 1026 914 1073 esset
944 1033 1139 1074 nomen
1173 1020 1290 1089 ejus
1309 1021 1403 1089 qui
1429 1035 1551 1075 eum
1576 1037 1797 1093 pergere
1824 1024 2014 1092 praeci-

436 1109 618 1179 piebat
638 1110 707 1164 ad
745 1108 1004 1179 populum
1035 1124 1102 1164 ex
1127 1108 1363 1182 Egypto
1403 1110 1760 1177 liberandum,
1793 1127 2011 1183 respon-

435 1200 514 1253 dit
547 1218 560 1252 :
614 1194 727 1269 Ego
753 1214 888 1263 sum,
910 1198 1008 1268 .qui
1031 1210 1185 1252 sum:
1216 1209 1265 1252 et
1300 1199 1449 1255 ‘dices
1486 1198 1614 1270 filiis
1649 1201 1857 1257 Israel:
1905 1202 2011 1268 Qui

435 1302 533 1358 est,
558 1293 715 1347 .misit
746 1308 828 1346 me
854 1290 924 1345 ad
968 1308 1055 1345 vos
1088 1288 1296 1362 (Band.
1326 1291 1407 1363 ιιι)
1428 1303 1447 1357 ‘;
1505 1301 1759 1361 tanquam
1788 1290 1844 1346 in
1893 1292 2010 1363 ejus

426 1382 835 1454 comparatione
857 1382 948 1451 qui
978 1397 1102 1437 vere
1127 1390 1230 1447 est,
1272 1383 1398 1451 quia
1430 1383 1880 1438 incommutabilis
1903 1392 2008 1449 cst,

432 1488 496 1527 ea
523 1488 642 1541 quae
663 1466 1063 1528 commutabilia
1082 1482 1206 1530 sunt
1230 1473 1384 1543 quasi
1406 1488 1511 1529 non
1535 1474 1661 1528 sint.
1690 1473 1844 1540 Quod
1863 1474 2008 1529 enim

432 1553 663 1629 dicitur,
686 1564 812 1633 fuit,
840 1579 947 1619 non
966 1572 1087 1628 eSt;
1123 1571 1179 1618 et
1213 1563 1356 1632 quod
1376 1558 1595 1629 dicitur,
1618 1564 1741 1630 erit,
1771 1565 2007 1619 nondum

429 1664 532 1711 est.
582 1654 727 1709 Deus
753 1662 933 1710 autem
973 1661 1182 1709 tantum
1202 1670 1325 1709 esse
1364 1650 1556 1709 novit:
1592 1653 1753 1720 fuisse
1780 1665 1835 1710 et
1863 1652 2007 1725 futu—

428 1762 550 1801 rum
578 1762 688 1801 esse
712 1760 822 1801 non
848 1744 1016 1801 novit.
1046 1741 1204 1799 Solus
1228 1751 1409 1800 autem
1433 1740 1595 1799 Pater
1622 1740 1907 1800 cum'Filio
1949 1750 2007 1799 et

430 1826 639 1901 Spiritu
671 1837 858 1886 sancto
893 1825 1160 1885 veraciter
1199 1839 1282 1883 est
1299 1846 1319 1881 .:
1371 1828 1526 1899 cujus
1566 1830 1815 1885 assentire
1860 1844 2008 1885 com-

426 1930 675 1993 paratum
694 1934 815 1976 esse
839 1927 1084 1974 nostrum
1121 1935 1228 1974 non
1248 1932 1368 1974 esse
1393 1928 1495 1974 εει.
1526 1914 1681 1976 Unde
1717 1928 1775 1974 et
1820 1920 1876 1974 in
1895 1916 2008 1976 col-

424 2010 610 2081 loquio
630 2008 894 2065 dicimus:
934 2007 1069 2063 Vivit
1094 2008 1254 2073 Deus,
1288 2008 1381 2079 qui
1403 2008 1636 2064 essentia
1670 2009 1806 2065 vivit
1840 2025 2004 2080 quam

425 2116 575 2156 mors
596 2115 703 2156 non
727 2101 905 2155 habet.
951 2098 1272 2169 Septimum,
1309 2099 1539 2165 Adonai,
1567 2099 1709 2170 quod
1739 2100 2008 2172 generali-

424 2201 510 2248 ter
529 2190 930 2261 interpretatur,
963 2188 1217 2244 Dominus
1242 2206 1259 2243 :
1286 2205 1394 2259 quo
1418 2189 1725 2246 dominetur
1742 2199 2006 2247 creaturae

423 2293 653 2347 cunctae,
690 2280 776 2336 vel
806 2281 948 2350 quod
977 2288 1223 2336 creatura
1251 2279 1429 2335 omnis
1451 2280 1749 2337 dominatui
1771 2281 1892 2352 ejus
1913 2283 2007 2337 de-

421 2377 645 2431 serviat.
691 2375 954 2432 Dominus
994 2392 1123 2447 crgo
1158 2385 1214 2432 et
1240 2377 1383 2432 Deus
1411 2377 1494 2431 vel
1531 2376 1675 2446 quod
1699 2378 2006 2435 dominetur

423 2466 709 2530 omnibus,
726 2464 810 2521 vel
835 2467 983 2536 quod
1000 2464 1253 2522 timeatur
1276 2480 1306 2521 a
1332 2468 1561 2522 cunctis.
1613 2468 1897 2534 Octavum,
1925 2471 2003 2534 ia,

423 2556 646 2625 quodin
672 2556 783 2612 Deo
810 2565 1016 2610 tantum
1045 2557 1302 2627 ponitur:
1342 2558 1493 2627 quod
1514 2557 1682 2613 etiam
1706 2558 1759 2614 in
1787 2557 2004 2613 alleluia

424 2648 479 2702 in
502 2642 812 2707 novissima
853 2645 1054 2719 syllaba
1087 2657 1262 2703 sonat.
1303 2648 1548 2715 Nonum,
1607 2659 2003 2720 tetragramma—

421 2747 533 2799 ton,
582 2737 687 2792 hoc
711 2745 793 2792 est
817 2747 1046 2807 quatuor
1077 2736 1390 2804 litterarum,
1437 2739 1580 2809 quod
1620 2734 1835 2809 proprie
1860 2739 2000 2810 apud

427 2824 683 2881 Hebraeos
731 2827 787 2882 in
829 2826 1240 2896 Deoponitur:
1272 2828 1381 2894 iod,
1432 2828 1514 2892 Ite,
1545 2846 1667 2893 rau,
1703 2828 1789 2894 Ite,
1841 2828 1892 2883 id
1919 2836 2003 2884 est

342 2922 359 2935 ‘
420 2916 637 2971 duabus
656 2916 705 2971 ia
734 2936 746 2971 :
778 2932 898 2986 qua:
941 2917 1210 2987 duplicata
1233 2913 1505 2974 inell'abile
1539 2915 1666 2975 illud
1706 2928 1761 2974 et
1804 2908 2000 2989 glorio4

421 3022 539 3059 sunt
568 3021 760 3060 nomen
779 3002 895 3061 lDei
924 3005 1178 3061 cilicium.
1233 3006 1443 3064 Dicitur
1469 3020 1650 3063 autem
1694 3006 1994 3078 ine/fabius,

421 3112 526 3150 non
554 3096 682 3164 quia
731 3091 837 3151 dici
890 3112 997 3152 non
1027 3105 1219 3166 potest,
1283 3099 1376 3153 sed
1406 3098 1532 3169 quia
1575 3099 1717 3153 ﬁniri
1746 3115 1907 3155 sensu
1943 3108 2000 3154 et

419 3184 695 3240 intellectu
723 3186 958 3243 humano
984 3185 1490 3257 nullatenuspotest
1516 3206 1531 3243 :
1560 3198 1618 3243 et
1638 3189 1759 3244 ideo
1782 3189 1907 3259 quia
1934 3189 2001 3245 de

418 3292 484 3329 eo
509 3276 640 3330 nihil
667 3278 823 3348 digne
851 3277 955 3332 dici
984 3285 1179 3347 potest,
1227 3275 1507 3334 inell'abilis
1553 3287 1655 3335 εει.
1687 3275 1997 3346 Decimum,

420 3364 643 3431 Saddui,
673 3367 725 3422 id
762 3376 864 3433 est,
912 3366 1251 3439 omnipotens.
1298 3367 1530 3425 Vocatur
1551 3378 1731 3425 autem
1751 3370 1999 3440 omnipo-

420 3464 541 3511 tens
567 3472 633 3513 eo
656 3457 800 3527 quod
821 3458 1002 3512 omnia
1026 3466 1239 3528 potest;
1293 3458 1389 3515 scd
1416 3468 1472 3515 et
1494 3475 1526 3514 a
1568 3459 1815 3519 faciendo
1849 3459 1996 3529 quod

423 3545 549 3612 vult,
583 3562 689 3602 non
723 3547 1025 3617 apatiendo
1049 3548 1191 3617 quod
1234 3564 1341 3603 non
1377 3547 1507 3603 vult.
1559 3549 1714 3615 Quod
1737 3548 1784 3603 si
1820 3549 1867 3603 ei
1905 3564 1999 3605 ac-

420 3638 656 3702 cederet,
688 3653 1023 3709 nequaquam
1053 3639 1391 3708 omnipotens
1432 3646 1594 3695 esset.
1645 3637 1799 3694 Facit
1844 3638 1989 3694 enim

421 3727 564 3795 quod
611 3728 744 3792 vult,
792 3736 848 3783 ct
897 3728 1020 3783 inde
1047 3729 1406 3797 omnipotens.
1455 3728 1587 3784 Item
1634 3728 1997 3797 omnipotens,

420 3819 564 3889 quod
596 3819 778 3888 ipsius‘
790 3820 1112 3874 suntomnia
1143 3835 1262 3890 qua:
1282 3818 1478 3888 ubique
1499 3826 1642 3873 sunt.
1675 3816 1834 3874 Solus
1853 3819 1998 3873 enim

420 3912 589 3968 totius
643 3912 828 3967 mundi
874 3911 1038 3966 habet
1074 3912 1376 3980 imperium.
1432 3907 1695 3965 Dicuntur
1732 3917 1909 3966 autem
1940 3918 1997 3964 et

420 4003 525 4057 alia
549 4001 791 4071 quaedam
817 4001 871 4055 in
897 4002 1062 4055 Deum
1090 4001 1518 4057 substantialiter
1545 4002 1785 4066 nomina,
1815 4010 1874 4055 ut
1896 4002 1997 4055 im-

419 4091 688 4156 mortalis,
732 4091 1171 4161 incorruptibilis,
1229 4090 1709 4154 incommutabilis,
1758 4098 1814 4144 et
1839 4097 1997 4145 aeter-

419 4196 542 4237 nus.
594 4180 747 4236 Unde
790 4190 848 4236 et
882 4181 1099 4236 merito-
1120 4189 1327 4237 cunctae
1356 4181 1685 4250 praeponitur
1712 4187 1993 4236 creaturas.

418 4271 764 4336 Immortalis,
796 4272 936 4325 sicut
963 4271 1031 4325 de
1053 4286 1119 4326 eo
1147 4271 1405 4340 scriptum
1436 4277 1520 4325 est
1545 4286 1559 4323 :
1602 4268 1707 4335 Qui
1735 4268 1877 4324 solus
1898 4270 1996 4323 Ita-

419 4364 498 4417 bet
525 4364 968 4416 immortalitatem
999 4360 1051 4432 (Ι
1099 4360 1233 4414 Tim.
1275 4359 1388 4431 vt);
1420 4360 1545 4429 quia
1575 4360 1627 4414 in
1649 4359 1766 4428 ejus
1799 4369 1993 4414 natura

421 4450 566 4505 nulla
601 4460 685 4505 est
703 4451 1069 4506 commutatio.
1124 4448 1258 4503 Nam
1283 4449 1459 4504 omnis
1506 4449 1840 4504 mutabilitas
1885 4465 1993 4504 non

421 4540 859 4595 inconvenienter
892 4537 1194 4594 mortalitas
1244 4537 1443 4591 dicitur
1472 4555 1485 4590 :
1535 4539 1828 4593 secundum
1854 4539 1998 4608 quod

419 4639 476 4684 et
501 4630 681 4684 anima
706 4629 908 4684 dicitur
936 4628 1093 4693 mori,
1124 4643 1228 4683 non
1256 4627 1381 4698 quia
1408 4627 1461 4681 in
1491 4643 1683 4698 corpus
1712 4626 1796 4681 vel
1823 4628 1874 4681 in
1906 4628 1999 4681 ali-

418 4735 584 4789 quam
618 4716 841 4773 alteram
884 4717 1242 4773 substantiam
1286 4724 1526 4771 mutatur
1554 4717 1875 4778 et'vcrtitur,
1903 4717 1998 4771 sed

422 4810 478 4863 in
507 4808 625 4878 ipsa
651 4822 749 4863 sua
775 4806 1101 4870 substantia,
1126 4804 1387 4874 quidquid
1415 4804 1520 4859 alio
1545 4804 1704 4859 modo
1753 4820 1894 4858 nunc
1916 4812 2000 4858 est

419 4907 513 4952 aut
538 4896 640 4950 fuit
684 4896 978 4952 secundum
1024 4893 1078 4948 id
1106 4894 1250 4964 quod
1279 4893 1484 4948 destitit
1527 4909 1670 4959 esse,
1710 4895 1851 4963 quod
1875 4903 1995 4948 erat

417 4986 661 5041 mortalis
687 4986 873 5055 utique
895 4983 1332 5053 deprehenditur.
1378 4983 1456 5039 Ac
1476 4998 1578 5053 per
1608 4985 1711 5039 hoc
1737 4984 1877 5040 Deus
1904 5001 1992 5040 so-

416 5080 500 5134 lus
527 5079 725 5134 dicitur
748 5077 1085 5143 immortalis,
1113 5077 1238 5146 quia
1267 5074 1414 5132 solus
1444 5077 1896 5134 incommutabilis
1919 5078 1996 5132 in-

417 5167 895 5237 corruptibilisque
924 5166 1240 5237 appellatur,
1266 5167 1392 5236 quia
1417 5167 1752 5238 corrumpiet
1773 5164 1990 5223 dissolvi

415 5272 527 5313 non
546 5266 734 5329 potest
772 5272 871 5313 nec
896 5257 1079 5313 dividi.
1127 5256 1394 5327 Quidquid
1420 5258 1561 5312 enim
1601 5259 1747 5329 capit
1777 5260 1994 5315 divisio-

419 5363 545 5402 nem
576 5356 632 5405 et
666 5348 944 5405 interitum
972 5348 1135 5418 capit.
1181 5348 1273 5404 Ille
1318 5364 1419 5405 nec
1446 5350 1609 5405 dividi
1636 5358 1846 5421 potest,
1890 5366 1992 5406 nec

416 5437 682 5494 interire:
736 5437 860 5495 inde
913 5440 1333 5509 incorruptibilis
1380 5448 1480 5496 est.
1529 5442 1991 5497 .Incommutabilis

414 5536 517 5593 est,
568 5527 695 5598 quia
737 5543 953 5599 semper
971 5537 1153 5584 manet
1184 5537 1240 5584 et
1266 5531 1468 5585 mutari
1497 5530 1706 5585 nescit:
1736 5545 1835 5584 nec
1870 5545 1992 5599 per-

414 5615 545 5682 licit,
599 5619 723 5689 quia
748 5618 1020 5692 perlectus
1038 5628 1155 5689 est;
1198 5634 1300 5678 nec
1348 5619 1563 5689 deﬁcit,
1606 5619 1732 5692 quia
1757 5628 1990 5677 aeternus

2018 4409 2071 4469 D

2072 690 2083 700 ι
2115 670 2351 716 aeternus
2377 662 2446 716 ab
2469 664 2668 717 aethere
2701 661 2941 717 creditur
2963 661 3137 717 dictus
3158 701 3172 725 ,
3201 663 3469 730 quomodo
3492 663 3691 718 cadum

2118 751 2276 805 sedes
2299 749 2413 818 ejus
2435 752 2676 806 habetur.
2723 750 2875 807 Unde
2898 759 2983 805 est
3009 750 3169 805 illud:
3221 750 3420 806 (Icelum
3445 750 3557 806 cali
3584 752 3691 806 ου-

2112 841 2253 895 mino
2279 838 2449 910 (Psal.
2497 840 2669 911 cmi).
2722 840 2787 895 Et
2815 841 2930 895 haec
2953 840 3057 894 iSta
3078 848 3309 909 quatuor
3329 855 3498 894 unum
3524 840 3692 911 signi-

2112 928 2292 983 lican‘t.
2321 928 2455 983 Nam
2481 945 2584 984 una
2624 931 2919 999 eademque
2959 945 3046 985 res
3092 930 3291 985 dicitur
3326 930 3439 985 sive
3476 930 3692 986 dicatur

2109 1014 2533 1084 :e‘ternns'Deus,
2568 1021 2683 1074 sive
2714 1019 3054 1084 immortalis,
3088 1019 3206 1075 sive
3243 1019 3690 1089 incorruptibilis,

2109 1108 2223 1164 sive
2256 1110 2627 1165 immutabilis.
2656 1110 2792 1165 Nam
2820 1111 3107 1166 invisibilis
3151 1112 3292 1166 Deus
3315 1111 3536 1177 dicitur,
3562 1112 3688 1180 quia

2107 1215 2380 1269 nunquam
2407 1215 2504 1270 per
2532 1201 2887 1256 subStantiam
2909 1218 3060 1257 suam
3081 1203 3330 1273 apparuit
3352 1202 3522 1259 oculis
3549 1219 3691 1258 mor-

2108 1288 2294 1346 talium
2322 1292 2578 1357 Trinitas,
2603 1293 2708 1347 nisi
2736 1306 2833 1363 per
2859 1294 3090 1363 speciem
3120 1292 3373 1361 subjectae
3404 1302 3689 1362 creaturas,

2106 1372 2449 1451 ejusdemque
2476 1396 2765 1451 corporeae.
2800 1382 2935 1436 Nam
2975 1396 3134 1437 nemo
3166 1391 3348 1453 potest
3373 1384 3543 1453 ipsam
3573 1399 3689 1437 ma-

2108 1467 2501 1525 nifestationem
2526 1472 2770 1526 essentia:
2796 1472 2889 1526 Dei
2914 1472 3098 1527 videre
3123 1480 3180 1526 et
3214 1473 3416 1537 vivere,
3447 1473 3589 1527 sicdt
3627 1482 3686 1528 et

2106 1556 2307 1611 dictum
2360 1567 2442 1613 est
2494 1558 2680 1629 Moysi.
2717 1559 2869 1615 Unde
2916 1569 2971 1615 et
3020 1560 3279 1616 Dominus
3309 1561 3363 1615 in
3397 1561 3689 1630 Evangelia

2107 1645 2220 1701 ait:
2253 1646 2419 1702 Deum
2460 1665 2609 1703 nemo
2655 1650 2781 1703 vidit
2811 1667 3040 1721 unquam
3079 1650 3355 1722 '(Joan.l).
3403 1651 3690 1708 Invisibilis

2106 1739 2250 1796 enim
2278 1756 2369 1796 res
2390 1750 2494 1808 est,
2526 1730 2754 1813 ideoque
2779 1760 2886 1801 non
2911 1745 3087 1809 oculo,
3120 1746 3215 1800 sed
3235 1746 3405 1800 corde
3443 1758 3689 1817 quaeren-

2107 1830 2208 1885 dus
2242 1839 2346 1886 est.
2386 1831 2760 1902 lmpassibilis,
2805 1837 2947 1905 quod
2994 1835 3153 1890 nullis
3198 1835 3693 1906 perturbationibus

2104 1916 2355 1985 afﬁcitur,
2390 1921 2588 1988 quibus
2630 1920 2898 1993 fragilitas
2942 1924 3175 1979 humana
3207 1925 3526 1981 succumbit.
3572 1925 3689 1981 Non

2105 2006 2254 2063 enim
2291 2010 2559 2081 attingunt
2587 2026 2711 2066 eum
2763 2012 2884 2067 ulla:
2933 2014 3230 2083 passiones,
3258 2023 3319 2069 ut
3362 2014 3548 2079 libido,
3579 2016 3689 2069 ira-

2104 2098 2322 2162 cundia,
2342 2101 2637 2169 cupiditas,
2666 2102 2848 2167 timor,
2898 2117 3120 2168 mceror,
3150 2104 3369 2170 invidia,
3408 2112 3540 2170 etc.,
3563 2105 3688 2175 qui-

2103 2188 2204 2243 bus
2237 2203 2390 2244 mens
2408 2189 2651 2245 humana
2674 2190 2947 2246 turbatur.
2997 2191 3105 2248 Sed
3152 2208 3277 2250 cum
3326 2194 3521 2249 dicitur
3548 2195 3693 2250 Deus

2104 2277 2292 2351 irasci,
2320 2288 2413 2334 aut
2446 2279 2644 2345 uelare,
2702 2288 2794 2336 aut
2842 2279 3044 2348 dolere,
3093 2294 3280 2339 nostro
3335 2300 3436 2339 usu
3469 2285 3687 2339 dicitur.

2101 2368 2256 2439 Apud
2286 2368 2455 2424 Deum
2482 2371 2625 2426 enim
2650 2381 2733 2427 est
2759 2373 3092 2442 perturbatio
3140 2374 3309 2440 nulla,
3346 2375 3484 2445 apud
3529 2390 3689 2444 quem

2104 2458 2466 2529 tranquillitas
2483 2475 2690 2535 summa
2709 2470 2811 2517 est.
2842 2462 3082 2534 Simplex
3108 2472 3286 2519 autem
3318 2466 3533 2531 dicitur,
3573 2467 3691 2521 sive

2103 2565 2207 2605 non
2239 2551 2534 2607 amittendo
2559 2542 2700 2622 quod
2727 2553 2908 2615 habet,
2957 2569 3051 2610 seu
3103 2556 3227 2624 quia
3266 2572 3373 2611 non
3422 2557 3567 2612 aliud
3597 2565 3682 2611 est

2103 2639 2234 2708 ipse,
2265 2650 2320 2696 et
2354 2639 2496 2697 aliud
2520 2642 2663 2710 quod
2690 2643 2743 2697 in
2766 2644 2883 2713 ipso
2909 2652 2991 2700 est
3015 2663 3030 2699 :
3058 2645 3197 2700 sicut
3227 2646 3280 2698 in
3308 2646 3551 2711 homine,
3590 2662 3657 2700 cn

2096 2726 2185 2794 jus
2207 2729 2350 2787 aliud
2378 2741 2463 2788 est
2507 2750 2640 2799 esse,
2669 2743 2725 2789 et
2751 2735 2892 2792 aliud
2923 2753 3144 2807 sapere;
3174 2753 3302 2791 nam
3350 2746 3406 2793 et
3431 2753 3551 2794 esse
3590 2753 3662 2809 po

2098 2829 2224 2886 test,
2254 2833 2308 2878 et
2331 2824 2548 2893 sapiens
2574 2840 2677 2880 non
2703 2840 2844 2881 esse.
2893 2823 3035 2882 Deus
3080 2828 3239 2884 habet
3262 2830 3573 2894 essentiam,
3598 2829 3687 2884 ha-

2101 2911 2192 2965 bet
2214 2921 2270 2965 et
2290 2912 2609 2981 sapientiam
2630 2926 2650 2967 ι
2686 2914 2778 2970 εει]
2806 2916 2949 2984 quod
2978 2916 3161 2982 habet,
3188 2916 3298 2972 hoc
3326 2926 3447 2983 est;
3495 2927 3549 2972 et
3571 2934 3688 2972 mn~

2099 3001 2189 3054 nia
2225 3017 2383 3069 unus,
2428 3018 2493 3059 ac
2538 3004 2761 3074 proinde
2799 3005 3026 3075 simplex
3071 3015 3172 3073 est,
3212 3008 3342 3078 quia
3380 3023 3485 3062 non
3539 3008 3592 3063 in
3621 3023 3690 3064 eo

2101 3090 2302 3161 aliquid
2329 3093 2587 3149 accedere
2615 3103 2810 3162 potest.
2848 3094 2952 3151 Sed
2982 3106 3037 3151 et
3061 3097 3202 3166 quod
3229 3106 3335 3162 est,
3358 3106 3413 3152 et
3442 3097 3585 3167 quod
3630 3100 3687 3154 in

2102 3174 2219 3249 ipso
2245 3190 2354 3246 est,
2385 3184 2750 3239 essentialiter
2767 3193 2850 3240 est
2875 3202 2889 3250 ;
2918 3195 3144 3256 excepto
3194 3186 3336 3256 quod
3368 3187 3591 3243 relative
3621 3189 3688 3244 ad

2100 3282 2481 3339 quamcunque
2498 3286 2794 3340 personam
2840 3283 2942 3329 est.
2974 3274 3195 3329 Summe
3232 3275 3427 3342 bonus,
3455 3277 3580 3346 quia
3602 3276 3689 3332 in-

2100 3359 2496 3415 commutabilis
2525 3370 2629 3417 est.
2673 3362 2937 3418 Creatura
2981 3377 3117 3419 vero
3163 3364 3388 3429 bunum,
3439 3366 3531 3420 sed
3580 3382 3688 3422 non

2100 3463 2370 3503 sumntum
2405 3458 2507 3515 est,
2538 3451 2663 3519 quia
2688 3451 2959 3508 mutabilis
2982 3461 3105 3519 est;
3147 3461 3201 3509 et
3229 3453 3353 3511 dum
3380 3455 3450 3509 sit
3471 3453 3687 3524 quidem

2098 3537 2319 3604 bonum,
2350 3553 2457 3594 non
2481 3547 2659 3595 tamen
2710 3555 2830 3596 esse
2852 3549 3107 3611 potest'et
3158 3557 3447 3599 summum.
3498 3543 3687 3597 Incor-

2098 3643 2294 3697 porcus
2323 3636 2500 3684 autem
2536 3629 2621 3684 vel
2651 3629 3005 3701 incorporalis
3051 3632 3173 3686 ideo
3199 3631 3399 3687 dicitur
3433 3633 3595 3697 Deus,
3628 3640 3687 3686 ut

2097 3718 2319 3788 spiritus
2347 3720 2599 3775 credatur
2621 3719 2707 3775 vel
2757 3720 3084 3793 intelligatur
3111 3735 3258 3787 esse,
3293 3735 3400 3776 non
3448 3735 3681 3791 corpus:

2098 3824 2222 3863 nam
2257 3811 2386 3865 dum
2416 3811 2618 3867 dicitur
2647 3812 2894 3882 spiritus,
2925 3813 3044 3884 ejus
3067 3812 3405 3884 signiﬁcatur
3430 3813 3683 3867 substan-

2090 3903 2191 3957 tia.
2215 3901 2541 3967 immensus,
2567 3904 2710 3972 quod
2740 3913 2934 3958 cuncta
2955 3903 3267 3967 concludat,
3290 3910 3346 3958 et
3366 3902 3480 3974 ipse
3507 3916 3539 3956 a
3562 3901 3682 3957 nul-

2095 3990 2148 4044 lo
2175 3991 2544 4056 concludatur,
2571 3992 2665 4046 sed
2682 3992 2870 4046 omnia
2917 3992 3060 4047 intra
3087 3993 3204 4063 ejus
3240 3992 3684 4063 oumipotcntiam

2095 4088 2458 4136 coarctentur.
2474 4079 2769 4136 Perfectus
2799 4082 3019 4149 dicitur,
3069 4084 3195 4154 quia
3234 4083 3368 4138 nihil
3410 4082 3462 4138 ei
3506 4088 3684 4152 potest

2095 4170 2279 4237 adjici.
2328 4171 2396 4226 Et
2438 4178 2620 4226 tamen
2672 4172 2740 4227 de
2790 4175 3255 4231 consummatione
3282 4173 3507 4242 alicujus
3550 4173 3681 4227 facti

2096 4261 2357 4331 perfectio
2379 4261 2618 4318 dicitur:
2673 4265 2813 4321 Deus
2852 4274 3053 4334 autem,
3083 4267 3175 4337 qui
3210 4282 3318 4322 non
3361 4275 3445 4322 est
3485 4265 3681 4331 lactus,

2095 4358 2365 4428 quomodo
2390 4366 2475 4414 est
2495 4356 2814 4428 perlectus?
2853 4360 2949 4414 sed
2980 4360 3088 4415 hoc
3123 4359 3441 4415 vocabulum
3487 4359 3554 4414 de
3583 4374 3683 4413 usu

2098 4464 2285 4511 nostro
2340 4455 2571 4525 sumpsit
2627 4455 2862 4509 humana
2919 4454 3118 4525 inopia,
3175 4456 3316 4511 sicut
3371 4462 3428 4509 et
3480 4452 3683 4522 mliqua

2098 4549 2284 4613 verba,
2309 4556 2578 4618 quatenus
2617 4548 2670 4603 id
2707 4549 2850 4618 quod
2868 4546 3144 4605 inell'abile
3171 4558 3255 4605 est
3279 4558 3549 4619 utcunque
3576 4548 3683 4604 dici

2099 4636 2310 4707 possit:
2339 4636 2610 4705 quomodo
2659 4638 2770 4692 Deo
2820 4638 2954 4693 nihil
2983 4640 3143 4710 digne
3192 4642 3459 4695 htnnanus
3505 4654 3685 4695 sermo

2098 4725 2253 4790 dicit,
2278 4724 2420 4781 sicut
2453 4734 2583 4781 sunt
2607 4733 2662 4780 et
2708 4720 2832 4780 alia.
2880 4726 3109 4783 Creator
3151 4728 3323 4783 dictus
3372 4743 3469 4798 pro
3514 4727 3685 4781 totius

2101 4818 2285 4873 mundi
2312 4818 2473 4873 rebus
2500 4818 2569 4874 ab
2606 4817 2730 4887 ipso.
2764 4820 3005 4874 creatis:
3056 4819 3190 4872 nihil
3237 4818 3380 4872 enim
3434 4826 3517 4872 est
3543 4817 3687 4887 quod

2094 4920 2205 4960 non
2230 4904 2491 4975 originem
2522 4922 2552 4959 a
2574 4905 2687 4961 Deo
2721 4906 2966 4960 traxerit.
3017 4906 3138 4976 Ipse
3182 4914 3238 4959 et
3262 4920 3421 4973 unus,
3450 4904 3574 4975 quia
3604 4904 3685 4958 di-

2099 4996 2206 5050 vidi
2234 5011 2338 5051 non
2369 5004 2570 5065 potest,
2597 4995 2679 5051 vel
2708 4996 2836 5069 quia
2868 4996 2998 5050 nihil
3028 4995 3173 5050 aliud
3194 5010 3314 5050 esse
3338 5002 3517 5064 potest
3541 4993 3685 5063 quod

2098 5086 2433 5140 tantumdem
2478 5086 2654 5155 capiat
2701 5087 3003 5156 potestatis.
3058 5086 3180 5141 Haec
3217 5087 3396 5156 igitur,
3454 5100 3573 5155 qua:
3618 5083 3686 5138 de

2095 5178 2210 5232 Deo
2228 5176 2371 5232 dicta
2399 5186 2543 5242 sunt,
2574 5178 2639 5232 ad
2686 5185 2854 5233 totam
2895 5179 3169 5247 pertinent
3198 5178 3536 5239 Trinitatem,
3565 5189 3686 5245 pro-

2097 5275 2220 5337 pter
2247 5284 2410 5322 unam
2436 5275 2491 5322 et
2515 5278 2842 5322 comternam
2874 5269 3252 5334 substantiam,
3282 5268 3395 5323 sive
3418 5269 3469 5323 in
3502 5266 3683 5330 Patre,

2098 5357 2213 5412 sive
2254 5356 2307 5409 in
2352 5355 2488 5409 Filio
2517 5355 2634 5424 ejus
2662 5356 2978 5428 unigenito:
3030 5357 3084 5412 in
3135 5358 3309 5413 forma
3337 5365 3518 5411 autem
3563 5352 3681 5418 Dei,

2098 5446 2210 5502 siVe
2233 5445 2287 5498 in
2315 5443 2517 5513 Spiritu
2547 5453 2758 5512 sancto,
2790 5447 2883 5517 qui
2909 5463 3048 5502 unus
3094 5456 3177 5502 est
3206 5446 3441 5516 Spiritus
3470 5444 3563 5499 Dei
3589 5438 3689 5499 Pa-

2097 5536 2217 5601 tris,
2248 5543 2305 5590 et
2350 5535 2472 5589 Filii
2512 5534 2628 5604 ejus
2653 5536 2935 5608 unigeniti.
2985 5537 3122 5593 Sunt
3166 5546 3222 5593 et
3248 5536 3493 5607 quaedam
3517 5547 3687 5589 voca-

2097 5623 2223 5679 bula
2250 5638 2314 5679 ex
2343 5638 2444 5679 usu
2489 5634 2674 5682 nostro
2702 5626 2770 5682 ad
2828 5627 3020 5695 Deum,
3072 5636 3284 5697 sumpta
3315 5627 3381 5684 de
3425 5620 3684 5681 membris
