  <div class='ocr_page' id='page_1' title='image "/cluster/home/n/w/nwhite01/storage/ocr_20150623/111/hvd.32044009716333/016.png"; bbox 0 0 4074 6316; ppageno 0'>
   <div class='ocr_carea' id='block_1_1' title="bbox 377 397 3616 463">
    <p class='ocr_par' dir='ltr' id='par_1_1' title="bbox 377 397 3616 463">
     <span class='ocr_line' id='line_1_1' title="bbox 377 397 3616 463; baseline 0.003 -10"><span class='ocrx_word' id='word_1_1' title='bbox 377 398 441 453; x_wconf 73' lang='grc'><strong>17</strong></span> <span class='ocrx_word' id='word_1_2' title='bbox 1355 398 1444 457; x_wconf 85' lang='lat' dir='ltr'><strong>DE</strong></span> <span class='ocrx_word' id='word_1_3' title='bbox 1482 397 1827 457; x_wconf 71' lang='lat' dir='ltr'><strong>UNIVERSO</strong></span> <span class='ocrx_word' id='word_1_4' title='bbox 1866 397 2044 453; x_wconf 69' lang='lat' dir='ltr'><strong>LIBRI</strong></span> <span class='ocrx_word' id='word_1_5' title='bbox 2086 398 2244 457; x_wconf 80' lang='lat' dir='ltr'><strong>XXII.</strong></span> <span class='ocrx_word' id='word_1_6' title='bbox 2280 433 2350 443; x_wconf 89' lang='lat'><strong>--</strong></span> <span class='ocrx_word' id='word_1_7' title='bbox 2388 402 2512 460; x_wconf 72' lang='lat' dir='ltr'><strong>LIB.</strong></span> <span class='ocrx_word' id='word_1_8' title='bbox 2554 405 2595 460; x_wconf 85' lang='grc'>1.</span> <span class='ocrx_word' id='word_1_9' title='bbox 3554 408 3616 463; x_wconf 59' lang='grc' dir='ltr'>ω</span> 
     </span>
    </p>
   </div>
   <div class='ocr_carea' id='block_1_2' title="bbox 368 512 3618 587">
    <p class='ocr_par' dir='ltr' id='par_1_2' title="bbox 368 512 3618 587">
     <span class='ocr_line' id='line_1_2' title="bbox 368 512 3618 587; baseline 0 -14"><span class='ocrx_word' id='word_1_10' title='bbox 368 515 588 581; x_wconf 71' lang='lat' dir='ltr'><strong>mistris,</strong></span> <span class='ocrx_word' id='word_1_11' title='bbox 617 515 730 570; x_wconf 82' lang='lat' dir='ltr'><strong>sive</strong></span> <span class='ocrx_word' id='word_1_12' title='bbox 753 513 821 570; x_wconf 83' lang='lat' dir='ltr'><strong>de</strong></span> <span class='ocrx_word' id='word_1_13' title='bbox 846 512 1225 569; x_wconf 74' lang='lat' dir='ltr'><strong>inferioribus:</strong></span> <span class='ocrx_word' id='word_1_14' title='bbox 1265 514 1358 583; x_wconf 86' lang='lat' dir='ltr'><strong>qui</strong></span> <span class='ocrx_word' id='word_1_15' title='bbox 1399 515 1456 568; x_wconf 91' lang='lat' dir='ltr'><strong>in</strong></span> <span class='ocrx_word' id='word_1_16' title='bbox 1483 515 1699 584; x_wconf 81' lang='lat' dir='ltr'><strong>propria</strong></span> <span class='ocrx_word' id='word_1_17' title='bbox 1738 521 1929 568; x_wconf 88' lang='lat' dir='ltr'><strong>natura</strong></span> <span class='ocrx_word' id='word_1_18' title='bbox 1958 515 2010 574; x_wconf 82' lang='lat' dir='ltr'><strong>A</strong></span> <span class='ocrx_word' id='word_1_19' title='bbox 2032 529 2124 566; x_wconf 87' lang='lat' dir='ltr'><strong>cor</strong></span> <span class='ocrx_word' id='word_1_20' title='bbox 2147 529 2314 569; x_wconf 84' lang='lat' dir='ltr'><strong>meum</strong></span> <span class='ocrx_word' id='word_1_21' title='bbox 2338 516 2548 569; x_wconf 78' lang='lat' dir='ltr'><strong>verbum</strong></span> <span class='ocrx_word' id='word_1_22' title='bbox 2570 514 2758 570; x_wconf 80' lang='lat' dir='ltr'><strong>bonum</strong></span> <span class='ocrx_word' id='word_1_23' title='bbox 2786 514 2955 586; x_wconf 85' lang='lat' dir='ltr'><strong>(Psal.</strong></span> <span class='ocrx_word' id='word_1_24' title='bbox 2990 515 3155 587; x_wconf 75' lang='lat' dir='ltr'><strong>x‘uv).</strong></span> <span class='ocrx_word' id='word_1_25' title='bbox 3186 515 3471 573; x_wconf 85' lang='lat' dir='ltr'><strong>Braebium</strong></span> <span class='ocrx_word' id='word_1_26' title='bbox 3512 517 3618 573; x_wconf 82' lang='lat' dir='ltr'><strong>D0-</strong></span> 
     </span>
    </p>
   </div>
   <div class='ocr_carea' id='block_1_3' title="bbox 372 600 3619 676">
    <p class='ocr_par' dir='ltr' id='par_1_3' title="bbox 372 600 3619 676">
     <span class='ocr_line' id='line_1_3' title="bbox 372 600 3619 676; baseline 0 -13"><span class='ocrx_word' id='word_1_27' title='bbox 372 606 657 663; x_wconf 85' lang='lat' dir='ltr'><strong>invisibilis</strong></span> <span class='ocrx_word' id='word_1_28' title='bbox 679 612 735 660; x_wconf 89' lang='lat' dir='ltr'><strong>et</strong></span> <span class='ocrx_word' id='word_1_29' title='bbox 759 605 1109 673; x_wconf 75' lang='lat' dir='ltr'><strong>incorporeus</strong></span> <span class='ocrx_word' id='word_1_30' title='bbox 1131 610 1236 668; x_wconf 87' lang='lat' dir='ltr'><strong>est,</strong></span> <span class='ocrx_word' id='word_1_31' title='bbox 1264 617 1367 672; x_wconf 88' lang='lat' dir='ltr'><strong>pro</strong></span> <span class='ocrx_word' id='word_1_32' title='bbox 1386 600 1740 657; x_wconf 82' lang='lat' dir='ltr'><strong>ellicientibus</strong></span> <span class='ocrx_word' id='word_1_33' title='bbox 1762 610 1939 656; x_wconf 82' lang='lat' dir='ltr'><strong>tamen</strong></span> <span class='ocrx_word' id='word_1_34' title='bbox 2045 603 2194 666; x_wconf 84' lang='lat' dir='ltr'><strong>mini,</strong></span> <span class='ocrx_word' id='word_1_35' title='bbox 2228 603 2416 669; x_wconf 79' lang='lat' dir='ltr'><strong>Filius,</strong></span> <span class='ocrx_word' id='word_1_36' title='bbox 2464 619 2563 673; x_wconf 86' lang='lat' dir='ltr'><strong>per</strong></span> <span class='ocrx_word' id='word_1_37' title='bbox 2606 618 2768 675; x_wconf 88' lang='lat' dir='ltr'><strong>quem</strong></span> <span class='ocrx_word' id='word_1_38' title='bbox 2808 606 2988 661; x_wconf 84' lang='lat' dir='ltr'><strong>omnia</strong></span> <span class='ocrx_word' id='word_1_39' title='bbox 3026 615 3281 676; x_wconf 77' lang='lat' dir='ltr'><strong>operatus</strong></span> <span class='ocrx_word' id='word_1_40' title='bbox 3323 615 3427 674; x_wconf 89' lang='lat' dir='ltr'><strong>est,</strong></span> <span class='ocrx_word' id='word_1_41' title='bbox 3458 600 3531 662; x_wconf 9' lang='lat' dir='ltr'><strong>{ut</strong></span> <span class='ocrx_word' id='word_1_42' title='bbox 3563 609 3619 663; x_wconf 90' lang='lat' dir='ltr'><strong>in</strong></span> 
     </span>
    </p>
   </div>
   <div class='ocr_carea' id='block_1_4' title="bbox 366 684 3622 763">
    <p class='ocr_par' dir='ltr' id='par_1_4' title="bbox 366 684 3622 763">
     <span class='ocr_line' id='line_1_4' title="bbox 366 684 3622 763; baseline -0.001 -9"><span class='ocrx_word' id='word_1_43' title='bbox 366 710 652 755; x_wconf 73' lang='lat' dir='ltr'><strong>causarum</strong></span> <span class='ocrx_word' id='word_1_44' title='bbox 701 695 759 749; x_wconf 88' lang='lat' dir='ltr'><strong>in</strong></span> <span class='ocrx_word' id='word_1_45' title='bbox 805 693 940 763; x_wconf 86' lang='lat' dir='ltr'><strong>ipso,</strong></span> <span class='ocrx_word' id='word_1_46' title='bbox 996 708 1179 748; x_wconf 83' lang='lat' dir='ltr'><strong>uerum</strong></span> <span class='ocrx_word' id='word_1_47' title='bbox 1226 693 1437 761; x_wconf 85' lang='lat' dir='ltr'><strong>species</strong></span> <span class='ocrx_word' id='word_1_48' title='bbox 1476 692 1845 755; x_wconf 79' lang='lat' dir='ltr'><strong>aseribuntur,</strong></span> <span class='ocrx_word' id='word_1_49' title='bbox 1881 699 1942 745; x_wconf 86' lang='lat' dir='ltr'><strong>ut</strong></span> <span class='ocrx_word' id='word_1_50' title='bbox 2040 684 2302 762; x_wconf 82' lang='lat' dir='ltr'><strong>propheta</strong></span> <span class='ocrx_word' id='word_1_51' title='bbox 2330 694 2506 748; x_wconf 73' lang='lat' dir='ltr'><strong>lsnia:</strong></span> <span class='ocrx_word' id='word_1_52' title='bbox 2562 692 2632 747; x_wconf 83' lang='lat' dir='ltr'><strong>Et</strong></span> <span class='ocrx_word' id='word_1_53' title='bbox 2666 693 2938 749; x_wconf 76' lang='lat' dir='ltr'><strong>brachium</strong></span> <span class='ocrx_word' id='word_1_54' title='bbox 2967 694 3185 750; x_wconf 72' lang='lat' dir='ltr'><strong>Domini</strong></span> <span class='ocrx_word' id='word_1_55' title='bbox 3225 696 3310 749; x_wconf 82' lang='lat' dir='ltr'><strong>cui</strong></span> <span class='ocrx_word' id='word_1_56' title='bbox 3337 696 3622 754; x_wconf 75' lang='lat' dir='ltr'><strong>revelatum</strong></span> 
     </span>
    </p>
   </div>
   <div class='ocr_carea' id='block_1_5' title="bbox 367 781 3622 857">
    <p class='ocr_par' dir='ltr' id='par_1_5' title="bbox 367 781 3622 857">
     <span class='ocr_line' id='line_1_5' title="bbox 367 781 3622 857; baseline -0.002 -10"><span class='ocrx_word' id='word_1_57' title='bbox 367 804 516 847; x_wconf 84' lang='lat' dir='ltr'><strong>more</strong></span> <span class='ocrx_word' id='word_1_58' title='bbox 542 788 831 844; x_wconf 85' lang='lat' dir='ltr'><strong>locutionis</strong></span> <span class='ocrx_word' id='word_1_59' title='bbox 881 795 1080 842; x_wconf 76' lang='lat' dir='ltr'><strong>nostra:</strong></span> <span class='ocrx_word' id='word_1_60' title='bbox 1122 785 1336 840; x_wconf 84' lang='lat' dir='ltr'><strong>l‘aeilius</strong></span> <span class='ocrx_word' id='word_1_61' title='bbox 1383 785 1619 855; x_wconf 82' lang='lat' dir='ltr'><strong>seipsum</strong></span> <span class='ocrx_word' id='word_1_62' title='bbox 1661 785 1938 839; x_wconf 84' lang='lat' dir='ltr'><strong>insinuet:</strong></span> <span class='ocrx_word' id='word_1_63' title='bbox 2034 792 2114 835; x_wconf 85' lang='lat' dir='ltr'><strong>est</strong></span> <span class='ocrx_word' id='word_1_64' title='bbox 2144 781 2289 852; x_wconf 77' lang='lat' dir='ltr'><strong>(Isa.</strong></span> <span class='ocrx_word' id='word_1_65' title='bbox 2314 784 2454 852; x_wconf 79' lang='lat' dir='ltr'><strong>mn).</strong></span> <span class='ocrx_word' id='word_1_66' title='bbox 2501 784 2699 838; x_wconf 76' lang='lat' dir='ltr'><strong>Dextra</strong></span> <span class='ocrx_word' id='word_1_67' title='bbox 2737 784 2855 848; x_wconf 97' lang='lat' dir='ltr'><strong>Dei,</strong></span> <span class='ocrx_word' id='word_1_68' title='bbox 2884 784 2938 837; x_wconf 90' lang='lat' dir='ltr'><strong>id</strong></span> <span class='ocrx_word' id='word_1_69' title='bbox 2976 793 3063 839; x_wconf 89' lang='lat' dir='ltr'><strong>est</strong></span> <span class='ocrx_word' id='word_1_70' title='bbox 3091 784 3277 847; x_wconf 76' lang='lat' dir='ltr'><strong>Filius,</strong></span> <span class='ocrx_word' id='word_1_71' title='bbox 3309 794 3369 840; x_wconf 87' lang='lat' dir='ltr'><strong>ut</strong></span> <span class='ocrx_word' id='word_1_72' title='bbox 3392 785 3622 857; x_wconf 69' lang='lat' dir='ltr'><strong>‘inpsal-</strong></span> 
     </span>
    </p>
   </div>
   <div class='ocr_carea' id='block_1_6' title="bbox 367 870 3617 948">
    <p class='ocr_par' dir='ltr' id='par_1_6' title="bbox 367 870 3617 948">
     <span class='ocr_line' id='line_1_6' title="bbox 367 870 3617 948; baseline -0.001 -15"><span class='ocrx_word' id='word_1_73' title='bbox 367 891 425 934; x_wconf 85' lang='lat' dir='ltr'><strong>ut</strong></span> <span class='ocrx_word' id='word_1_74' title='bbox 461 879 588 948; x_wconf 88' lang='lat' dir='ltr'><strong>quia</strong></span> <span class='ocrx_word' id='word_1_75' title='bbox 641 877 826 932; x_wconf 85' lang='lat' dir='ltr'><strong>omnia</strong></span> <span class='ocrx_word' id='word_1_76' title='bbox 871 876 1040 940; x_wconf 90' lang='lat' dir='ltr'><strong>videt,</strong></span> <span class='ocrx_word' id='word_1_77' title='bbox 1088 874 1298 929; x_wconf 76' lang='lat' dir='ltr'><strong>dicatur</strong></span> <span class='ocrx_word' id='word_1_78' title='bbox 1346 873 1572 940; x_wconf 83' lang='lat' dir='ltr'><strong>oculus;</strong></span> <span class='ocrx_word' id='word_1_79' title='bbox 1613 883 1670 927; x_wconf 88' lang='lat' dir='ltr'><strong>et</strong></span> <span class='ocrx_word' id='word_1_80' title='bbox 1720 880 1942 942; x_wconf 85' lang='lat' dir='ltr'><strong>propter</strong></span> <span class='ocrx_word' id='word_1_81' title='bbox 2041 884 2167 923; x_wconf 89' lang='lat' dir='ltr'><strong>mo:</strong></span> <span class='ocrx_word' id='word_1_82' title='bbox 2227 870 2451 924; x_wconf 73' lang='lat' dir='ltr'><strong>Dextera</strong></span> <span class='ocrx_word' id='word_1_83' title='bbox 2503 871 2711 924; x_wconf 73' lang='lat' dir='ltr'><strong>Domini</strong></span> <span class='ocrx_word' id='word_1_84' title='bbox 2765 874 2885 941; x_wconf 79' lang='lat' dir='ltr'><strong>fecit</strong></span> <span class='ocrx_word' id='word_1_85' title='bbox 2936 874 3173 927; x_wconf 71' lang='lat' dir='ltr'><strong>virtutem</strong></span> <span class='ocrx_word' id='word_1_86' title='bbox 3216 872 3402 944; x_wconf 83' lang='lat' dir='ltr'><strong>(Psal.</strong></span> <span class='ocrx_word' id='word_1_87' title='bbox 3429 876 3617 938; x_wconf 73' lang='lat' dir='ltr'><strong>cxvtd.</strong></span> 
     </span>
    </p>
   </div>
   <div class='ocr_carea' id='block_1_7' title="bbox 362 958 3620 1041">
    <p class='ocr_par' dir='ltr' id='par_1_7' title="bbox 362 958 3620 1041">
     <span class='ocr_line' id='line_1_7' title="bbox 362 958 3620 1041; baseline -0.002 -17"><span class='ocrx_word' id='word_1_88' title='bbox 362 970 506 1041; x_wconf 84' lang='lat' dir='ltr'><strong>quod</strong></span> <span class='ocrx_word' id='word_1_89' title='bbox 535 969 684 1023; x_wconf 85' lang='lat' dir='ltr'><strong>audit</strong></span> <span class='ocrx_word' id='word_1_90' title='bbox 702 967 907 1031; x_wconf 83' lang='lat' dir='ltr'><strong>omnia,</strong></span> <span class='ocrx_word' id='word_1_91' title='bbox 939 965 1150 1020; x_wconf 87' lang='lat' dir='ltr'><strong>dicatur</strong></span> <span class='ocrx_word' id='word_1_92' title='bbox 1165 964 1318 1019; x_wconf 83' lang='lat' dir='ltr'><strong>auris</strong></span> <span class='ocrx_word' id='word_1_93' title='bbox 1346 980 1362 1029; x_wconf 90' lang='lat'><strong>;</strong></span> <span class='ocrx_word' id='word_1_94' title='bbox 1385 978 1485 1033; x_wconf 88' lang='lat' dir='ltr'><strong>pro</strong></span> <span class='ocrx_word' id='word_1_95' title='bbox 1503 978 1573 1019; x_wconf 88' lang='lat' dir='ltr'><strong>eo</strong></span> <span class='ocrx_word' id='word_1_96' title='bbox 1597 971 1778 1017; x_wconf 89' lang='lat' dir='ltr'><strong>autem</strong></span> <span class='ocrx_word' id='word_1_97' title='bbox 1797 962 1942 1031; x_wconf 82' lang='lat' dir='ltr'><strong>quod</strong></span> <span class='ocrx_word' id='word_1_98' title='bbox 2038 958 2172 1014; x_wconf 82' lang='lat' dir='ltr'><strong>Item</strong></span> <span class='ocrx_word' id='word_1_99' title='bbox 2194 959 2419 1014; x_wconf 68' lang='lat' dir='ltr'><strong>dextera</strong></span> <span class='ocrx_word' id='word_1_100' title='bbox 2436 961 2669 1027; x_wconf 83' lang='lat' dir='ltr'><strong>Domini,</strong></span> <span class='ocrx_word' id='word_1_101' title='bbox 2691 961 2878 1031; x_wconf 77' lang='lat' dir='ltr'><strong>gloria,</strong></span> <span class='ocrx_word' id='word_1_102' title='bbox 2900 962 3021 1017; x_wconf 78' lang='lat' dir='ltr'><strong>sive</strong></span> <span class='ocrx_word' id='word_1_103' title='bbox 3039 962 3315 1019; x_wconf 74' lang='lat' dir='ltr'><strong>beatitudo</strong></span> <span class='ocrx_word' id='word_1_104' title='bbox 3339 968 3620 1034; x_wconf 85' lang='lat' dir='ltr'><strong>perpetua,</strong></span> 
     </span>
    </p>
   </div>
   <div class='ocr_carea' id='block_1_8' title="bbox 364 1048 3619 1130">
    <p class='ocr_par' dir='ltr' id='par_1_8' title="bbox 364 1048 3619 1130">
     <span class='ocr_line' id='line_1_8' title="bbox 364 1048 3619 1130; baseline -0.001 -16"><span class='ocrx_word' id='word_1_105' title='bbox 364 1058 660 1123; x_wconf 68' lang='lat' dir='ltr'><strong>avertitur,</strong></span> <span class='ocrx_word' id='word_1_106' title='bbox 686 1055 925 1110; x_wconf 75' lang='lat' dir='ltr'><strong>ambulat</strong></span> <span class='ocrx_word' id='word_1_107' title='bbox 958 1073 975 1108; x_wconf 86' lang='lat'><strong>:</strong></span> <span class='ocrx_word' id='word_1_108' title='bbox 1027 1069 1125 1124; x_wconf 86' lang='lat' dir='ltr'><strong>pro</strong></span> <span class='ocrx_word' id='word_1_109' title='bbox 1171 1068 1237 1107; x_wconf 88' lang='lat' dir='ltr'><strong>eo</strong></span> <span class='ocrx_word' id='word_1_110' title='bbox 1278 1053 1425 1123; x_wconf 83' lang='lat' dir='ltr'><strong>quod</strong></span> <span class='ocrx_word' id='word_1_111' title='bbox 1467 1060 1766 1130; x_wconf 71' lang='lat' dir='ltr'><strong>exspectat,</strong></span> <span class='ocrx_word' id='word_1_112' title='bbox 1808 1060 1935 1106; x_wconf 82' lang='lat' dir='ltr'><strong>stat.</strong></span> <span class='ocrx_word' id='word_1_113' title='bbox 2038 1048 2181 1103; x_wconf 83' lang='lat' dir='ltr'><strong>sicut</strong></span> <span class='ocrx_word' id='word_1_114' title='bbox 2210 1049 2264 1102; x_wconf 86' lang='lat' dir='ltr'><strong>in</strong></span> <span class='ocrx_word' id='word_1_115' title='bbox 2293 1049 2583 1119; x_wconf 79' lang='lat' dir='ltr'><strong>Evnngelio</strong></span> <span class='ocrx_word' id='word_1_116' title='bbox 2610 1052 2676 1106; x_wconf 87' lang='lat' dir='ltr'><strong>de</strong></span> <span class='ocrx_word' id='word_1_117' title='bbox 2700 1050 2834 1108; x_wconf 76' lang='lat' dir='ltr'><strong>Filio</strong></span> <span class='ocrx_word' id='word_1_118' title='bbox 2860 1053 3099 1108; x_wconf 63' lang='lat' dir='ltr'><strong>dicitur:</strong></span> <span class='ocrx_word' id='word_1_119' title='bbox 3143 1053 3299 1109; x_wconf 83' lang='lat' dir='ltr'><strong>Sedet</strong></span> <span class='ocrx_word' id='word_1_120' title='bbox 3336 1055 3406 1109; x_wconf 87' lang='lat' dir='ltr'><strong>ad</strong></span> <span class='ocrx_word' id='word_1_121' title='bbox 3435 1056 3619 1111; x_wconf 64' lang='lat' dir='ltr'><strong>deste-</strong></span> 
     </span>
    </p>
   </div>
   <div class='ocr_carea' id='block_1_9' title="bbox 361 1139 3621 1211">
    <p class='ocr_par' dir='ltr' id='par_1_9' title="bbox 361 1139 3621 1211">
     <span class='ocr_line' id='line_1_9' title="bbox 361 1139 3621 1211; baseline -0.001 -6"><span class='ocrx_word' id='word_1_122' title='bbox 361 1151 454 1206; x_wconf 83' lang='lat' dir='ltr'><strong>Sic</strong></span> <span class='ocrx_word' id='word_1_123' title='bbox 482 1151 538 1204; x_wconf 89' lang='lat' dir='ltr'><strong>in</strong></span> <span class='ocrx_word' id='word_1_124' title='bbox 561 1151 772 1204; x_wconf 70' lang='lat' dir='ltr'><strong>caeteris</strong></span> <span class='ocrx_word' id='word_1_125' title='bbox 799 1148 991 1202; x_wconf 81' lang='lat' dir='ltr'><strong>borum</strong></span> <span class='ocrx_word' id='word_1_126' title='bbox 1019 1144 1295 1200; x_wconf 76' lang='lat' dir='ltr'><strong>similibus</strong></span> <span class='ocrx_word' id='word_1_127' title='bbox 1310 1141 1939 1199; x_wconf 75' lang='lat' dir='ltr'><strong>abbumanismeotibus</strong></span> <span class='ocrx_word' id='word_1_128' title='bbox 2040 1155 2155 1192; x_wconf 69' lang='lat' dir='ltr'><strong>rant</strong></span> <span class='ocrx_word' id='word_1_129' title='bbox 2189 1139 2287 1193; x_wconf 82' lang='lat' dir='ltr'><strong>Dei</strong></span> <span class='ocrx_word' id='word_1_130' title='bbox 2336 1140 2533 1211; x_wconf 74' lang='lat' dir='ltr'><strong>(Marc.</strong></span> <span class='ocrx_word' id='word_1_131' title='bbox 2569 1140 2705 1211; x_wconf 76' lang='lat' dir='ltr'><strong>xvi).</strong></span> <span class='ocrx_word' id='word_1_132' title='bbox 2735 1143 2976 1197; x_wconf 71' lang='lat' dir='ltr'><strong>Rursum</strong></span> <span class='ocrx_word' id='word_1_133' title='bbox 3020 1144 3241 1199; x_wconf 65' lang='lat' dir='ltr'><strong>dextera</strong></span> <span class='ocrx_word' id='word_1_134' title='bbox 3293 1146 3409 1211; x_wconf 87' lang='lat' dir='ltr'><strong>Dei,</strong></span> <span class='ocrx_word' id='word_1_135' title='bbox 3461 1146 3621 1202; x_wconf 85' lang='lat' dir='ltr'><strong>electi</strong></span> 
     </span>
    </p>
   </div>
   <div class='ocr_carea' id='block_1_10' title="bbox 364 1231 3620 1311">
    <p class='ocr_par' dir='ltr' id='par_1_10' title="bbox 364 1231 3620 1311">
     <span class='ocr_line' id='line_1_10' title="bbox 364 1231 3620 1311; baseline 0 -17"><span class='ocrx_word' id='word_1_136' title='bbox 364 1240 596 1294; x_wconf 75' lang='lat' dir='ltr'><strong>trahitur</strong></span> <span class='ocrx_word' id='word_1_137' title='bbox 622 1236 920 1293; x_wconf 79' lang='lat' dir='ltr'><strong>similitudo</strong></span> <span class='ocrx_word' id='word_1_138' title='bbox 951 1235 1020 1290; x_wconf 86' lang='lat' dir='ltr'><strong>ad</strong></span> <span class='ocrx_word' id='word_1_139' title='bbox 1044 1234 1238 1299; x_wconf 78' lang='lat' dir='ltr'><strong>Deum,</strong></span> <span class='ocrx_word' id='word_1_140' title='bbox 1266 1234 1405 1288; x_wconf 80' lang='lat' dir='ltr'><strong>sicut</strong></span> <span class='ocrx_word' id='word_1_141' title='bbox 1427 1241 1513 1287; x_wconf 90' lang='lat' dir='ltr'><strong>est</strong></span> <span class='ocrx_word' id='word_1_142' title='bbox 1543 1231 1866 1287; x_wconf 80' lang='lat' dir='ltr'><strong>obliviscens</strong></span> <span class='ocrx_word' id='word_1_143' title='bbox 1881 1240 1939 1286; x_wconf 87' lang='lat' dir='ltr'><strong>et</strong></span> <span class='ocrx_word' id='word_1_144' title='bbox 2032 1246 2244 1298; x_wconf 80' lang='lat' dir='ltr'><strong>omnes,</strong></span> <span class='ocrx_word' id='word_1_145' title='bbox 2286 1240 2347 1287; x_wconf 84' lang='lat' dir='ltr'><strong>ut</strong></span> <span class='ocrx_word' id='word_1_146' title='bbox 2385 1234 2443 1286; x_wconf 86' lang='lat' dir='ltr'><strong>in</strong></span> <span class='ocrx_word' id='word_1_147' title='bbox 2475 1233 2890 1290; x_wconf 86' lang='lat' dir='ltr'><strong>Deuteronomio</strong></span> <span class='ocrx_word' id='word_1_148' title='bbox 2914 1235 3051 1290; x_wconf 46' lang='lat' dir='ltr'><strong>:ln‘</strong></span> <span class='ocrx_word' id='word_1_149' title='bbox 3079 1238 3292 1292; x_wconf 74' lang='lat' dir='ltr'><strong>dextera</strong></span> <span class='ocrx_word' id='word_1_150' title='bbox 3320 1240 3436 1309; x_wconf 73' lang='lat' dir='ltr'><strong>ejus</strong></span> <span class='ocrx_word' id='word_1_151' title='bbox 3467 1241 3620 1311; x_wconf 75' lang='lat' dir='ltr'><strong>ignea</strong></span> 
     </span>
    </p>
   </div>
   <div class='ocr_carea' id='block_1_11' title="bbox 360 1319 3625 1394">
    <p class='ocr_par' dir='ltr' id='par_1_11' title="bbox 360 1319 3625 1394">
     <span class='ocr_line' id='line_1_11' title="bbox 360 1319 3625 1394; baseline 0 -10"><span class='ocrx_word' id='word_1_152' title='bbox 360 1343 687 1385; x_wconf 75' lang='lat' dir='ltr'><strong>memorans.</strong></span> <span class='ocrx_word' id='word_1_153' title='bbox 735 1326 874 1381; x_wconf 76' lang='lat' dir='ltr'><strong>Hine</strong></span> <span class='ocrx_word' id='word_1_154' title='bbox 910 1333 1007 1380; x_wconf 64' lang='lat' dir='ltr'><strong>est;</strong></span> <span class='ocrx_word' id='word_1_155' title='bbox 1037 1325 1181 1393; x_wconf 85' lang='lat' dir='ltr'><strong>quod</strong></span> <span class='ocrx_word' id='word_1_156' title='bbox 1228 1321 1681 1393; x_wconf 77' lang='lat' dir='ltr'><strong>prophetatlicit:</strong></span> <span class='ocrx_word' id='word_1_157' title='bbox 1728 1319 1936 1374; x_wconf 63' lang='lat' dir='ltr'><strong>Iurat!“</strong></span> <span class='ocrx_word' id='word_1_158' title='bbox 2036 1319 2121 1374; x_wconf 76' lang='lat' dir='ltr'><strong>lea;</strong></span> <span class='ocrx_word' id='word_1_159' title='bbox 2149 1319 2326 1391; x_wconf 80' lang='lat' dir='ltr'><strong>(Deut.</strong></span> <span class='ocrx_word' id='word_1_160' title='bbox 2369 1323 2584 1393; x_wconf 74' lang='lat' dir='ltr'><strong>xxxiii).</strong></span> <span class='ocrx_word' id='word_1_161' title='bbox 2611 1322 2723 1378; x_wconf 70' lang='lat' dir='ltr'><strong>Alae</strong></span> <span class='ocrx_word' id='word_1_162' title='bbox 2769 1322 3001 1391; x_wconf 79' lang='lat' dir='ltr'><strong>Domini,</strong></span> <span class='ocrx_word' id='word_1_163' title='bbox 3027 1328 3313 1394; x_wconf 73' lang='lat' dir='ltr'><strong>preteetio~</strong></span> <span class='ocrx_word' id='word_1_164' title='bbox 3331 1329 3531 1393; x_wconf 74' lang='lat' dir='ltr'><strong>dirimi,</strong></span> <span class='ocrx_word' id='word_1_165' title='bbox 3563 1339 3625 1384; x_wconf 88' lang='lat' dir='ltr'><strong>ut</strong></span> 
     </span>
    </p>
   </div>
   <div class='ocr_carea' id='block_1_12' title="bbox 361 1408 1930 1490">
    <p class='ocr_par' dir='ltr' id='par_1_12' title="bbox 361 1408 1930 1483">
     <span class='ocr_line' id='line_1_12' title="bbox 361 1408 1930 1483; baseline -0.007 -11"><span class='ocrx_word' id='word_1_166' title='bbox 361 1417 614 1472; x_wconf 74' lang='lat' dir='ltr'><strong>Dominus</strong></span> <span class='ocrx_word' id='word_1_167' title='bbox 652 1414 979 1471; x_wconf 63' lang='lat' dir='ltr'><strong>exercituum</strong></span> <span class='ocrx_word' id='word_1_168' title='bbox 1014 1429 1108 1483; x_wconf 81' lang='lat' dir='ltr'><strong>per</strong></span> <span class='ocrx_word' id='word_1_169' title='bbox 1146 1412 1378 1465; x_wconf 71' lang='lat' dir='ltr'><strong>animum</strong></span> <span class='ocrx_word' id='word_1_170' title='bbox 1410 1425 1560 1464; x_wconf 77' lang='lat' dir='ltr'><strong>suam</strong></span> <span class='ocrx_word' id='word_1_171' title='bbox 1599 1408 1734 1480; x_wconf 81' lang='lat' dir='ltr'><strong>(Isa.</strong></span> <span class='ocrx_word' id='word_1_172' title='bbox 1779 1408 1930 1478; x_wconf 70' lang='lat' dir='ltr'><strong>xiv);</strong></span> 
     </span>
    </p>
   </div>
   <div class='ocr_carea' id='block_1_13' title="bbox 2030 1408 3617 1490">
    <p class='ocr_par' dir='ltr' id='par_1_13' title="bbox 2036 1411 3617 1490">
     <span class='ocr_line' id='line_1_13' title="bbox 2036 1411 3617 1490; baseline 0.003 -24"><span class='ocrx_word' id='word_1_173' title='bbox 2036 1411 2090 1466; x_wconf 86' lang='lat' dir='ltr'><strong>in</strong></span> <span class='ocrx_word' id='word_1_174' title='bbox 2119 1411 2325 1481; x_wconf 82' lang='lat' dir='ltr'><strong>psalmo</strong></span> <span class='ocrx_word' id='word_1_175' title='bbox 2348 1430 2362 1467; x_wconf 91' lang='lat'><strong>:</strong></span> <span class='ocrx_word' id='word_1_176' title='bbox 2403 1412 2487 1467; x_wconf 47' lang='lat' dir='ltr'><strong>Ini</strong></span> <span class='ocrx_word' id='word_1_177' title='bbox 2511 1414 2695 1468; x_wconf 74' lang='lat' dir='ltr'><strong>umbra</strong></span> <span class='ocrx_word' id='word_1_178' title='bbox 2718 1414 2928 1470; x_wconf 81' lang='lat' dir='ltr'><strong>alarum</strong></span> <span class='ocrx_word' id='word_1_179' title='bbox 2952 1426 3163 1470; x_wconf 83' lang='lat' dir='ltr'><strong>tuarum</strong></span> <span class='ocrx_word' id='word_1_180' title='bbox 3199 1420 3414 1488; x_wconf 80' lang='lat' dir='ltr'><strong>sperabo</strong></span> <span class='ocrx_word' id='word_1_181' title='bbox 3442 1417 3617 1490; x_wconf 71' lang='lat' dir='ltr'><strong>(Paul.</strong></span> 
     </span>
    </p>
   </div>
   <div class='ocr_carea' id='block_1_14' title="bbox 358 1501 3621 1581">
    <p class='ocr_par' dir='ltr' id='par_1_14' title="bbox 358 1501 3621 1581">
     <span class='ocr_line' id='line_1_14' title="bbox 358 1501 3621 1581; baseline 0.001 -18"><span class='ocrx_word' id='word_1_182' title='bbox 358 1524 461 1563; x_wconf 84' lang='lat' dir='ltr'><strong>non</strong></span> <span class='ocrx_word' id='word_1_183' title='bbox 483 1508 632 1579; x_wconf 89' lang='lat' dir='ltr'><strong>quod</strong></span> <span class='ocrx_word' id='word_1_184' title='bbox 656 1505 1055 1562; x_wconf 75' lang='lat' dir='ltr'><strong>Deutsanimam</strong></span> <span class='ocrx_word' id='word_1_185' title='bbox 1078 1503 1292 1568; x_wconf 79' lang='lat' dir='ltr'><strong>habeat,</strong></span> <span class='ocrx_word' id='word_1_186' title='bbox 1316 1502 1411 1557; x_wconf 90' lang='lat' dir='ltr'><strong>sed</strong></span> <span class='ocrx_word' id='word_1_187' title='bbox 1437 1501 1579 1570; x_wconf 87' lang='lat' dir='ltr'><strong>quod</strong></span> <span class='ocrx_word' id='word_1_188' title='bbox 1600 1508 1786 1555; x_wconf 77' lang='lat' dir='ltr'><strong>nostm</strong></span> <span class='ocrx_word' id='word_1_189' title='bbox 1814 1512 1937 1552; x_wconf 86' lang='lat' dir='ltr'><strong>nar—</strong></span> <span class='ocrx_word' id='word_1_190' title='bbox 2033 1504 2167 1575; x_wconf 72' lang='grc' dir='ltr'>ινι).</span> <span class='ocrx_word' id='word_1_191' title='bbox 2218 1504 2463 1574; x_wconf 67' lang='lat' dir='ltr'><strong>Scapulae</strong></span> <span class='ocrx_word' id='word_1_192' title='bbox 2488 1506 2703 1562; x_wconf 80' lang='lat' dir='ltr'><strong>Domini</strong></span> <span class='ocrx_word' id='word_1_193' title='bbox 2743 1508 2920 1563; x_wconf 89' lang='lat' dir='ltr'><strong>divina</strong></span> <span class='ocrx_word' id='word_1_194' title='bbox 2944 1510 3224 1579; x_wconf 81' lang='lat' dir='ltr'><strong>patientia,</strong></span> <span class='ocrx_word' id='word_1_195' title='bbox 3272 1526 3378 1580; x_wconf 83' lang='lat' dir='ltr'><strong>qua</strong></span> <span class='ocrx_word' id='word_1_196' title='bbox 3403 1521 3621 1581; x_wconf 84' lang='lat' dir='ltr'><strong>portare</strong></span> 
     </span>
    </p>
   </div>
   <div class='ocr_carea' id='block_1_15' title="bbox 358 1589 3614 1670">
    <p class='ocr_par' dir='ltr' id='par_1_15' title="bbox 358 1589 3614 1670">
     <span class='ocr_line' id='line_1_15' title="bbox 358 1589 3614 1670; baseline 0 -18"><span class='ocrx_word' id='word_1_197' title='bbox 358 1605 442 1652; x_wconf 79' lang='lat' dir='ltr'><strong>rat</strong></span> <span class='ocrx_word' id='word_1_198' title='bbox 462 1596 682 1652; x_wconf 68' lang='lat' dir='ltr'><strong>allecto.</strong></span> <span class='ocrx_word' id='word_1_199' title='bbox 722 1594 858 1649; x_wconf 77' lang='lat' dir='ltr'><strong>Nam</strong></span> <span class='ocrx_word' id='word_1_200' title='bbox 888 1603 948 1650; x_wconf 86' lang='lat' dir='ltr'><strong>et</strong></span> <span class='ocrx_word' id='word_1_201' title='bbox 975 1593 1143 1648; x_wconf 82' lang='lat' dir='ltr'><strong>facies</strong></span> <span class='ocrx_word' id='word_1_202' title='bbox 1187 1593 1282 1648; x_wconf 86' lang='lat' dir='ltr'><strong>Dei</strong></span> <span class='ocrx_word' id='word_1_203' title='bbox 1317 1592 1370 1645; x_wconf 88' lang='lat' dir='ltr'><strong>in</strong></span> <span class='ocrx_word' id='word_1_204' title='bbox 1411 1590 1715 1661; x_wconf 82' lang='lat' dir='ltr'><strong>Scripturis.</strong></span> <span class='ocrx_word' id='word_1_205' title='bbox 1732 1589 1937 1645; x_wconf 87' lang='lat' dir='ltr'><strong>sanctis</strong></span> <span class='ocrx_word' id='word_1_206' title='bbox 2034 1593 2288 1663; x_wconf 79' lang='lat' dir='ltr'><strong>dignatur</strong></span> <span class='ocrx_word' id='word_1_207' title='bbox 2312 1594 2572 1661; x_wconf 87' lang='lat' dir='ltr'><strong>inlirmos,</strong></span> <span class='ocrx_word' id='word_1_208' title='bbox 2597 1604 2655 1649; x_wconf 90' lang='lat' dir='ltr'><strong>ut</strong></span> <span class='ocrx_word' id='word_1_209' title='bbox 2680 1596 2736 1650; x_wconf 91' lang='lat' dir='ltr'><strong>iu</strong></span> <span class='ocrx_word' id='word_1_210' title='bbox 2757 1596 3208 1664; x_wconf 83' lang='lat' dir='ltr'><strong>Denteronomio;</strong></span> <span class='ocrx_word' id='word_1_211' title='bbox 3238 1598 3476 1670; x_wconf 72' lang='lat' dir='ltr'><strong>Suscepit</strong></span> <span class='ocrx_word' id='word_1_212' title='bbox 3504 1616 3614 1663; x_wconf 84' lang='lat' dir='ltr'><strong>eos,</strong></span> 
     </span>
    </p>
   </div>
   <div class='ocr_carea' id='block_1_16' title="bbox 353 1681 3614 1762">
    <p class='ocr_par' dir='ltr' id='par_1_16' title="bbox 353 1681 3614 1762">
     <span class='ocr_line' id='line_1_16' title="bbox 353 1681 3614 1762; baseline 0.002 -19"><span class='ocrx_word' id='word_1_213' title='bbox 353 1705 460 1743; x_wconf 77' lang='lat' dir='ltr'><strong>non</strong></span> <span class='ocrx_word' id='word_1_214' title='bbox 493 1703 647 1753; x_wconf 88' lang='lat' dir='ltr'><strong>caro,</strong></span> <span class='ocrx_word' id='word_1_215' title='bbox 671 1688 765 1743; x_wconf 89' lang='lat' dir='ltr'><strong>sed</strong></span> <span class='ocrx_word' id='word_1_216' title='bbox 788 1685 971 1741; x_wconf 83' lang='lat' dir='ltr'><strong>divina</strong></span> <span class='ocrx_word' id='word_1_217' title='bbox 995 1684 1233 1756; x_wconf 81' lang='lat' dir='ltr'><strong>cognitio</strong></span> <span class='ocrx_word' id='word_1_218' title='bbox 1263 1682 1598 1753; x_wconf 76' lang='lat' dir='ltr'><strong>intelligitur,</strong></span> <span class='ocrx_word' id='word_1_219' title='bbox 1631 1681 1817 1737; x_wconf 84' lang='lat' dir='ltr'><strong>eadem</strong></span> <span class='ocrx_word' id='word_1_220' title='bbox 1841 1695 1933 1734; x_wconf 83' lang='lat' dir='ltr'><strong>ra-</strong></span> <span class='ocrx_word' id='word_1_221' title='bbox 2029 1693 2083 1737; x_wconf 85' lang='lat' dir='ltr'><strong>et</strong></span> <span class='ocrx_word' id='word_1_222' title='bbox 2113 1686 2381 1753; x_wconf 70' lang='lat' dir='ltr'><strong>supposuit</strong></span> <span class='ocrx_word' id='word_1_223' title='bbox 2410 1686 2643 1757; x_wconf 80' lang='lat' dir='ltr'><strong>scapulis</strong></span> <span class='ocrx_word' id='word_1_224' title='bbox 2682 1688 2791 1741; x_wconf 79' lang='lat' dir='ltr'><strong>suis</strong></span> <span class='ocrx_word' id='word_1_225' title='bbox 2842 1687 3020 1759; x_wconf 82' lang='lat' dir='ltr'><strong>(Dent.</strong></span> <span class='ocrx_word' id='word_1_226' title='bbox 3047 1690 3240 1762; x_wconf 73' lang='lat' dir='ltr'><strong>sxxii).</strong></span> <span class='ocrx_word' id='word_1_227' title='bbox 3289 1690 3478 1748; x_wconf 76' lang='lat' dir='ltr'><strong>Manus</strong></span> <span class='ocrx_word' id='word_1_228' title='bbox 3506 1692 3614 1747; x_wconf 78' lang='lat' dir='ltr'><strong>Do-</strong></span> 
     </span>
    </p>
   </div>
   <div class='ocr_carea' id='block_1_17' title="bbox 352 1771 3615 1850">
    <p class='ocr_par' dir='ltr' id='par_1_17' title="bbox 352 1771 3615 1850">
     <span class='ocr_line' id='line_1_17' title="bbox 352 1771 3615 1850; baseline 0.001 -15"><span class='ocrx_word' id='word_1_229' title='bbox 352 1781 500 1836; x_wconf 87' lang='lat' dir='ltr'><strong>tione</strong></span> <span class='ocrx_word' id='word_1_230' title='bbox 523 1796 635 1850; x_wconf 85' lang='lat' dir='ltr'><strong>qua</strong></span> <span class='ocrx_word' id='word_1_231' title='bbox 660 1794 757 1849; x_wconf 85' lang='lat' dir='ltr'><strong>per</strong></span> <span class='ocrx_word' id='word_1_232' title='bbox 782 1777 978 1834; x_wconf 73' lang='lat' dir='ltr'><strong>faciem</strong></span> <span class='ocrx_word' id='word_1_233' title='bbox 1018 1784 1366 1847; x_wconf 81' lang='lat' dir='ltr'><strong>conspectam</strong></span> <span class='ocrx_word' id='word_1_234' title='bbox 1391 1775 1622 1844; x_wconf 76' lang='lat' dir='ltr'><strong>quisque</strong></span> <span class='ocrx_word' id='word_1_235' title='bbox 1640 1771 1930 1843; x_wconf 87' lang='lat' dir='ltr'><strong>.eognosci-</strong></span> <span class='ocrx_word' id='word_1_236' title='bbox 2032 1777 2188 1841; x_wconf 84' lang='lat' dir='ltr'><strong>mini,</strong></span> <span class='ocrx_word' id='word_1_237' title='bbox 2211 1777 2391 1831; x_wconf 88' lang='lat' dir='ltr'><strong>divina</strong></span> <span class='ocrx_word' id='word_1_238' title='bbox 2413 1778 2674 1848; x_wconf 82' lang='lat' dir='ltr'><strong>operatio,</strong></span> <span class='ocrx_word' id='word_1_239' title='bbox 2695 1788 2757 1832; x_wconf 92' lang='lat' dir='ltr'><strong>ut</strong></span> <span class='ocrx_word' id='word_1_240' title='bbox 2788 1779 2844 1833; x_wconf 90' lang='lat' dir='ltr'><strong>in</strong></span> <span class='ocrx_word' id='word_1_241' title='bbox 2869 1780 3177 1850; x_wconf 83' lang='lat' dir='ltr'><strong>prophetia:</strong></span> <span class='ocrx_word' id='word_1_242' title='bbox 3206 1778 3395 1837; x_wconf 76' lang='lat' dir='ltr'><strong>Nonne</strong></span> <span class='ocrx_word' id='word_1_243' title='bbox 3426 1797 3615 1837; x_wconf 81' lang='lat' dir='ltr'><strong>manus</strong></span> 
     </span>
    </p>
   </div>
   <div class='ocr_carea' id='block_1_18' title="bbox 352 1864 3671 1945">
    <p class='ocr_par' dir='ltr' id='par_1_18' title="bbox 352 1864 3671 1945">
     <span class='ocr_line' id='line_1_18' title="bbox 352 1864 3671 1945; baseline 0.001 -20"><span class='ocrx_word' id='word_1_244' title='bbox 352 1881 458 1927; x_wconf 85' lang='lat' dir='ltr'><strong>tur.</strong></span> <span class='ocrx_word' id='word_1_245' title='bbox 494 1872 608 1928; x_wconf 79' lang='lat' dir='ltr'><strong>[loc</strong></span> <span class='ocrx_word' id='word_1_246' title='bbox 629 1873 776 1927; x_wconf 83' lang='lat' dir='ltr'><strong>enim</strong></span> <span class='ocrx_word' id='word_1_247' title='bbox 801 1871 859 1924; x_wconf 82' lang='lat' dir='ltr'><strong>in</strong></span> <span class='ocrx_word' id='word_1_248' title='bbox 879 1870 1125 1929; x_wconf 83' lang='lat' dir='ltr'><strong>oratione</strong></span> <span class='ocrx_word' id='word_1_249' title='bbox 1144 1868 1340 1924; x_wconf 83' lang='lat' dir='ltr'><strong>dicitur</strong></span> <span class='ocrx_word' id='word_1_250' title='bbox 1362 1867 1472 1921; x_wconf 82' lang='lat' dir='ltr'><strong>Deo</strong></span> <span class='ocrx_word' id='word_1_251' title='bbox 1494 1883 1510 1920; x_wconf 86' lang='lat'><strong>:</strong></span> <span class='ocrx_word' id='word_1_252' title='bbox 1542 1864 1767 1919; x_wconf 80' lang='lat' dir='ltr'><strong>Ostende</strong></span> <span class='ocrx_word' id='word_1_253' title='bbox 1787 1864 1933 1919; x_wconf 76' lang='lat' dir='ltr'><strong>nobis</strong></span> <span class='ocrx_word' id='word_1_254' title='bbox 1961 1864 2008 1923; x_wconf 88' lang='lat' dir='ltr'><strong>B</strong></span> <span class='ocrx_word' id='word_1_255' title='bbox 2034 1884 2162 1923; x_wconf 72' lang='lat' dir='ltr'><strong>mea:</strong></span> <span class='ocrx_word' id='word_1_256' title='bbox 2185 1868 2414 1938; x_wconf 75' lang='lat' dir='ltr'><strong>[ecemnt</strong></span> <span class='ocrx_word' id='word_1_257' title='bbox 2435 1871 2546 1924; x_wconf 75' lang='lat' dir='ltr'><strong>lucc</strong></span> <span class='ocrx_word' id='word_1_258' title='bbox 2569 1872 2748 1925; x_wconf 78' lang='lat' dir='ltr'><strong>onmia</strong></span> <span class='ocrx_word' id='word_1_259' title='bbox 2763 1872 2789 1925; x_wconf 67' lang='lat'><strong>.9</strong></span> <span class='ocrx_word' id='word_1_260' title='bbox 2806 1871 2940 1943; x_wconf 89' lang='lat' dir='ltr'><strong>(lsa.</strong></span> <span class='ocrx_word' id='word_1_261' title='bbox 2958 1872 3128 1944; x_wconf 74' lang='lat' dir='ltr'><strong>uri.)</strong></span> <span class='ocrx_word' id='word_1_262' title='bbox 3150 1872 3358 1945; x_wconf 76' lang='lat' dir='ltr'><strong>Digitius</strong></span> <span class='ocrx_word' id='word_1_263' title='bbox 3379 1874 3618 1938; x_wconf 67' lang='lat' dir='ltr'><strong>Domini,</strong></span> <span class='ocrx_word' id='word_1_264' title='bbox 3660 1910 3671 1921; x_wconf 72' lang='grc' dir='ltr'>ι</span> 
     </span>
    </p>
   </div>
   <div class='ocr_carea' id='block_1_19' title="bbox 349 1954 3613 2042">
    <p class='ocr_par' dir='ltr' id='par_1_19' title="bbox 349 1954 3613 2042">
     <span class='ocr_line' id='line_1_19' title="bbox 349 1954 3613 2042; baseline 0.001 -28"><span class='ocrx_word' id='word_1_265' title='bbox 349 1962 546 2031; x_wconf 74' lang='lat' dir='ltr'><strong>{aciem</strong></span> <span class='ocrx_word' id='word_1_266' title='bbox 580 1970 726 2015; x_wconf 83' lang='lat' dir='ltr'><strong>tuam</strong></span> <span class='ocrx_word' id='word_1_267' title='bbox 759 1956 933 2030; x_wconf 76' lang='lat' dir='ltr'><strong>(Psal.</strong></span> <span class='ocrx_word' id='word_1_268' title='bbox 958 1957 1278 2029; x_wconf 79' lang='lat' dir='ltr'><strong>min);ac</strong></span> <span class='ocrx_word' id='word_1_269' title='bbox 1300 1956 1347 2011; x_wconf 88' lang='lat' dir='ltr'><strong>si</strong></span> <span class='ocrx_word' id='word_1_270' title='bbox 1392 1956 1697 2010; x_wconf 73' lang='lat' dir='ltr'><strong>diceretur:</strong></span> <span class='ocrx_word' id='word_1_271' title='bbox 1728 1954 1804 2008; x_wconf 77' lang='lat' dir='ltr'><strong>Da</strong></span> <span class='ocrx_word' id='word_1_272' title='bbox 1835 1968 1931 2008; x_wconf 84' lang='lat' dir='ltr'><strong>uo-</strong></span> <span class='ocrx_word' id='word_1_273' title='bbox 2027 1957 2266 2027; x_wconf 87' lang='lat' dir='ltr'><strong>Spiritus</strong></span> <span class='ocrx_word' id='word_1_274' title='bbox 2314 1970 2554 2024; x_wconf 87' lang='lat' dir='ltr'><strong>sanctus,</strong></span> <span class='ocrx_word' id='word_1_275' title='bbox 2598 1959 2752 2028; x_wconf 86' lang='lat' dir='ltr'><strong>cujus</strong></span> <span class='ocrx_word' id='word_1_276' title='bbox 2797 1961 3109 2031; x_wconf 87' lang='lat' dir='ltr'><strong>operatione</strong></span> <span class='ocrx_word' id='word_1_277' title='bbox 3158 1962 3355 2017; x_wconf 73' lang='lat' dir='ltr'><strong>tabulae</strong></span> <span class='ocrx_word' id='word_1_278' title='bbox 3395 1962 3532 2042; x_wconf 75' lang='lat' dir='ltr'><strong>legis</strong></span> <span class='ocrx_word' id='word_1_279' title='bbox 3558 1963 3613 2018; x_wconf 81' lang='lat' dir='ltr'><strong>in</strong></span> 
     </span>
    </p>
   </div>
   <div class='ocr_carea' id='block_1_20' title="bbox 345 2042 1928 2120">
    <p class='ocr_par' dir='ltr' id='par_1_20' title="bbox 345 2042 1928 2120">
     <span class='ocr_line' id='line_1_20' title="bbox 345 2042 1928 2120; baseline -0.006 -15"><span class='ocrx_word' id='word_1_280' title='bbox 345 2051 429 2106; x_wconf 89' lang='lat' dir='ltr'><strong>bis</strong></span> <span class='ocrx_word' id='word_1_281' title='bbox 465 2051 826 2120; x_wconf 85' lang='lat' dir='ltr'><strong>cognitionem</strong></span> <span class='ocrx_word' id='word_1_282' title='bbox 857 2057 1023 2103; x_wconf 86' lang='lat' dir='ltr'><strong>tuam.</strong></span> <span class='ocrx_word' id='word_1_283' title='bbox 1058 2047 1150 2103; x_wconf 85' lang='lat' dir='ltr'><strong>Sic</strong></span> <span class='ocrx_word' id='word_1_284' title='bbox 1185 2058 1241 2102; x_wconf 86' lang='lat' dir='ltr'><strong>et</strong></span> <span class='ocrx_word' id='word_1_285' title='bbox 1264 2045 1492 2117; x_wconf 86' lang='lat' dir='ltr'><strong>vestigia</strong></span> <span class='ocrx_word' id='word_1_286' title='bbox 1528 2045 1623 2100; x_wconf 88' lang='lat' dir='ltr'><strong>Dei</strong></span> <span class='ocrx_word' id='word_1_287' title='bbox 1653 2042 1928 2109; x_wconf 89' lang='lat' dir='ltr'><strong>dicuntur,</strong></span> 
     </span>
    </p>
   </div>
   <div class='ocr_carea' id='block_1_21' title="bbox 340 2134 1935 2212">
    <p class='ocr_par' dir='ltr' id='par_1_21' title="bbox 340 2134 1935 2212">
     <span class='ocr_line' id='line_1_21' title="bbox 340 2134 1935 2212; baseline -0.006 -15"><span class='ocrx_word' id='word_1_288' title='bbox 340 2143 498 2212; x_wconf 82' lang='lat' dir='ltr'><strong>quod</strong></span> <span class='ocrx_word' id='word_1_289' title='bbox 517 2156 661 2196; x_wconf 85' lang='lat' dir='ltr'><strong>nunc</strong></span> <span class='ocrx_word' id='word_1_290' title='bbox 682 2140 824 2196; x_wconf 86' lang='lat' dir='ltr'><strong>Deus</strong></span> <span class='ocrx_word' id='word_1_291' title='bbox 852 2154 949 2210; x_wconf 86' lang='lat' dir='ltr'><strong>per</strong></span> <span class='ocrx_word' id='word_1_292' title='bbox 978 2138 1253 2210; x_wconf 85' lang='lat' dir='ltr'><strong>speculum</strong></span> <span class='ocrx_word' id='word_1_293' title='bbox 1276 2136 1639 2208; x_wconf 76' lang='lat' dir='ltr'><strong>cognoscitur.</strong></span> <span class='ocrx_word' id='word_1_294' title='bbox 1689 2134 1771 2189; x_wconf 83' lang='lat' dir='ltr'><strong>Ad</strong></span> <span class='ocrx_word' id='word_1_295' title='bbox 1808 2150 1935 2204; x_wconf 81' lang='lat' dir='ltr'><strong>per-</strong></span> 
     </span>
    </p>
   </div>
   <div class='ocr_carea' id='block_1_22' title="bbox 346 2223 1936 2309">
    <p class='ocr_par' dir='ltr' id='par_1_22' title="bbox 346 2223 1936 2309">
     <span class='ocr_line' id='line_1_22' title="bbox 346 2223 1936 2309; baseline -0.006 -23"><span class='ocrx_word' id='word_1_296' title='bbox 346 2232 555 2286; x_wconf 75' lang='lat' dir='ltr'><strong>lectum</strong></span> <span class='ocrx_word' id='word_1_297' title='bbox 591 2245 721 2285; x_wconf 86' lang='lat' dir='ltr'><strong>vero</strong></span> <span class='ocrx_word' id='word_1_298' title='bbox 748 2229 1088 2309; x_wconf 69' lang='lat' dir='ltr'><strong>omnipotens</strong></span> <span class='ocrx_word' id='word_1_299' title='bbox 1122 2228 1445 2298; x_wconf 83' lang='lat' dir='ltr'><strong>reperietur,</strong></span> <span class='ocrx_word' id='word_1_300' title='bbox 1482 2225 1608 2280; x_wconf 87' lang='lat' dir='ltr'><strong>dum</strong></span> <span class='ocrx_word' id='word_1_301' title='bbox 1652 2225 1709 2278; x_wconf 87' lang='lat' dir='ltr'><strong>in</strong></span> <span class='ocrx_word' id='word_1_302' title='bbox 1749 2223 1936 2278; x_wconf 77' lang='lat' dir='ltr'><strong>luntre</strong></span> 
     </span>
    </p>
   </div>
   <div class='ocr_carea' id='block_1_23' title="bbox 344 2320 1934 2394">
    <p class='ocr_par' dir='ltr' id='par_1_23' title="bbox 344 2320 1934 2394">
     <span class='ocr_line' id='line_1_23' title="bbox 344 2320 1934 2394; baseline -0.004 -15"><span class='ocrx_word' id='word_1_303' title='bbox 344 2326 492 2381; x_wconf 76' lang='lat' dir='ltr'><strong>facie</strong></span> <span class='ocrx_word' id='word_1_304' title='bbox 517 2325 588 2381; x_wconf 86' lang='lat' dir='ltr'><strong>ad</strong></span> <span class='ocrx_word' id='word_1_305' title='bbox 624 2324 817 2380; x_wconf 82' lang='lat' dir='ltr'><strong>faciem</strong></span> <span class='ocrx_word' id='word_1_306' title='bbox 860 2324 1162 2394; x_wconf 80' lang='lat' dir='ltr'><strong>quibusque</strong></span> <span class='ocrx_word' id='word_1_307' title='bbox 1197 2321 1384 2377; x_wconf 83' lang='lat' dir='ltr'><strong>electis</strong></span> <span class='ocrx_word' id='word_1_308' title='bbox 1410 2320 1846 2392; x_wconf 69' lang='lat' dir='ltr'><strong>praesentabitur,</strong></span> <span class='ocrx_word' id='word_1_309' title='bbox 1874 2328 1934 2373; x_wconf 89' lang='lat' dir='ltr'><strong>ut</strong></span> 
     </span>
    </p>
   </div>
   <div class='ocr_carea' id='block_1_24' title="bbox 342 2410 1931 2486">
    <p class='ocr_par' dir='ltr' id='par_1_24' title="bbox 342 2410 1931 2486">
     <span class='ocr_line' id='line_1_24' title="bbox 342 2410 1931 2486; baseline -0.007 -13"><span class='ocrx_word' id='word_1_310' title='bbox 342 2419 524 2486; x_wconf 86' lang='lat' dir='ltr'><strong>ipsam</strong></span> <span class='ocrx_word' id='word_1_311' title='bbox 555 2415 787 2485; x_wconf 85' lang='lat' dir='ltr'><strong>speciem</strong></span> <span class='ocrx_word' id='word_1_312' title='bbox 810 2413 1265 2484; x_wconf 83' lang='lat' dir='ltr'><strong>contemplemur,</strong></span> <span class='ocrx_word' id='word_1_313' title='bbox 1310 2412 1465 2482; x_wconf 86' lang='lat' dir='ltr'><strong>cujus</strong></span> <span class='ocrx_word' id='word_1_314' title='bbox 1510 2426 1656 2466; x_wconf 88' lang='lat' dir='ltr'><strong>nunc</strong></span> <span class='ocrx_word' id='word_1_315' title='bbox 1704 2410 1931 2479; x_wconf 84' lang='lat' dir='ltr'><strong>vestigia</strong></span> 
     </span>
    </p>
   </div>
   <div class='ocr_carea' id='block_1_25' title="bbox 338 2500 1934 2578">
    <p class='ocr_par' dir='ltr' id='par_1_25' title="bbox 338 2500 1934 2578">
     <span class='ocr_line' id='line_1_25' title="bbox 338 2500 1934 2578; baseline -0.006 -15"><span class='ocrx_word' id='word_1_316' title='bbox 338 2506 811 2578; x_wconf 83' lang='lat' dir='ltr'><strong>comprehendere</strong></span> <span class='ocrx_word' id='word_1_317' title='bbox 832 2512 1118 2569; x_wconf 84' lang='lat' dir='ltr'><strong>conantur,</strong></span> <span class='ocrx_word' id='word_1_318' title='bbox 1158 2503 1262 2561; x_wconf 86' lang='lat' dir='ltr'><strong>hoc</strong></span> <span class='ocrx_word' id='word_1_319' title='bbox 1302 2510 1408 2567; x_wconf 86' lang='lat' dir='ltr'><strong>est,</strong></span> <span class='ocrx_word' id='word_1_320' title='bbox 1433 2517 1594 2572; x_wconf 83' lang='lat' dir='ltr'><strong>quem</strong></span> <span class='ocrx_word' id='word_1_321' title='bbox 1629 2500 1813 2555; x_wconf 82' lang='lat' dir='ltr'><strong>videre</strong></span> <span class='ocrx_word' id='word_1_322' title='bbox 1836 2515 1934 2569; x_wconf 84' lang='lat' dir='ltr'><strong>per</strong></span> 
     </span>
    </p>
   </div>
   <div class='ocr_carea' id='block_1_26' title="bbox 337 2591 1935 2669">
    <p class='ocr_par' dir='ltr' id='par_1_26' title="bbox 337 2591 1935 2669">
     <span class='ocr_line' id='line_1_26' title="bbox 337 2591 1935 2669; baseline -0.006 -14"><span class='ocrx_word' id='word_1_323' title='bbox 337 2599 631 2669; x_wconf 80' lang='lat' dir='ltr'><strong>speculum</strong></span> <span class='ocrx_word' id='word_1_324' title='bbox 649 2597 921 2653; x_wconf 77' lang='lat' dir='ltr'><strong>dicuntur.</strong></span> <span class='ocrx_word' id='word_1_325' title='bbox 969 2595 1103 2650; x_wconf 81' lang='lat' dir='ltr'><strong>Nam</strong></span> <span class='ocrx_word' id='word_1_326' title='bbox 1127 2603 1184 2650; x_wconf 88' lang='lat' dir='ltr'><strong>et</strong></span> <span class='ocrx_word' id='word_1_327' title='bbox 1209 2595 1366 2657; x_wconf 87' lang='lat' dir='ltr'><strong>situs,</strong></span> <span class='ocrx_word' id='word_1_328' title='bbox 1396 2602 1453 2648; x_wconf 88' lang='lat' dir='ltr'><strong>et</strong></span> <span class='ocrx_word' id='word_1_329' title='bbox 1499 2592 1729 2654; x_wconf 73' lang='lat' dir='ltr'><strong>habitus,</strong></span> <span class='ocrx_word' id='word_1_330' title='bbox 1749 2600 1813 2651; x_wconf 72' lang='grc' dir='ltr'><strong>,ει</strong></span> <span class='ocrx_word' id='word_1_331' title='bbox 1856 2591 1935 2645; x_wconf 86' lang='grc' dir='ltr'><strong>Ιο-</strong></span> 
     </span>
    </p>
   </div>
   <div class='ocr_carea' id='block_1_27' title="bbox 337 2681 1930 2757">
    <p class='ocr_par' dir='ltr' id='par_1_27' title="bbox 337 2681 1930 2757">
     <span class='ocr_line' id='line_1_27' title="bbox 337 2681 1930 2757; baseline -0.006 -12"><span class='ocrx_word' id='word_1_332' title='bbox 337 2702 458 2755; x_wconf 82' lang='lat' dir='ltr'><strong>cus,</strong></span> <span class='ocrx_word' id='word_1_333' title='bbox 491 2697 548 2743; x_wconf 92' lang='lat' dir='ltr'><strong>et</strong></span> <span class='ocrx_word' id='word_1_334' title='bbox 584 2697 793 2757; x_wconf 84' lang='lat' dir='ltr'><strong>tempus</strong></span> <span class='ocrx_word' id='word_1_335' title='bbox 830 2687 882 2740; x_wconf 89' lang='lat' dir='ltr'><strong>in</strong></span> <span class='ocrx_word' id='word_1_336' title='bbox 913 2686 1024 2740; x_wconf 86' lang='lat' dir='ltr'><strong>Deo</strong></span> <span class='ocrx_word' id='word_1_337' title='bbox 1068 2700 1174 2740; x_wconf 88' lang='lat' dir='ltr'><strong>non</strong></span> <span class='ocrx_word' id='word_1_338' title='bbox 1204 2684 1440 2754; x_wconf 71' lang='lat' dir='ltr'><strong>proprie,</strong></span> <span class='ocrx_word' id='word_1_339' title='bbox 1472 2682 1568 2737; x_wconf 90' lang='lat' dir='ltr'><strong>sed</strong></span> <span class='ocrx_word' id='word_1_340' title='bbox 1596 2697 1693 2750; x_wconf 80' lang='lat' dir='ltr'><strong>per</strong></span> <span class='ocrx_word' id='word_1_341' title='bbox 1734 2681 1930 2737; x_wconf 87' lang='lat' dir='ltr'><strong>simili-</strong></span> 
     </span>
    </p>
   </div>
   <div class='ocr_carea' id='block_1_28' title="bbox 339 2775 1934 2844">
    <p class='ocr_par' dir='ltr' id='par_1_28' title="bbox 339 2775 1934 2844">
     <span class='ocr_line' id='line_1_28' title="bbox 339 2775 1934 2844; baseline -0.006 -8"><span class='ocrx_word' id='word_1_342' title='bbox 339 2782 599 2837; x_wconf 84' lang='lat' dir='ltr'><strong>tudinem</strong></span> <span class='ocrx_word' id='word_1_343' title='bbox 647 2779 909 2834; x_wconf 76' lang='lat' dir='ltr'><strong>translate</strong></span> <span class='ocrx_word' id='word_1_344' title='bbox 952 2779 1224 2832; x_wconf 79' lang='lat' dir='ltr'><strong>dicuntur.</strong></span> <span class='ocrx_word' id='word_1_345' title='bbox 1283 2777 1483 2831; x_wconf 81' lang='lat' dir='ltr'><strong>Sedere</strong></span> <span class='ocrx_word' id='word_1_346' title='bbox 1527 2775 1725 2844; x_wconf 85' lang='lat' dir='ltr'><strong>quippe</strong></span> <span class='ocrx_word' id='word_1_347' title='bbox 1770 2788 1934 2842; x_wconf 86' lang='lat' dir='ltr'><strong>super</strong></span> 
     </span>
    </p>
   </div>
   <div class='ocr_carea' id='block_1_29' title="bbox 339 2866 1931 2939">
    <p class='ocr_par' dir='ltr' id='par_1_29' title="bbox 339 2866 1931 2939">
     <span class='ocr_line' id='line_1_29' title="bbox 339 2866 1931 2939; baseline -0.006 -11"><span class='ocrx_word' id='word_1_348' title='bbox 339 2873 617 2928; x_wconf 83' lang='lat' dir='ltr'><strong>cherubin</strong></span> <span class='ocrx_word' id='word_1_349' title='bbox 646 2871 863 2936; x_wconf 82' lang='lat' dir='ltr'><strong>dicitur,</strong></span> <span class='ocrx_word' id='word_1_350' title='bbox 891 2869 1036 2939; x_wconf 91' lang='lat' dir='ltr'><strong>quod</strong></span> <span class='ocrx_word' id='word_1_351' title='bbox 1059 2877 1143 2924; x_wconf 87' lang='lat' dir='ltr'><strong>est</strong></span> <span class='ocrx_word' id='word_1_352' title='bbox 1182 2868 1248 2922; x_wconf 90' lang='lat' dir='ltr'><strong>ad</strong></span> <span class='ocrx_word' id='word_1_353' title='bbox 1278 2869 1442 2923; x_wconf 87' lang='lat' dir='ltr'><strong>situm</strong></span> <span class='ocrx_word' id='word_1_354' title='bbox 1468 2883 1482 2931; x_wconf 91' lang='lat'><strong>;</strong></span> <span class='ocrx_word' id='word_1_355' title='bbox 1505 2875 1565 2922; x_wconf 89' lang='lat' dir='ltr'><strong>et</strong></span> <span class='ocrx_word' id='word_1_356' title='bbox 1588 2866 1783 2936; x_wconf 81' lang='lat' dir='ltr'><strong>abysso</strong></span> <span class='ocrx_word' id='word_1_357' title='bbox 1811 2873 1931 2919; x_wconf 81' lang='lat' dir='ltr'><strong>tan-</strong></span> 
     </span>
    </p>
   </div>
   <div class='ocr_carea' id='block_1_30' title="bbox 216 2955 1929 3033">
    <p class='ocr_par' dir='ltr' id='par_1_30' title="bbox 216 2955 1929 3033">
     <span class='ocr_line' id='line_1_30' title="bbox 216 2955 1929 3033; baseline -0.006 -15"><span class='ocrx_word' id='word_1_358' title='bbox 216 2981 223 2987; x_wconf 92' lang='grc'><strong>·</strong></span> <span class='ocrx_word' id='word_1_359' title='bbox 333 2977 511 3033; x_wconf 87' lang='lat' dir='ltr'><strong>quam</strong></span> <span class='ocrx_word' id='word_1_360' title='bbox 536 2961 853 3017; x_wconf 84' lang='lat' dir='ltr'><strong>vestimento</strong></span> <span class='ocrx_word' id='word_1_361' title='bbox 881 2959 1135 3022; x_wconf 87' lang='lat' dir='ltr'><strong>amictus,</strong></span> <span class='ocrx_word' id='word_1_362' title='bbox 1163 2958 1307 3028; x_wconf 79' lang='lat' dir='ltr'><strong>quod</strong></span> <span class='ocrx_word' id='word_1_363' title='bbox 1329 2956 1413 3011; x_wconf 87' lang='lat' dir='ltr'><strong>est</strong></span> <span class='ocrx_word' id='word_1_364' title='bbox 1438 2955 1506 3009; x_wconf 89' lang='lat' dir='ltr'><strong>ad</strong></span> <span class='ocrx_word' id='word_1_365' title='bbox 1534 2956 1810 3020; x_wconf 86' lang='lat' dir='ltr'><strong>habitum;</strong></span> <span class='ocrx_word' id='word_1_366' title='bbox 1838 2963 1929 3008; x_wconf 88' lang='lat' dir='ltr'><strong>et:</strong></span> 
     </span>
    </p>
   </div>
   <div class='ocr_carea' id='block_1_31' title="bbox 335 3045 1934 3130">
    <p class='ocr_par' dir='ltr' id='par_1_31' title="bbox 335 3045 1934 3130">
     <span class='ocr_line' id='line_1_31' title="bbox 335 3045 1934 3130; baseline -0.006 -20"><span class='ocrx_word' id='word_1_367' title='bbox 335 3056 483 3111; x_wconf 80' lang='lat' dir='ltr'><strong>Anni</strong></span> <span class='ocrx_word' id='word_1_368' title='bbox 514 3055 589 3108; x_wconf 85' lang='lat' dir='ltr'><strong>tui</strong></span> <span class='ocrx_word' id='word_1_369' title='bbox 637 3070 742 3130; x_wconf 85' lang='lat' dir='ltr'><strong>non</strong></span> <span class='ocrx_word' id='word_1_370' title='bbox 785 3052 1021 3121; x_wconf 81' lang='lat' dir='ltr'><strong>deﬁcient</strong></span> <span class='ocrx_word' id='word_1_371' title='bbox 1064 3047 1372 3121; x_wconf 79' lang='lat' dir='ltr'><strong>(Psal.CI);</strong></span> <span class='ocrx_word' id='word_1_372' title='bbox 1420 3045 1560 3118; x_wconf 82' lang='lat' dir='ltr'><strong>quod</strong></span> <span class='ocrx_word' id='word_1_373' title='bbox 1610 3047 1676 3100; x_wconf 89' lang='lat' dir='ltr'><strong>ad</strong></span> <span class='ocrx_word' id='word_1_374' title='bbox 1726 3054 1934 3116; x_wconf 86' lang='lat' dir='ltr'><strong>tempus</strong></span> 
     </span>
    </p>
   </div>
   <div class='ocr_carea' id='block_1_32' title="bbox 333 3131 1928 3217">
    <p class='ocr_par' dir='ltr' id='par_1_32' title="bbox 333 3131 1928 3217">
     <span class='ocr_line' id='line_1_32' title="bbox 333 3131 1928 3217; baseline -0.009 -17"><span class='ocrx_word' id='word_1_375' title='bbox 333 3146 615 3217; x_wconf 76' lang='lat' dir='ltr'><strong>pertinet;</strong></span> <span class='ocrx_word' id='word_1_376' title='bbox 643 3152 725 3197; x_wconf 88' lang='lat' dir='ltr'><strong>et:</strong></span> <span class='ocrx_word' id='word_1_377' title='bbox 758 3142 818 3198; x_wconf 89' lang='lat' dir='ltr'><strong>Si</strong></span> <span class='ocrx_word' id='word_1_378' title='bbox 847 3140 1128 3196; x_wconf 81' lang='lat' dir='ltr'><strong>ascendero</strong></span> <span class='ocrx_word' id='word_1_379' title='bbox 1152 3140 1207 3193; x_wconf 84' lang='lat' dir='ltr'><strong>in</strong></span> <span class='ocrx_word' id='word_1_380' title='bbox 1233 3138 1440 3196; x_wconf 83' lang='lat' dir='ltr'><strong>ctclum,</strong></span> <span class='ocrx_word' id='word_1_381' title='bbox 1467 3146 1524 3189; x_wconf 90' lang='lat' dir='ltr'><strong>tu</strong></span> <span class='ocrx_word' id='word_1_382' title='bbox 1545 3134 1654 3189; x_wconf 83' lang='lat' dir='ltr'><strong>illic</strong></span> <span class='ocrx_word' id='word_1_383' title='bbox 1679 3152 1732 3189; x_wconf 85' lang='lat' dir='ltr'><strong>es</strong></span> <span class='ocrx_word' id='word_1_384' title='bbox 1756 3131 1928 3207; x_wconf 81' lang='lat' dir='ltr'><strong>(Psal.</strong></span> 
     </span>
    </p>
   </div>
   <div class='ocr_carea' id='block_1_33' title="bbox 2030 2048 3614 2124">
    <p class='ocr_par' dir='ltr' id='par_1_33' title="bbox 2030 2048 3614 2124">
     <span class='ocr_line' id='line_1_33' title="bbox 2030 2048 3614 2124; baseline 0.003 -21"><span class='ocrx_word' id='word_1_385' title='bbox 2030 2048 2216 2103; x_wconf 78' lang='lat' dir='ltr'><strong>Exodo</strong></span> <span class='ocrx_word' id='word_1_386' title='bbox 2238 2049 2454 2119; x_wconf 83' lang='lat' dir='ltr'><strong>scriptae</strong></span> <span class='ocrx_word' id='word_1_387' title='bbox 2504 2048 2845 2115; x_wconf 78' lang='lat' dir='ltr'><strong>referuntur;</strong></span> <span class='ocrx_word' id='word_1_388' title='bbox 2896 2060 2952 2106; x_wconf 89' lang='lat' dir='ltr'><strong>et</strong></span> <span class='ocrx_word' id='word_1_389' title='bbox 2997 2052 3050 2106; x_wconf 91' lang='lat' dir='ltr'><strong>in</strong></span> <span class='ocrx_word' id='word_1_390' title='bbox 3099 2052 3427 2124; x_wconf 81' lang='lat' dir='ltr'><strong>Evangelio:</strong></span> <span class='ocrx_word' id='word_1_391' title='bbox 3470 2052 3614 2109; x_wconf 75' lang='lat' dir='ltr'><strong>Si‘in</strong></span> 
     </span>
    </p>
   </div>
   <div class='ocr_carea' id='block_1_34' title="bbox 2029 2139 3613 2213">
    <p class='ocr_par' dir='ltr' id='par_1_34' title="bbox 2029 2139 3613 2213">
     <span class='ocr_line' id='line_1_34' title="bbox 2029 2139 3613 2213; baseline 0.003 -21"><span class='ocrx_word' id='word_1_392' title='bbox 2029 2139 2193 2209; x_wconf 83' lang='lat' dir='ltr'><strong>digito</strong></span> <span class='ocrx_word' id='word_1_393' title='bbox 2218 2139 2318 2193; x_wconf 86' lang='lat' dir='ltr'><strong>Dei</strong></span> <span class='ocrx_word' id='word_1_394' title='bbox 2343 2139 2498 2209; x_wconf 83' lang='lat' dir='ltr'><strong>cjicio</strong></span> <span class='ocrx_word' id='word_1_395' title='bbox 2520 2140 2802 2194; x_wconf 76' lang='lat' dir='ltr'><strong>da’mont&#39;a.</strong></span> <span class='ocrx_word' id='word_1_396' title='bbox 2848 2142 3007 2211; x_wconf 79' lang='lat' dir='ltr'><strong>Digiti</strong></span> <span class='ocrx_word' id='word_1_397' title='bbox 3034 2142 3266 2209; x_wconf 86' lang='lat' dir='ltr'><strong>Domini,</strong></span> <span class='ocrx_word' id='word_1_398' title='bbox 3315 2143 3613 2213; x_wconf 83' lang='lat' dir='ltr'><strong>legislator,</strong></span> 
     </span>
    </p>
   </div>
   <div class='ocr_carea' id='block_1_35' title="bbox 2032 2228 3614 2301">
    <p class='ocr_par' dir='ltr' id='par_1_35' title="bbox 2032 2228 3614 2301">
     <span class='ocr_line' id='line_1_35' title="bbox 2032 2228 3614 2301; baseline 0.003 -19"><span class='ocrx_word' id='word_1_399' title='bbox 2032 2228 2264 2299; x_wconf 74' lang='lat' dir='ltr'><strong>Moyses,</strong></span> <span class='ocrx_word' id='word_1_400' title='bbox 2291 2229 2407 2283; x_wconf 84' lang='lat' dir='ltr'><strong>sive</strong></span> <span class='ocrx_word' id='word_1_401' title='bbox 2422 2229 2718 2299; x_wconf 58' lang='lat' dir='ltr'><strong>propheta,</strong></span> <span class='ocrx_word' id='word_1_402' title='bbox 2750 2238 2809 2284; x_wconf 89' lang='lat' dir='ltr'><strong>ut</strong></span> <span class='ocrx_word' id='word_1_403' title='bbox 2835 2231 2892 2284; x_wconf 90' lang='lat' dir='ltr'><strong>in</strong></span> <span class='ocrx_word' id='word_1_404' title='bbox 2915 2233 3160 2301; x_wconf 87' lang='lat' dir='ltr'><strong>psalmo:</strong></span> <span class='ocrx_word' id='word_1_405' title='bbox 3222 2231 3413 2288; x_wconf 80' lang='lat' dir='ltr'><strong>Videbo</strong></span> <span class='ocrx_word' id='word_1_406' title='bbox 3436 2237 3614 2295; x_wconf 66' lang='lat' dir='ltr'><strong>catos,</strong></span> 
     </span>
    </p>
   </div>
   <div class='ocr_carea' id='block_1_36' title="bbox 2030 2321 3617 2395">
    <p class='ocr_par' dir='ltr' id='par_1_36' title="bbox 2030 2321 3617 2395">
     <span class='ocr_line' id='line_1_36' title="bbox 2030 2321 3617 2395; baseline 0 -19"><span class='ocrx_word' id='word_1_407' title='bbox 2030 2321 2135 2377; x_wconf 78' lang='lat' dir='ltr'><strong>hoc</strong></span> <span class='ocrx_word' id='word_1_408' title='bbox 2161 2330 2270 2387; x_wconf 86' lang='lat' dir='ltr'><strong>est,</strong></span> <span class='ocrx_word' id='word_1_409' title='bbox 2300 2321 2434 2392; x_wconf 86' lang='lat' dir='ltr'><strong>legis</strong></span> <span class='ocrx_word' id='word_1_410' title='bbox 2457 2321 2623 2377; x_wconf 86' lang='lat' dir='ltr'><strong>libros</strong></span> <span class='ocrx_word' id='word_1_411' title='bbox 2649 2330 2707 2376; x_wconf 87' lang='lat' dir='ltr'><strong>et</strong></span> <span class='ocrx_word' id='word_1_412' title='bbox 2728 2324 3134 2393; x_wconf 81' lang='lat' dir='ltr'><strong>prophetarum,</strong></span> <span class='ocrx_word' id='word_1_413' title='bbox 3153 2341 3309 2393; x_wconf 82' lang='lat' dir='ltr'><strong>opera</strong></span> <span class='ocrx_word' id='word_1_414' title='bbox 3331 2325 3617 2395; x_wconf 75' lang='lat' dir='ltr'><strong>digitorum</strong></span> 
     </span>
    </p>
   </div>
   <div class='ocr_carea' id='block_1_37' title="bbox 2029 2407 3616 2483">
    <p class='ocr_par' dir='ltr' id='par_1_37' title="bbox 2029 2407 3616 2483">
     <span class='ocr_line' id='line_1_37' title="bbox 2029 2407 3616 2483; baseline -0.001 -18"><span class='ocrx_word' id='word_1_415' title='bbox 2029 2421 2242 2465; x_wconf 80' lang='lat' dir='ltr'><strong>tuorum</strong></span> <span class='ocrx_word' id='word_1_416' title='bbox 2287 2408 2624 2483; x_wconf 83' lang='lat' dir='ltr'><strong>(Psol.vm).</strong></span> <span class='ocrx_word' id='word_1_417' title='bbox 2655 2410 2955 2481; x_wconf 80' lang='lat' dir='ltr'><strong>Sapientia,</strong></span> <span class='ocrx_word' id='word_1_418' title='bbox 3008 2413 3105 2467; x_wconf 88' lang='lat' dir='ltr'><strong>Dei</strong></span> <span class='ocrx_word' id='word_1_419' title='bbox 3151 2412 3359 2476; x_wconf 68' lang='lat' dir='ltr'><strong>Filius...</strong></span> <span class='ocrx_word' id='word_1_420' title='bbox 3386 2412 3445 2466; x_wconf 89' lang='lat' dir='ltr'><strong>in</strong></span> <span class='ocrx_word' id='word_1_421' title='bbox 3469 2407 3616 2482; x_wconf 83' lang='lat' dir='ltr'><strong>Apo-</strong></span> 
     </span>
    </p>
   </div>
   <div class='ocr_carea' id='block_1_38' title="bbox 2029 2504 3613 2575">
    <p class='ocr_par' dir='ltr' id='par_1_38' title="bbox 2029 2504 3613 2575">
     <span class='ocr_line' id='line_1_38' title="bbox 2029 2504 3613 2575; baseline -0.003 -15"><span class='ocrx_word' id='word_1_422' title='bbox 2029 2505 2208 2560; x_wconf 85' lang='lat' dir='ltr'><strong>stolo:</strong></span> <span class='ocrx_word' id='word_1_423' title='bbox 2239 2504 2481 2558; x_wconf 70' lang='lat' dir='ltr'><strong>Christus</strong></span> <span class='ocrx_word' id='word_1_424' title='bbox 2510 2504 2606 2558; x_wconf 85' lang='lat' dir='ltr'><strong>Dei</strong></span> <span class='ocrx_word' id='word_1_425' title='bbox 2635 2507 2795 2559; x_wconf 75' lang='lat' dir='ltr'><strong>vinus</strong></span> <span class='ocrx_word' id='word_1_426' title='bbox 2828 2514 2877 2559; x_wconf 85' lang='lat' dir='ltr'><strong>et</strong></span> <span class='ocrx_word' id='word_1_427' title='bbox 2906 2504 3283 2575; x_wconf 78' lang='lat' dir='ltr'><strong>Dei-sapientia</strong></span> <span class='ocrx_word' id='word_1_428' title='bbox 3304 2504 3359 2575; x_wconf 79' lang='lat'><strong>(1</strong></span> <span class='ocrx_word' id='word_1_429' title='bbox 3387 2504 3508 2559; x_wconf 86' lang='lat' dir='ltr'><strong>Cor.</strong></span> <span class='ocrx_word' id='word_1_430' title='bbox 3541 2504 3613 2575; x_wconf 88' lang='lat' dir='ltr'><strong>I);</strong></span> 
     </span>
    </p>
   </div>
   <div class='ocr_carea' id='block_1_39' title="bbox 2026 2593 3618 2664">
    <p class='ocr_par' dir='ltr' id='par_1_39' title="bbox 2026 2593 3618 2664">
     <span class='ocr_line' id='line_1_39' title="bbox 2026 2593 3618 2664; baseline -0.003 -14"><span class='ocrx_word' id='word_1_431' title='bbox 2026 2604 2086 2651; x_wconf 87' lang='lat' dir='ltr'><strong>et</strong></span> <span class='ocrx_word' id='word_1_432' title='bbox 2114 2596 2167 2649; x_wconf 85' lang='lat' dir='ltr'><strong>in</strong></span> <span class='ocrx_word' id='word_1_433' title='bbox 2220 2594 2545 2649; x_wconf 73' lang='lat' dir='ltr'><strong>Salernum:</strong></span> <span class='ocrx_word' id='word_1_434' title='bbox 2598 2594 2869 2664; x_wconf 81' lang='lat' dir='ltr'><strong>Sapientia</strong></span> <span class='ocrx_word' id='word_1_435' title='bbox 2915 2594 3129 2648; x_wconf 84' lang='lat' dir='ltr'><strong>Domini</strong></span> <span class='ocrx_word' id='word_1_436' title='bbox 3178 2595 3386 2664; x_wconf 82' lang='lat' dir='ltr'><strong>attingit</strong></span> <span class='ocrx_word' id='word_1_437' title='bbox 3428 2610 3463 2646; x_wconf 91' lang='lat' dir='ltr'><strong>a</strong></span> <span class='ocrx_word' id='word_1_438' title='bbox 3512 2593 3618 2661; x_wconf 75' lang='lat' dir='ltr'><strong>fine</strong></span> 
     </span>
    </p>
   </div>
   <div class='ocr_carea' id='block_1_40' title="bbox 2032 2683 3647 2757">
    <p class='ocr_par' dir='ltr' id='par_1_40' title="bbox 2032 2683 3647 2757">
     <span class='ocr_line' id='line_1_40' title="bbox 2032 2683 3647 2757; baseline -0.002 -16"><span class='ocrx_word' id='word_1_439' title='bbox 2032 2703 2195 2757; x_wconf 80' lang='lat' dir='ltr'><strong>usque</strong></span> <span class='ocrx_word' id='word_1_440' title='bbox 2241 2687 2308 2739; x_wconf 82' lang='lat' dir='ltr'><strong>ad</strong></span> <span class='ocrx_word' id='word_1_441' title='bbox 2352 2685 2511 2755; x_wconf 70' lang='lat' dir='ltr'><strong>ﬁnem</strong></span> <span class='ocrx_word' id='word_1_442' title='bbox 2558 2685 2767 2754; x_wconf 76' lang='lat' dir='ltr'><strong>fortiter</strong></span> <span class='ocrx_word' id='word_1_443' title='bbox 2806 2683 2958 2756; x_wconf 87' lang='lat' dir='ltr'><strong>(Sop.</strong></span> <span class='ocrx_word' id='word_1_444' title='bbox 2985 2684 3122 2756; x_wconf 73' lang='lat' dir='ltr'><strong>vui).</strong></span> <span class='ocrx_word' id='word_1_445' title='bbox 3159 2684 3355 2741; x_wconf 76' lang='lat' dir='ltr'><strong>Btcrus</strong></span> <span class='ocrx_word' id='word_1_446' title='bbox 3381 2684 3647 2749; x_wconf 32' lang='lat' dir='ltr'><strong>Dominih</strong></span> 
     </span>
    </p>
   </div>
   <div class='ocr_carea' id='block_1_41' title="bbox 2032 2775 3616 2846">
    <p class='ocr_par' dir='ltr' id='par_1_41' title="bbox 2032 2775 3616 2846">
     <span class='ocr_line' id='line_1_41' title="bbox 2032 2775 3616 2846; baseline -0.003 -13"><span class='ocrx_word' id='word_1_447' title='bbox 2032 2786 2301 2833; x_wconf 82' lang='lat' dir='ltr'><strong>secretum</strong></span> <span class='ocrx_word' id='word_1_448' title='bbox 2344 2776 2657 2841; x_wconf 81' lang='lat' dir='ltr'><strong>divinitatis,</strong></span> <span class='ocrx_word' id='word_1_449' title='bbox 2703 2791 2770 2831; x_wconf 78' lang='lat' dir='ltr'><strong>ex</strong></span> <span class='ocrx_word' id='word_1_450' title='bbox 2817 2791 2930 2846; x_wconf 89' lang='lat' dir='ltr'><strong>quo</strong></span> <span class='ocrx_word' id='word_1_451' title='bbox 2974 2775 3168 2831; x_wconf 75' lang='lat' dir='ltr'><strong>Filium</strong></span> <span class='ocrx_word' id='word_1_452' title='bbox 3193 2776 3616 2846; x_wconf 71' lang='lat' dir='ltr'><strong>protulit,ut.iu</strong></span> 
     </span>
    </p>
   </div>
   <div class='ocr_carea' id='block_1_42' title="bbox 2031 2851 3612 2940">
    <p class='ocr_par' dir='ltr' id='par_1_42' title="bbox 2031 2851 3612 2940">
     <span class='ocr_line' id='line_1_42' title="bbox 2031 2851 3612 2940; baseline 0 -18"><span class='ocrx_word' id='word_1_453' title='bbox 2031 2869 2238 2940; x_wconf 79' lang='lat' dir='ltr'><strong>psalmo</strong></span> <span class='ocrx_word' id='word_1_454' title='bbox 2263 2887 2275 2922; x_wconf 93' lang='lat'><strong>:</strong></span> <span class='ocrx_word' id='word_1_455' title='bbox 2418 2878 2567 2923; x_wconf 81' lang='lat' dir='ltr'><strong>utero</strong></span> <span class='ocrx_word' id='word_1_456' title='bbox 2593 2877 2713 2923; x_wconf 65' lang='lat' dir='ltr'><strong>arcte</strong></span> <span class='ocrx_word' id='word_1_457' title='bbox 2734 2869 3013 2938; x_wconf 76' lang='lat' dir='ltr'><strong>luciferum</strong></span> <span class='ocrx_word' id='word_1_458' title='bbox 3027 2870 3183 2940; x_wconf 82' lang='lat' dir='ltr'><strong>genui</strong></span> <span class='ocrx_word' id='word_1_459' title='bbox 3208 2880 3259 2922; x_wconf 89' lang='lat' dir='ltr'><strong>te</strong></span> <span class='ocrx_word' id='word_1_460' title='bbox 3288 2865 3460 2939; x_wconf 78' lang='lat' dir='ltr'><strong>(Psal.</strong></span> <span class='ocrx_word' id='word_1_461' title='bbox 3477 2871 3612 2940; x_wconf 74' lang='lat' dir='ltr'><strong>CIX).</strong></span> 
     </span>
    </p>
   </div>
   <div class='ocr_carea' id='block_1_43' title="bbox 2031 2956 3612 3026">
    <p class='ocr_par' dir='ltr' id='par_1_43' title="bbox 2031 2956 3612 3026">
     <span class='ocr_line' id='line_1_43' title="bbox 2031 2956 3612 3026; baseline -0.003 -12"><span class='ocrx_word' id='word_1_462' title='bbox 2031 2959 2202 3014; x_wconf 84' lang='lat' dir='ltr'><strong>Pedes</strong></span> <span class='ocrx_word' id='word_1_463' title='bbox 2233 2957 2463 3023; x_wconf 78' lang='lat' dir='ltr'><strong>Domini,</strong></span> <span class='ocrx_word' id='word_1_464' title='bbox 2504 2958 2772 3013; x_wconf 85' lang='lat' dir='ltr'><strong>stabilitas</strong></span> <span class='ocrx_word' id='word_1_465' title='bbox 2799 2959 3139 3023; x_wconf 72' lang='lat' dir='ltr'><strong>mternitalis,</strong></span> <span class='ocrx_word' id='word_1_466' title='bbox 3186 2968 3244 3012; x_wconf 90' lang='lat' dir='ltr'><strong>ut</strong></span> <span class='ocrx_word' id='word_1_467' title='bbox 3276 2960 3328 3012; x_wconf 91' lang='lat' dir='ltr'><strong>in</strong></span> <span class='ocrx_word' id='word_1_468' title='bbox 3369 2956 3612 3026; x_wconf 82' lang='lat' dir='ltr'><strong>psalmo:</strong></span> 
     </span>
    </p>
   </div>
   <div class='ocr_carea' id='block_1_44' title="bbox 2032 3046 3617 3121">
    <p class='ocr_par' dir='ltr' id='par_1_44' title="bbox 2032 3046 3617 3121">
     <span class='ocr_line' id='line_1_44' title="bbox 2032 3046 3617 3121; baseline -0.001 -15"><span class='ocrx_word' id='word_1_469' title='bbox 2032 3046 2107 3106; x_wconf 82' lang='lat' dir='ltr'><strong>Et</strong></span> <span class='ocrx_word' id='word_1_470' title='bbox 2125 3050 2296 3121; x_wconf 65' lang='lat' dir='ltr'><strong>caiigo</strong></span> <span class='ocrx_word' id='word_1_471' title='bbox 2333 3050 2430 3104; x_wconf 89' lang='lat' dir='ltr'><strong>sub</strong></span> <span class='ocrx_word' id='word_1_472' title='bbox 2452 3050 2667 3121; x_wconf 79' lang='lat' dir='ltr'><strong>pedibus</strong></span> <span class='ocrx_word' id='word_1_473' title='bbox 2688 3050 2804 3119; x_wconf 87' lang='lat' dir='ltr'><strong>ejus</strong></span> <span class='ocrx_word' id='word_1_474' title='bbox 2826 3047 3000 3120; x_wconf 85' lang='lat' dir='ltr'><strong>(Psal.</strong></span> <span class='ocrx_word' id='word_1_475' title='bbox 3023 3049 3180 3121; x_wconf 85' lang='lat' dir='ltr'><strong>xvu).</strong></span> <span class='ocrx_word' id='word_1_476' title='bbox 3229 3048 3481 3105; x_wconf 85' lang='lat' dir='ltr'><strong>Tbronus</strong></span> <span class='ocrx_word' id='word_1_477' title='bbox 3512 3049 3617 3104; x_wconf 91' lang='lat' dir='ltr'><strong>Do-</strong></span> 
     </span>
    </p>
   </div>
   <div class='ocr_carea' id='block_1_45' title="bbox 2031 3140 3616 3212">
    <p class='ocr_par' dir='ltr' id='par_1_45' title="bbox 2031 3140 3616 3212">
     <span class='ocr_line' id='line_1_45' title="bbox 2031 3140 3616 3212; baseline -0.001 -15"><span class='ocrx_word' id='word_1_478' title='bbox 2031 3142 2186 3206; x_wconf 83' lang='lat' dir='ltr'><strong>mini,</strong></span> <span class='ocrx_word' id='word_1_479' title='bbox 2217 3140 2414 3212; x_wconf 73' lang='lat' dir='ltr'><strong>angeli,</strong></span> <span class='ocrx_word' id='word_1_480' title='bbox 2438 3140 2554 3195; x_wconf 89' lang='lat' dir='ltr'><strong>sive</strong></span> <span class='ocrx_word' id='word_1_481' title='bbox 2577 3140 2770 3205; x_wconf 86' lang='lat' dir='ltr'><strong>sancti,</strong></span> <span class='ocrx_word' id='word_1_482' title='bbox 2801 3140 2885 3195; x_wconf 78' lang='lat' dir='ltr'><strong>vel</strong></span> <span class='ocrx_word' id='word_1_483' title='bbox 2911 3140 3025 3211; x_wconf 88' lang='lat' dir='ltr'><strong>ipsa</strong></span> <span class='ocrx_word' id='word_1_484' title='bbox 3056 3141 3315 3212; x_wconf 86' lang='lat' dir='ltr'><strong>regnandi</strong></span> <span class='ocrx_word' id='word_1_485' title='bbox 3352 3147 3616 3211; x_wconf 88' lang='lat' dir='ltr'><strong>potestas,</strong></span> 
     </span>
    </p>
   </div>
   <div class='ocr_carea' id='block_1_46' title="bbox 328 3221 3617 3304">
    <p class='ocr_par' dir='ltr' id='par_1_46' title="bbox 328 3221 3617 3304">
     <span class='ocr_line' id='line_1_46' title="bbox 328 3221 3617 3304; baseline -0.002 -15"><span class='ocrx_word' id='word_1_486' title='bbox 328 3234 647 3304; x_wconf 76' lang='lat' dir='ltr'><strong>cxxxvm);</strong></span> <span class='ocrx_word' id='word_1_487' title='bbox 677 3233 823 3301; x_wconf 89' lang='lat' dir='ltr'><strong>quod</strong></span> <span class='ocrx_word' id='word_1_488' title='bbox 872 3232 940 3286; x_wconf 87' lang='lat' dir='ltr'><strong>ad</strong></span> <span class='ocrx_word' id='word_1_489' title='bbox 969 3231 1148 3285; x_wconf 88' lang='lat' dir='ltr'><strong>locum</strong></span> <span class='ocrx_word' id='word_1_490' title='bbox 1197 3236 1400 3283; x_wconf 88' lang='lat' dir='ltr'><strong>manet.</strong></span> <span class='ocrx_word' id='word_1_491' title='bbox 1447 3226 1583 3281; x_wconf 82' lang='lat' dir='ltr'><strong>Nam</strong></span> <span class='ocrx_word' id='word_1_492' title='bbox 1626 3235 1681 3280; x_wconf 85' lang='lat' dir='ltr'><strong>et</strong></span> <span class='ocrx_word' id='word_1_493' title='bbox 1712 3226 1765 3280; x_wconf 89' lang='lat' dir='ltr'><strong>in</strong></span> <span class='ocrx_word' id='word_1_494' title='bbox 1797 3240 1925 3294; x_wconf 84' lang='lat' dir='ltr'><strong>pro-</strong></span> <span class='ocrx_word' id='word_1_495' title='bbox 1954 3221 2000 3282; x_wconf 90' lang='lat' dir='ltr'><strong><em>C</em></strong></span> <span class='ocrx_word' id='word_1_496' title='bbox 2032 3239 2092 3286; x_wconf 90' lang='lat' dir='ltr'><strong>ut</strong></span> <span class='ocrx_word' id='word_1_497' title='bbox 2115 3231 2169 3284; x_wconf 90' lang='lat' dir='ltr'><strong>iu</strong></span> <span class='ocrx_word' id='word_1_498' title='bbox 2191 3230 2434 3301; x_wconf 87' lang='lat' dir='ltr'><strong>psalmo:</strong></span> <span class='ocrx_word' id='word_1_499' title='bbox 2465 3229 2867 3295; x_wconf 78' lang='lat' dir='ltr'><strong>Thronustnus,</strong></span> <span class='ocrx_word' id='word_1_500' title='bbox 2896 3230 3057 3295; x_wconf 82' lang='lat' dir='ltr'><strong>Dens,</strong></span> <span class='ocrx_word' id='word_1_501' title='bbox 3080 3231 3135 3284; x_wconf 88' lang='lat' dir='ltr'><strong>in</strong></span> <span class='ocrx_word' id='word_1_502' title='bbox 3160 3231 3411 3285; x_wconf 69' lang='lat' dir='ltr'><strong>sa&#39;culum</strong></span> <span class='ocrx_word' id='word_1_503' title='bbox 3434 3229 3617 3285; x_wconf 67' lang='grc' dir='ltr'><strong>διεσαῙὶ</strong></span> 
     </span>
    </p>
   </div>
   <div class='ocr_carea' id='block_1_47' title="bbox 328 3315 1930 3407">
    <p class='ocr_par' dir='ltr' id='par_1_47' title="bbox 328 3315 1930 3407">
     <span class='ocr_line' id='line_1_47' title="bbox 328 3315 1930 3407; baseline -0.007 -28"><span class='ocrx_word' id='word_1_504' title='bbox 328 3327 507 3393; x_wconf 77' lang='lat' dir='ltr'><strong>pheta</strong></span> <span class='ocrx_word' id='word_1_505' title='bbox 554 3322 779 3399; x_wconf 70' lang='lat' dir='ltr'><strong>plaustri</strong></span> <span class='ocrx_word' id='word_1_506' title='bbox 830 3319 1099 3407; x_wconf 70' lang='lat' dir='ltr'><strong>portantis</strong></span> <span class='ocrx_word' id='word_1_507' title='bbox 1154 3319 1335 3401; x_wconf 72' lang='lat' dir='ltr'><strong>fenum</strong></span> <span class='ocrx_word' id='word_1_508' title='bbox 1393 3316 1598 3387; x_wconf 78' lang='lat' dir='ltr'><strong>Species</strong></span> <span class='ocrx_word' id='word_1_509' title='bbox 1652 3316 1720 3369; x_wconf 88' lang='lat' dir='ltr'><strong>ad</strong></span> <span class='ocrx_word' id='word_1_510' title='bbox 1766 3315 1930 3369; x_wconf 89' lang='lat' dir='ltr'><strong>Deum</strong></span> 
     </span>
    </p>
   </div>
   <div class='ocr_carea' id='block_1_48' title="bbox 331 3406 1934 3479">
    <p class='ocr_par' dir='ltr' id='par_1_48' title="bbox 331 3406 1934 3479">
     <span class='ocr_line' id='line_1_48' title="bbox 331 3406 1934 3479; baseline -0.004 -10"><span class='ocrx_word' id='word_1_511' title='bbox 331 3414 457 3469; x_wconf 84' lang='lat' dir='ltr'><strong>duci</strong></span> <span class='ocrx_word' id='word_1_512' title='bbox 467 3423 561 3468; x_wconf 83' lang='lat' dir='ltr'><strong>tur</strong></span> <span class='ocrx_word' id='word_1_513' title='bbox 578 3422 665 3466; x_wconf 85' lang='lat' dir='ltr'><strong>:et</strong></span> <span class='ocrx_word' id='word_1_514' title='bbox 675 3406 791 3466; x_wconf 69' lang='lat' dir='ltr'><strong>bit-0</strong></span> <span class='ocrx_word' id='word_1_515' title='bbox 801 3411 979 3464; x_wconf 77' lang='lat' dir='ltr'><strong>oinuia</strong></span> <span class='ocrx_word' id='word_1_516' title='bbox 997 3406 1092 3479; x_wconf 86' lang='lat' dir='ltr'><strong>per</strong></span> <span class='ocrx_word' id='word_1_517' title='bbox 1104 3407 1333 3479; x_wconf 75' lang='lat' dir='ltr'><strong>ﬁguram</strong></span> <span class='ocrx_word' id='word_1_518' title='bbox 1350 3410 1569 3464; x_wconf 89' lang='lat' dir='ltr'><strong>dicuntu</strong></span> <span class='ocrx_word' id='word_1_519' title='bbox 1578 3423 1604 3461; x_wconf 90' lang='lat' dir='ltr'><strong>r</strong></span> <span class='ocrx_word' id='word_1_520' title='bbox 1617 3407 1775 3469; x_wconf 89' lang='lat' dir='ltr'><strong>Deus,</strong></span> <span class='ocrx_word' id='word_1_521' title='bbox 1790 3407 1934 3476; x_wconf 73' lang='lat' dir='ltr'><strong>quod</strong></span> 
     </span>
    </p>
   </div>
   <div class='ocr_carea' id='block_1_49' title="bbox 332 3486 1930 3571">
    <p class='ocr_par' dir='ltr' id='par_1_49' title="bbox 332 3486 1930 3571">
     <span class='ocr_line' id='line_1_49' title="bbox 332 3486 1930 3571; baseline -0.006 -11"><span class='ocrx_word' id='word_1_522' title='bbox 332 3486 691 3560; x_wconf 55' lang='lat' dir='ltr'><strong>nihil&#39;horum</strong></span> <span class='ocrx_word' id='word_1_523' title='bbox 714 3504 783 3557; x_wconf 82' lang='lat' dir='ltr'><strong>ad</strong></span> <span class='ocrx_word' id='word_1_524' title='bbox 801 3503 1187 3571; x_wconf 84' lang='lat' dir='ltr'><strong>preprietatem</strong></span> <span class='ocrx_word' id='word_1_525' title='bbox 1210 3500 1525 3556; x_wconf 72' lang='lat' dir='ltr'><strong>substantia:</strong></span> <span class='ocrx_word' id='word_1_526' title='bbox 1544 3499 1662 3569; x_wconf 84' lang='lat' dir='ltr'><strong>ejus</strong></span> <span class='ocrx_word' id='word_1_527' title='bbox 1679 3499 1930 3568; x_wconf 86' lang='lat' dir='ltr'><strong>pertinet.</strong></span> 
     </span>
    </p>
   </div>
   <div class='ocr_carea' id='block_1_50' title="bbox 409 3587 1936 3666">
    <p class='ocr_par' dir='ltr' id='par_1_50' title="bbox 409 3587 1936 3666">
     <span class='ocr_line' id='line_1_50' title="bbox 409 3587 1936 3666; baseline -0.007 -15"><span class='ocrx_word' id='word_1_528' title='bbox 409 3598 483 3651; x_wconf 77' lang='lat' dir='ltr'><strong>Et</strong></span> <span class='ocrx_word' id='word_1_529' title='bbox 506 3597 657 3666; x_wconf 82' lang='lat' dir='ltr'><strong>quia,</strong></span> <span class='ocrx_word' id='word_1_530' title='bbox 680 3596 819 3649; x_wconf 89' lang='lat' dir='ltr'><strong>sicut</strong></span> <span class='ocrx_word' id='word_1_531' title='bbox 853 3593 1106 3657; x_wconf 81' lang='lat' dir='ltr'><strong>diximus,</strong></span> <span class='ocrx_word' id='word_1_532' title='bbox 1142 3593 1382 3648; x_wconf 88' lang='lat' dir='ltr'><strong>membra</strong></span> <span class='ocrx_word' id='word_1_533' title='bbox 1429 3592 1665 3645; x_wconf 81' lang='lat' dir='ltr'><strong>humana</strong></span> <span class='ocrx_word' id='word_1_534' title='bbox 1695 3597 1754 3644; x_wconf 89' lang='lat' dir='ltr'><strong>ct</strong></span> <span class='ocrx_word' id='word_1_535' title='bbox 1782 3587 1936 3642; x_wconf 54' lang='lat' dir='ltr'><strong>hahi.</strong></span> 
     </span>
    </p>
   </div>
   <div class='ocr_carea' id='block_1_51' title="bbox 328 3677 1932 3755">
    <p class='ocr_par' dir='ltr' id='par_1_51' title="bbox 328 3677 1932 3755">
     <span class='ocr_line' id='line_1_51' title="bbox 328 3677 1932 3755; baseline -0.007 -12"><span class='ocrx_word' id='word_1_536' title='bbox 328 3699 430 3744; x_wconf 85' lang='lat' dir='ltr'><strong>tus</strong></span> <span class='ocrx_word' id='word_1_537' title='bbox 472 3695 635 3755; x_wconf 87' lang='lat' dir='ltr'><strong>atque</strong></span> <span class='ocrx_word' id='word_1_538' title='bbox 667 3685 887 3739; x_wconf 68' lang='lat' dir='ltr'><strong>affectus</strong></span> <span class='ocrx_word' id='word_1_539' title='bbox 922 3683 1141 3738; x_wconf 88' lang='lat' dir='ltr'><strong>humani</strong></span> <span class='ocrx_word' id='word_1_540' title='bbox 1193 3699 1292 3753; x_wconf 89' lang='lat' dir='ltr'><strong>per</strong></span> <span class='ocrx_word' id='word_1_541' title='bbox 1335 3683 1562 3752; x_wconf 73' lang='lat' dir='ltr'><strong>ﬁguram</strong></span> <span class='ocrx_word' id='word_1_542' title='bbox 1609 3681 1720 3735; x_wconf 90' lang='lat' dir='ltr'><strong>Deo</strong></span> <span class='ocrx_word' id='word_1_543' title='bbox 1763 3677 1932 3733; x_wconf 87' lang='lat' dir='ltr'><strong>ascri-</strong></span> 
     </span>
    </p>
   </div>
   <div class='ocr_carea' id='block_1_52' title="bbox 331 3768 1930 3840">
    <p class='ocr_par' dir='ltr' id='par_1_52' title="bbox 331 3768 1930 3840">
     <span class='ocr_line' id='line_1_52' title="bbox 331 3768 1930 3840; baseline -0.009 -6"><span class='ocrx_word' id='word_1_544' title='bbox 331 3781 570 3839; x_wconf 80' lang='lat' dir='ltr'><strong>buntur,</strong></span> <span class='ocrx_word' id='word_1_545' title='bbox 601 3773 839 3829; x_wconf 73' lang='lat' dir='ltr'><strong>breviter</strong></span> <span class='ocrx_word' id='word_1_546' title='bbox 861 3787 925 3825; x_wconf 81' lang='lat' dir='ltr'><strong>ea</strong></span> <span class='ocrx_word' id='word_1_547' title='bbox 972 3788 1096 3840; x_wconf 63' lang='lat' dir='ltr'><strong>quas</strong></span> <span class='ocrx_word' id='word_1_548' title='bbox 1141 3772 1207 3825; x_wconf 88' lang='lat' dir='ltr'><strong>de</strong></span> <span class='ocrx_word' id='word_1_549' title='bbox 1252 3772 1337 3824; x_wconf 92' lang='lat' dir='ltr'><strong>his</strong></span> <span class='ocrx_word' id='word_1_550' title='bbox 1381 3771 1581 3838; x_wconf 89' lang='lat' dir='ltr'><strong>scripta</strong></span> <span class='ocrx_word' id='word_1_551' title='bbox 1627 3768 1930 3830; x_wconf 79' lang='lat' dir='ltr'><strong>recolinms,</strong></span> 
     </span>
    </p>
   </div>
   <div class='ocr_carea' id='block_1_53' title="bbox 334 3859 1929 3932">
    <p class='ocr_par' dir='ltr' id='par_1_53' title="bbox 334 3859 1929 3932">
     <span class='ocr_line' id='line_1_53' title="bbox 334 3859 1929 3932; baseline -0.008 -9"><span class='ocrx_word' id='word_1_552' title='bbox 334 3871 692 3923; x_wconf 85' lang='lat' dir='ltr'><strong>adnotamus.</strong></span> <span class='ocrx_word' id='word_1_553' title='bbox 742 3863 915 3932; x_wconf 77' lang='lat' dir='ltr'><strong>Caput</strong></span> <span class='ocrx_word' id='word_1_554' title='bbox 964 3861 1176 3916; x_wconf 86' lang='lat' dir='ltr'><strong>Domini</strong></span> <span class='ocrx_word' id='word_1_555' title='bbox 1207 3861 1321 3930; x_wconf 87' lang='lat' dir='ltr'><strong>ipsa</strong></span> <span class='ocrx_word' id='word_1_556' title='bbox 1368 3859 1641 3923; x_wconf 74' lang='lat' dir='ltr'><strong>divinitas,</strong></span> <span class='ocrx_word' id='word_1_557' title='bbox 1692 3875 1758 3912; x_wconf 85' lang='lat' dir='ltr'><strong>eo</strong></span> <span class='ocrx_word' id='word_1_558' title='bbox 1785 3859 1929 3927; x_wconf 88' lang='lat' dir='ltr'><strong>quod</strong></span> 
     </span>
    </p>
   </div>
   <div class='ocr_carea' id='block_1_54' title="bbox 333 3949 1934 4031">
    <p class='ocr_par' dir='ltr' id='par_1_54' title="bbox 333 3949 1934 4031">
     <span class='ocr_line' id='line_1_54' title="bbox 333 3949 1934 4031; baseline -0.009 -16"><span class='ocrx_word' id='word_1_559' title='bbox 333 3958 671 4031; x_wconf 85' lang='lat' dir='ltr'><strong>principium</strong></span> <span class='ocrx_word' id='word_1_560' title='bbox 715 3965 769 4009; x_wconf 87' lang='lat' dir='ltr'><strong>et</strong></span> <span class='ocrx_word' id='word_1_561' title='bbox 815 3964 1032 4009; x_wconf 87' lang='lat' dir='ltr'><strong>creator</strong></span> <span class='ocrx_word' id='word_1_562' title='bbox 1076 3954 1149 4008; x_wconf 87' lang='lat' dir='ltr'><strong>sit</strong></span> <span class='ocrx_word' id='word_1_563' title='bbox 1197 3953 1439 4008; x_wconf 90' lang='lat' dir='ltr'><strong>omnium</strong></span> <span class='ocrx_word' id='word_1_564' title='bbox 1491 3967 1693 4005; x_wconf 68' lang='lat' dir='ltr'><strong>rerum.</strong></span> <span class='ocrx_word' id='word_1_565' title='bbox 1744 3949 1934 4019; x_wconf 86' lang='lat' dir='ltr'><strong>Capilli</strong></span> 
     </span>
    </p>
   </div>
   <div class='ocr_carea' id='block_1_55' title="bbox 332 4039 1937 4113">
    <p class='ocr_par' dir='ltr' id='par_1_55' title="bbox 332 4039 1937 4113">
     <span class='ocr_line' id='line_1_55' title="bbox 332 4039 1937 4113; baseline -0.008 -8"><span class='ocrx_word' id='word_1_566' title='bbox 332 4058 527 4105; x_wconf 86' lang='lat' dir='ltr'><strong>autem</strong></span> <span class='ocrx_word' id='word_1_567' title='bbox 558 4045 769 4101; x_wconf 89' lang='lat' dir='ltr'><strong>Domini</strong></span> <span class='ocrx_word' id='word_1_568' title='bbox 805 4044 1018 4100; x_wconf 87' lang='lat' dir='ltr'><strong>candidi</strong></span> <span class='ocrx_word' id='word_1_569' title='bbox 1046 4043 1101 4097; x_wconf 89' lang='lat' dir='ltr'><strong>in</strong></span> <span class='ocrx_word' id='word_1_570' title='bbox 1137 4041 1395 4113; x_wconf 86' lang='lat' dir='ltr'><strong>propheta</strong></span> <span class='ocrx_word' id='word_1_571' title='bbox 1430 4040 1649 4097; x_wconf 89' lang='lat' dir='ltr'><strong>Daniele</strong></span> <span class='ocrx_word' id='word_1_572' title='bbox 1692 4039 1937 4096; x_wconf 88' lang='lat' dir='ltr'><strong>scribun-</strong></span> 
     </span>
    </p>
   </div>
   <div class='ocr_carea' id='block_1_56' title="bbox 332 4128 1932 4207">
    <p class='ocr_par' dir='ltr' id='par_1_56' title="bbox 332 4128 1932 4207">
     <span class='ocr_line' id='line_1_56' title="bbox 332 4128 1932 4207; baseline -0.006 -14"><span class='ocrx_word' id='word_1_573' title='bbox 332 4149 450 4204; x_wconf 85' lang='lat' dir='ltr'><strong>tur,</strong></span> <span class='ocrx_word' id='word_1_574' title='bbox 477 4153 546 4193; x_wconf 89' lang='lat' dir='ltr'><strong>eo</strong></span> <span class='ocrx_word' id='word_1_575' title='bbox 596 4136 740 4207; x_wconf 92' lang='lat' dir='ltr'><strong>quod</strong></span> <span class='ocrx_word' id='word_1_576' title='bbox 777 4135 1033 4204; x_wconf 85' lang='lat' dir='ltr'><strong>antiquus</strong></span> <span class='ocrx_word' id='word_1_577' title='bbox 1077 4134 1150 4188; x_wconf 88' lang='lat' dir='ltr'><strong>sit</strong></span> <span class='ocrx_word' id='word_1_578' title='bbox 1192 4134 1401 4188; x_wconf 90' lang='lat' dir='ltr'><strong>dierum</strong></span> <span class='ocrx_word' id='word_1_579' title='bbox 1448 4131 1610 4203; x_wconf 87' lang='lat' dir='ltr'><strong>(Dan.</strong></span> <span class='ocrx_word' id='word_1_580' title='bbox 1635 4130 1753 4204; x_wconf 83' lang='lat' dir='ltr'><strong>vn).</strong></span> <span class='ocrx_word' id='word_1_581' title='bbox 1779 4128 1932 4186; x_wconf 83' lang='lat' dir='ltr'><strong>Oculi</strong></span> 
     </span>
    </p>
   </div>
   <div class='ocr_carea' id='block_1_57' title="bbox 334 4223 1933 4302">
    <p class='ocr_par' dir='ltr' id='par_1_57' title="bbox 334 4223 1933 4302">
     <span class='ocr_line' id='line_1_57' title="bbox 334 4223 1933 4302; baseline -0.006 -15"><span class='ocrx_word' id='word_1_582' title='bbox 334 4233 515 4287; x_wconf 87' lang='lat' dir='ltr'><strong>Deum</strong></span> <span class='ocrx_word' id='word_1_583' title='bbox 542 4227 803 4302; x_wconf 90' lang='lat' dir='ltr'><strong>[Domini]</strong></span> <span class='ocrx_word' id='word_1_584' title='bbox 841 4226 1104 4298; x_wconf 86' lang='lat' dir='ltr'><strong>inspectio</strong></span> <span class='ocrx_word' id='word_1_585' title='bbox 1127 4227 1334 4291; x_wconf 81' lang='lat' dir='ltr'><strong>divina,</strong></span> <span class='ocrx_word' id='word_1_586' title='bbox 1364 4240 1430 4280; x_wconf 87' lang='lat' dir='ltr'><strong>eo</strong></span> <span class='ocrx_word' id='word_1_587' title='bbox 1454 4225 1598 4295; x_wconf 84' lang='lat' dir='ltr'><strong>quod</strong></span> <span class='ocrx_word' id='word_1_588' title='bbox 1644 4223 1828 4279; x_wconf 86' lang='lat' dir='ltr'><strong>omnia</strong></span> <span class='ocrx_word' id='word_1_589' title='bbox 1858 4223 1933 4277; x_wconf 88' lang='lat' dir='ltr'><strong>vi-</strong></span> 
     </span>
    </p>
   </div>
   <div class='ocr_carea' id='block_1_58' title="bbox 332 4313 1932 4389">
    <p class='ocr_par' dir='ltr' id='par_1_58' title="bbox 332 4313 1932 4389">
     <span class='ocr_line' id='line_1_58' title="bbox 332 4313 1932 4389; baseline -0.007 -11"><span class='ocrx_word' id='word_1_590' title='bbox 332 4324 492 4386; x_wconf 82' lang='lat' dir='ltr'><strong>deat,</strong></span> <span class='ocrx_word' id='word_1_591' title='bbox 516 4329 577 4375; x_wconf 89' lang='grc' dir='ltr'><strong>ιιι</strong></span> <span class='ocrx_word' id='word_1_592' title='bbox 603 4328 689 4374; x_wconf 84' lang='lat' dir='ltr'><strong>est</strong></span> <span class='ocrx_word' id='word_1_593' title='bbox 709 4319 837 4374; x_wconf 86' lang='lat' dir='ltr'><strong>illud</strong></span> <span class='ocrx_word' id='word_1_594' title='bbox 865 4319 918 4373; x_wconf 87' lang='lat' dir='ltr'><strong>in</strong></span> <span class='ocrx_word' id='word_1_595' title='bbox 946 4317 1204 4388; x_wconf 86' lang='lat' dir='ltr'><strong>Apostolo</strong></span> <span class='ocrx_word' id='word_1_596' title='bbox 1228 4316 1388 4389; x_wconf 77' lang='lat' dir='ltr'><strong>(llcb.</strong></span> <span class='ocrx_word' id='word_1_597' title='bbox 1412 4315 1487 4387; x_wconf 82' lang='lat' dir='ltr'><strong>IV)</strong></span> <span class='ocrx_word' id='word_1_598' title='bbox 1514 4333 1529 4369; x_wconf 84' lang='lat'><strong>:</strong></span> <span class='ocrx_word' id='word_1_599' title='bbox 1578 4313 1771 4369; x_wconf 84' lang='lat' dir='ltr'><strong>Omnia</strong></span> <span class='ocrx_word' id='word_1_600' title='bbox 1794 4314 1932 4368; x_wconf 80' lang='lat' dir='ltr'><strong>enim</strong></span> 
     </span>
    </p>
   </div>
   <div class='ocr_carea' id='block_1_59' title="bbox 290 4405 1931 4481">
    <p class='ocr_par' dir='ltr' id='par_1_59' title="bbox 290 4405 1931 4481">
     <span class='ocr_line' id='line_1_59' title="bbox 290 4405 1931 4481; baseline -0.005 -13"><span class='ocrx_word' id='word_1_601' title='bbox 290 4413 487 4468; x_wconf 74' lang='lat' dir='ltr'><strong>&#39;nuda</strong></span> <span class='ocrx_word' id='word_1_602' title='bbox 535 4421 585 4465; x_wconf 89' lang='lat' dir='ltr'><strong>et</strong></span> <span class='ocrx_word' id='word_1_603' title='bbox 634 4420 814 4481; x_wconf 86' lang='lat' dir='ltr'><strong>aperta</strong></span> <span class='ocrx_word' id='word_1_604' title='bbox 869 4418 989 4462; x_wconf 86' lang='lat' dir='ltr'><strong>sunt</strong></span> <span class='ocrx_word' id='word_1_605' title='bbox 1036 4407 1203 4461; x_wconf 83' lang='lat' dir='ltr'><strong>oculis</strong></span> <span class='ocrx_word' id='word_1_606' title='bbox 1248 4406 1384 4476; x_wconf 83' lang='lat' dir='ltr'><strong>ejus.</strong></span> <span class='ocrx_word' id='word_1_607' title='bbox 1437 4405 1714 4476; x_wconf 71' lang='lat' dir='ltr'><strong>Palpebrte</strong></span> <span class='ocrx_word' id='word_1_608' title='bbox 1760 4406 1931 4459; x_wconf 86' lang='lat' dir='ltr'><strong>Deum</strong></span> 
     </span>
    </p>
   </div>
   <div class='ocr_carea' id='block_1_60' title="bbox 332 4497 1930 4579">
    <p class='ocr_par' dir='ltr' id='par_1_60' title="bbox 332 4497 1930 4579">
     <span class='ocr_line' id='line_1_60' title="bbox 332 4497 1930 4579; baseline -0.006 -18"><span class='ocrx_word' id='word_1_609' title='bbox 332 4502 608 4579; x_wconf 77' lang='lat' dir='ltr'><strong>[Domini]</strong></span> <span class='ocrx_word' id='word_1_610' title='bbox 648 4501 858 4558; x_wconf 91' lang='lat' dir='ltr'><strong>occulta</strong></span> <span class='ocrx_word' id='word_1_611' title='bbox 888 4510 944 4555; x_wconf 83' lang='lat' dir='ltr'><strong>et</strong></span> <span class='ocrx_word' id='word_1_612' title='bbox 986 4499 1282 4569; x_wconf 81' lang='lat' dir='ltr'><strong>spiritualia</strong></span> <span class='ocrx_word' id='word_1_613' title='bbox 1314 4500 1367 4553; x_wconf 93' lang='lat' dir='ltr'><strong>in</strong></span> <span class='ocrx_word' id='word_1_614' title='bbox 1409 4497 1607 4553; x_wconf 80' lang='lat' dir='ltr'><strong>divinis</strong></span> <span class='ocrx_word' id='word_1_615' title='bbox 1645 4497 1930 4567; x_wconf 61' lang='lat' dir='ltr'><strong>prmccptis</strong></span> 
     </span>
    </p>
   </div>
   <div class='ocr_carea' id='block_1_61' title="bbox 2034 3319 3613 3416">
    <p class='ocr_par' dir='ltr' id='par_1_61' title="bbox 2034 3319 3613 3416">
     <span class='ocr_line' id='line_1_61' title="bbox 2034 3319 3613 3416; baseline -0.002 -40"><span class='ocrx_word' id='word_1_616' title='bbox 2034 3322 2206 3416; x_wconf 71' lang='lat' dir='ltr'><strong>(Psal.</strong></span> <span class='ocrx_word' id='word_1_617' title='bbox 2239 3320 2450 3393; x_wconf 76' lang='lat' dir='ltr'><strong>cxvm).</strong></span> <span class='ocrx_word' id='word_1_618' title='bbox 2497 3319 2668 3375; x_wconf 86' lang='lat' dir='ltr'><strong>Sedes</strong></span> <span class='ocrx_word' id='word_1_619' title='bbox 2713 3320 2949 3386; x_wconf 86' lang='lat' dir='ltr'><strong>Domini,</strong></span> <span class='ocrx_word' id='word_1_620' title='bbox 2994 3321 3047 3375; x_wconf 88' lang='lat' dir='ltr'><strong>id</strong></span> <span class='ocrx_word' id='word_1_621' title='bbox 3091 3329 3197 3387; x_wconf 88' lang='lat' dir='ltr'><strong>est,</strong></span> <span class='ocrx_word' id='word_1_622' title='bbox 3249 3319 3394 3389; x_wconf 87' lang='lat' dir='ltr'><strong>quod</strong></span> <span class='ocrx_word' id='word_1_623' title='bbox 3429 3334 3613 3391; x_wconf 86' lang='lat' dir='ltr'><strong>supra,</strong></span> 
     </span>
    </p>
   </div>
   <div class='ocr_carea' id='block_1_62' title="bbox 2033 3411 3619 3484">
    <p class='ocr_par' dir='ltr' id='par_1_62' title="bbox 2033 3411 3619 3484">
     <span class='ocr_line' id='line_1_62' title="bbox 2033 3411 3619 3484; baseline -0.002 -18"><span class='ocrx_word' id='word_1_624' title='bbox 2033 3411 2208 3484; x_wconf 81' lang='lat' dir='ltr'><strong>angeli</strong></span> <span class='ocrx_word' id='word_1_625' title='bbox 2232 3412 2314 3466; x_wconf 87' lang='lat' dir='ltr'><strong>vel</strong></span> <span class='ocrx_word' id='word_1_626' title='bbox 2334 3412 2527 3474; x_wconf 89' lang='lat' dir='ltr'><strong>sancti,</strong></span> <span class='ocrx_word' id='word_1_627' title='bbox 2551 3412 2694 3481; x_wconf 85' lang='lat' dir='ltr'><strong>quod</strong></span> <span class='ocrx_word' id='word_1_628' title='bbox 2724 3411 2777 3466; x_wconf 89' lang='lat' dir='ltr'><strong>in</strong></span> <span class='ocrx_word' id='word_1_629' title='bbox 2808 3412 2892 3466; x_wconf 91' lang='lat' dir='ltr'><strong>his</strong></span> <span class='ocrx_word' id='word_1_630' title='bbox 2935 3412 3193 3468; x_wconf 88' lang='lat' dir='ltr'><strong>Dominus</strong></span> <span class='ocrx_word' id='word_1_631' title='bbox 3229 3412 3451 3477; x_wconf 84' lang='lat' dir='ltr'><strong>sedeat;</strong></span> <span class='ocrx_word' id='word_1_632' title='bbox 3480 3419 3542 3465; x_wconf 93' lang='lat' dir='ltr'><strong>ut</strong></span> <span class='ocrx_word' id='word_1_633' title='bbox 3564 3411 3619 3464; x_wconf 89' lang='lat' dir='ltr'><strong>in</strong></span> 
     </span>
    </p>
   </div>
   <div class='ocr_carea' id='block_1_63' title="bbox 2032 3499 3613 3573">
    <p class='ocr_par' dir='ltr' id='par_1_63' title="bbox 2032 3499 3613 3573">
     <span class='ocr_line' id='line_1_63' title="bbox 2032 3499 3613 3573; baseline -0.003 -16"><span class='ocrx_word' id='word_1_634' title='bbox 2032 3504 2273 3573; x_wconf 87' lang='lat' dir='ltr'><strong>psalmo:</strong></span> <span class='ocrx_word' id='word_1_635' title='bbox 2303 3502 2446 3557; x_wconf 85' lang='lat' dir='ltr'><strong>Deus</strong></span> <span class='ocrx_word' id='word_1_636' title='bbox 2471 3503 2614 3557; x_wconf 84' lang='lat' dir='ltr'><strong>sedet</strong></span> <span class='ocrx_word' id='word_1_637' title='bbox 2640 3519 2799 3572; x_wconf 85' lang='lat' dir='ltr'><strong>super</strong></span> <span class='ocrx_word' id='word_1_638' title='bbox 2817 3504 2990 3558; x_wconf 89' lang='lat' dir='ltr'><strong>sedem</strong></span> <span class='ocrx_word' id='word_1_639' title='bbox 3007 3513 3244 3557; x_wconf 87' lang='lat' dir='ltr'><strong>sanctam</strong></span> <span class='ocrx_word' id='word_1_640' title='bbox 3267 3516 3421 3556; x_wconf 85' lang='lat' dir='ltr'><strong>suam</strong></span> <span class='ocrx_word' id='word_1_641' title='bbox 3440 3499 3613 3572; x_wconf 84' lang='lat' dir='ltr'><strong>(Psal.</strong></span> 
     </span>
    </p>
   </div>
   <div class='ocr_carea' id='block_1_64' title="bbox 2032 3592 3617 3666">
    <p class='ocr_par' dir='ltr' id='par_1_64' title="bbox 2032 3592 3617 3666">
     <span class='ocr_line' id='line_1_64' title="bbox 2032 3592 3617 3666; baseline 0 -19"><span class='ocrx_word' id='word_1_642' title='bbox 2032 3596 2200 3666; x_wconf 72' lang='lat' dir='ltr'><strong>sui).</strong></span> <span class='ocrx_word' id='word_1_643' title='bbox 2244 3594 2546 3650; x_wconf 75' lang='lat' dir='ltr'><strong>Descensus</strong></span> <span class='ocrx_word' id='word_1_644' title='bbox 2587 3595 2818 3659; x_wconf 88' lang='lat' dir='ltr'><strong>Domini,</strong></span> <span class='ocrx_word' id='word_1_645' title='bbox 2844 3594 3082 3650; x_wconf 86' lang='lat' dir='ltr'><strong>visitatio</strong></span> <span class='ocrx_word' id='word_1_646' title='bbox 3114 3592 3327 3663; x_wconf 72' lang='lat' dir='ltr'><strong>ejusad</strong></span> <span class='ocrx_word' id='word_1_647' title='bbox 3349 3593 3617 3657; x_wconf 84' lang='lat' dir='ltr'><strong>homines,</strong></span> 
     </span>
    </p>
   </div>
   <div class='ocr_carea' id='block_1_65' title="bbox 2032 3683 3618 3756">
    <p class='ocr_par' dir='ltr' id='par_1_65' title="bbox 2032 3683 3618 3756">
     <span class='ocr_line' id='line_1_65' title="bbox 2032 3683 3618 3756; baseline -0.001 -17"><span class='ocrx_word' id='word_1_648' title='bbox 2032 3685 2173 3739; x_wconf 84' lang='lat' dir='ltr'><strong>sicut</strong></span> <span class='ocrx_word' id='word_1_649' title='bbox 2199 3685 2254 3739; x_wconf 85' lang='lat' dir='ltr'><strong>in</strong></span> <span class='ocrx_word' id='word_1_650' title='bbox 2291 3684 2550 3740; x_wconf 67' lang='lat' dir='ltr'><strong>Micbma:</strong></span> <span class='ocrx_word' id='word_1_651' title='bbox 2604 3685 2739 3739; x_wconf 82' lang='lat' dir='ltr'><strong>Ecce</strong></span> <span class='ocrx_word' id='word_1_652' title='bbox 2769 3684 3026 3739; x_wconf 84' lang='lat' dir='ltr'><strong>Dominus</strong></span> <span class='ocrx_word' id='word_1_653' title='bbox 3075 3684 3372 3756; x_wconf 81' lang='lat' dir='ltr'><strong>egredietur</strong></span> <span class='ocrx_word' id='word_1_654' title='bbox 3395 3683 3460 3737; x_wconf 85' lang='lat' dir='ltr'><strong>de</strong></span> <span class='ocrx_word' id='word_1_655' title='bbox 3503 3683 3618 3737; x_wconf 87' lang='lat' dir='ltr'><strong>loco</strong></span> 
     </span>
    </p>
   </div>
   <div class='ocr_carea' id='block_1_66' title="bbox 2035 3774 3614 3847">
    <p class='ocr_par' dir='ltr' id='par_1_66' title="bbox 2035 3774 3614 3847">
     <span class='ocr_line' id='line_1_66' title="bbox 2035 3774 3614 3847; baseline -0.001 -18"><span class='ocrx_word' id='word_1_656' title='bbox 2035 3791 2151 3840; x_wconf 85' lang='lat' dir='ltr'><strong>suo,</strong></span> <span class='ocrx_word' id='word_1_657' title='bbox 2180 3785 2228 3828; x_wconf 90' lang='lat' dir='ltr'><strong>et</strong></span> <span class='ocrx_word' id='word_1_658' title='bbox 2262 3776 2535 3830; x_wconf 85' lang='lat' dir='ltr'><strong>descendet</strong></span> <span class='ocrx_word' id='word_1_659' title='bbox 2557 3775 2868 3831; x_wconf 77' lang='lat' dir='ltr'><strong>conculcans</strong></span> <span class='ocrx_word' id='word_1_660' title='bbox 2895 3787 3128 3831; x_wconf 78' lang='lat' dir='ltr'><strong>extrema</strong></span> <span class='ocrx_word' id='word_1_661' title='bbox 3154 3786 3309 3831; x_wconf 70' lang='lat' dir='ltr'><strong>terra:</strong></span> <span class='ocrx_word' id='word_1_662' title='bbox 3335 3774 3614 3847; x_wconf 61' lang='lat' dir='ltr'><strong>(manu;</strong></span> 
     </span>
    </p>
   </div>
   <div class='ocr_carea' id='block_1_67' title="bbox 2034 3864 3619 3936">
    <p class='ocr_par' dir='ltr' id='par_1_67' title="bbox 2034 3864 3619 3936">
     <span class='ocr_line' id='line_1_67' title="bbox 2034 3864 3619 3936; baseline 0.001 -18"><span class='ocrx_word' id='word_1_663' title='bbox 2034 3864 2164 3918; x_wconf 89' lang='lat' dir='ltr'><strong>item</strong></span> <span class='ocrx_word' id='word_1_664' title='bbox 2187 3864 2241 3917; x_wconf 90' lang='lat' dir='ltr'><strong>in</strong></span> <span class='ocrx_word' id='word_1_665' title='bbox 2277 3865 2475 3918; x_wconf 81' lang='lat' dir='ltr'><strong>malum</strong></span> <span class='ocrx_word' id='word_1_666' title='bbox 2506 3873 2739 3936; x_wconf 88' lang='lat' dir='ltr'><strong>partem,</strong></span> <span class='ocrx_word' id='word_1_667' title='bbox 2768 3867 2908 3921; x_wconf 79' lang='lat' dir='ltr'><strong>utin</strong></span> <span class='ocrx_word' id='word_1_668' title='bbox 2931 3866 3131 3922; x_wconf 85' lang='lat' dir='ltr'><strong>Genesi</strong></span> <span class='ocrx_word' id='word_1_669' title='bbox 3161 3883 3173 3920; x_wconf 92' lang='lat'><strong>:</strong></span> <span class='ocrx_word' id='word_1_670' title='bbox 3204 3866 3484 3921; x_wconf 80' lang='lat' dir='ltr'><strong>Descendit</strong></span> <span class='ocrx_word' id='word_1_671' title='bbox 3512 3865 3619 3919; x_wconf 87' lang='lat' dir='ltr'><strong>Do-</strong></span> 
     </span>
    </p>
   </div>
   <div class='ocr_carea' id='block_1_68' title="bbox 2033 3955 3651 4026">
    <p class='ocr_par' dir='ltr' id='par_1_68' title="bbox 2033 3955 3651 4026">
     <span class='ocr_line' id='line_1_68' title="bbox 2033 3955 3651 4026; baseline 0.001 -16"><span class='ocrx_word' id='word_1_672' title='bbox 2033 3958 2207 4011; x_wconf 81' lang='lat' dir='ltr'><strong>minus</strong></span> <span class='ocrx_word' id='word_1_673' title='bbox 2235 3967 2293 4010; x_wconf 89' lang='lat' dir='ltr'><strong>ut</strong></span> <span class='ocrx_word' id='word_1_674' title='bbox 2315 3956 2505 4010; x_wconf 80' lang='lat' dir='ltr'><strong>uideret</strong></span> <span class='ocrx_word' id='word_1_675' title='bbox 2542 3958 2728 4009; x_wconf 79' lang='lat' dir='ltr'><strong>turrim</strong></span> <span class='ocrx_word' id='word_1_676' title='bbox 2767 3956 2924 4026; x_wconf 79' lang='lat' dir='ltr'><strong>(Gen.</strong></span> <span class='ocrx_word' id='word_1_677' title='bbox 2952 3956 3051 4026; x_wconf 72' lang='lat' dir='ltr'><strong>xl).</strong></span> <span class='ocrx_word' id='word_1_678' title='bbox 3083 3956 3352 4010; x_wconf 85' lang='lat' dir='ltr'><strong>Ascensus</strong></span> <span class='ocrx_word' id='word_1_679' title='bbox 3380 3955 3616 4021; x_wconf 88' lang='lat' dir='ltr'><strong>Domini,</strong></span> <span class='ocrx_word' id='word_1_680' title='bbox 3638 4010 3651 4015; x_wconf 74' lang='grc'><strong>,</strong></span> 
     </span>
    </p>
   </div>
   <div class='ocr_carea' id='block_1_69' title="bbox 2031 4045 3649 4115">
    <p class='ocr_par' dir='ltr' id='par_1_69' title="bbox 2031 4045 3649 4115">
     <span class='ocr_line' id='line_1_69' title="bbox 2031 4045 3649 4115; baseline 0 -14"><span class='ocrx_word' id='word_1_681' title='bbox 2031 4046 2260 4102; x_wconf 78' lang='lat' dir='ltr'><strong>elevatio</strong></span> <span class='ocrx_word' id='word_1_682' title='bbox 2291 4045 2522 4100; x_wconf 89' lang='lat' dir='ltr'><strong>hominis</strong></span> <span class='ocrx_word' id='word_1_683' title='bbox 2547 4047 2806 4115; x_wconf 88' lang='lat' dir='ltr'><strong>assumpti</strong></span> <span class='ocrx_word' id='word_1_684' title='bbox 2835 4061 2864 4099; x_wconf 74' lang='grc' dir='ltr'><strong>ιι</strong></span> <span class='ocrx_word' id='word_1_685' title='bbox 2891 4054 3033 4099; x_wconf 90' lang='lat' dir='ltr'><strong>terra</strong></span> <span class='ocrx_word' id='word_1_686' title='bbox 3058 4045 3125 4099; x_wconf 89' lang='lat' dir='ltr'><strong>ad</strong></span> <span class='ocrx_word' id='word_1_687' title='bbox 3163 4045 3354 4112; x_wconf 65' lang='lat' dir='ltr'><strong>caelos,</strong></span> <span class='ocrx_word' id='word_1_688' title='bbox 3377 4055 3435 4100; x_wconf 88' lang='lat' dir='ltr'><strong>ut</strong></span> <span class='ocrx_word' id='word_1_689' title='bbox 3456 4055 3542 4101; x_wconf 90' lang='lat' dir='ltr'><strong>est</strong></span> <span class='ocrx_word' id='word_1_690' title='bbox 3563 4047 3618 4100; x_wconf 92' lang='lat' dir='ltr'><strong>in</strong></span> <span class='ocrx_word' id='word_1_691' title='bbox 3646 4098 3649 4101; x_wconf 89' lang='lat'><strong>.</strong></span> 
     </span>
    </p>
   </div>
   <div class='ocr_carea' id='block_1_70' title="bbox 2030 4134 3645 4212">
    <p class='ocr_par' dir='ltr' id='par_1_70' title="bbox 2030 4134 3645 4212">
     <span class='ocr_line' id='line_1_70' title="bbox 2030 4134 3645 4212; baseline -0.001 -20"><span class='ocrx_word' id='word_1_692' title='bbox 2030 4137 2274 4212; x_wconf 81' lang='lat' dir='ltr'><strong>psalmo:</strong></span> <span class='ocrx_word' id='word_1_693' title='bbox 2302 4137 2415 4201; x_wconf 77' lang='lat' dir='ltr'><strong>Qui.</strong></span> <span class='ocrx_word' id='word_1_694' title='bbox 2441 4136 2674 4190; x_wconf 84' lang='lat' dir='ltr'><strong>ascendit</strong></span> <span class='ocrx_word' id='word_1_695' title='bbox 2701 4150 2857 4206; x_wconf 85' lang='lat' dir='ltr'><strong>super</strong></span> <span class='ocrx_word' id='word_1_696' title='bbox 2891 4134 3045 4190; x_wconf 76' lang='lat' dir='ltr'><strong>caelos</strong></span> <span class='ocrx_word' id='word_1_697' title='bbox 3068 4134 3313 4189; x_wconf 70' lang='lat' dir='ltr'><strong>caelorum</strong></span> <span class='ocrx_word' id='word_1_698' title='bbox 3338 4135 3409 4189; x_wconf 88' lang='lat' dir='ltr'><strong>ad</strong></span> <span class='ocrx_word' id='word_1_699' title='bbox 3430 4137 3645 4191; x_wconf 53' lang='lat' dir='ltr'><strong>oriens»</strong></span> 
     </span>
    </p>
   </div>
   <div class='ocr_carea' id='block_1_71' title="bbox 2031 4227 3613 4300">
    <p class='ocr_par' dir='ltr' id='par_1_71' title="bbox 2031 4227 3613 4300">
     <span class='ocr_line' id='line_1_71' title="bbox 2031 4227 3613 4300; baseline 0 -16"><span class='ocrx_word' id='word_1_700' title='bbox 2031 4239 2132 4284; x_wconf 86' lang='lat' dir='ltr'><strong>tem</strong></span> <span class='ocrx_word' id='word_1_701' title='bbox 2184 4228 2358 4300; x_wconf 85' lang='lat' dir='ltr'><strong>(Psal.</strong></span> <span class='ocrx_word' id='word_1_702' title='bbox 2393 4228 2602 4299; x_wconf 74' lang='lat' dir='ltr'><strong>xxxiv).</strong></span> <span class='ocrx_word' id='word_1_703' title='bbox 2654 4227 2810 4282; x_wconf 83' lang='lat' dir='ltr'><strong>Stare</strong></span> <span class='ocrx_word' id='word_1_704' title='bbox 2839 4227 3073 4294; x_wconf 86' lang='lat' dir='ltr'><strong>Domini,</strong></span> <span class='ocrx_word' id='word_1_705' title='bbox 3105 4228 3368 4299; x_wconf 85' lang='lat' dir='ltr'><strong>patientia</strong></span> <span class='ocrx_word' id='word_1_706' title='bbox 3414 4227 3613 4285; x_wconf 87' lang='lat' dir='ltr'><strong>Divini-</strong></span> 
     </span>
    </p>
   </div>
   <div class='ocr_carea' id='block_1_72' title="bbox 2031 4319 3645 4391">
    <p class='ocr_par' dir='ltr' id='par_1_72' title="bbox 2031 4319 3645 4391">
     <span class='ocr_line' id='line_1_72' title="bbox 2031 4319 3645 4391; baseline 0.002 -16"><span class='ocrx_word' id='word_1_707' title='bbox 2031 4320 2182 4385; x_wconf 79' lang='lat' dir='ltr'><strong>tatis,</strong></span> <span class='ocrx_word' id='word_1_708' title='bbox 2216 4334 2313 4390; x_wconf 80' lang='lat' dir='ltr'><strong>per</strong></span> <span class='ocrx_word' id='word_1_709' title='bbox 2339 4335 2499 4389; x_wconf 86' lang='lat' dir='ltr'><strong>quam</strong></span> <span class='ocrx_word' id='word_1_710' title='bbox 2521 4327 2837 4391; x_wconf 85' lang='lat' dir='ltr'><strong>peccatores</strong></span> <span class='ocrx_word' id='word_1_711' title='bbox 2861 4319 2929 4375; x_wconf 87' lang='lat' dir='ltr'><strong>ad</strong></span> <span class='ocrx_word' id='word_1_712' title='bbox 2955 4319 3331 4389; x_wconf 78' lang='lat' dir='ltr'><strong>paenitentiam</strong></span> <span class='ocrx_word' id='word_1_713' title='bbox 3361 4320 3613 4386; x_wconf 87' lang='lat' dir='ltr'><strong>sustinet,</strong></span> <span class='ocrx_word' id='word_1_714' title='bbox 3638 4374 3645 4379; x_wconf 85' lang='lat'><strong>.</strong></span> 
     </span>
    </p>
   </div>
   <div class='ocr_carea' id='block_1_73' title="bbox 2029 4407 3615 4484">
    <p class='ocr_par' dir='ltr' id='par_1_73' title="bbox 2029 4407 3615 4484">
     <span class='ocr_line' id='line_1_73' title="bbox 2029 4407 3615 4484; baseline 0 -19"><span class='ocrx_word' id='word_1_715' title='bbox 2029 4410 2170 4465; x_wconf 85' lang='lat' dir='ltr'><strong>sicut</strong></span> <span class='ocrx_word' id='word_1_716' title='bbox 2195 4410 2250 4463; x_wconf 90' lang='lat' dir='ltr'><strong>in</strong></span> <span class='ocrx_word' id='word_1_717' title='bbox 2274 4409 2553 4464; x_wconf 82' lang='lat' dir='ltr'><strong>Habacuc:</strong></span> <span class='ocrx_word' id='word_1_718' title='bbox 2585 4407 2740 4463; x_wconf 84' lang='lat' dir='ltr'><strong>Stetit</strong></span> <span class='ocrx_word' id='word_1_719' title='bbox 2761 4418 2810 4463; x_wconf 91' lang='lat' dir='ltr'><strong>et</strong></span> <span class='ocrx_word' id='word_1_720' title='bbox 2837 4425 3044 4464; x_wconf 84' lang='lat' dir='ltr'><strong>mensus</strong></span> <span class='ocrx_word' id='word_1_721' title='bbox 3063 4419 3138 4465; x_wconf 85' lang='lat' dir='ltr'><strong>est</strong></span> <span class='ocrx_word' id='word_1_722' title='bbox 3166 4420 3359 4464; x_wconf 86' lang='lat' dir='ltr'><strong>terram</strong></span> <span class='ocrx_word' id='word_1_723' title='bbox 3385 4410 3615 4484; x_wconf 82' lang='lat' dir='ltr'><strong>(Habac.</strong></span> 
     </span>
    </p>
   </div>
   <div class='ocr_carea' id='block_1_74' title="bbox 2032 4499 3649 4572">
    <p class='ocr_par' dir='ltr' id='par_1_74' title="bbox 2032 4499 3649 4572">
     <span class='ocr_line' id='line_1_74' title="bbox 2032 4499 3649 4572; baseline 0.002 -18"><span class='ocrx_word' id='word_1_724' title='bbox 2032 4502 2153 4571; x_wconf 87' lang='lat' dir='ltr'><strong>m);</strong></span> <span class='ocrx_word' id='word_1_725' title='bbox 2187 4509 2243 4556; x_wconf 89' lang='lat' dir='ltr'><strong>et</strong></span> <span class='ocrx_word' id='word_1_726' title='bbox 2266 4501 2319 4554; x_wconf 90' lang='lat' dir='ltr'><strong>in</strong></span> <span class='ocrx_word' id='word_1_727' title='bbox 2349 4500 2669 4572; x_wconf 62' lang='lat' dir='ltr'><strong>Es&#39;angelio:</strong></span> <span class='ocrx_word' id='word_1_728' title='bbox 2712 4499 2865 4556; x_wconf 77' lang='lat' dir='ltr'><strong>Stetit</strong></span> <span class='ocrx_word' id='word_1_729' title='bbox 2895 4500 3072 4568; x_wconf 72' lang='lat' dir='ltr'><strong>Iesus,</strong></span> <span class='ocrx_word' id='word_1_730' title='bbox 3102 4512 3150 4556; x_wconf 85' lang='lat' dir='ltr'><strong>et</strong></span> <span class='ocrx_word' id='word_1_731' title='bbox 3184 4502 3347 4572; x_wconf 85' lang='lat' dir='ltr'><strong>jussit</strong></span> <span class='ocrx_word' id='word_1_732' title='bbox 3391 4519 3510 4559; x_wconf 88' lang='lat' dir='ltr'><strong>eum</strong></span> <span class='ocrx_word' id='word_1_733' title='bbox 3535 4521 3618 4558; x_wconf 73' lang='lat' dir='ltr'><strong>oo-</strong></span> <span class='ocrx_word' id='word_1_734' title='bbox 3646 4543 3649 4545; x_wconf 87' lang='grc'><strong><em>-</em></strong></span> 
     </span>
    </p>
   </div>
   <div class='ocr_carea' id='block_1_75' title="bbox 330 4563 1930 4670">
    <p class='ocr_par' dir='ltr' id='par_1_75' title="bbox 330 4563 1925 4670">
     <span class='ocr_line' id='line_1_75' title="bbox 330 4563 1925 4670; baseline -0.009 -17"><span class='ocrx_word' id='word_1_735' title='bbox 330 4563 625 4670; x_wconf 59' lang='grc' dir='ltr'>ῖηγειθιίιι,</span> <span class='ocrx_word' id='word_1_736' title='bbox 654 4601 713 4648; x_wconf 85' lang='grc' dir='ltr'><strong>ιιι</strong></span> <span class='ocrx_word' id='word_1_737' title='bbox 758 4601 842 4649; x_wconf 88' lang='lat' dir='ltr'><strong>est</strong></span> <span class='ocrx_word' id='word_1_738' title='bbox 870 4563 1205 4661; x_wconf 47' lang='lat' dir='ltr'><strong>inps-almo:</strong></span> <span class='ocrx_word' id='word_1_739' title='bbox 1243 4589 1516 4660; x_wconf 77' lang='lat' dir='ltr'><strong>Palpebrtv</strong></span> <span class='ocrx_word' id='word_1_740' title='bbox 1561 4563 1676 4660; x_wconf 68' lang='lat' dir='ltr'><strong>ejus</strong></span> <span class='ocrx_word' id='word_1_741' title='bbox 1703 4563 1925 4643; x_wconf 51' lang='lat' dir='ltr'><strong>interro.</strong></span> 
     </span>
    </p>
   </div>
   <div class='ocr_carea' id='block_1_76' title="bbox 2030 4563 3622 4670">
    <p class='ocr_par' dir='ltr' id='par_1_76' title="bbox 2036 4563 3622 4662">
     <span class='ocr_line' id='line_1_76' title="bbox 2036 4563 3622 4662; baseline 0.001 -17"><span class='ocrx_word' id='word_1_742' title='bbox 2036 4563 2158 4645; x_wconf 76' lang='lat' dir='ltr'><strong>care</strong></span> <span class='ocrx_word' id='word_1_743' title='bbox 2184 4591 2252 4645; x_wconf 86' lang='lat' dir='ltr'><strong>ad</strong></span> <span class='ocrx_word' id='word_1_744' title='bbox 2275 4607 2329 4645; x_wconf 88' lang='lat' dir='ltr'><strong>se</strong></span> <span class='ocrx_word' id='word_1_745' title='bbox 2377 4563 2570 4662; x_wconf 65' lang='lat' dir='ltr'><strong>(Marc.</strong></span> <span class='ocrx_word' id='word_1_746' title='bbox 2598 4591 2675 4661; x_wconf 72' lang='grc' dir='ltr'>ιι),</span> <span class='ocrx_word' id='word_1_747' title='bbox 2708 4592 2809 4646; x_wconf 90' lang='lat' dir='ltr'><strong>hoc</strong></span> <span class='ocrx_word' id='word_1_748' title='bbox 2832 4601 2935 4658; x_wconf 89' lang='lat' dir='ltr'><strong>est,</strong></span> <span class='ocrx_word' id='word_1_749' title='bbox 2965 4563 3495 4647; x_wconf 27' lang='lat' dir='ltr'><strong>cminmi&#39;l‘ransitus</strong></span> <span class='ocrx_word' id='word_1_750' title='bbox 3522 4594 3622 4648; x_wconf 90' lang='lat' dir='ltr'><strong>Do-</strong></span> 
     </span>
    </p>
   </div>
   <div class='ocr_carea' id='block_1_77' title="bbox 332 4680 1925 4760">
    <p class='ocr_par' dir='ltr' id='par_1_77' title="bbox 332 4680 1925 4760">
     <span class='ocr_line' id='line_1_77' title="bbox 332 4680 1925 4760; baseline -0.005 -17"><span class='ocrx_word' id='word_1_751' title='bbox 332 4696 465 4760; x_wconf 86' lang='lat' dir='ltr'><strong>gant</strong></span> <span class='ocrx_word' id='word_1_752' title='bbox 488 4686 635 4756; x_wconf 79' lang='lat' dir='ltr'><strong>&#39;ﬁlios</strong></span> <span class='ocrx_word' id='word_1_753' title='bbox 657 4685 927 4739; x_wconf 81' lang='lat' dir='ltr'><strong>hominum</strong></span> <span class='ocrx_word' id='word_1_754' title='bbox 967 4682 1137 4752; x_wconf 86' lang='lat' dir='ltr'><strong>(Psal.</strong></span> <span class='ocrx_word' id='word_1_755' title='bbox 1162 4681 1243 4754; x_wconf 72' lang='grc' dir='ltr'>ιι),</span> <span class='ocrx_word' id='word_1_756' title='bbox 1281 4683 1384 4737; x_wconf 87' lang='lat' dir='ltr'><strong>hoc</strong></span> <span class='ocrx_word' id='word_1_757' title='bbox 1414 4690 1514 4747; x_wconf 84' lang='lat' dir='ltr'><strong>est,</strong></span> <span class='ocrx_word' id='word_1_758' title='bbox 1542 4682 1759 4752; x_wconf 85' lang='lat' dir='ltr'><strong>probant</strong></span> <span class='ocrx_word' id='word_1_759' title='bbox 1785 4680 1925 4749; x_wconf 79' lang='lat' dir='ltr'><strong>ﬁlios</strong></span> 
     </span>
    </p>
   </div>
   <div class='ocr_carea' id='block_1_78' title="bbox 331 4771 1927 4841">
    <p class='ocr_par' dir='ltr' id='par_1_78' title="bbox 331 4771 1927 4841">
     <span class='ocr_line' id='line_1_78' title="bbox 331 4771 1927 4841; baseline -0.005 -9"><span class='ocrx_word' id='word_1_760' title='bbox 331 4779 633 4833; x_wconf 82' lang='lat' dir='ltr'><strong>hominum.</strong></span> <span class='ocrx_word' id='word_1_761' title='bbox 671 4775 943 4831; x_wconf 79' lang='lat' dir='ltr'><strong>Odoratus&#39;</strong></span> <span class='ocrx_word' id='word_1_762' title='bbox 975 4774 1209 4838; x_wconf 81' lang='lat' dir='ltr'><strong>Domini,</strong></span> <span class='ocrx_word' id='word_1_763' title='bbox 1234 4773 1519 4829; x_wconf 83' lang='lat' dir='ltr'><strong>delectatio</strong></span> <span class='ocrx_word' id='word_1_764' title='bbox 1564 4771 1683 4841; x_wconf 81' lang='lat' dir='ltr'><strong>ejus</strong></span> <span class='ocrx_word' id='word_1_765' title='bbox 1730 4772 1785 4825; x_wconf 89' lang='lat' dir='ltr'><strong>in</strong></span> <span class='ocrx_word' id='word_1_766' title='bbox 1813 4786 1927 4825; x_wconf 89' lang='lat' dir='ltr'><strong>mo-</strong></span> 
     </span>
    </p>
   </div>
   <div class='ocr_carea' id='block_1_79' title="bbox 332 4860 1922 4938">
    <p class='ocr_par' dir='ltr' id='par_1_79' title="bbox 332 4860 1922 4938">
     <span class='ocr_line' id='line_1_79' title="bbox 332 4860 1922 4938; baseline -0.006 -15"><span class='ocrx_word' id='word_1_767' title='bbox 332 4868 492 4923; x_wconf 84' lang='lat' dir='ltr'><strong>ribus</strong></span> <span class='ocrx_word' id='word_1_768' title='bbox 523 4868 649 4923; x_wconf 75' lang='lat' dir='ltr'><strong>sive</strong></span> <span class='ocrx_word' id='word_1_769' title='bbox 662 4868 919 4938; x_wconf 86' lang='lat' dir='ltr'><strong>operibus</strong></span> <span class='ocrx_word' id='word_1_770' title='bbox 955 4874 1287 4930; x_wconf 83' lang='lat' dir='ltr'><strong>sanctorum,</strong></span> <span class='ocrx_word' id='word_1_771' title='bbox 1314 4873 1374 4921; x_wconf 88' lang='lat' dir='ltr'><strong>ut</strong></span> <span class='ocrx_word' id='word_1_772' title='bbox 1405 4864 1458 4919; x_wconf 91' lang='lat' dir='ltr'><strong>in</strong></span> <span class='ocrx_word' id='word_1_773' title='bbox 1488 4863 1685 4919; x_wconf 80' lang='lat' dir='ltr'><strong>Genesi</strong></span> <span class='ocrx_word' id='word_1_774' title='bbox 1715 4882 1727 4915; x_wconf 92' lang='lat'><strong>:</strong></span> <span class='ocrx_word' id='word_1_775' title='bbox 1766 4860 1922 4915; x_wconf 79' lang='lat' dir='ltr'><strong>Odo-</strong></span> 
     </span>
    </p>
   </div>
   <div class='ocr_carea' id='block_1_80' title="bbox 333 4940 1931 5029">
    <p class='ocr_par' dir='ltr' id='par_1_80' title="bbox 333 4940 1931 5029">
     <span class='ocr_line' id='line_1_80' title="bbox 333 4940 1931 5029; baseline -0.003 -17"><span class='ocrx_word' id='word_1_776' title='bbox 333 4954 591 5029; x_wconf 77' lang='lat' dir='ltr'><strong>ratusque</strong></span> <span class='ocrx_word' id='word_1_777' title='bbox 617 4968 693 5012; x_wconf 88' lang='lat' dir='ltr'><strong>est</strong></span> <span class='ocrx_word' id='word_1_778' title='bbox 724 4956 1003 5011; x_wconf 66' lang='lat' dir='ltr'><strong>Dominus</strong></span> <span class='ocrx_word' id='word_1_779' title='bbox 1024 4952 1235 5010; x_wconf 77' lang='lat' dir='ltr'><strong>odorem</strong></span> <span class='ocrx_word' id='word_1_780' title='bbox 1280 4940 1554 5010; x_wconf 76' lang='lat' dir='ltr'><strong>suavilatis</strong></span> <span class='ocrx_word' id='word_1_781' title='bbox 1601 4952 1755 5026; x_wconf 82' lang='lat' dir='ltr'><strong>(Gen.</strong></span> <span class='ocrx_word' id='word_1_782' title='bbox 1780 4954 1931 5027; x_wconf 67' lang='lat' dir='ltr'><strong>vm):</strong></span> 
     </span>
    </p>
   </div>
   <div class='ocr_carea' id='block_1_81' title="bbox 331 5038 1924 5131">
    <p class='ocr_par' dir='ltr' id='par_1_81' title="bbox 331 5038 1924 5131">
     <span class='ocr_line' id='line_1_81' title="bbox 331 5038 1924 5131; baseline -0.003 -25"><span class='ocrx_word' id='word_1_783' title='bbox 331 5054 406 5125; x_wconf 86' lang='lat' dir='ltr'><strong>0s</strong></span> <span class='ocrx_word' id='word_1_784' title='bbox 434 5052 671 5117; x_wconf 78' lang='lat' dir='ltr'><strong>Domini,</strong></span> <span class='ocrx_word' id='word_1_785' title='bbox 703 5051 870 5106; x_wconf 82' lang='lat' dir='ltr'><strong>Filius</strong></span> <span class='ocrx_word' id='word_1_786' title='bbox 897 5052 1014 5131; x_wconf 77' lang='lat' dir='ltr'><strong>ejus</strong></span> <span class='ocrx_word' id='word_1_787' title='bbox 1054 5038 1138 5105; x_wconf 86' lang='lat' dir='ltr'><strong>vel</strong></span> <span class='ocrx_word' id='word_1_788' title='bbox 1167 5064 1345 5105; x_wconf 89' lang='lat' dir='ltr'><strong>sermo</strong></span> <span class='ocrx_word' id='word_1_789' title='bbox 1371 5050 1438 5104; x_wconf 84' lang='lat' dir='ltr'><strong>ad</strong></span> <span class='ocrx_word' id='word_1_790' title='bbox 1476 5049 1743 5112; x_wconf 86' lang='lat' dir='ltr'><strong>homines,</strong></span> <span class='ocrx_word' id='word_1_791' title='bbox 1786 5054 1846 5103; x_wconf 89' lang='lat' dir='ltr'><strong>ut</strong></span> <span class='ocrx_word' id='word_1_792' title='bbox 1872 5049 1924 5101; x_wconf 89' lang='lat' dir='ltr'><strong>in</strong></span> 
     </span>
    </p>
   </div>
   <div class='ocr_carea' id='block_1_82' title="bbox 331 5134 1923 5214">
    <p class='ocr_par' dir='ltr' id='par_1_82' title="bbox 331 5134 1923 5214">
     <span class='ocr_line' id='line_1_82' title="bbox 331 5134 1923 5214; baseline -0.003 -16"><span class='ocrx_word' id='word_1_793' title='bbox 331 5145 551 5214; x_wconf 80' lang='lat' dir='ltr'><strong>psalmo</strong></span> <span class='ocrx_word' id='word_1_794' title='bbox 575 5158 600 5198; x_wconf 64' lang='grc' dir='ltr'><em>τ</em></span> <span class='ocrx_word' id='word_1_795' title='bbox 639 5134 711 5198; x_wconf 81' lang='lat' dir='ltr'><strong>Os</strong></span> <span class='ocrx_word' id='word_1_796' title='bbox 757 5143 967 5197; x_wconf 85' lang='lat' dir='ltr'><strong>Domini</strong></span> <span class='ocrx_word' id='word_1_797' title='bbox 1007 5143 1236 5197; x_wconf 86' lang='lat' dir='ltr'><strong>locutum</strong></span> <span class='ocrx_word' id='word_1_798' title='bbox 1276 5153 1350 5196; x_wconf 89' lang='lat' dir='ltr'><strong>est</strong></span> <span class='ocrx_word' id='word_1_799' title='bbox 1387 5140 1523 5212; x_wconf 44' lang='lat' dir='ltr'><strong>(&#39;Isu.</strong></span> <span class='ocrx_word' id='word_1_800' title='bbox 1552 5141 1591 5211; x_wconf 88' lang='grc' dir='ltr'><strong>ι)</strong></span> <span class='ocrx_word' id='word_1_801' title='bbox 1625 5149 1729 5208; x_wconf 80' lang='lat' dir='ltr'><strong>;ct‘</strong></span> <span class='ocrx_word' id='word_1_802' title='bbox 1744 5141 1878 5196; x_wconf 83' lang='lat' dir='ltr'><strong>alibi</strong></span> <span class='ocrx_word' id='word_1_803' title='bbox 1910 5158 1923 5193; x_wconf 89' lang='lat'><strong>:</strong></span> 
     </span>
    </p>
   </div>
   <div class='ocr_carea' id='block_1_83' title="bbox 334 5222 1921 5303">
    <p class='ocr_par' dir='ltr' id='par_1_83' title="bbox 334 5222 1921 5303">
     <span class='ocr_line' id='line_1_83' title="bbox 334 5222 1921 5303; baseline -0.002 -15"><span class='ocrx_word' id='word_1_804' title='bbox 334 5222 410 5289; x_wconf 85' lang='lat' dir='ltr'><strong>0&#39;s</strong></span> <span class='ocrx_word' id='word_1_805' title='bbox 441 5233 658 5288; x_wconf 84' lang='lat' dir='ltr'><strong>Domini</strong></span> <span class='ocrx_word' id='word_1_806' title='bbox 683 5234 751 5287; x_wconf 88' lang='lat' dir='ltr'><strong>ad</strong></span> <span class='ocrx_word' id='word_1_807' title='bbox 799 5225 1133 5287; x_wconf 79' lang='lat' dir='ltr'><strong>iracundiam</strong></span> <span class='ocrx_word' id='word_1_808' title='bbox 1177 5230 1821 5303; x_wconf 61' lang='lat' dir='ltr'><strong>provocavermit’ﬂhren.</strong></span> <span class='ocrx_word' id='word_1_809' title='bbox 1858 5230 1921 5302; x_wconf 55' lang='grc' dir='ltr'><strong>ηε</strong></span> 
     </span>
    </p>
   </div>
   <div class='ocr_carea' id='block_1_84' title="bbox 332 5320 1929 5409">
    <p class='ocr_par' dir='ltr' id='par_1_84' title="bbox 332 5320 1929 5409">
     <span class='ocr_line' id='line_1_84' title="bbox 332 5320 1929 5409; baseline -0.001 -32"><span class='ocrx_word' id='word_1_810' title='bbox 332 5324 548 5409; x_wconf 46' lang='grc' dir='ltr'>ιῖἱιιβιιε</span> <span class='ocrx_word' id='word_1_811' title='bbox 575 5321 1072 5394; x_wconf 74' lang='lat' dir='ltr'><strong>Domini,&quot;Spiritus</strong></span> <span class='ocrx_word' id='word_1_812' title='bbox 1099 5322 1214 5393; x_wconf 76' lang='lat' dir='ltr'><strong>ejus</strong></span> <span class='ocrx_word' id='word_1_813' title='bbox 1236 5322 1473 5409; x_wconf 76' lang='lat' dir='ltr'><strong>sanctus,</strong></span> <span class='ocrx_word' id='word_1_814' title='bbox 1509 5320 1573 5376; x_wconf 76' lang='lat' dir='ltr'><strong>ut</strong></span> <span class='ocrx_word' id='word_1_815' title='bbox 1593 5322 1646 5376; x_wconf 90' lang='lat' dir='ltr'><strong>in</strong></span> <span class='ocrx_word' id='word_1_816' title='bbox 1676 5321 1929 5393; x_wconf 71' lang='lat' dir='ltr'><strong>psalmo:</strong></span> 
     </span>
    </p>
   </div>
   <div class='ocr_carea' id='block_1_85' title="bbox 334 5398 1927 5495">
    <p class='ocr_par' dir='ltr' id='par_1_85' title="bbox 334 5398 1927 5495">
     <span class='ocr_line' id='line_1_85' title="bbox 334 5398 1927 5495; baseline -0.001 -27"><span class='ocrx_word' id='word_1_817' title='bbox 334 5398 559 5485; x_wconf 62' lang='grc' dir='ltr'>ιξίὴξῖιιιι</span> <span class='ocrx_word' id='word_1_818' title='bbox 584 5412 698 5467; x_wconf 70' lang='lat' dir='ltr'><strong>inca</strong></span> <span class='ocrx_word' id='word_1_819' title='bbox 749 5412 989 5495; x_wconf 63' lang='lat' dir='ltr'><strong>calamus</strong></span> <span class='ocrx_word' id='word_1_820' title='bbox 1033 5411 1204 5485; x_wconf 76' lang='lat' dir='ltr'><strong>(Psal&#39;.</strong></span> <span class='ocrx_word' id='word_1_821' title='bbox 1248 5408 1435 5485; x_wconf 56' lang='lat' dir='ltr'><strong>sm):</strong></span> <span class='ocrx_word' id='word_1_822' title='bbox 1466 5410 1927 5495; x_wconf 74' lang='lat' dir='ltr'><strong>Fadies‘Do&#39;miril,</strong></span> 
     </span>
    </p>
   </div>
   <div class='ocr_carea' id='block_1_86' title="bbox 332 5488 1929 5593">
    <p class='ocr_par' dir='ltr' id='par_1_86' title="bbox 332 5488 1929 5593">
     <span class='ocr_line' id='line_1_86' title="bbox 332 5488 1929 5593; baseline -0.001 -29"><span class='ocrx_word' id='word_1_823' title='bbox 332 5496 742 5593; x_wconf 40' lang='lat' dir='ltr'><strong>oilensio‘eju‘s</strong></span> <span class='ocrx_word' id='word_1_824' title='bbox 767 5490 890 5593; x_wconf 75' lang='lat' dir='ltr'><strong>‘pc&#39;r</strong></span> <span class='ocrx_word' id='word_1_825' title='bbox 922 5506 1285 5593; x_wconf 74' lang='lat' dir='ltr'><strong>Fiiibm‘ejus</strong></span> <span class='ocrx_word' id='word_1_826' title='bbox 1331 5488 1820 5593; x_wconf 25' lang='lat' dir='ltr'><strong>ad”bomihe&#39;s,;ut</strong></span> <span class='ocrx_word' id='word_1_827' title='bbox 1862 5505 1929 5593; x_wconf 65' lang='lat' dir='ltr'><strong>ili</strong></span> 
     </span>
    </p>
   </div>
   <div class='ocr_carea' id='block_1_87' title="bbox 333 5584 1928 5679">
    <p class='ocr_par' dir='ltr' id='par_1_87' title="bbox 333 5584 1928 5679">
     <span class='ocr_line' id='line_1_87' title="bbox 333 5584 1928 5679; baseline -0.001 -23"><span class='ocrx_word' id='word_1_828' title='bbox 333 5584 530 5679; x_wconf 56' lang='grc' dir='ltr'><strong>ξιξξὸδρ</strong></span> <span class='ocrx_word' id='word_1_829' title='bbox 542 5606 549 5611; x_wconf 76' lang='grc'><em>“</em></span> <span class='ocrx_word' id='word_1_830' title='bbox 560 5586 608 5655; x_wconf 29' lang='grc' dir='ltr'><strong>ἓν</strong></span> <span class='ocrx_word' id='word_1_831' title='bbox 630 5590 825 5679; x_wconf 55' lang='grc' dir='ltr'><strong>Ῑθξιϊὲεδί</strong></span> <span class='ocrx_word' id='word_1_832' title='bbox 852 5597 982 5679; x_wconf 72' lang='lat' dir='ltr'><strong>&#39;m&#39;éli</strong></span> <span class='ocrx_word' id='word_1_833' title='bbox 1010 5588 1330 5679; x_wconf 48' lang='lat' dir='ltr'><strong>&quot;pt‘tcc&#39;lédel&quot;</strong></span> <span class='ocrx_word' id='word_1_834' title='bbox 1349 5586 1669 5679; x_wconf 2' lang='lat' dir='ltr'><strong>‘te’g‘iwxoil;</strong></span> <span class='ocrx_word' id='word_1_835' title='bbox 1685 5584 1883 5679; x_wconf 47' lang='lat' dir='ltr'><strong>sitim)</strong></span> 
     </span>
    </p>
   </div>
   <div class='ocr_carea' id='block_1_88' title="bbox 332 5643 1927 5766">
    <p class='ocr_par' dir='ltr' id='par_1_88' title="bbox 332 5643 1927 5766">
     <span class='ocr_line' id='line_1_88' title="bbox 333 5643 1925 5710; baseline -0.004 -1"><span class='ocrx_word' id='word_1_836' title='bbox 333 5643 583 5709; x_wconf 52' lang='grc' dir='ltr'><strong>τλῗυᾶἶῗὲι</strong></span> <span class='ocrx_word' id='word_1_837' title='bbox 630 5643 652 5653; x_wconf 72' lang='grc'><strong><em>⁵</em></strong></span> <span class='ocrx_word' id='word_1_838' title='bbox 681 5643 816 5699; x_wconf 23' lang='lat' dir='ltr'><strong>imi</strong></span> <span class='ocrx_word' id='word_1_839' title='bbox 842 5686 845 5695; x_wconf 71' lang='grc' dir='ltr'><strong>ι</strong></span> <span class='ocrx_word' id='word_1_840' title='bbox 868 5643 1009 5708; x_wconf 63' lang='grc' dir='ltr'><strong>”’ἶ”.</strong></span> <span class='ocrx_word' id='word_1_841' title='bbox 1042 5643 1309 5710; x_wconf 62' lang='grc' dir='ltr'><strong>’ἶίῗ”ἶ“’ἷῖι</strong></span> <span class='ocrx_word' id='word_1_842' title='bbox 1332 5643 1925 5710; x_wconf 40' lang='grc' dir='ltr'><strong>,Νιινῖῗῖτέιῗῗῗῗί.)</strong></span> 
     </span>
     <span class='ocr_line' id='line_1_89' title="bbox 332 5684 1927 5766; baseline 0.003 -15"><span class='ocrx_word' id='word_1_843' title='bbox 332 5702 390 5751; x_wconf 87' lang='lat' dir='ltr'><strong>ct</strong></span> <span class='ocrx_word' id='word_1_844' title='bbox 448 5714 504 5750; x_wconf 87' lang='grc' dir='ltr'><strong>ιιι</strong></span> <span class='ocrx_word' id='word_1_845' title='bbox 567 5686 831 5766; x_wconf 72' lang='lat' dir='ltr'><strong>psalmot’</strong></span> <span class='ocrx_word' id='word_1_846' title='bbox 876 5684 1066 5753; x_wconf 68' lang='lat' dir='ltr'><strong>Fortes</strong></span> <span class='ocrx_word' id='word_1_847' title='bbox 1132 5688 1341 5751; x_wconf 74' lang='lat' dir='ltr'><strong>Domini</strong></span> <span class='ocrx_word' id='word_1_848' title='bbox 1389 5699 1585 5753; x_wconf 75' lang='lat' dir='ltr'><strong>dimisit</strong></span> <span class='ocrx_word' id='word_1_849' title='bbox 1639 5714 1748 5754; x_wconf 89' lang='lat' dir='ltr'><strong>eos.</strong></span> <span class='ocrx_word' id='word_1_850' title='bbox 1797 5697 1927 5755; x_wconf 82' lang='lat' dir='ltr'><strong>Ver-</strong></span> 
     </span>
    </p>
   </div>
   <div class='ocr_carea' id='block_1_89' title="bbox 334 5784 1925 5860">
    <p class='ocr_par' dir='ltr' id='par_1_89' title="bbox 334 5784 1925 5860">
     <span class='ocr_line' id='line_1_90' title="bbox 334 5784 1925 5860; baseline 0.004 -21"><span class='ocrx_word' id='word_1_851' title='bbox 334 5803 474 5856; x_wconf 66' lang='lat' dir='ltr'><strong>bum</strong></span> <span class='ocrx_word' id='word_1_852' title='bbox 534 5784 790 5856; x_wconf 86' lang='lat' dir='ltr'><strong>Domini,</strong></span> <span class='ocrx_word' id='word_1_853' title='bbox 859 5786 1027 5844; x_wconf 82' lang='lat' dir='ltr'><strong>Filius</strong></span> <span class='ocrx_word' id='word_1_854' title='bbox 1056 5829 1071 5855; x_wconf 93' lang='lat'><strong>,</strong></span> <span class='ocrx_word' id='word_1_855' title='bbox 1142 5798 1201 5844; x_wconf 89' lang='lat' dir='ltr'><strong>ut</strong></span> <span class='ocrx_word' id='word_1_856' title='bbox 1246 5788 1300 5844; x_wconf 86' lang='lat' dir='ltr'><strong>in</strong></span> <span class='ocrx_word' id='word_1_857' title='bbox 1350 5790 1594 5860; x_wconf 79' lang='lat' dir='ltr'><strong>psalmo:</strong></span> <span class='ocrx_word' id='word_1_858' title='bbox 1653 5789 1925 5847; x_wconf 81' lang='lat' dir='ltr'><strong>Eructarit</strong></span> 
     </span>
    </p>
   </div>
   <div class='ocr_carea' id='block_1_90' title="bbox 2036 4680 3619 4751">
    <p class='ocr_par' dir='ltr' id='par_1_90' title="bbox 2036 4680 3619 4751">
     <span class='ocr_line' id='line_1_91' title="bbox 2036 4680 3619 4751; baseline 0.003 -17"><span class='ocrx_word' id='word_1_859' title='bbox 2036 4680 2191 4746; x_wconf 87' lang='lat' dir='ltr'><strong>mini,</strong></span> <span class='ocrx_word' id='word_1_860' title='bbox 2221 4680 2405 4735; x_wconf 85' lang='lat' dir='ltr'><strong>carnis</strong></span> <span class='ocrx_word' id='word_1_861' title='bbox 2450 4681 2767 4751; x_wconf 83' lang='lat' dir='ltr'><strong>asSumptio,</strong></span> <span class='ocrx_word' id='word_1_862' title='bbox 2815 4695 2913 4751; x_wconf 89' lang='lat' dir='ltr'><strong>per</strong></span> <span class='ocrx_word' id='word_1_863' title='bbox 2952 4696 3113 4751; x_wconf 87' lang='lat' dir='ltr'><strong>quam</strong></span> <span class='ocrx_word' id='word_1_864' title='bbox 3164 4682 3453 4747; x_wconf 89' lang='lat' dir='ltr'><strong>nascendo,</strong></span> <span class='ocrx_word' id='word_1_865' title='bbox 3504 4698 3619 4738; x_wconf 90' lang='lat' dir='ltr'><strong>mo-</strong></span> 
     </span>
    </p>
   </div>
   <div class='ocr_carea' id='block_1_91' title="bbox 2034 4772 3617 4846">
    <p class='ocr_par' dir='ltr' id='par_1_91' title="bbox 2034 4772 3617 4846">
     <span class='ocr_line' id='line_1_92' title="bbox 2034 4772 3617 4846; baseline 0.001 -18"><span class='ocrx_word' id='word_1_866' title='bbox 2034 4773 2244 4838; x_wconf 86' lang='lat' dir='ltr'><strong>riendo,</strong></span> <span class='ocrx_word' id='word_1_867' title='bbox 2275 4773 2627 4842; x_wconf 86' lang='lat' dir='ltr'><strong>resurgendo,</strong></span> <span class='ocrx_word' id='word_1_868' title='bbox 2655 4774 2711 4827; x_wconf 89' lang='lat' dir='ltr'><strong>in</strong></span> <span class='ocrx_word' id='word_1_869' title='bbox 2739 4772 2905 4827; x_wconf 78' lang='lat' dir='ltr'><strong>caelos</strong></span> <span class='ocrx_word' id='word_1_870' title='bbox 2929 4773 3288 4841; x_wconf 86' lang='lat' dir='ltr'><strong>ascendendo,</strong></span> <span class='ocrx_word' id='word_1_871' title='bbox 3331 4774 3617 4846; x_wconf 89' lang='lat' dir='ltr'><strong>quemdam</strong></span> 
     </span>
    </p>
   </div>
   <div class='ocr_carea' id='block_1_92' title="bbox 2032 4863 3617 4922">
    <p class='ocr_par' dir='ltr' id='par_1_92' title="bbox 2032 4863 3617 4922">
     <span class='ocr_line' id='line_1_93' title="bbox 2032 4863 3617 4922; baseline -0.001 -1"><span class='ocrx_word' id='word_1_872' title='bbox 2032 4863 2321 4921; x_wconf 83' lang='lat' dir='ltr'><strong>transitum</strong></span> <span class='ocrx_word' id='word_1_873' title='bbox 2356 4865 2517 4920; x_wconf 81' lang='lat' dir='ltr'><strong>fecit:</strong></span> <span class='ocrx_word' id='word_1_874' title='bbox 2568 4866 2623 4921; x_wconf 88' lang='lat' dir='ltr'><strong>in</strong></span> <span class='ocrx_word' id='word_1_875' title='bbox 2666 4866 2894 4921; x_wconf 87' lang='lat' dir='ltr'><strong>Cantico</strong></span> <span class='ocrx_word' id='word_1_876' title='bbox 2927 4866 3296 4922; x_wconf 87' lang='lat' dir='ltr'><strong>canticorum:</strong></span> <span class='ocrx_word' id='word_1_877' title='bbox 3347 4864 3482 4922; x_wconf 82' lang='lat' dir='ltr'><strong>Ecce</strong></span> <span class='ocrx_word' id='word_1_878' title='bbox 3520 4869 3617 4921; x_wconf 84' lang='lat' dir='ltr'><strong>iste</strong></span> 
     </span>
    </p>
   </div>
   <div class='ocr_carea' id='block_1_93' title="bbox 2031 4958 3610 5035">
    <p class='ocr_par' dir='ltr' id='par_1_93' title="bbox 2031 4958 3610 5035">
     <span class='ocr_line' id='line_1_94' title="bbox 2031 4958 3610 5035; baseline 0.003 -23"><span class='ocrx_word' id='word_1_879' title='bbox 2031 4959 2163 5013; x_wconf 72' lang='lat' dir='ltr'><strong>venit</strong></span> <span class='ocrx_word' id='word_1_880' title='bbox 2191 4958 2383 5012; x_wconf 79' lang='lat' dir='ltr'><strong>saliens</strong></span> <span class='ocrx_word' id='word_1_881' title='bbox 2422 4960 2477 5012; x_wconf 83' lang='lat' dir='ltr'><strong>in</strong></span> <span class='ocrx_word' id='word_1_882' title='bbox 2501 4959 2781 5026; x_wconf 82' lang='lat' dir='ltr'><strong>montibus,</strong></span> <span class='ocrx_word' id='word_1_883' title='bbox 2804 4958 3119 5035; x_wconf 80' lang='lat' dir='ltr'><strong>transiliens</strong></span> <span class='ocrx_word' id='word_1_884' title='bbox 3140 4960 3295 5016; x_wconf 86' lang='lat' dir='ltr'><strong>colles</strong></span> <span class='ocrx_word' id='word_1_885' title='bbox 3327 4959 3502 5034; x_wconf 87' lang='lat' dir='ltr'><strong>(Cant.</strong></span> <span class='ocrx_word' id='word_1_886' title='bbox 3526 4966 3610 5033; x_wconf 88' lang='grc' dir='ltr'>ιι).</span> 
     </span>
    </p>
   </div>
   <div class='ocr_carea' id='block_1_94' title="bbox 2028 5045 3617 5119">
    <p class='ocr_par' dir='ltr' id='par_1_94' title="bbox 2028 5045 3617 5119">
     <span class='ocr_line' id='line_1_95' title="bbox 2028 5045 3617 5119; baseline 0.005 -19"><span class='ocrx_word' id='word_1_887' title='bbox 2028 5045 2262 5103; x_wconf 86' lang='lat' dir='ltr'><strong>Gressus</strong></span> <span class='ocrx_word' id='word_1_888' title='bbox 2286 5048 2524 5115; x_wconf 88' lang='lat' dir='ltr'><strong>Domini,</strong></span> <span class='ocrx_word' id='word_1_889' title='bbox 2556 5049 2819 5103; x_wconf 85' lang='lat' dir='ltr'><strong>adventus</strong></span> <span class='ocrx_word' id='word_1_890' title='bbox 2848 5049 2930 5104; x_wconf 84' lang='lat' dir='ltr'><strong>vel</strong></span> <span class='ocrx_word' id='word_1_891' title='bbox 2959 5050 3190 5106; x_wconf 83' lang='lat' dir='ltr'><strong>visitatio</strong></span> <span class='ocrx_word' id='word_1_892' title='bbox 3217 5050 3350 5119; x_wconf 87' lang='lat' dir='ltr'><strong>ejus.</strong></span> <span class='ocrx_word' id='word_1_893' title='bbox 3379 5052 3490 5108; x_wconf 68' lang='lat' dir='ltr'><strong>Vite</strong></span> <span class='ocrx_word' id='word_1_894' title='bbox 3513 5051 3617 5108; x_wconf 91' lang='lat' dir='ltr'><strong>Do-</strong></span> 
     </span>
    </p>
   </div>
   <div class='ocr_carea' id='block_1_95' title="bbox 2028 5139 3608 5217">
    <p class='ocr_par' dir='ltr' id='par_1_95' title="bbox 2028 5139 3608 5217">
     <span class='ocr_line' id='line_1_96' title="bbox 2028 5139 3608 5217; baseline 0.004 -24"><span class='ocrx_word' id='word_1_895' title='bbox 2028 5139 2182 5206; x_wconf 90' lang='lat' dir='ltr'><strong>mini,</strong></span> <span class='ocrx_word' id='word_1_896' title='bbox 2213 5141 2457 5217; x_wconf 82' lang='lat' dir='ltr'><strong>opera‘tid</strong></span> <span class='ocrx_word' id='word_1_897' title='bbox 2481 5141 2808 5208; x_wconf 85' lang='lat' dir='ltr'><strong>Divinitatis,</strong></span> <span class='ocrx_word' id='word_1_898' title='bbox 2830 5141 2969 5198; x_wconf 86' lang='lat' dir='ltr'><strong>sicut</strong></span> <span class='ocrx_word' id='word_1_899' title='bbox 2999 5142 3054 5199; x_wconf 90' lang='lat' dir='ltr'><strong>in</strong></span> <span class='ocrx_word' id='word_1_900' title='bbox 3078 5143 3176 5199; x_wconf 80' lang='lat' dir='ltr'><strong>Job</strong></span> <span class='ocrx_word' id='word_1_901' title='bbox 3216 5159 3313 5214; x_wconf 87' lang='lat' dir='ltr'><strong>pro</strong></span> <span class='ocrx_word' id='word_1_902' title='bbox 3342 5144 3565 5200; x_wconf 80' lang='lat' dir='ltr'><strong>diabolo</strong></span> <span class='ocrx_word' id='word_1_903' title='bbox 3594 5165 3608 5199; x_wconf 77' lang='grc' dir='ltr'><strong>ι</strong></span> 
     </span>
    </p>
   </div>
   <div class='ocr_carea' id='block_1_96' title="bbox 2026 5219 3615 5315">
    <p class='ocr_par' dir='ltr' id='par_1_96' title="bbox 2026 5219 3615 5315">
     <span class='ocr_line' id='line_1_97' title="bbox 2026 5219 3615 5315; baseline 0.006 -31"><span class='ocrx_word' id='word_1_904' title='bbox 2026 5228 2149 5303; x_wconf 80' lang='lat' dir='ltr'><strong>Ipse</strong></span> <span class='ocrx_word' id='word_1_905' title='bbox 2169 5240 2245 5286; x_wconf 86' lang='lat' dir='ltr'><strong>est</strong></span> <span class='ocrx_word' id='word_1_906' title='bbox 2289 5232 2603 5315; x_wconf 79' lang='lat' dir='ltr'><strong>principium</strong></span> <span class='ocrx_word' id='word_1_907' title='bbox 2648 5232 2853 5295; x_wconf 69' lang='lat' dir='ltr'><strong>ciarum</strong></span> <span class='ocrx_word' id='word_1_908' title='bbox 2887 5232 2984 5313; x_wconf 82' lang='lat' dir='ltr'><strong>Dei</strong></span> <span class='ocrx_word' id='word_1_909' title='bbox 3033 5233 3173 5308; x_wconf 75' lang='lat' dir='ltr'><strong>(:Iob.</strong></span> <span class='ocrx_word' id='word_1_910' title='bbox 3192 5236 3288 5309; x_wconf 62' lang='lat' dir='ltr'><strong>si.)</strong></span> <span class='ocrx_word' id='word_1_911' title='bbox 3319 5256 3332 5304; x_wconf 90' lang='lat'><strong>;</strong></span> <span class='ocrx_word' id='word_1_912' title='bbox 3362 5240 3490 5294; x_wconf 89' lang='lat' dir='ltr'><strong>item</strong></span> <span class='ocrx_word' id='word_1_913' title='bbox 3512 5219 3615 5293; x_wconf 69' lang='lat' dir='ltr'><strong>vite</strong></span> 
     </span>
    </p>
   </div>
   <div class='ocr_carea' id='block_1_97' title="bbox 2025 5322 3644 5405">
    <p class='ocr_par' dir='ltr' id='par_1_97' title="bbox 2025 5322 3644 5405">
     <span class='ocr_line' id='line_1_98' title="bbox 2025 5322 3644 5405; baseline 0.003 -25"><span class='ocrx_word' id='word_1_914' title='bbox 2025 5324 2260 5405; x_wconf 80' lang='lat' dir='ltr'><strong>Domini,</strong></span> <span class='ocrx_word' id='word_1_915' title='bbox 2286 5322 2899 5405; x_wconf 28' lang='lat' dir='ltr'><strong>prteccptaDominiput</strong></span> <span class='ocrx_word' id='word_1_916' title='bbox 2928 5329 2987 5405; x_wconf 86' lang='lat' dir='ltr'><strong>in</strong></span> <span class='ocrx_word' id='word_1_917' title='bbox 3014 5328 3151 5386; x_wconf 79' lang='lat' dir='ltr'><strong>Osee</strong></span> <span class='ocrx_word' id='word_1_918' title='bbox 3176 5349 3188 5384; x_wconf 89' lang='lat'><strong>:</strong></span> <span class='ocrx_word' id='word_1_919' title='bbox 3229 5326 3502 5404; x_wconf 80' lang='lat' dir='ltr'><strong>Quomodo</strong></span> <span class='ocrx_word' id='word_1_920' title='bbox 3533 5322 3644 5405; x_wconf 62' lang='lat' dir='ltr'><strong>re-l.</strong></span> 
     </span>
    </p>
   </div>
   <div class='ocr_carea' id='block_1_98' title="bbox 2024 5402 3612 5499">
    <p class='ocr_par' dir='ltr' id='par_1_98' title="bbox 2024 5402 3612 5499">
     <span class='ocr_line' id='line_1_99' title="bbox 2024 5402 3612 5499; baseline 0.002 -28"><span class='ocrx_word' id='word_1_921' title='bbox 2024 5402 2123 5481; x_wconf 73' lang='lat' dir='ltr'><strong>cla:</strong></span> <span class='ocrx_word' id='word_1_922' title='bbox 2145 5402 2257 5472; x_wconf 41' lang='lat' dir='ltr'><strong>viai</strong></span> <span class='ocrx_word' id='word_1_923' title='bbox 2277 5406 2513 5499; x_wconf 63' lang='lat' dir='ltr'><strong>Dontin&#39;i,</strong></span> <span class='ocrx_word' id='word_1_924' title='bbox 2540 5420 2586 5499; x_wconf 76' lang='lat' dir='ltr'><strong>et</strong></span> <span class='ocrx_word' id='word_1_925' title='bbox 2626 5402 2769 5490; x_wconf 80' lang='lat' dir='ltr'><strong>justi</strong></span> <span class='ocrx_word' id='word_1_926' title='bbox 2800 5403 3067 5499; x_wconf 72' lang='lat' dir='ltr'><strong>ainbuliint</strong></span> <span class='ocrx_word' id='word_1_927' title='bbox 3088 5428 3089 5431; x_wconf 68' lang='lat'>‘</span> <span class='ocrx_word' id='word_1_928' title='bbox 3113 5404 3273 5499; x_wconf 30' lang='lat' dir='ltr'><strong>in‘eis</strong></span> <span class='ocrx_word' id='word_1_929' title='bbox 3294 5402 3448 5491; x_wconf 82' lang='lat' dir='ltr'><strong>(Ose.</strong></span> <span class='ocrx_word' id='word_1_930' title='bbox 3476 5402 3612 5499; x_wconf 72' lang='lat' dir='ltr'><strong>xiv).</strong></span> 
     </span>
    </p>
   </div>
   <div class='ocr_carea' id='block_1_99' title="bbox 2025 5490 3635 5588">
    <p class='ocr_par' dir='ltr' id='par_1_99' title="bbox 2025 5490 3635 5588">
     <span class='ocr_line' id='line_1_100' title="bbox 2025 5490 3635 5588; baseline 0.003 -24"><span class='ocrx_word' id='word_1_931' title='bbox 2025 5490 2549 5588; x_wconf 59' lang='lat' dir='ltr'><strong>vestigia&#39;Dorﬁiiii,</strong></span> <span class='ocrx_word' id='word_1_932' title='bbox 2571 5490 2825 5588; x_wconf 30' lang='lat' dir='ltr'><strong>&#39;Xoper&#39;um</strong></span> <span class='ocrx_word' id='word_1_933' title='bbox 2874 5494 3213 5588; x_wconf 54' lang='lat' dir='ltr'><strong>iceretorum&#39;</strong></span> <span class='ocrx_word' id='word_1_934' title='bbox 3242 5494 3437 5588; x_wconf 65' lang='lat' dir='ltr'><strong>signa,</strong></span> <span class='ocrx_word' id='word_1_935' title='bbox 3472 5492 3635 5583; x_wconf 70' lang='lat' dir='ltr'><strong>utin.</strong></span> 
     </span>
    </p>
   </div>
   <div class='ocr_carea' id='block_1_100' title="bbox 2024 5576 3637 5695">
    <p class='ocr_par' dir='ltr' id='par_1_100' title="bbox 2024 5576 3637 5695">
     <span class='ocr_line' id='line_1_101' title="bbox 2024 5576 3637 5695; baseline -0.001 -35"><span class='ocrx_word' id='word_1_936' title='bbox 2024 5582 2286 5695; x_wconf 59' lang='lat' dir='ltr'><strong>psalmo:</strong></span> <span class='ocrx_word' id='word_1_937' title='bbox 2422 5587 2661 5693; x_wconf 51' lang='lat' dir='ltr'><strong>&quot;benigni</strong></span> <span class='ocrx_word' id='word_1_938' title='bbox 2712 5604 2804 5658; x_wconf 85' lang='lat' dir='ltr'><strong>tua</strong></span> <span class='ocrx_word' id='word_1_939' title='bbox 2834 5608 2835 5611; x_wconf 68' lang='grc'><em>“</em></span> <span class='ocrx_word' id='word_1_940' title='bbox 2866 5584 3413 5695; x_wconf 44' lang='grc' dir='ltr'><strong>ηοιις¹ὲρ9ἠςιξςέἑιιιάί¹</strong></span> <span class='ocrx_word' id='word_1_941' title='bbox 3436 5592 3637 5683; x_wconf 36' lang='lat' dir='ltr'><strong>(pini...</strong></span> 
     </span>
    </p>
   </div>
   <div class='ocr_carea' id='block_1_101' title="bbox 2026 5667 3641 5766">
    <p class='ocr_par' dir='ltr' id='par_1_101' title="bbox 2026 5667 3641 5766">
     <span class='ocr_line' id='line_1_102' title="bbox 2026 5667 3641 5766; baseline -0.004 -15"><span class='ocrx_word' id='word_1_942' title='bbox 2026 5667 2266 5766; x_wconf 55' lang='lat' dir='ltr'><strong>irini.”</strong></span> <span class='ocrx_word' id='word_1_943' title='bbox 2285 5678 2540 5766; x_wconf 66' lang='grc' dir='ltr'><strong>(ἶόέίιίίὶἱί</strong></span> <span class='ocrx_word' id='word_1_944' title='bbox 2562 5667 2809 5761; x_wconf 58' lang='lat' dir='ltr'><strong>bonam,-</strong></span> <span class='ocrx_word' id='word_1_945' title='bbox 2822 5674 2987 5764; x_wconf 52' lang='grc' dir='ltr'>ίσιιιδΰ</span> <span class='ocrx_word' id='word_1_946' title='bbox 3001 5667 3388 5766; x_wconf 57' lang='grc' dir='ltr'><strong>ἐδέτῑϐείόειιιεέ</strong></span> <span class='ocrx_word' id='word_1_947' title='bbox 3408 5667 3641 5746; x_wconf 49' lang='lat' dir='ltr'><strong>abun-1</strong></span> 
     </span>
    </p>
   </div>
   <div class='ocr_carea' id='block_1_102' title="bbox 2030 5782 3633 5859">
    <p class='ocr_par' dir='ltr' id='par_1_102' title="bbox 2030 5782 3633 5859">
     <span class='ocr_line' id='line_1_103' title="bbox 2030 5782 3633 5859; baseline -0.006 -11"><span class='ocrx_word' id='word_1_948' title='bbox 2030 5794 2176 5859; x_wconf 86' lang='lat' dir='ltr'><strong>ciat;</strong></span> <span class='ocrx_word' id='word_1_949' title='bbox 2205 5791 2348 5849; x_wconf 87' lang='lat' dir='ltr'><strong>unde</strong></span> <span class='ocrx_word' id='word_1_950' title='bbox 2388 5792 2518 5855; x_wconf 87' lang='lat' dir='ltr'><strong>dicit</strong></span> <span class='ocrx_word' id='word_1_951' title='bbox 2548 5792 2615 5847; x_wconf 89' lang='lat' dir='ltr'><strong>ad</strong></span> <span class='ocrx_word' id='word_1_952' title='bbox 2640 5791 2952 5847; x_wconf 82' lang='lat' dir='ltr'><strong>Abraham:</strong></span> <span class='ocrx_word' id='word_1_953' title='bbox 3014 5789 3169 5846; x_wconf 85' lang='lat' dir='ltr'><strong>Nunc</strong></span> <span class='ocrx_word' id='word_1_954' title='bbox 3215 5787 3428 5858; x_wconf 75' lang='lat' dir='ltr'><strong>cognoui</strong></span> <span class='ocrx_word' id='word_1_955' title='bbox 3458 5782 3633 5856; x_wconf 65' lang='lat' dir='ltr'><strong>quod-</strong></span> 
     </span>
    </p>
   </div>
  </div>
