4074 6316
441 369 509 425 19
934 416 942 423 .
1059 371 1120 425 Β.
1156 372 1414 427 ΠΑΒΑΝΙ
1449 372 1666 430 ΜΑυιὶι
1703 372 2020 428 Αῐιειηει).

2121 372 2370 429 OGUNT.
2411 371 2701 435 OPERUM
2730 369 2910 426 PARS
2947 369 3008 423 ll.

3601 367 3681 429 eo:
3708 328 3711 331 ’

435 480 618 535 timeas
648 479 815 535 Deum
835 479 983 554 (Gen.
1006 482 1170 553 xxii),
1204 484 1307 539 hoc
1330 492 1433 548 est,
1455 500 1779 555 cognoscere
1808 494 1860 540 te
1883 485 2005 542 feci.
2035 489 2083 547 Α
2106 485 2406 541 subeuntia
2426 486 2568 541 enim
2608 484 2692 541 vel
2719 485 2952 540 essentia
2980 482 3165 538 G‘rmce
3185 482 3301 539 asia
3321 483 3556 548 dicitur;
3588 485 3687 540 Ιιορ

436 569 657 629 Nescire
669 573 869 638 Deum,
885 575 1176 644 reprobare
1196 584 1297 641 est,
1319 585 1379 630 ut
1395 577 1450 630 in
1469 577 1791 648 Evangelio:
1816 577 2007 632 Nescio

436 676 526 718 vos
569 658 781 733 (Matth.
810 664 927 734 vn).
982 663 1304 720 Recordatio
1346 666 1579 731 Domini,
1640 666 2008 722 misericordia

430 753 577 828 ejus,
604 771 703 829 per
728 773 889 828 quam
916 760 1138 828 respicit
1158 769 1215 815 et
1240 761 1527 816 miseretur
1562 761 1653 816 cui
1674 761 1826 826 vult;
1870 760 2010 815 sicut

437 846 494 901 in
520 844 713 903 Genesi
736 865 751 901 :
803 845 1125 902 Recordatus
1146 858 1221 907 est
1246 848 1507 904 Dominus
1529 848 1644 905 Noe
1668 847 1821 920 (Gen.
1848 847 1966 918 vm)
1991 864 2007 913 ;

437 947 495 994 et
516 938 644 1005 alibi
673 952 687 968 ⁸
717 937 1039 995 Reeordatus
1085 949 1159 995 est
1204 940 1456 997 Dominus
1500 942 1678 1011 populi
1723 943 1806 996 sui
1834 938 2006 1012 (Psal.
2036 978 2039 981 »

435 1029 662 1103 uxvn).
691 1030 1013 1087 Pteniteutia
1052 1031 1267 1088 Domini
1307 1049 1487 1088 rerum
1513 1033 1760 1097 mutatio,
1788 1034 1929 1089 sicut
1957 1033 2009 1087 in

433 1116 579 1179 libro
609 1120 852 1190 Regum:
905 1119 1125 1178 Paenitet
1172 1139 1253 1176 me
1303 1123 1441 1193 quod
1484 1123 1839 1177 constituerim
1879 1121 2013 1177 Saul

436 1224 605 1278 regem
637 1207 687 1280 (1
711 1207 836 1279 Reg.
867 1209 941 1281 ν).
975 1209 1051 1264 [ta
1079 1219 1135 1265 et
1176 1210 1325 1266 furor
1366 1209 1601 1276 Domini,
1638 1210 1772 1268 ultio
1817 1210 2018 1265 Divini-

435 1296 565 1352 tatis
596 1298 648 1351 in
678 1305 1017 1368 peccatores,
1063 1300 1356 1355 secundum
1401 1298 1692 1356 vindictam
1742 1300 2011 1369 patientis,

434 1399 545 1439 non
580 1387 874 1441 secundum
898 1387 1207 1457 aequitatem
1227 1385 1518 1456 iudicantis
1543 1404 1559 1451 ;
1598 1395 1657 1441 ut
1686 1386 1747 1440 in
1764 1386 1969 1456 psalmo
1998 1404 2011 1440 :

434 1474 504 1530 In
533 1475 613 1529 ira
644 1492 742 1531 sua
776 1486 823 1531 et
847 1477 902 1530 in
926 1476 1243 1546 furoresuo
1267 1479 1594 1532 conturbabit
1621 1494 1708 1531 eos
1731 1475 1902 1547 (Psal.
1930 1474 2013 1548 ιι).

436 1564 684 1621 Dormire
714 1565 927 1621 Domini
954 1577 1062 1634 est,
1088 1568 1212 1623 dum
1248 1568 1303 1623 in
1351 1570 1705 1638 quorumdam
1738 1568 2017 1623 hominum

435 1657 692 1713 cordibus
742 1657 873 1715 ﬁdes
896 1657 1013 1727 ejus
1061 1660 1283 1715 minime
1309 1660 1517 1731 vigilat,
1562 1668 1621 1715 ut
1666 1661 1720 1715 in
1760 1660 2014 1730 psalmo:

435 1746 701 1819 Exsurge,
726 1765 899 1820 quare.
917 1750 1202 1816 obdormis,
1233 1750 1493 1806 Domine?
1521 1748 1699 1823 (Psal.
1720 1750 1897 1821 nam.)
1929 1750 2017 1805 Vi—

2108 593 2249 644 mos,
2273 593 2460 633 unum.
2491 577 2788 647 Utrumque
2823 578 2967 632 enim
2989 574 3336 645 coniunctum
3373 587 3535 632 sonat
3577 595 3684 633 una

2107 668 2417 723 substantia.
2454 668 2783 739 Principium
2816 683 2882 725 eo
2910 669 3053 737 quod
3081 667 3149 722 ab
3174 669 3288 739 ipso
3312 679 3438 744 sunt
3479 671 3691 737 omnia,

2109 767 2164 811 et
2187 757 2312 826 quia
2341 767 2470 813 ante
2501 773 2624 814 eum
2653 756 2785 812 nihil
2826 765 2929 812 est.
2960 756 3132 824 Finis,
3160 758 3245 814 vel
3272 759 3399 828 quia
3432 758 3688 829 dignatus

2109 856 2193 902 est
2240 849 2304 909 in,
2340 849 2444 904 ﬁne
2467 848 2795 904 saeculorum
2849 848 3125 904 humiliter
3154 849 3207 903 in
3245 864 3409 904 carne
3453 850 3604 906 nasci
3633 858 3696 905 et

2110 940 2247 994 mori
2272 939 2403 1004 ;vel
2418 938 2824 1010 quiaquidquid
2844 938 3075 1009 agimus,
3094 939 3162 993 ad
3188 938 3334 993 illum
3365 938 3649 995 referimus
3670 958 3683 993 :

2111 1038 2171 1085 et
2191 1046 2312 1086 cum
2341 1031 2408 1085 ad
2455 1030 2603 1087 illum
2638 1030 3069 1100 pervencrimus,
3091 1031 3253 1094 ultra,
3300 1032 3443 1100 quod
3473 1048 3687 1101 quaera-

2113 1136 2251 1183 mus,
2278 1135 2383 1175 non
2409 1120 2684 1176 habemus.
2706 1119 2779 1175 Os
2800 1120 2896 1175 Dei
2914 1127 3018 1184 est,
3044 1120 3170 1189 quia
3202 1120 3423 1175 verbum
3451 1129 3536 1175 est
3551 1121 3697 1190 ejnss

2114 1211 2246 1266 Nam
2276 1213 2415 1267 sicut
2441 1227 2538 1281 pro
2564 1212 2744 1267 verbis
2771 1227 2890 1281 qua:
2931 1226 3029 1281 per
3062 1211 3296 1281 linguam
3343 1211 3498 1276 ﬁunt,
3550 1228 3726 1281 sarpe-

2113 1301 2342 1356 dieimus
2370 1301 2459 1355 illa
2494 1301 2575 1356 vel
2605 1301 2689 1355 illa
2723 1301 2943 1371 lingua:
2971 1300 3044 1355 ita
3084 1316 3183 1370 pro
3213 1300 3304 1355 Dei
3354 1303 3516 1356 verbo
3540 1303 3693 1371 poni-

2116 1402 2206 1447 tur
2228 1408 2308 1458 os,
2347 1394 2473 1462 quia
2500 1408 2620 1448 mos
2660 1401 2745 1448 est
2772 1400 2832 1446 ut
2857 1407 2952 1446 ore
2993 1392 3157 1446 verba
3204 1392 3526 1448 formentur.
3561 1393 3701 1447 Ver.

2114 1481 2242 1536 bum
2268 1489 2448 1537 autem
2495 1482 2616 1537 ideo
2641 1481 2857 1545 dicitur,
2900 1481 3022 1549 quia
3048 1496 3144 1550 per
3165 1498 3288 1537 eum
3323 1483 3505 1537 omnia
3532 1483 3693 1537 Pater

2116 1572 2359 1628 condidit
2375 1573 2489 1628 sive
2509 1571 3105 1641 j,ussit;veritas,quia
3136 1587 3244 1627 non
3284 1571 3440 1635 fallit,
3472 1573 3567 1627 sed
3598 1573 3695 1626 tri-

2116 1664 2395 1735 buitquod
2416 1664 2694 1734 promisit;
2716 1663 2996 1732 vita,quia
3020 1663 3200 1719 omnia
3224 1663 3488 1726 viviﬁcat;
3514 1663 3699 1729 imago

2117 1754 2315 1809 dicitur
2346 1763 2567 1824 propter
2595 1768 2780 1823 parem
2802 1752 3206 1809 similitudinem
3244 1752 3462 1818 Patris;
3495 1754 3701 1823 ﬁgura,

364 1904 375 1913 ,
435 1838 558 1910 gilia
588 1839 819 1905 Domini,
850 1840 905 1895 in
926 1841 1220 1899 electorum
1251 1857 1469 1898 suorum
1512 1841 1753 1898 custodia
1778 1857 1874 1912 per
1891 1857 2023 1912 prm-
2053 1833 2096 1892 Β
2127 1847 2267 1916 quod
2289 1847 2587 1916 suscipiens
2606 1844 2835 1901 formam
2865 1844 3006 1900 servi
3036 1858 3134 1912 per
3170 1859 3392 1914 operum
3418 1844 3700 1901 virtutum-

435 1931 718 1987 scientiam
745 1933 1055 1990 Divinitatis
1092 1948 1306 2005 semper
1342 1937 1553 2000 adesse,
1581 1944 1645 1990 ιιι
1683 1936 1737 1990 in
1766 1935 2016 2005 psalmo:

439 2021 574 2076 Ecce
598 2039 701 2093 non
721 2023 1021 2080 donnitabit
1053 2043 1217 2098 neque
1241 2027 1527 2084 obdormiet
1558 2025 1729 2100 (Psal.
1751 2027 1899 2100 cxx).
1925 2026 2023 2083 Se-

435 2111 567 2167 dere
594 2111 904 2178 Dominum,
962 2130 1190 2186 regnare
1231 2126 1339 2184 est,
1375 2126 1439 2173 ut
1483 2118 1537 2173 in
1581 2118 1827 2189 psalmo:
1878 2119 2020 2173 Deus

433 2200 579 2256 sedet
599 2218 758 2273 super
780 2202 955 2258 sedent
974 2214 1212 2260 sanetam
1234 2223 1389 2261 suam
1410 2205 1583 2279 (Psal.
1610 2208 1777 2277 XLVI).
1809 2206 2025 2263 Scabel-

434 2291 548 2348 lum
590 2292 831 2361 Domini,
869 2295 1030 2351 homo
1083 2307 1392 2368 assumptus
1437 2314 1471 2354 a
1499 2298 1698 2365 Verbo,
1721 2297 1807 2354 vel
1847 2299 2025 2354 sancti

436 2381 559 2453 ejus
583 2399 615 2438 a
641 2385 962 2454 quibusdam
991 2396 1272 2456 putantur,
1319 2397 1382 2444 ut
1413 2389 1465 2445 in
1499 2389 1710 2459 psalmo
1736 2402 1753 2443 :
1794 2388 2022 2444 Aderam

435 2472 719 2528 scabellum
752 2476 942 2546 pedum
978 2477 1115 2546 ejus,
1154 2479 1403 2549 quoniam
1440 2489 1679 2533 sanctum
1726 2488 1801 2533 est
1846 2476 2019 2547 (Psal.

439 2562 626 2634 xcvnt)
653 2581 667 2629 ;
692 2565 819 2621 item
850 2567 1138 2622 scabellum
1177 2578 1262 2624 est
1291 2568 1692 2624 humiliatarum
1739 2566 2027 2636 subiectio,

439 2662 502 2708 ut
615 2655 819 2725 psalmo
849 2675 867 2710 :t
893 2656 1071 2712 Donec
1096 2675 1289 2728 ponam
1325 2659 1565 2714 inimicos
1593 2670 1711 2713 tuos
1737 2658 2020 2713 scabellunt

437 2742 626 2815 pedum
651 2754 859 2799 tuorum
882 2744 1054 2818 (Psal.
1081 2747 1213 2818 cui).
1254 2748 1561 2806 Ambulatio
1592 2751 1826 2817 Domini,
1853 2751 2024 2813 decla-

437 2832 577 2887 ratio
599 2832 905 2892 Divinitatis
950 2836 1004 2891 in
1052 2840 1309 2908 operibus
1354 2840 1654 2896 electorum
1693 2856 1939 2907 suorum,
1964 2851 2023 2897 ut

460 2936 495 2975 n
525 2922 788 2992 propheta
816 2941 831 2979 :
883 2923 951 2979 Et
998 2927 1334 2983 inambulabo
1367 2930 1421 2985 in
1463 2930 1590 2996 illis,
1617 2940 1665 2985 et
1703 2946 1792 2984 ero
1813 2929 2022 2985 illorum

438 3010 704 3067 Dominus
735 3011 880 3084 (Leo.
907 3015 1076 3087 xxvi).
1112 3017 1260 3073 Tuba
1283 3019 1401 3085 Dei,
1424 3036 1526 3076 vox
1553 3020 1859 3089 manifesta,
1889 3021 2022 3076 utin

438 3101 732 3174 Apostolo:
780 3105 849 3160 lu
881 3107 1038 3177 jussu
1079 3118 1126 3163 et
1154 3109 1209 3163 in
1240 3127 1357 3165 voce
1381 3111 1701 3183 archangeli,
1727 3123 1774 3167 et
1814 3113 1865 3166 in
1892 3112 2017 3168 tuba

439 3192 539 3248 Dei
575 3194 846 3251 descendet
876 3198 941 3252 de
966 3197 1090 3253 cazlo
1115 3199 1164 3271 (1
1198 3199 1375 3257 Thess.
1402 3200 1499 3273 tv).

1074 3308 1300 3365 CAPUT
1329 3310 1393 3364 ll.

680 3432 683 3435 .
1025 3379 1103 3434 De
1132 3379 1272 3434 Filio
1312 3381 1428 3436 Dei.

511 3465 694 3523 Multis
718 3469 883 3524 etiam
929 3472 1104 3527 modis
1146 3472 1395 3547 Christus
1439 3473 1493 3528 in
1541 3472 1837 3544 Scripturis
1876 3476 2026 3530 inve-

440 3561 588 3615 nitur
634 3562 852 3619 divinis.
899 3562 1035 3619 Nam
1081 3565 1195 3635 ipse
1228 3565 1323 3620 Dei
1370 3565 1547 3621 Patris
1596 3568 1903 3637 unigenitus
1943 3575 2028 3624 est

439 3649 628 3717 Filius,
649 3654 740 3722 qui
770 3655 893 3709 dum
914 3664 1058 3711 esset
1081 3657 1302 3725 mqualis
1346 3656 1515 3725 Patri,
1556 3667 1776 3729 propter
1798 3660 2024 3715 salutem

443 3749 685 3797 nostram
708 3742 944 3800 formam
964 3747 1109 3801 servi
1135 3748 1363 3817 accepit.
1396 3748 1627 3804 Proinde
1649 3751 1894 3819 quaedam
1921 3767 2021 3806 no-

443 3831 591 3885 mina
639 3833 693 3887 in
742 3835 832 3889 illo
865 3850 934 3891 ex
978 3837 1275 3895 divinitatis
1315 3840 1639 3907 substantia,
1684 3842 1930 3912 quaedam
1956 3858 2022 3899 ex

440 3920 841 3990 dispensatione
887 3935 1150 3997 suscepta:
1195 3929 1545 3985 humanitatis
1575 3941 1846 4003 assumpta
1876 3941 2020 3988 sunt.

442 4012 694 4071 Christus
722 4033 957 4088 namque
977 4019 1163 4075 Grzece
1188 4036 1219 4075 a
1248 4021 1541 4078 chrismate
1581 4024 1877 4095 appellatus
1917 4033 2021 4089 est,

441 4105 547 4161 hoc
576 4115 661 4162 est
692 4119 903 4163 unctus.
952 4109 1273 4167 Sacerdotes
1295 4127 1425 4183 ergo
1454 4122 1509 4169 et
1555 4129 1710 4184 reges
1750 4115 1890 4185 apud
1933 4112 2025 4168 Ju—

445 4195 591 4251 daeos
615 4212 771 4253 sacra
800 4201 1052 4256 unctione
1076 4202 1131 4257 in
1156 4203 1335 4258 Veteri
1378 4204 1720 4260 Testamento
1748 4206 2024 4276 angeban-

445 4294 553 4353 tur,
593 4296 649 4343 et
671 4289 791 4345 ideo
817 4290 1066 4347 Christus
1111 4301 1304 4350 unctus
1351 4296 1671 4365 appellatur,
1711 4297 1804 4365 qui
1850 4312 1941 4350 rex
1969 4305 2025 4352 et

442 4381 694 4437 sacerdos
717 4390 839 4444 est;
886 4384 976 4453 qui
1017 4400 1122 4440 non
1147 4385 1266 4442 oleo
1291 4387 1577 4450 materiali,
1609 4387 1703 4442 sed
1747 4388 1866 4442 oleo
1893 4388 2026 4442 laeti-

439 4471 549 4537 tiae,
580 4474 682 4529 boc
707 4483 791 4531 est
818 4474 1023 4546 Spiritu
1051 4486 1260 4544 sancto,
1295 4487 1380 4534 est
1417 4486 1610 4534 unctus
1635 4494 1747 4549 pra:
1775 4479 2026 4533 omnibus

438 4565 792 4636 participibus
817 4570 947 4625 suis.
976 4571 1227 4627 Christus
1250 4586 1380 4627 vero
1404 4570 1664 4626 chraicc
1702 4570 1926 4626 Messias
1946 4571 2025 4626 di-

438 4655 598 4710 citur.
647 4654 807 4714 Iesus
846 4658 1152 4724 Hebraeum,
1181 4660 1369 4715 Graece
1398 4669 1560 4725 sotcr,
1595 4660 1783 4716 Latine
1819 4659 2023 4714 saluta~

438 4744 537 4810 ris,
577 4746 661 4801 vel
686 4748 920 4803 salvator
947 4750 1359 4820 interpretatur,
1399 4767 1497 4820 pro
1522 4767 1588 4807 eo
1630 4751 1771 4820 quod
1817 4749 2025 4804 cunctis

441 4839 692 4909 gentibus
734 4840 981 4896 salutifer
1026 4843 1197 4898 venit.
1246 4843 1562 4898 Emmanuel
1609 4858 1673 4896 ex
1715 4841 1937 4895 Hebrmo
1969 4840 2022 4893 in

442 4926 695 4983 Latinum
726 4930 993 5002 signiﬁcat
1029 4934 1295 4987 nobiseum
1322 4932 1484 4997 Deus,
1514 4930 1721 4986 scilicet
1760 4928 1901 4998 quod
1930 4944 2026 4997 per

438 5017 713 5089 Virginem
745 5030 903 5077 natus
930 5022 1074 5077 Deus
1091 5023 1398 5077 hominibus
1424 5022 1475 5075 in
1501 5036 1663 5075 carne
1690 5019 1901 5074 mortali
1928 5035 2022 5088 ap-

437 5109 639 5179 paruit.
683 5110 826 5166 Dcus
848 5112 1045 5167 dicitur
1067 5121 1285 5182 propter
1310 5112 1515 5166 unitam
1554 5126 1674 5165 cum
1710 5109 1870 5163 Patre
1895 5109 2023 5163 sub-

438 5200 691 5254 stantiam
719 5217 734 5264 ;
768 5200 1050 5266 Dominus,
1082 5211 1301 5271 propter
1330 5201 1649 5257 servientem
1675 5199 1777 5254 sibi
1811 5206 2021 5254 creatu-

438 5306 593 5344 ram:
630 5291 774 5348 Deus
818 5302 996 5348 autem
1036 5303 1092 5347 et
1142 5294 1327 5359 homo,
1368 5293 1492 5363 quia
1525 5293 1759 5347 Verbum
1788 5299 1844 5345 et
1869 5306 2018 5346 caro.

442 5380 761 5450 Unigenitus
786 5391 964 5438 autem
1010 5395 1236 5439 vocatur
1281 5399 1376 5453 per
1414 5384 1711 5439 divinitatis
1753 5384 2021 5439 excellcn~

438 5471 596 5536 tiam,
624 5473 748 5542 quia
780 5473 897 5528 sine
938 5473 1196 5529 fratribus
1221 5493 1234 5528 :
1283 5475 1689 5546 primogenitus,
1717 5490 1814 5547 per
1840 5491 2022 5530 susce-

438 5563 679 5633 ptionem
704 5565 961 5629 hominis,
1003 5564 1057 5618 in
1084 5580 1186 5634 qua
1219 5581 1313 5634 per
1340 5566 1679 5636 adoptionem
1709 5566 1898 5637 gratiae
1926 5564 2037 5620 ba-'

441 5659 571 5712 bere
597 5656 794 5711 fratres
821 5658 1072 5728 dignatus
1091 5667 1192 5725 est,
1215 5658 1409 5729 quibus
1434 5668 1581 5716 esset
1611 5659 2018 5729 primogenitns.

444 5746 763 5803 Homonsios
791 5747 937 5802 Patri
984 5750 1053 5804 ab
1092 5750 1295 5808 unitate
1338 5752 1652 5808 substantiae
1683 5750 2018 5819 appellatur:

2052 4520 2102 4579 Ι)

2118 1952 2224 2006 que
2249 1935 2651 1990 similitudinem
2681 1933 2858 1989 Patris
2898 1933 2953 1988 in
3000 1948 3061 1989 se
3098 1933 3381 2003 imaginem
3410 1941 3572 2002 atque
3596 1933 3699 1987 im-

2119 2041 2363 2082 mensam
2401 2026 2823 2097 magnitudinem
2849 2025 3185 2096 designavit;
3237 2040 3429 2080 manus
3467 2025 3560 2080 Dei
3590 2032 3704 2089 est,

2120 2119 2263 2188 quod
2295 2118 2477 2173 omnia
2504 2132 2600 2187 per
2626 2117 2800 2187 ipsum
2840 2115 2981 2172 facta
3009 2123 3153 2171 sunt.
3198 2114 3335 2170 Hinc
3360 2123 3417 2168 ct
3451 2116 3705 2180 dextera,

2122 2219 2339 2279 propter
2387 2207 2637 2273 et’fectum
2684 2206 2870 2275 operis
2909 2205 3072 2261 totius
3121 2212 3382 2259 creaturae
3426 2218 3547 2272 quae
3601 2217 3700 2272 per

2122 2304 2297 2371 ipsum
2323 2300 2554 2356 formata
2576 2308 2697 2364 est;
2744 2298 3048 2362 brachium,
3098 2297 3239 2367 quod
3267 2296 3338 2353 ah
3368 2296 3484 2366 ipso
3518 2294 3701 2350 omnia

2120 2392 2502 2455 continentur;
2532 2390 2718 2452 virtus,
2754 2389 2895 2458 quod
2922 2403 3137 2442 omnem
3168 2386 3342 2441 Patris
3375 2394 3702 2457 potestatem

2123 2483 2176 2536 in
2222 2482 2510 2551 semetipso
2557 2480 2779 2543 habeat,
2822 2488 2879 2533 et
2923 2480 3102 2533 omnia
3147 2486 3360 2548 potest;
3408 2478 3696 2547 sapientia,

2119 2574 2263 2644 quod
2288 2575 2401 2643 ipse
2427 2572 2626 2626 revolet
2655 2571 2912 2641 mysteria
2933 2571 3169 2625 scientke
3187 2578 3243 2625 et
3262 2584 3460 2624 arcana
3484 2571 3701 2638 sapien-

2125 2665 2248 2728 tiae;
2297 2663 2567 2733 splendor,
2627 2673 2847 2732 propter
2894 2660 3034 2729 quod
3092 2658 3441 2721 manifestat;
3490 2658 3707 2722 lumen,

2121 2754 2247 2824 quia
2276 2753 2577 2818 illuminat;
2631 2752 2740 2818 lux,
2769 2751 2896 2821 quia
2920 2752 2989 2805 ad
3015 2750 3303 2805 veritatem
3331 2748 3704 2818 contemplan-

2123 2846 2246 2900 dam
2291 2844 2469 2900 cordis
2511 2844 2698 2899 oculos
2746 2850 2991 2906 reserat;
3045 2841 3148 2905 sol,
3194 2841 3319 2910 quia
3362 2840 3700 2901 illustrator;

2121 2939 2333 3003 oriens,
2361 2937 2485 3006 quia
2528 2935 2746 2990 luminis
2784 2934 2923 2999 fons,
2947 2942 3003 2987 et
3034 2933 3177 3000 quod
3223 2931 3355 2985 oriri
3388 2945 3487 2984 nos
3535 2928 3703 2983 faciat

2123 3029 2191 3084 ad
2225 3029 2387 3082 vitam
2429 3035 2682 3081 tctemam
2709 3041 2725 3091 ;
2759 3024 2900 3089 fons,
2928 3023 3054 3092 quia
3092 3036 3268 3076 rerum
3298 3020 3450 3090 origo
3481 3027 3586 3083 est,
3618 3018 3706 3072 vel

2119 3121 2260 3191 quod
2281 3118 2443 3175 faciat
2462 3118 2726 3174 sitientes.
2757 3116 2873 3185 Ipse
2896 3129 3107 3184 quoque
3128 3137 3163 3169 α
3183 3120 3239 3167 et
3256 3136 3318 3177 ω,
3341 3112 3465 3180 quia
3488 3111 3700 3165 initium

2127 3223 2185 3269 et
2209 3213 2349 3268 ﬁnis.
2383 3210 2700 3273 Paraclitus,
2730 3210 2782 3264 id
2816 3217 2905 3263 est
2924 3208 3233 3269 advocatus,
3277 3204 3401 3272 quia
3427 3219 3525 3274 pro
3547 3202 3713 3257 nobis

2131 3305 2414 3360 intercedit
2439 3300 2578 3372 apud
2604 3301 2842 3363 Patrem,
2871 3308 2925 3353 et
2948 3297 3013 3351 ad
3051 3295 3238 3364 culpas
3274 3301 3492 3349 nostras
3528 3306 3707 3346 remo-

2127 3397 2330 3452 vendas
2360 3409 2546 3449 curam
2569 3392 2745 3462 gerit;
2774 3403 3024 3460 sponsus,
3052 3386 3180 3457 quia
3212 3386 3279 3439 de
3306 3382 3444 3439 caelo
3482 3382 3707 3437 descen—

2127 3489 2258 3543 dens
2280 3486 2506 3540 adhmsit
2528 3483 2803 3545 Ecclesiaz,
2833 3490 2897 3536 ut
2929 3487 3111 3535 essent
3145 3478 3252 3533 duo
3280 3478 3332 3530 in
3372 3489 3537 3530 carne
3575 3487 3703 3531 una,

2128 3577 2360 3647 Angelus
2395 3575 2593 3629 dicitur
2617 3580 2836 3643 propter
2873 3568 3333 3625 annuntiationem
3375 3573 3613 3636 pateram
3641 3578 3711 3616 ac

2127 3684 2238 3724 suae
2261 3664 2583 3728 voluntatis;
2616 3663 2755 3717 unde
2791 3669 2845 3716 et
2873 3660 3014 3731 apud
3045 3659 3359 3728 prophetam
3383 3654 3558 3724 magni
3584 3668 3708 3711 con:-

2125 3756 2232 3811 silii
2257 3754 2469 3825 angelus
2497 3753 2715 3824 legitur,
2744 3752 2873 3806 dum
2898 3751 2968 3806 sit
2992 3751 3135 3804 Deus
3162 3755 3215 3802 et
3249 3746 3509 3802 Dominus
3552 3757 3713 3811 ange-

2127 3849 2318 3902 lorum.
2367 3844 2561 3899 Missus
2588 3843 2806 3905 dicitur,
2857 3841 2982 3910 quia
3035 3837 3269 3891 Verbum
3315 3850 3443 3888 caro
3500 3832 3701 3885 factum

2124 3947 2229 3994 est.
2264 3936 2437 3991 Homo
2477 3935 2692 3997 dicitur,
2733 3932 2857 4002 quia
2906 3932 3216 3987 incarnatus
3243 3932 3363 3989 est;
3421 3923 3707 3985 mediator,

2125 4030 2252 4100 quia
2283 4030 2349 4084 de
2380 4035 2554 4082 morte
2604 4028 2670 4080 ad
2722 4024 2885 4078 vitam
2937 4036 3034 4076 nos
3082 4019 3368 4090 perduxit;
3418 4017 3711 4087 propheta,

2126 4121 2269 4190 quod
2296 4119 2473 4174 futura
2500 4116 2755 4172 revelavit
2779 4132 2794 4179 ;
2825 4112 3100 4175 sacerdos,
3131 4109 3272 4179 quod
3300 4123 3397 4177 pro
3425 4107 3577 4171 nobis
3612 4106 3712 4160 ho-

2127 4212 2284 4266 stiam
2319 4224 2378 4264 se
2402 4206 2633 4269 obtulit;
2666 4214 2879 4275 paStor,
2901 4202 3026 4272 quia
3055 4210 3239 4256 custos
3262 4208 3345 4254 est
3370 4214 3385 4263 ;
3432 4197 3704 4266 magister.

2126 4302 2251 4371 quia
2283 4308 2567 4363 ostensor;
2618 4297 2907 4350 Nazarmus
2932 4308 3063 4348 vero
3103 4307 3132 4345 a
3170 4291 3294 4352 loco
3338 4288 3604 4342 Nazareth
3631 4303 3646 4351 ;
3673 4302 3707 4340 a

2127 4391 2343 4453 merito,
2372 4388 2423 4443 id
2448 4397 2556 4453 est,
2582 4394 2824 4449 sanctus,
2850 4385 2963 4440 sive
2992 4383 3242 4447 mundus,
3271 4380 3396 4450 quia
3422 4387 3709 4448 peccatum

2130 4497 2236 4537 non
2277 4480 2421 4535 fecit.
2477 4478 2752 4548 Siquidem
2801 4483 2861 4529 ct
2898 4477 2963 4529 de
3010 4474 3130 4528 aliis
3176 4471 3520 4526 inferioribus
3548 4469 3713 4523 rebus

2128 4571 2404 4625 nominum
2454 4567 2660 4638 species
2685 4566 2753 4620 ad
2802 4580 2862 4620 se
2890 4564 3058 4618 trahit
3085 4562 3351 4626 Christus,
3396 4567 3457 4613 ut
3497 4558 3715 4613 facilius

2128 4660 2474 4729 intelligatur.
2508 4658 2712 4713 Dicitur
2736 4665 2914 4710 autem
2961 4655 3140 4724 panis,
3185 4652 3310 4722 quia
3355 4664 3525 4713 caro;
3555 4647 3703 4712 vitis,

2127 4750 2251 4820 quia
2285 4765 2353 4804 ex
2381 4748 2637 4817 sanguine
2664 4747 2829 4817 ipsius
2869 4744 3137 4815 redempti
3160 4756 3382 4827 sumus;
3432 4737 3550 4801 ﬂos,
3582 4736 3708 4805 quia

2126 4841 2359 4904 electus;
2388 4839 2498 4903 via,
2524 4839 2648 4909 quia
2673 4854 2766 4909 per
2792 4839 2965 4907 ipsum
2992 4838 3058 4890 ad
3083 4836 3249 4889 Deum
3279 4834 3450 4896 imus;
3482 4829 3705 4893 ostium,

2128 4931 2253 5001 quia
2300 4945 2396 5000 per
2425 4931 2596 4999 ipsum
2633 4930 2700 4983 ad
2747 4930 2913 4983 Deum
2955 4928 3318 4997 ingredimur;
3370 4938 3544 4988 mons,
3581 4920 3708 4990 quia

2129 5022 2320 5088 fortis;
2368 5030 2540 5091 petra,
2588 5020 2712 5090 quia
2758 5018 2987 5073 ﬁrmitas
3034 5026 3120 5071 est
3151 5014 3524 5076 credentium;
3574 5011 3712 5079 lapis

2128 5111 2422 5182 angularis,
2448 5110 2535 5163 vel
2557 5111 2683 5180 quia
2712 5110 2845 5164 duos
2873 5108 3103 5178 parietes
3131 5122 3162 5162 c
3186 5106 3422 5168 diverso,
3450 5104 3504 5157 id
3528 5111 3611 5156 est
3641 5101 3708 5155 de

2128 5200 2537 5257 circumcisione
2561 5210 2617 5254 ct
2647 5199 2927 5269 prmputio,
2961 5198 3013 5251 in
3049 5213 3208 5251 unam
3238 5195 3493 5249 fabricam
3524 5190 3710 5246 Eccle-

2128 5295 2221 5350 sia:
2239 5294 2454 5364 jungit:
2485 5294 2566 5349 vel
2597 5294 2737 5363 quod
2764 5309 2951 5367 pacem
2992 5290 3196 5360 angelis
3219 5296 3273 5343 ct
3316 5284 3621 5342 hominibus
3652 5283 3707 5336 in

2126 5400 2184 5439 se
2210 5384 2337 5438 facit
2362 5402 2375 5448 ;
2404 5383 2541 5453 lapis
2567 5382 2902 5446 offensionis,
2943 5380 3068 5449 quia
3098 5378 3323 5432 veniens
3353 5373 3593 5437 humilis,
3624 5373 3709 5424 of-

2124 5474 2408 5530 fenderunt
2455 5475 2510 5529 in
2552 5491 2675 5529 eum
2720 5472 2982 5528 increduli
3017 5469 3284 5531 homines,
3329 5477 3386 5521 et
3427 5464 3598 5518 factus
3628 5472 3713 5518 est

2125 5574 2276 5634 petra
2308 5565 2564 5620 scandali.
2597 5563 3025 5618 Fundamentum
3070 5567 3249 5613 autem
3299 5557 3420 5612 ideo
3465 5564 3714 5618 vocatur,

2126 5656 2250 5724 quia
2275 5654 2408 5710 ﬁdes
2434 5656 2484 5708 in
2515 5670 2580 5707 eo
2617 5652 2835 5707 fundata
2868 5660 2968 5715 est,
3000 5650 3083 5705 vel
3112 5649 3237 5717 quia
3283 5664 3445 5717 super
3476 5660 3597 5699 cium
3621 5660 3685 5696 ea

2127 5745 2327 5802 tholica
2373 5745 2612 5800 Ecclesia
2662 5750 2969 5799 constructa
2999 5751 3099 5796 est.
3148 5738 3330 5811 Agntls
3358 5737 3554 5793 dicitur
3578 5750 3699 5804 pro-
