4074 6316
319 402 382 461 21
1190 412 1195 415 ’
1306 407 1411 464 DE”
1439 406 1784 466 UNIVERSO
1820 404 1894 459 LI}

1994 450 1995 457 γ
2038 403 2195 459 xxu.
2236 435 2306 444 --
2343 379 2472 460 Lai.
2512 405 2552 459 l.

3496 407 3579 464 Ξῖ

320 529 437 592 pter
478 514 877 581 innocentiam;
927 515 1063 582 ovis,
1113 525 1332 588 propter
1387 519 1888 582 mansuetudinem;
1919 520 1970 579 Α
1997 516 2199 578 divina,
2247 530 2650 587 comparamur.
2693 517 2888 572 Dentes
2928 516 3129 573 Christi
3177 519 3403 589 apostoli
3444 531 3587 576 sunt.

323 611 479 673 aries,
504 614 725 678 propter
752 607 1156 679 principatum;
1202 610 1412 676 hmdus,
1450 620 1673 682 propter
1705 610 1896 667 simili-

324 700 555 756 tudinem
581 696 761 753 carnis
785 699 992 767 peccati
1018 716 1033 765 ;
1079 706 1136 755 et
1158 700 1382 767 vitulus,
1409 717 1509 772 pro
1536 717 1603 758 ea
1628 702 1772 771 quod
1795 692 1895 770 pro

322 789 472 846 nobis
496 787 943 855 estimmolatus;
972 788 1057 845 leo
1091 805 1192 861 pro
1238 804 1406 863 regno
1450 800 1506 847 et
1541 791 1890 855 fortitudine;

321 894 535 950 serpens
558 893 659 950 pm
681 888 857 934 marte
878 886 938 935 et
957 880 1243 949 sapientia.
1280 881 1426 937 idem
1447 889 1505 937 et
1529 881 1748 944 vermis,
1769 880 1896 951 quia

307 960 646 1036 resurrexit;
671 970 871 1041 aquila,
894 987 993 1042 pro
1016 986 1083 1027 eo
1124 974 1264 1042 quod
1292 981 1416 1043 post
1451 971 1894 1028 resurrectionem

319 1068 387 1122 ad
406 1072 554 1120 astra
599 1064 882 1119 remeavit.
929 1063 1041 1120 Nec
1084 1065 1280 1121 mirum
1330 1066 1376 1120 si
1403 1065 1598 1121 vilibus
1628 1063 1897 1135 signiﬁca-

318 1153 549 1210 tionibus
584 1152 866 1223 llguretur,
913 1153 1005 1223 qui
1045 1167 1219 1222 usque
1246 1153 1315 1208 ad
1351 1161 1659 1209 nostrarum
1689 1152 1898 1222 passio-

317 1260 441 1299 num
457 1259 557 1299 seu
580 1243 766 1299 carnis
792 1243 1148 1300 contumelias
1165 1242 1509 1299 descendisse
1532 1244 1895 1315 cognoscitur,

315 1335 405 1405 qui
427 1335 553 1389 dum
583 1334 654 1389 sit
684 1333 778 1389 Dei
810 1333 988 1390 Patris
1008 1341 1313 1389 comternus
1338 1345 1465 1389 ante
1488 1334 1681 1389 saecula
1705 1333 1894 1399 Filius,

316 1433 599 1494 postquam
631 1423 782 1479 venit
809 1423 1087 1494 plenitudo
1124 1424 1400 1492 temporis,
1428 1431 1648 1494 propter
1668 1423 1896 1478 salutem

316 1522 553 1568 nostram
595 1511 827 1568 farinam
867 1513 1014 1568 servi
1043 1513 1272 1583 accepit,
1300 1522 1358 1568 et
1404 1513 1579 1568 factus
1617 1521 1705 1570 est
1730 1513 1897 1569 Filius

314 1604 586 1658 Deilliius
635 1603 885 1658 hominis.
942 1601 1094 1658 Unde
1127 1602 1371 1672 quadam
1407 1604 1473 1658 de
1520 1602 1612 1657 illo
1656 1604 1710 1658 in
1739 1602 1896 1658 Scri-

312 1695 481 1764 pturis
532 1683 834 1749 secundum
878 1691 1112 1748 formam
1160 1693 1278 1760 Dei,
1324 1695 1570 1765 quaedam
1600 1697 1896 1751 secundum

313 1785 544 1839 formam
577 1785 719 1841 servi
744 1784 1015 1840 dicuntur.
1052 1783 1293 1852 Quorum
1329 1785 1556 1856 exempli
1586 1786 1760 1856 gratia
1791 1786 1897 1841 duo

1995 615 2051 659 et
2091 607 2469 675 pncdicatares
2513 605 2646 661 Navi
2689 606 3064 674 Testamenti;
3122 608 3265 665 unde
3304 611 3567 683 scriptum

1994 704 2116 749 est:
2159 694 2349 749 Dentes
2384 695 2498 764 ejus
2531 693 2662 749 lacte
2703 696 3035 753 candidiores
3068 696 3225 769 (Cen.
3250 699 3420 771 χιιι).
3464 700 3570 769 Qui

1995 789 2289 858 praecidunt
2326 791 2394 845 ab
2429 790 2707 846 erroribus
2744 790 3009 856 homines,
3056 800 3114 847 et
3150 806 3245 849 eos
3284 795 3440 865 quasi
3479 792 3574 851 co-

1997 880 2256 936 medenda
2288 881 2342 936 in
2361 881 2561 937 Christi
2595 896 2790 951 corpus
2829 882 3177 939 transferunt.
3219 883 3448 942 Nomine
3472 901 3572 942 ais-

1997 979 2105 1027 tem
2130 971 2283 1029 lactis
2315 974 2558 1029 doctrina
2585 974 2721 1044 legis
2742 974 3093 1046 significatur.
3138 976 3345 1049 Lingua
3369 975 3571 1033 Christi

1995 1062 2341 1133 evangelicus
2362 1077 2539 1120 sermo
2561 1071 2674 1119 est:
2705 1063 2905 1136 Lingua
2935 1081 3051 1121 mea
3075 1066 3299 1121 adiuerit
3327 1066 3573 1136 faucibus

1996 1153 2124 1206 meis
2147 1150 2322 1226 (Psal.
2353 1154 2486 1225 XXI).
2534 1153 2742 1210 Fauces
2780 1154 2982 1211 Christi
3026 1156 3406 1227 praedicatores
3446 1165 3575 1212 sunt

1997 1242 2291 1314 Evangelii.
2338 1243 2471 1298 Nam
2505 1243 2572 1298 de
2596 1253 2815 1316 gutture
2854 1245 2995 1300 illius
3014 1245 3100 1301 ita
3131 1245 3327 1317 legitur
3350 1247 3406 1303 in
3433 1246 3575 1303 Can-

1997 1334 2105 1388 tica
2160 1334 2492 1388 canticorum
2536 1352 2549 1388 :
2616 1333 2813 1389 Cuttur
2864 1333 3008 1389 illius
3069 1336 3437 1390 suavissimum
3495 1342 3573 1390 est

1995 1423 2174 1495 (Cant.
2202 1422 2277 1495 v).
2339 1423 2395 1478 lu
2456 1432 2673 1495 gutture
2733 1426 2944 1480 interna
3004 1424 3229 1481 dulcedo
3282 1425 3571 1481 verborum

2000 1514 2141 1569 illius
2182 1522 2556 1568 memoratur:
2606 1529 2769 1583 quam
2828 1515 2921 1584 qui
2984 1514 3160 1584 sapit,
3220 1529 3327 1569 non
3379 1516 3568 1570 esurit.

1998 1605 2164 1659 Labia
2208 1605 2441 1671 Christi,
2483 1605 2893 1660 annuntiatores
2933 1604 3115 1671 verbi,
3160 1611 3220 1659 ut
3257 1604 3311 1657 in
3348 1602 3589 1659 Cantica.

1998 1697 2331 1753 canticorum
2362 1715 2373 1748 :
2419 1695 2581 1750 Labia
2622 1695 2765 1750 illius
2802 1694 3117 1750 distillantia
3154 1694 3423 1765 myrrham
3458 1694 3570 1765 pri—

1998 1803 2138 1840 mam
2164 1785 2341 1856 (Cant.
2370 1786 2445 1860 v).
2497 1785 2672 1841 Barba
2711 1784 2936 1850 Christi,
2982 1785 3145 1840 homo
3190 1792 3498 1853 assumptus
3542 1800 3575 1837 ιι

313 1874 561 1945 «praedam
585 1884 1097 1940 commemorantur,
1120 1882 1181 1930 ut
1201 1874 1412 1944 singula
1434 1875 1501 1930 ad
1528 1874 1736 1946 singula
1763 1873 1901 1930 rcfe-
1927 1868 1973 1927 B
2002 1875 2200 1942 Verbo,
2231 1877 2317 1932 vel
2348 1875 2573 1947 perfecti
2605 1892 2817 1940 omnes,
2842 1885 2903 1931 ut
2934 1885 3020 1932 est
3050 1876 3105 1931 in
3144 1875 3351 1946 psalmo
3376 1894 3388 1929 :
3423 1874 3576 1931 Sicut

311 1973 521 2020 rantur.
552 1963 859 2021 Secundum
887 1964 1118 2021 formam
1149 1966 1295 2021 enim
1315 1964 1412 2021 Dei
1434 1966 1499 2021 de
1520 1967 1699 2035 seipse
1735 1966 1893 2022 dicit:

312 2057 420 2128 Ego
447 2067 495 2112 et
524 2058 687 2111 Pater
711 2074 871 2111 unum
895 2074 1076 2113 sumus
1115 2055 1299 2130 (Joan.
1326 2057 1384 2129 ι)
1408 2075 1425 2124 ;
1474 2056 1769 2113 secundum
1791 2056 1899 2112 for-

312 2163 453 2202 tnam
481 2147 723 2203 hominis
749 2148 879 2203 dicit
904 2166 918 2201 :
959 2147 1122 2202 Pater
1142 2148 1320 2219 major
1338 2163 1421 2202 me
1444 2158 1519 2201 est
1544 2146 1730 2217 (Joan.
1754 2146 1896 2217 xm).

312 2236 575 2292 lloniines
597 2245 799 2301 autem,
831 2237 1009 2293 minus
1046 2236 1410 2308 intelligentes
1437 2237 1564 2306 quid
1587 2243 1644 2291 et
1675 2235 1742 2289 ad
1769 2235 1897 2305 quid

308 2328 646 2385 dicantur-ea
677 2342 798 2397 quae
825 2336 1048 2398 propter
1090 2327 1320 2383 formam
1368 2326 1509 2382 servi
1557 2326 1702 2381 dicta
1749 2334 1895 2390 sunt,

309 2418 494 2473 volunt
530 2415 829 2472 transferre
855 2416 921 2470 ad
954 2416 1182 2471 formam
1227 2416 1322 2471 Dei
1349 2432 1364 2482 ;
1397 2424 1453 2472 et
1475 2430 1664 2470 rursus
1690 2430 1754 2469 ea
1779 2429 1898 2484 quae

307 2507 446 2562 dicta
480 2514 616 2562 sunt
638 2506 707 2561 ad
734 2504 965 2561 formam
996 2507 1111 2572 Dei,
1137 2515 1199 2561 ut
1228 2508 1297 2562 ad
1317 2522 1377 2562 se
1403 2506 1630 2561 invicem
1654 2520 1899 2575 personae

310 2595 638 2661 refcrantur,
665 2595 853 2652 volunt
909 2595 1125 2650 nomina
1167 2609 1292 2649 esse
1336 2602 1544 2647 naturte
1571 2600 1732 2662 atque
1772 2592 1898 2646 sul»

304 2687 544 2753 stantius,
569 2694 625 2741 et
651 2685 859 2741 faciunt
902 2701 1143 2741 errarem
1196 2685 1253 2739 in
1296 2685 1421 2740 ﬁde.
1476 2683 1571 2739 Sic
1607 2684 1751 2738 enim
1800 2684 1899 2743 Dei

306 2773 447 2832 Filia
487 2773 778 2843 conjuncta
826 2783 910 2830 est
955 2775 1190 2830 humana
1243 2784 1455 2839 natura,
1502 2782 1564 2827 ut
1599 2786 1663 2827 ex
1689 2773 1901 2829 duabus

302 2867 629 2925 substantiis
676 2865 830 2922 heret
873 2882 979 2920 una
1024 2881 1275 2935 persona.
1326 2864 1485 2920 Solus
1524 2865 1693 2935 igitur
1736 2865 1903 2919 homo

300 2960 526 3029 pertulit
573 2945 815 3024 crucem,
863 2959 959 3015 sed
1001 2967 1219 3030 propter
1262 2958 1521 3011 unitatem
1561 2971 1802 3026 personae
1845 2964 1900 3013 et

302 3051 451 3107 Deus
476 3044 680 3108 dicitur
702 3049 1008 3122 pertulisse.
1036 3050 1183 3106 Hinc
1208 3058 1290 3106 est
1314 3051 1457 3118 quod
1501 3050 1759 3105 scribitur
1783 3064 1797 3103 :
1836 3047 1899 3105 Si

296 3143 439 3196 enim
463 3141 848 3212 cognouissent,
877 3157 1140 3211 nunquam
1185 3139 1351 3194 Deum
1389 3138 1570 3210 gloriae
1599 3138 1895 3208 cruciﬁxis-

296 3244 410 3289 sent
436 3232 498 3304 (Ι
518 3208 642 3288 Cor.
669 3231 752 3304 ιι).
782 3210 974 3287 Filium
996 3208 1146 3287 enim
1170 3231 1263 3284 Dei
1289 3208 1608 3285 cruciﬁxum
1640 3227 1890 3294 fatemur,
1921 3208 1965 3271 (ἶ

299 3337 406 3377 nou
437 3338 512 3378 ex
538 3322 738 3378 virtute
763 3322 1082 3386 divinitatis,
1113 3320 1207 3376 sed
1246 3335 1312 3374 ex
1351 3317 1669 3373 inﬁrmitate
1704 3316 1894 3373 huma-

297 3413 537 3468 nitatis:
588 3427 696 3468 non
737 3427 805 3467 ex
849 3427 960 3467 sure
1006 3419 1213 3466 natura:
1262 3408 1658 3479 permansione,
1705 3405 1800 3462 sed
1826 3422 1896 3462 ex

297 3510 512 3557 nostrae
537 3500 898 3571 susceptione.

368 3589 734 3643 Inveniuntur
769 3603 899 3659 ergo
946 3589 1187 3643 membra
1238 3586 1538 3657 corporalia
1594 3588 1710 3657 ipso
1756 3585 1894 3641 Filia

298 3677 399 3732 Dei
427 3676 656 3740 ascribi,
687 3692 897 3731 necnon
923 3685 979 3730 et
1012 3679 1226 3731 habitus
1253 3678 1516 3748 corporis,
1557 3677 1623 3731 de
1647 3692 1756 3746 quo
1779 3677 1894 3747 jam

294 3780 469 3838 supra
515 3762 690 3834 aliqua
720 3766 1014 3834 posuimus,
1065 3775 1122 3820 et
1150 3767 1325 3821 adhuc
1379 3766 1482 3820 alia
1528 3766 1892 3834 sultjicicnius.

297 3856 440 3910 Nam
472 3862 640 3923 caput
674 3853 876 3909 Christi
910 3854 1051 3909 Deus
1087 3870 1208 3909 esse
1239 3855 1290 3908 iu
1317 3855 1572 3925 Apastolo
1597 3856 1810 3925 legitur,
1839 3863 1894 3910 et

296 3954 470 4016 caput
516 3943 769 3999 Ecclesiae
811 3943 1080 4009 Christus,
1132 3953 1194 3998 ut
1229 3953 1310 3999 est
1351 3943 1519 3999 illud:
1574 3942 1709 3998 Nam
1740 3953 1893 4015 caput

298 4034 547 4091 ntulieris
575 4043 649 4088 est
673 4035 782 4089 rir:
810 4044 966 4103 caput
989 4044 1163 4089 autem
1190 4035 1285 4088 riri
1308 4033 1564 4098 Christus,
1601 4043 1753 4105 caput
1777 4051 1893 4089 vero

299 4122 509 4177 Christi
538 4132 612 4176 est
643 4122 785 4177 Deus
827 4121 881 4194 (Ι
906 4121 1029 4177 Cor.
1057 4124 1155 4196 ιιι).
1190 4123 1399 4194 Carpus
1428 4123 1645 4193 quidem
1685 4123 1891 4178 Christi

297 4220 498 4268 sancta
530 4221 613 4268 est
642 4212 904 4276 Ecclesia,
930 4213 1071 4269 sicut
1104 4214 1271 4269 etiam
1316 4215 1457 4269 idem
1488 4214 1776 4284 Apostolus
1802 4231 1893 4270 os-

298 4305 501 4360 tendit.
533 4303 721 4374 Capilli
753 4318 985 4374 namque
1017 4305 1217 4362 Christi
1243 4306 1453 4362 candidi
1494 4307 1890 4362 multitudinem

298 4404 622 4451 sanctarum
645 4395 1008 4450 dealhatorum
1039 4396 1090 4451 in
1116 4396 1435 4469 Apocalypsi
1455 4398 1776 4467 exprimunt,
1801 4397 1892 4452 ubi

1998 1976 2321 2038 unguentum
2344 1968 2399 2023 in
2422 1968 2612 2038 capite,
2633 1968 2772 2039 quod
2796 1967 3057 2023 descendit
3081 1968 3136 2021 in
3160 1966 3375 2026 barbam
3396 1965 3576 2023 Aaron

1996 2055 2169 2128 (Psal.
2201 2056 2430 2128 cxxxu).
2481 2056 2670 2115 Manus
2713 2057 2934 2123 Christi,
2979 2058 3216 2129 operarii
3239 2058 3484 2129 iustitiae,
3507 2056 3575 2111 ad

1995 2156 2157 2197 omne
2191 2158 2326 2214 opus
2369 2146 2571 2200 bonum
2614 2146 2821 2216 parati,
2874 2154 2935 2201 ut
2971 2154 3056 2201 est
3096 2145 3223 2201 illud
3268 2146 3322 2202 in
3347 2144 3573 2201 Cantica

1994 2233 2329 2288 canticorum
2355 2252 2366 2287 :
2398 2233 2589 2288 Manus
2614 2234 2728 2304 ejus
2750 2234 3024 2289 tornatiles
3050 2251 3244 2291 aurata.
3284 2234 3448 2305 Digiti
3475 2234 3595 2288 mei

1994 2321 2134 2392 pleni
2153 2331 2274 2378 sunt
2295 2324 2508 2394 myrrha
2533 2322 2712 2393 (Cant.
2738 2322 2816 2394 v).
2860 2323 2918 2378 In
2946 2326 3195 2380 manibus
3217 2326 3359 2378 enim
3385 2338 3573 2394 opera,

1995 2414 2051 2468 in
2075 2413 2257 2484 digitis
2291 2413 2546 2470 discretio
2570 2413 2885 2484 designatur
2911 2431 2923 2466 :
2970 2414 3024 2468 in
3051 2412 3269 2483 myrrha
3294 2412 3578 2467 continen-

1998 2503 2073 2557 tia
2117 2510 2171 2557 et
2212 2502 2510 2571 passiones,
2553 2517 2673 2573 qua:
2711 2512 2837 2558 tunc
2876 2503 3257 2573 probatissima
3292 2511 3408 2570 est,
3449 2518 3573 2558 cum

1995 2594 2331 2650 solummodo
2369 2611 2470 2666 pro
2505 2595 2769 2653 charitate
2815 2595 2909 2652 Dei
2952 2604 3007 2651 et
3044 2596 3296 2668 proximi,
3326 2596 3409 2650 vel
3435 2611 3551 2652 corr

1995 2688 2222 2743 tinentia
2245 2688 2331 2744 vel
2362 2688 2641 2758 passiones
2671 2688 2827 2743 ﬁunt.
2868 2689 3098 2743 Dextera
3122 2687 3353 2751 Domini,
3383 2687 3575 2744 Testa-

1997 2785 2239 2834 mentum
2284 2777 2531 2844 Navum;
2578 2778 2839 2845 sinistra,
2884 2777 3068 2833 Vetus.
3132 2776 3264 2832 item
3308 2775 3574 2845 dextera,

1996 2866 2271 2923 beatitudo
2303 2874 2591 2937 perpetua;
2632 2867 2874 2933 sinistra,
2906 2867 3018 2922 vita
3050 2880 3316 2937 prmsens;
3356 2866 3495 2920 sicut
3521 2865 3596 2918 in.

1996 2956 2221 3013 Cantica
2263 2957 2595 3012 canticorum
2643 2957 2895 3013 Ecclesia.
2924 2956 3055 3012 dicit
3083 2974 3095 3010 :
3120 2954 3274 3011 Ltera
3317 2954 3435 3024 ejus
3474 2953 3571 3013 sub

1976 3046 2165 3117 .capite
2186 3060 2320 3109 meo,
2340 3054 2390 3100 et
2411 3045 2624 3101 dextera
2643 3045 2759 3117 ejus
2779 3042 3162 3117 amplexabitur
3181 3060 3262 3098 me
3283 3040 3461 3116 (Cant.
3486 3042 3573 3113 ιι).

1997 3135 2131 3191 Item
2170 3136 2416 3205 dextera,
2455 3136 2652 3203 eiecti;
2699 3136 2951 3203 sinistra,
2992 3137 3206 3206 reprobi
3245 3150 3467 3202 omnes,
3515 3144 3576 3190 ut

1996 3225 2053 3281 in
2086 3226 2414 3297 Evangelia:
2459 3225 2667 3283 Statuet
2705 3244 2821 3283 oues
2854 3245 2886 3282 a
2924 3227 3142 3293 dextris,
3180 3227 3360 3282 haedos
3399 3237 3587 3282 autem.

1996 3332 2031 3371 α
2067 3317 2291 3372 sinistris
2317 3316 2532 3390 (Matth.
2559 3316 2711 3387 xxv).
2760 3317 2941 3375 Ubera
2980 3317 3218 3384 Christi,
3261 3318 3575 3388 evangelica

1998 3406 2273 3474 doctrina;
2320 3414 2382 3463 ut
2425 3407 2481 3463 in
2516 3406 2737 3464 Cantica
2772 3407 3145 3464 canticorum:
3194 3406 3416 3463 Meliora
3453 3413 3591 3461 sunt-

1997 3495 2160 3551 ubera
2201 3506 2293 3551 tua
2330 3499 2449 3553 vino
2476 3495 2654 3570 (Cant.
2683 3496 2745 3569 ι).
2793 3496 3041 3552 Mamilia:
3079 3495 3310 3561 Domini,
3337 3497 3445 3552 duo
3469 3496 3575 3551 Te-

1999 3594 2306 3656 stamenta;
2366 3590 2507 3646 unde
2532 3591 2750 3663 Jegitur
2799 3592 2852 3646 in
2903 3590 3273 3662 Apocalypsi:
3326 3589 3394 3644 Et
3438 3606 3574 3644 zona

1999 3691 2159 3729 aurea
2198 3678 2337 3733 circa
2377 3678 2640 3735 mamillas
2669 3679 2852 3751 (Apoc.
2881 3678 2944 3751 r).
2998 3678 3198 3734 Venter
3232 3677 3458 3745 Christi,
3496 3679 3575 3732 la-

1999 3782 2219 3822 vacrum
2267 3770 2694 3840 regenerationis
2716 3809 2734 3836 ,
2796 3785 2865 3825 ex
2909 3784 3016 3839 qua
3057 3769 3260 3825 electos
3302 3782 3429 3824 suos
3474 3781 3577 3836 per

1998 3858 2298 3925 adoptionis
2331 3860 2636 3928 gratiamin
2660 3859 2798 3915 filias
2819 3869 3059 3931 generat.
3104 3859 3239 3914 Hinc
3266 3859 3321 3912 iu
3348 3858 3572 3912 Cantica

1999 3943 2332 3997 canticorum
2365 3944 2597 3999 dicitur:
2639 3944 2822 4002 Venter
2847 3956 2968 4001 tuus
2997 3947 3255 4001 eburneus
3285 3944 3461 4017 (Cant.
3492 3945 3568 4014 ιι).

1996 4030 2252 4086 intestina
2285 4033 2513 4098 Domini,
2542 4044 2810 4090 secretum
2835 4035 3151 4102 divinitatis,
3193 4036 3306 4091 sive
3333 4036 3387 4089 in
3417 4051 3571 4091 sacra

1998 4120 2275 4191 Scriptura
2314 4122 2526 4178 occulta
2564 4133 2933 4190 sacramenta;
2975 4125 3103 4180 hinc
3133 4124 3186 4179 in
3219 4124 3404 4179 Exodo
3429 4126 3564 4179 scri-

1996 4220 2144 4281 ptum
2187 4221 2309 4267 est:
2354 4211 2524 4282 Caput
2565 4230 2683 4267 cum
2723 4213 2941 4279 pedibus
2957 4223 3006 4268 et
3040 4215 3297 4268 intestinis
3317 4215 3568 4267 .vorabitis

1996 4300 2192 4372 (Exod.
2222 4303 2342 4374 xu).
2391 4304 2561 4357 Crura
2605 4301 2763 4371 ejus,
2805 4304 3031 4374 apostoli
3076 4304 3159 4361 vel
3203 4305 3383 4359 caeteri
3428 4320 3565 4374 prec—

1994 4389 2289 4455 dicatores,
2344 4398 2516 4445 totum
2556 4390 2810 4446 Ecclesia:
2848 4406 3043 4462 corpus
3083 4392 3450 4458 sustinentes;
3501 4394 3569 4447 de

300 4486 572 4556 scriptum
600 4493 719 4541 est;
759 4483 927 4557 σαραι
966 4495 1137 4541 autem
1164 4488 1278 4558 ejus
1306 4498 1354 4543 ει
1383 4487 1562 4559 caput;
1588 4498 1734 4543 εναηι
1761 4506 1888 4541 mn-
1920 4556 1945 4559 _
1993 4493 2100 4547 qua
2133 4478 2187 4531 in
2208 4476 2430 4534 Cantica
2455 4479 2787 4535 canticorum
2827 4480 3062 4535 dicitur:
3089 4479 3259 4535 Crura
3287 4482 3402 4551 ejus
3431 4481 3568 4535 sicut

300 4574 416 4628 didi
465 4583 720 4644 tanquam
763 4556 887 4630 [una
935 4575 1055 4631 alba
1102 4587 1151 4632 ει
1189 4556 1454 4649 λαῃςααηί
1495 4579 1586 4633 ηξκ
1612 4578 1793 4651 (Apoc.
1825 4579 1886 4651 ι),
1914 4556 1967 4613 Ι)
1991 4570 2245 4620 columna:
2283 4583 2591 4622 marmorata
2627 4567 2801 4641 (Cant.
2840 4570 2916 4641 v).
2972 4569 3140 4625 Pedes
3179 4571 3431 4634 Domini,
3474 4586 3563 4623 as—

300 4662 619 4732 Antiquitas
645 4671 701 4717 et
730 4663 1106 4721 immortalitas
1133 4665 1432 4735 maiestatis
1460 4667 1513 4734 in
1543 4667 1734 4736 capitis
1762 4682 1892 4720 can-

304 4752 440 4807 dore
467 4752 791 4808 ostenditur.
823 4752 921 4809 Cui
949 4755 1217 4826 prtccipue
1238 4756 1369 4826 justi
1399 4757 1599 4827 quique
1627 4756 1767 4810 velut
1795 4771 1888 4810 ca-

302 4842 418 4911 pilli
447 4843 819 4911 adhierentes,
866 4855 1088 4916 propter
1111 4863 1242 4903 oves
1272 4848 1339 4902 ad
1369 4847 1648 4902 dexteram
1680 4846 1889 4901 futuras

306 4933 485 4988 instar
513 4932 678 5000 lanae,
709 4943 765 4990 et
793 4945 1014 5006 propter
1039 4937 1408 4992 dealbatarum
1439 4935 1888 5007 innumerabilem

304 5024 525 5078 turbam
560 5031 614 5078 et
643 5024 938 5080 electorum
980 5042 1011 5079 c
1048 5027 1187 5081 coelo
1218 5027 1466 5085 datorum
1487 5068 1501 5091 ,
1548 5027 1722 5081 instar
1749 5025 1889 5079 nivis

304 5111 586 5185 effulgent.
628 5113 782 5170 Oculi
810 5114 1012 5171 Christi
1061 5125 1327 5187 praecepta
1370 5126 1497 5172 sunt
1540 5116 1886 5187 evangelica;

305 5203 453 5258 unde
491 5204 545 5257 in
574 5203 771 5260 Genesi
797 5204 1033 5275 legitur:
1068 5204 1405 5261 Pulchriores
1440 5216 1560 5261 sunt
1601 5206 1738 5259 oculi
1775 5207 1887 5275 ejus

306 5294 428 5347 vino
461 5291 613 5364 (Cen.
644 5294 818 5366 sus),
868 5297 969 5351 hac
1015 5308 1132 5361 est,
1183 5297 1382 5353 veteris
1428 5296 1561 5367 legis
1605 5296 1884 5350 doctrinis.

306 5380 443 5434 Item
473 5383 611 5437 oculi
641 5383 844 5439 Christi
875 5385 1124 5440 doctores
1159 5394 1312 5450 sunt,
1357 5402 1456 5456 per
1483 5402 1615 5454 quas
1646 5384 1886 5439 Ecclesia

307 5470 458 5524 videt
483 5486 601 5540 qum
632 5480 778 5526 recta
806 5481 962 5538 sunt,
1008 5483 1067 5527 ut
1105 5483 1188 5528 est
1217 5474 1344 5527 illud
1379 5474 1431 5527 in
1456 5473 1681 5527 Cantica
1707 5474 1883 5527 canti-

306 5571 501 5612 corum
524 5575 538 5611 :
575 5559 729 5615 Oculi
755 5560 886 5631 ejus,
911 5562 1044 5615 sicut
1066 5561 1319 5616 columba:
1341 5578 1496 5632 super
1518 5561 1710 5615 rivulos
1730 5577 1889 5632 aqua-

309 5665 429 5702 τκηι
457 5648 636 5720 (Came
662 5654 740 5726 ν).
778 5654 882 5722 Qui
919 5656 1076 5722 bene,
1107 5655 1398 5721 columbae,
1436 5665 1654 5726 propter
1682 5648 1887 5726 simpli-

309 5738 573 5812 citatem,
624 5750 681 5800 et
726 5745 912 5802 rivulis
956 5760 1215 5819 aquarum
1241 5788 1254 5814 ,
1308 5756 1524 5818 propter
1554 5748 1883 5804 charismata

1990 4663 2235 4724 sumptus
2264 4657 2425 4729 homo
2461 4674 2493 4712 a
2520 4659 2716 4724 Verbo,
2742 4661 2829 4715 vel
2858 4661 3031 4715 sancti
3071 4660 3331 4729 apostoli;
3366 4660 3431 4713 de
3456 4664 3593 4728 quo.

1990 4673 2235 4724 sumptus
2266 4673 2333 4711 uo
2461 4674 2493 4712 a
2527 4673 2716 4724 verba,
2742 4673 2829 4715 vel
2858 4673 3031 4715 saneta
3071 4673 3331 4729 apastou;
3366 4673 3431 4713 ue
3456 4675 3565 4728 quo

1989 4748 2042 4800 in
2082 4673 2494 4803 Deuwranmia
2530 4751 2789 4820 scriptum
2831 4761 2957 4805 est:
3002 4751 3108 4815 Qui
3147 4752 3565 4822 appropinquant

1985 4837 2202 4908 pedibus
2223 4839 2359 4909 ejus,
2379 4840 2630 4910 accipient
2654 4839 2719 4895 de
2734 4839 2973 4909 doctrina
2995 4840 3137 4893 illius
3152 4839 3565 4911 (Deut.xxxm);

1987 4938 2040 4983 et
2090 4930 2146 4985 in
2199 4930 2406 4999 psalmo
2445 4950 2457 4985 :
2514 4931 2865 4986 Adorabimus
2911 4932 2967 4986 in
3007 4929 3120 4984 loco
3172 4930 3279 4984 ubi.
3309 4939 3564 4986 steterunt

1987 5021 2140 5091 pedes
2176 5022 2290 5091 ejus
2316 5019 2487 5092 (Psal.
2513 5022 2718 5092 cxxxr).
2766 5022 2900 5077 Ossa
2931 5022 3153 5090 Christi,
3178 5025 3349 5080 fortes
3373 5024 3428 5077 in
3456 5022 3559 5076 Ec-

1989 5114 2189 5180 clesia,
2250 5131 2370 5184 qua:
2414 5123 2497 5171 est
2536 5130 2731 5184 corpus
2768 5112 2925 5182 ejus;
2983 5114 3051 5169 de
3089 5128 3197 5184 quo
3246 5115 3301 5169 in
3350 5111 3560 5183 psalmo
3606 5158 3609 5159 ν

1990 5206 2247 5274 scriptum
2286 5213 2408 5260 est:
2452 5204 2697 5275 Dispersa
2734 5212 2854 5257 sunt
2887 5204 3061 5258 omnia
3097 5221 3215 5258 ossa
3242 5218 3354 5257 mea
3384 5199 3581 5274 (Psal-

1990 5295 2127 5365 χιι).
2185 5295 2389 5350 Carnes
2433 5293 2632 5348 Christi
2678 5294 2875 5348 inlirmi
2922 5293 2975 5348 in
3016 5291 3295 5358 Ecclesia;
3344 5293 3411 5347 de
3450 5305 3592 5359 qu0«

1989 5386 2185 5440 dicitur
2228 5386 2281 5439 iu
2327 5386 2533 5455 psalmo
2568 5404 2578 5438 :
2626 5382 2785 5438 Dum.
2816 5384 3233 5454 appropinquant
3285 5398 3439 5452 super
3477 5397 3565 5435 me

1990 5484 2247 5539 nocentes,
2293 5486 2347 5528 ut
2385 5476 2538 5528 edant
2582 5491 2765 5528 carnes
2810 5489 2949 5526 meas
2975 5471 3145 5543 (Psal.
3172 5470 3342 5542 xxvr).
3384 5467 3560 5526 Vesti-

1989 5574 2168 5619 menta
2216 5564 2449 5627 Domini,
2477 5579 2602 5618 cara
2646 5570 2949 5631 assumpta;
3004 5562 3144 5616 unde
3184 5559 3237 5613 in
3276 5557 3558 5612 Ezechiele
3630 5594 3633 5597 ‹

1986 5656 2246 5726 propheta
2304 5656 2561 5724 scriptum
2617 5664 2699 5709 cst
2742 5669 2756 5708 ε
2819 5654 2954 5708 Ecce
3011 5654 3089 5707 vir
3143 5650 3352 5706 vestitus
3406 5649 3585 5703 lineis.

1988 5745 2202 5817 (Ezech.
2235 5746 2330 5819 ix),
2373 5745 2425 5804 id
2462 5754 2564 5815 est,
2604 5762 2763 5801 carne
2802 5744 3016 5801 munda.
3069 5743 3201 5798 item
3241 5741 3585 5797 vestimenta.
