4074 6316
479 430 551 486 25
1129 427 1190 483 Β.
1232 423 1489 481 RABANI
1527 396 1751 481 MRURI
1789 418 2109 478 A'RCHIEP.
2153 416 2462 479 MOGUNT.
2498 421 2787 479 OPERUM
2825 421 3006 479 PARS
3043 422 3110 478 II.
3676 428 3753 487 25

476 544 718 628 Christi,
772 543 932 600 electi
971 557 1196 609 omnes,
1243 551 1304 597 ut
1348 542 1402 597 in
1446 542 1591 598 Job:
1638 539 1923 598 Circumda
1967 538 2060 594 tibi
2087 540 2138 600 Δ
2167 537 2236 595 Et
2273 539 2393 596 haec
2428 540 2664 597 Trinitas
2707 557 2847 598 unus
2886 550 2971 597 est
3008 532 3171 607 Deus,
3210 542 3358 598 solus
3396 544 3590 610 bonus,
3633 563 3753 604 ma-

475 635 716 692 decorem
746 645 912 696 tuum,
937 644 984 689 et
1013 635 1256 705 speciosis
1294 634 1510 689 induere
1552 634 1773 689 vestibus
1799 633 1923 705 (Job
1945 631 2059 705 χι).

477 727 681 784 Tunica
706 726 927 792 Christi,
963 725 1080 796 ejus
1123 724 1383 790 Ecclesia,
1425 723 1580 794 cujus
1617 723 1842 796 ﬁguram
1880 723 2060 778 tunica

475 818 569 875 illa
601 818 792 874 habuit
817 818 884 874 de
916 832 1023 888 qua
1059 817 1113 871 in
1134 815 1425 887 Evangelio
1452 815 1706 870 scribitur
1733 834 1746 867 :
1776 814 1903 867 Non
1924 813 2063 867 scin-

477 912 666 966 damus
700 910 869 974 illum,
895 909 1182 964 sortiamur
1210 907 1275 962 de
1305 905 1399 961 illa
1434 906 1587 977 cujus
1618 906 1684 959 sit
1711 889 1896 977 (joan.
1921 902 2058 975 tux).

478 1000 630 1056 Stola
667 1000 895 1066 Christi,
928 1014 1058 1055 caro
1093 1006 1392 1070 assumpta,
1436 997 1704 1069 passionis
1743 996 1869 1052 vino
1908 1011 2066 1051 mun-

477 1092 647 1156 data;
690 1089 821 1147 hinc
866 1090 920 1145 in
962 1089 1158 1146 Genesi
1201 1090 1463 1159 scriptum
1504 1096 1590 1144 est
1623 1107 1637 1143 :
1686 1087 1904 1143 Lavabit
1944 1089 2062 1143 vino

475 1181 667 1238 stolam
688 1199 839 1237 suam
865 1181 1019 1255 (Gen.
1044 1181 1216 1254 χιιι).
1267 1182 1418 1238 Unde
1439 1182 1661 1252 pallium
1687 1180 1907 1247 Christi,
1938 1197 2064 1238 san-

475 1284 564 1333 cta
603 1274 870 1343 Ecclesia,
906 1275 1026 1346 ejus
1059 1292 1277 1349 aspersa
1317 1293 1544 1345 cruore;
1588 1281 1732 1335 unde
1762 1286 1816 1334 et
1855 1293 2016 1349 supra
2046 1297 2059 1333 :

476 1366 549 1424 In
587 1369 843 1441 sanguine
898 1385 1012 1425 uvte
1061 1368 1282 1440 pallium
1320 1386 1476 1425 suum
1521 1370 1732 1444 (‘Ibid.).
1792 1371 2063 1427 Lumbare

473 1458 727 1527 Domini,
763 1460 994 1532 populus
1034 1458 1371 1528 Judarorum,
1414 1462 1682 1532 superbia:
1717 1462 1847 1517 vitio
1873 1470 2061 1532 putre-

475 1549 723 1618 factum;
779 1550 847 1607 de
891 1566 1001 1622 quo
1044 1552 1100 1606 in
1144 1548 1378 1606 Ieremia
1426 1551 1685 1622 scriptum
1729 1561 1855 1609 est:
1910 1551 2061 1608 Sicut

475 1639 713 1695 lumbare
733 1641 966 1697 adhteret
991 1642 1221 1713 corpori,
1246 1642 1324 1696 sic
1344 1641 1602 1713 appellavi
1626 1644 1876 1714 populum
1902 1646 2061 1699 istunt

475 1733 547 1786 ad
584 1747 685 1796 me,
726 1730 853 1786 dicit
885 1732 1144 1788 Dominus
1175 1730 1311 1804 (Jer.
1337 1732 1457 1805 vn).
1503 1733 1786 1805 Cingulum
1826 1732 2059 1801 Christi,

468 1821 681 1892 iustitia
707 1823 822 1879 sive
843 1822 975 1880 ﬁdes
997 1810 1132 1892 ejus.
1178 1822 1316 1879 Hinc
1337 1824 1389 1878 in
1420 1823 1556 1879 Isaia
1582 1825 1775 1895 legitur
1799 1843 1812 1879 :
1839 1824 2061 1881 Iustitia

2164 645 2324 701 gnus,
2365 640 2618 698 aeternus,
2644 633 3004 702 omnipotens.
3046 630 3164 702 Ipse
3200 633 3304 689 sibi
3350 635 3550 702 unitas,
3595 638 3738 694 divi-

2165 725 2330 790 nitas,
2374 724 2705 795 magnitudo,
2749 725 3446 796 bonitas,‘omnipotentia,
3489 738 3547 785 et
3587 732 3745 801 quid-

2164 816 2293 886 quid
2339 815 2407 869 ad
2454 830 2515 871 se
2551 814 2984 871 substantialiter
3017 816 3235 872 dicitur.
3278 817 3395 873 Non
3438 819 3510 873 ita
3556 819 3613 874 in
3656 835 3742 877 re-

2162 905 2342 962 lativis
2385 906 2663 962 vocabulis
2704 906 3112 978 intelligendum
3155 919 3239 965 est
3280 909 3364 965 vel
3411 910 3741 977 dicendurm,

2164 997 2289 1069 quia
2329 997 2436 1053 dici
2479 1013 2586 1053 non
2621 1006 2821 1068 potest,
2863 997 3026 1054 Pater
3066 998 3170 1055 sibi
3211 998 3396 1065 Pater,
3442 1000 3529 1057 vel
3577 1000 3751 1059 Filius

2164 1090 2267 1145 sibi
2306 1087 2495 1155 Filius,
2539 1089 2624 1144 vel
2665 1089 2900 1160 Spiritus
2936 1097 3157 1146 sanctus
3196 1091 3297 1146 sibi
3342 1090 3579 1162 Spiritus
3617 1108 3753 1149 san-

2164 1190 2283 1236 ctus
2311 1200 2324 1235 :
2359 1183 2452 1237 sed
2480 1183 2598 1237 haec
2621 1182 2844 1236 relativa
2868 1182 3128 1237 vocabula
3163 1183 3231 1238 ad
3268 1183 3430 1238 aliam
3454 1197 3743 1253 personam

2164 1271 2491 1327 referuntur.
2536 1272 2672 1327 Nam
2715 1280 2773 1329 et
2812 1274 2919 1329 hoc
2958 1288 3157 1329 nomen
3195 1276 3340 1346 quod
3384 1275 3621 1347 Spiritus
3660 1278 3751 1333 di-

2164 1364 2329 1431 citur,
2374 1379 2481 1420 non
2523 1379 2753 1435 semper
2783 1366 3077 1423 secundum
3123 1368 3178 1424 id
3216 1370 3360 1439 quod
3403 1369 3640 1428 refertur
3681 1375 3758 1429 ad

2165 1453 2407 1526 aliquid,
2467 1455 2562 1511 sed
2601 1458 2895 1513 secundum
2937 1459 2989 1515 id
3029 1461 3170 1530 quod
3221 1461 3456 1532 aliquam
3498 1473 3758 1522 naturam

2164 1547 2466 1618 signiﬁcat,
2514 1548 2849 1621 intelligitur.
2898 1549 3088 1606 Omnis
3126 1553 3271 1607 enim
3310 1553 3628 1625 incorporea
3655 1571 3755 1611 na-

2163 1645 2287 1692 tura
2328 1637 2554 1708 spiritus
2589 1638 2644 1693 in
2683 1637 2982 1709 Scripturis
3015 1642 3188 1695 sacris
3222 1642 3540 1713 appellatur.
3596 1643 3759 1701 Unde

2165 1741 2275 1783 non
2314 1736 2524 1782 tantum
2560 1727 2711 1783 Patri
2754 1714 2812 1784 et
2844 1728 2983 1785 Filio
3028 1738 3084 1785 et
3132 1729 3361 1802 Spiritui
3403 1744 3618 1802 sancto;
3655 1736 3753 1794 sed

2162 1818 2310 1874 omni
2354 1818 2608 1873 rationali
2648 1829 2917 1876 creatura:
2956 1829 3012 1876 et
3050 1822 3245 1877 animae
3286 1825 3392 1881 hoc
3429 1826 3756 1884 vocabulum

474 1913 743 1987 cingulum
777 1915 1071 1970 lumborum
1110 1916 1246 1987 ejus,
1285 1926 1332 1970 et
1372 1916 1502 1985 ﬁdes
1537 1917 1846 1971 cinctorium
1882 1935 2061 1972 renum
2089 1908 2141 1968 B
2166 1910 2432 1980 congruit.
2481 1907 2716 1981 Spiritus
2750 1920 2970 1968 sanctus
2994 1912 3116 1969 ideo
3142 1930 3247 1969 non
3274 1915 3473 1972 dicitur
3512 1919 3757 1989 genitus,

473 2006 593 2076 ejus
619 2004 753 2078 (Isa.
781 2006 879 2078 λι).
926 2004 1301 2063 Calceamenta
1340 2007 1571 2070 Domini,
1620 2008 1935 2080 mysterium
1984 2010 2064 2063 in-

475 2097 839 2165 earnationis,
876 2098 944 2154 de
983 2113 1093 2169 quo
1130 2097 1365 2153 Joannes
1403 2097 1642 2168 Baptista
1684 2099 1737 2153 in
1774 2097 2064 2169 Evangelia

476 2190 592 2245 ait:
620 2187 787 2259 Cujus
819 2206 921 2244 non
946 2206 1062 2245 sum
1091 2189 1281 2260 dignus
1308 2189 1652 2260 procumbens
1676 2188 1872 2243 solvere
1900 2190 2057 2242 corri-

475 2282 619 2351 giam
646 2280 982 2337 calceamenti
1009 2281 1122 2351 ejus
1151 2280 1303 2354 (Luc.
1332 2281 1437 2353 tu).
1942 2290 1947 2295 ‘
1992 2280 1995 2281 ⁷

1092 2392 1321 2450 CAPUT
1358 2393 1445 2448 ιιι.
1618 2460 1619 2463 γ

988 2463 1069 2518 De
1104 2462 1303 2535 Spiritu
1340 2473 1541 2518 sancto.

547 2552 785 2624 Spiritus
826 2562 1047 2610 sanctus
1087 2553 1207 2609 ideo
1245 2554 1573 2623 prtedicatur
1604 2555 1775 2620 Deus,
1823 2556 1949 2626 quia
1994 2571 2065 2612 ex

475 2641 639 2698 Patre
666 2642 911 2715 Filioque
942 2644 1207 2714 procedit,
1244 2653 1299 2699 et
1326 2645 1684 2701 substantiam
1714 2646 1830 2715 ejus
1877 2646 2059 2702 habet.

466 2732 663 2804 Neque
693 2733 838 2788 enim
866 2733 1009 2789 aliud
1037 2734 1105 2790 de
1132 2733 1292 2791 Patre
1323 2736 1615 2806 procedere
1656 2739 1858 2808 potuit,
1901 2724 2079 2807 quam.

476 2823 623 2894 quod
650 2820 879 2894 ipseest
908 2824 1091 2880 Pater.
1152 2824 1388 2896 Spiritus
1428 2835 1648 2882 sanctus
1677 2837 1856 2883 autem
1886 2826 2064 2884 dictus

477 2922 564 2970 est
600 2915 896 2970 secundum
941 2915 995 2971 id
1042 2917 1187 2987 quod
1236 2918 1305 2972 ad
1352 2917 1555 2987 aliquid
1604 2917 1856 2973 refertur.
1913 2918 2066 2976 Sicut

476 3005 626 3060 enim
657 3004 882 3061 relative
908 3005 1074 3061 Pater
1099 3016 1155 3061 et
1183 3006 1352 3062 Filius
1391 3008 1664 3075 dicuntur,
1716 3009 1792 3063 ita
1837 3017 1893 3065 et
1937 3008 2061 3080 Spi-

466 3097 618 3151 'ritus
645 3104 867 3152 sanctus
897 3095 965 3150 ad
995 3094 1211 3153 Patrem
1243 3105 1295 3152 et
1322 3095 1518 3152 Filium
1550 3098 1947 3167 quodammodo
1976 3114 2062 3154 re-

478 3188 642 3245 lative
664 3188 884 3256 dicitur,
916 3191 1041 3261 quia
1074 3189 1249 3245 Patris
1286 3198 1341 3245 et
1375 3189 1495 3245 Filii
1526 3190 1763 3262 Spiritus
1795 3202 1921 3248 est:
1965 3194 2060 3248 sed

2165 2015 2235 2057 ne
2277 2001 2384 2057 duo
2430 2002 2483 2056 in
2529 2002 2796 2058 Trinitate
2842 2002 2935 2058 lilii
2980 2005 3410 2075 suspicarentur.
3473 2007 3597 2063 Ideo
3642 2025 3753 2065 non

2163 2093 2493 2165 praedicatur
2517 2095 2808 2166 ingenitus,
2837 2111 2905 2151 ne
2931 2096 3039 2152 duo
3063 2097 3323 2168 patresin
3349 2100 3460 2170 ipsa
3484 2099 3758 2158 Trinitate

2164 2185 2476 2240 credantur.
2545 2185 2852 2241 Procedens
2910 2195 3090 2242 autem
3158 2187 3377 2255 dicitur,
3443 2191 3755 2248 testimonio

2165 2274 2378 2332 Domini
2426 2275 2708 2331 dicentis:
2761 2275 2894 2331 Ctmt
2946 2286 3119 2332 autem
3175 2280 3368 2333 venerit
3417 2282 3708 2352 paraclitus
3734 2323 3753 2348 ,

2162 2385 2315 2441 quem
2358 2386 2452 2440 ego
2489 2370 2693 2423 mittam
2734 2369 2878 2424 vobis
2918 2388 2952 2424 a
2994 2369 3174 2435 Patre,
3212 2370 3468 2449 Spiritum
3494 2375 3757 2441 veritatis,

2163 2461 2254 2531 qui
2295 2477 2328 2514 a
2369 2458 2529 2515 Patre
2563 2460 2816 2531 procedit,
2860 2459 2948 2515 ille
2990 2463 3342 2518 testimonium
3374 2466 3658 2535 per/libebit
3687 2469 3759 2522 de

2164 2569 2247 2608 me
2272 2553 2454 2626 (Joan.
2483 2553 2611 2622 xv);
2658 2562 2714 2610 et
2755 2569 2968 2609 rursum
2997 2573 3009 2608 :
3048 2553 3171 2620 Ille,
3197 2557 3392 2626 inquit,
3418 2558 3755 2626 clari/imbri,

2166 2647 2291 2718 quia
2331 2646 2396 2702 de
2432 2663 2547 2701 meo
2589 2648 2807 2718 accipiet
2847 2660 2897 2704 et
2935 2650 3265 2704 annuntiabit
3307 2652 3468 2706 vobis.
3510 2652 3613 2727 llic
3651 2669 3757 2708 au-

2166 2750 2275 2795 tem
2329 2756 2433 2795 non
2478 2741 2649 2796 solum
2697 2750 2891 2796 natura
2938 2742 3184 2813 procedit
3213 2785 3228 2808 ,
3288 2744 3382 2799 sed
3428 2758 3643 2816 semper
3684 2746 3754 2801 ad

2165 2830 2471 2901 peragenda
2523 2845 2687 2900 opera
2734 2830 3021 2887 Trinitatis
3072 2831 3444 2888 indesinenter
3487 2834 3752 2905 procedit.

2168 2919 2283 2976 Hoc
2327 2921 2555 2977 interest
2599 2920 2741 2975 inter
2779 2929 3090 2976 nascentem
3133 2921 3332 2976 Filium
3370 2931 3424 2977 et
3461 2923 3762 2993 procedeno

2166 3018 2275 3067 tem
2309 3011 2571 3083 Spiritum
2602 3020 2871 3076 sanctum,
2900 3010 3043 3082 quod
3066 3010 3233 3066 Filius
3258 3027 3324 3065 ex
3353 3027 3461 3067 uno
3488 3013 3758 3077 nascitur,

2165 3102 2402 3173 Spiritus
2441 3108 2659 3157 sanctus
2698 3116 2764 3157 ex
2807 3109 3038 3171 utroque
3065 3101 3328 3172 procedit.
3375 3101 3443 3157 Et
3473 3102 3595 3159 ideo
3624 3103 3758 3160 dicit

2167 3191 2493 3263 Apostolus:
2538 3190 2644 3258 Qui
2684 3201 2858 3246 autem
2896 3190 3155 3261 Spiritum
3193 3189 3391 3247 Christi
3434 3208 3539 3248 non
3578 3194 3760 3259 habet,

478 3282 596 3352 ipsa
627 3280 820 3336 relatio
848 3258 1085 3350 Spiritus
1130 3281 1303 3336 sancti
1354 3296 1460 3337 non
1511 3258 1583 3337 ita
1636 3284 2064 3355 reciprocatione
2090 3258 2137 3321 (ἶ
2168 3258 2253 3337 hic
2296 3298 2398 3336 non
2437 3291 2513 3336 est
2551 3280 2666 3352 ejus
2697 3279 2871 3353 (Rom.
2899 3258 3038 3354 vin).
3101 3281 3236 3336 Nam
3276 3281 3443 3337 Pater
3477 3258 3757 3351 nunquam

479 3370 725 3426 converti
752 3372 978 3443 poterit,
1025 3372 1165 3429 sicut
1210 3371 1373 3427 Pater
1414 3381 1471 3427 et
1511 3372 1698 3429 Filius.
1741 3372 1875 3429 Nam
1905 3374 2067 3430 Pater

438 3516 441 3521 .
479 3460 602 3516 Filii
633 3461 796 3519 Pater
821 3464 1046 3531 dicitur,
1085 3471 1141 3520 et
1168 3463 1338 3520 Filius
1374 3465 1552 3522 Patris
1583 3464 1796 3540 [Filius]
1830 3466 2063 3522 dicitur:

481 3550 721 3622 Spiritus
754 3564 974 3611 sanctus
1002 3569 1133 3611 vero
1161 3554 1504 3611 uniformiter
1529 3557 1728 3612 dicitur
1753 3557 1822 3613 ad
1848 3557 2064 3613 Patrem

480 3649 539 3696 et
562 3641 782 3710 Filium,
809 3644 936 3714 quia
962 3642 1139 3701 Patris
1166 3653 1221 3702 et
1246 3645 1370 3701 Filii
1400 3645 1638 3715 Spiritus
1671 3655 1775 3704 est.
1828 3647 2067 3704 Dicimus

478 3732 629 3791 enim
670 3732 929 3804 Spiritum
970 3743 1239 3803 sanctum,
1273 3735 1533 3806 Spiritum
1576 3735 1775 3804 Patris,
1822 3737 1916 3794 sed
1960 3754 2067 3794 non

479 3822 722 3879 vicissim
763 3824 995 3881 dicimus
1033 3825 1248 3881 Patrem
1293 3826 1528 3898 Spiritus
1554 3830 1753 3897 sancti,
1798 3844 1865 3885 ne
1901 3829 2069 3886 Filius

482 3911 604 3983 ejus
629 3913 962 3987 intelligatur
983 3914 1220 3986 Spiritus
1245 3927 1484 3975 sanctus.
1534 3918 1667 3975 Item
1693 3922 1924 3978 dicimus
1948 3921 2070 3993 Spi-

481 4008 648 4060 ritum
690 4014 975 4074 sanctum,
1025 4006 1284 4080 Spiritqu
1335 4009 1497 4078 Filii,
1543 4012 1638 4068 sed
1685 4029 1791 4069 non
1838 4014 2069 4069 dicimus

479 4094 680 4150 Filiutn
728 4094 963 4166 Spiritus
1003 4100 1175 4155 sancti
1200 4141 1215 4163 ,
1268 4116 1334 4156 ne
1375 4099 1535 4157 Pater
1577 4104 1695 4174 ejus
1741 4105 2071 4175 intelligatur

483 4188 723 4258 Spiritus
763 4198 1003 4246 sanctus.
1061 4191 1270 4247 Dicitur
1306 4203 1361 4250 et
1404 4195 1542 4251 idem
1590 4193 1827 4266 Spiritus
1870 4197 2068 4252 donum

483 4278 621 4344 Dei,
669 4280 795 4349 quia
840 4280 984 4337 Deus
1037 4282 1268 4340 donator
1316 4284 1441 4339 doni
1483 4285 1565 4341 sui
1609 4294 1711 4342 est.
1774 4285 1829 4340 In
1875 4287 2072 4358 quibus

484 4368 796 4425 nominibus
853 4371 1194 4428 circumferri
1255 4382 1434 4444 potest
1490 4375 1728 4431 vicissim
1794 4375 2072 4437 relationis

484 4459 697 4530 regula,
723 4470 784 4517 ut
828 4463 908 4525 sic
953 4463 1163 4519 dicatur
1204 4465 1434 4522 donator
1475 4466 1601 4523 doni
1639 4476 1695 4524 et
1730 4468 1932 4524 donum
1976 4470 2071 4525 do-

482 4555 727 4621 natoris;
773 4556 901 4626 quia
944 4556 999 4613 in
1037 4558 1124 4614 his
1156 4559 1433 4615 vocabulis
1474 4560 1650 4629 potuit
1690 4561 1920 4616 inveniri
1958 4563 2069 4617 usi-

2167 3372 2367 3444 legitur
2409 3371 2630 3436 missus,
2675 3368 2916 3441 Spiritus
2956 3386 3088 3427 vero
3130 3372 3359 3437 missus;
3406 3381 3465 3427 ut
3503 3381 3586 3428 est
3628 3372 3759 3428 illud

2168 3464 2551 3519 Dominicum:
2598 3461 2929 3529 Paraclitus,
2974 3463 3189 3533 inquit,
3234 3462 3466 3536 Spiritus
3505 3474 3751 3535 sanctus,

2167 3571 2320 3626 quem
2358 3554 2521 3608 mittet
2567 3551 2729 3608 Pater
2764 3554 2820 3607 in
2866 3554 3075 3608 nomine
3117 3570 3252 3621 meo,
3296 3554 3385 3609 ille
3427 3572 3518 3610 vos
3555 3556 3761 3610 docebit

2168 3646 2344 3702 omnia
2366 3654 2414 3699 et
2438 3655 2674 3717 suggeret
2697 3644 2838 3699 vobis
2861 3646 3037 3700 omnia
3061 3644 3244 3717 (Joan.
3270 3646 3407 3719 xrv).
3456 3645 3764 3703 Paraclitus

2169 3739 2315 3795 enim
2340 3737 2545 3803 Graece,
2568 3737 2760 3794 Latine
2800 3739 3190 3809 interpretatur
3212 3738 3543 3803 consolator,
3570 3754 3599 3793 a
3627 3753 3758 3794 con-

2170 3832 2467 3899 solatione;
2508 3832 2791 3903 paraclisis
2828 3832 2972 3887 enim
3014 3831 3314 3888 consolatio
3346 3832 3759 3901 interpretatur.

2150 3918 2423 3979 Christus
2463 3923 2609 3979 enim
2655 3938 2778 3978 eum
2827 3922 3136 3991 lugentibus
3175 3920 3344 3986 misit,
3372 3929 3657 3991 postquam
3685 3921 3761 3977 ab

2171 4030 2360 4070 eorum
2401 4012 2573 4069 oculis
2614 4012 2731 4083 ipse
2775 4012 2831 4066 in
2877 4010 3074 4066 coelum
3124 4009 3387 4064 ascendit.
3438 4009 3763 4066 Consolator

2172 4104 2316 4159 enim
2365 4103 2611 4157 tristibus
2655 4101 2923 4166 mittitur,
2985 4099 3283 4154 secundum
3326 4098 3471 4155 illam
3514 4098 3756 4170 ejusdem

2172 4193 2385 4248 Domini
2425 4191 2791 4247 sententiam:
2844 4189 2993 4244 Beati
3037 4188 3310 4261 lugentes,
3366 4190 3613 4262 quoniam
3658 4191 3759 4260 ipsi

2172 4281 2582 4338 consolabuntur
2624 4278 2838 4350 (Matth.
2881 4278 2959 4352 v).
3022 4277 3142 4349 Ipse
3178 4279 3346 4334 etiam
3391 4279 3562 4333 dicit:
3610 4277 3761 4334 Tunc

2172 4374 2418 4443 lugebant
2442 4371 2541 4442 ﬁlii
2563 4371 2763 4442 sponsi,
2799 4387 2918 4425 cum
2938 4371 3002 4424 ab
3024 4370 3100 4425 eis
3126 4370 3333 4425 ablatus
3356 4371 3514 4439 fuerit
3536 4387 3760 4441 sponsus

2174 4464 2389 4533 (Matth.
2420 4464 2518 4537 ut).
2565 4462 2697 4518 Item
2738 4462 3055 4533 paraclitus,
3095 4478 3196 4533 pro
3233 4477 3299 4517 eo
3331 4460 3475 4532 quod
3513 4461 3762 4517 consola-

2175 4556 2375 4611 tionem
2399 4562 2620 4626 praestat
2644 4553 2837 4608 animis
2866 4553 2958 4623 qui
2991 4553 3244 4626 gaudium
3268 4552 3567 4623 temporale
3592 4553 3758 4608 amit-

487 4654 603 4700 tata
649 4619 1130 4718 huic-categorias,
1170 4663 1291 4717 quae
1335 4619 1535 4704 dicitur
1577 4651 1645 4704 ad
1687 4649 1921 4722 aliquid,
1962 4650 2069 4705 eir-
2097 4619 2152 4681 ἶ)
2178 4653 2318 4700 tunt.
2360 4619 2466 4699 Alii
2503 4642 2827 4714 paraclitum
2866 4619 3055 4697 Latine
3094 4619 3482 4697 oratorem-vel
3520 4643 3757 4698 advoca-

487 4735 765 4791 eumlatio.
837 4735 979 4809 Ergo
1032 4737 1134 4793 hoc
1184 4740 1383 4795 donum
1424 4739 1564 4812 Dei,
1611 4742 1665 4797 id
1712 4751 1796 4798 est
1839 4740 2073 4812 Spiritus

486 4834 733 4888 sanctus.
777 4827 869 4897 qui
910 4828 975 4884 de
1014 4828 1175 4885 Patre
1223 4839 1280 4885 et
1318 4830 1456 4887 Filio
1489 4833 1769 4903 aequaliter
1806 4833 2069 4902 procedit,

488 4914 777 4974 ineﬂ‘abilis
820 4919 1063 4989 quaedam
1109 4920 1288 4976 Patris
1327 4919 1557 4991 Filiique
1597 4922 1908 4978 communio
1946 4932 2028 4979 est
2046 4943 2067 4978 .:

486 5014 547 5062 et
586 5006 709 5062 ideo
752 5005 985 5064 fortasse
1022 5008 1105 5065 sic
1144 5008 1462 5079 appellatur,
1489 5010 1614 5079 quia
1652 5008 1801 5064 Patri
1843 5019 1899 5065 et
1934 5010 2073 5067 Filio

486 5106 669 5169 potest
710 5099 902 5155 eadem
947 5099 1232 5170 appellatio
1274 5100 1583 5154 convenire.
1635 5099 1770 5155 Nam
1814 5101 1917 5155 hoc
1960 5102 2073 5172 ipse

487 5188 708 5261 proprie
759 5190 995 5252 dicitur,
1060 5189 1203 5258 quod
1253 5188 1328 5244 illi
1372 5189 1734 5245 communiter
1775 5191 2068 5247 dicuntur:

487 5282 617 5351 quia
658 5290 713 5337 et
758 5279 919 5335 Pater
955 5278 1192 5350 Spiritus
1232 5290 1289 5335 et
1334 5278 1506 5336 Filius
1553 5280 1806 5352 Spiritus,
1833 5290 1890 5338 et
1912 5282 2075 5339 Pater

488 5382 749 5437 sanctus,
795 5382 853 5428 et
895 5372 1063 5427 Filius
1105 5380 1324 5428 sanctus
1369 5382 1516 5429 recte
1559 5373 1776 5429 dicitur.
1831 5375 1972 5448 Ergo
2015 5385 2077 5430 ut

392 5466 393 5469 “
488 5451 800 5521 nominibus
835 5461 1078 5530 junctis,
1128 5478 1250 5532 qua:
1288 5464 1580 5533 separatim
1623 5465 1902 5535 utriusque
1949 5481 2069 5536 per-

489 5569 638 5610 sona:
678 5553 1033 5615 conveniunt,
1064 5552 1343 5623 utriusque
1382 5554 1694 5609 communio
1736 5555 1954 5624 proprie
1998 5554 2069 5609 si-

489 5647 793 5719 gniﬁcetur,
821 5653 1046 5699 vocatur
1071 5645 1305 5716 Spiritus
1351 5658 1607 5701 sanctus:
1653 5648 1776 5717 quia
1802 5656 1885 5702 est
1912 5649 2070 5702 tertia

488 5742 546 5809 in
586 5746 771 5795 sancta
813 5736 1080 5794 Trinitate
1129 5752 1360 5807 persona
1388 5778 1403 5805 ,
1469 5736 1617 5793 Patri
1680 5748 1737 5793 et
1791 5737 1927 5794 Filio
1974 5753 2072 5815 per

491 5831 671 5887 umida
706 5831 953 5903 tequalis,
996 5849 1103 5904 qua
1144 5843 1445 5891 coaneruus
1482 5842 1537 5890 et
1571 5834 2067 5892 consubstantialis.

2176 4745 2289 4791 tum
2316 4736 2764 4807 interpretantur.
2789 4734 2908 4806 Ipse
2926 4735 3069 4789 enim
3091 4733 3327 4805 Spiritus
3351 4743 3570 4790 sanctus
3590 4736 3757 4791 dicit:

2174 4827 2293 4898 Ipse
2322 4827 2518 4892 docet;
2572 4841 2669 4896 per
2698 4827 2873 4897 ipsum
2912 4825 3073 4880 datur
3101 4840 3281 4882 sermo
3323 4826 3638 4895 sapientiae;
3690 4826 3761 4881 ab

2176 4919 2293 4990 ipso
2338 4927 2524 4974 sancta
2557 4916 2835 4988 Scriptura
2880 4915 3142 4985 inspirata
3190 4925 3295 4971 est.
3353 4916 3478 4973 Ideo
3526 4916 3761 4988 Spiritus

2175 5018 2394 5066 sanctus
2436 5006 2767 5077 septiformis
2807 5014 3175 5076 nuncupatur,
3219 5013 3440 5077 propter
3467 5007 3607 5062 dona
3638 5023 3760 5077 quae

2170 5101 2240 5157 de
2275 5099 2575 5155 divinitatis
2612 5096 2732 5165 ejus
2773 5095 3109 5166 plenitudine
3134 5095 3502 5166 particulatim
3530 5097 3758 5167 quique,

2170 5200 2231 5247 ut
2274 5189 2423 5261 digni
2470 5197 2633 5253 sunt,
2687 5186 2947 5257 consequi
2995 5196 3393 5257 promerentur.
3447 5187 3565 5259 Ipse
3614 5189 3759 5244 enim

2170 5283 2395 5354 spiritus
2422 5281 2704 5352 sapientia:
2731 5288 2788 5335 et
2814 5279 3156 5345 intellectus,
3196 5279 3422 5349 spiritus
3459 5280 3670 5335 consilii
3705 5288 3761 5335 et

2171 5373 2525 5438 fortitudinis,
2554 5372 2780 5441 spiritus
2806 5371 3046 5427 scientize
3075 5379 3132 5427 et
3154 5371 3394 5441 pietatis,
3430 5371 3658 5442 spiritus
3687 5370 3758 5425 ti-

2176 5465 2345 5520 moris
2372 5462 2585 5519 Domini
2614 5461 2811 5517 dicitur
2836 5460 2971 5534 (Isa.
2999 5462 3098 5531 xl).
3137 5458 3371 5532 Spiritus
3399 5468 3580 5516 autem
3610 5459 3760 5529 priu-

2175 5555 2364 5628 cipalis
2397 5555 2451 5610 iu
2484 5553 2694 5625 psalmo
2730 5552 3180 5623 quinquagesimo
3218 5550 3435 5622 legitur.
3487 5549 3585 5605 Ubi
3628 5551 3760 5621 quia

2177 5649 2338 5704 tertio
2377 5647 2593 5716 spiritus
2636 5644 2923 5715 repetitur,
2974 5640 3215 5697 nonnulli
3246 5640 3566 5696 Trinitatem
3595 5641 3755 5696 intel-

2176 5745 2444 5808 lexerunt,
2477 5742 2598 5796 ideo
2630 5739 2759 5810 quia
2796 5737 3058 5808 scriptum
3086 5744 3172 5791 est
3198 5750 3214 5789 :
3252 5734 3394 5790 Deus
3422 5731 3652 5804 Spiritus
3680 5743 3758 5787 est

2177 5835 2360 5899 (lacn.
2392 5832 2485 5897 tv).
2517 5829 2673 5898 Quod
2697 5827 2847 5885 enim
2873 5841 2980 5883 non
3006 5834 3091 5884 est
3110 5840 3326 5897 corpus
3353 5831 3405 5880 et
3436 5832 3619 5893 tamen
3648 5831 3757 5888 est,
