4074 6316
331 401 403 462 25
1320 399 1409 457 DE
1448 398 1794 458 UNIVERSO
1834 399 2011 456 LlBRl
2051 399 2215 455 XXII.
2251 400 2488 456 —-.LIB.
2528 400 2572 456 Ι.
2784 355 2791 361 ἱ
3529 398 3599 454 26

333 519 548 573 videtur
596 521 803 569 restare
854 519 918 567 ut
967 511 1191 584 spiritus
1239 514 1329 570 sit.
1405 515 1715 588 lntellignnt
1759 517 1904 571 enim
1933 523 1980 581 Α
2009 523 2069 570 ιιι
2093 515 2280 585 quanti
2311 516 2378 571 ad
2405 531 2552 580 eum,
2583 516 2771 585 quanti
2802 515 2868 570 ad
2898 515 3104 570 crinem
3133 514 3388 586 purpurei
3418 517 3599 583 splen-

337 608 412 664 ibi
444 603 678 661 nonnulli
707 603 1028 660 Trinitatem
1061 605 1354 673 signiﬁcari
1381 625 1394 660 :
1438 607 1491 661 in
1521 607 1724 678 Spiritu
1756 609 1905 678 prin-

333 697 491 768 cipali
536 695 752 750 Patrem
773 735 789 761 ,
836 695 890 749 in
937 695 1142 766 Spiritu
1174 706 1324 753 recto
1353 697 1548 752 Filium
1568 739 1584 763 ,
1620 699 1674 752 in
1707 698 1908 768 Spiritu

334 796 520 846 sancto
546 786 809 858 Spiritum
835 797 1098 842 sanctum.
1153 787 1389 858 Spiritus
1416 798 1634 844 sanctus
1664 789 1786 844 ideo
1811 789 1907 843 do-

333 896 460 938 num
480 880 575 935 Dei
601 880 820 944 dicitur,
854 893 920 934 eo
949 880 1094 949 quod
1124 880 1302 934 datur.
1344 880 1387 932 A
1420 879 1600 934 dando
1631 880 1774 935 enim
1811 881 1906 933 do-

331 989 462 1029 num
493 981 578 1028 est
607 979 993 1040 nuncupatum.
1045 971 1396 1026 Notissimum
1432 981 1516 1027 est
1549 971 1693 1027 enim
1724 970 1906 1025 Domi-

331 1078 458 1118 num
479 1061 665 1118 Iesum
687 1061 985 1126 Christum,
1007 1077 1128 1117 cum
1160 1072 1282 1133 post
1309 1063 1428 1134 ejus
1459 1063 1907 1118 resurrectionem

329 1168 362 1208 a
412 1153 644 1208 mortuis
690 1153 935 1208 ascendit
985 1153 1039 1208 in
1091 1153 1330 1218 cmlum,
1383 1153 1598 1209 dedisse
1646 1151 1907 1223 Spiritum

325 1251 620 1298 sanctum:
663 1257 772 1310 quo
817 1244 1101 1300 credentes
1140 1244 1383 1316 impleti,
1438 1245 1634 1316 linguis
1666 1245 1907 1299 omnium

325 1335 571 1406 gentium
599 1335 979 1405 loquebantur.
1037 1336 1093 1391 In
1134 1344 1343 1392 tantum
1375 1337 1573 1392 donum
1615 1337 1707 1392 Dei
1739 1346 1822 1391 est
1853 1337 1904 1390 in

321 1433 590 1496 quantum
619 1425 780 1480 datur
802 1427 883 1482 eis
907 1427 998 1496 qui
1024 1442 1122 1497 per
1140 1443 1262 1482 eum
1289 1427 1516 1498 diligunt
1539 1427 1728 1482 Deum.
1755 1427 1908 1497 Apud

323 1531 382 1572 se
401 1525 586 1572 autem
602 1517 744 1573 Deus
765 1526 868 1583 est,
884 1519 1026 1588 apud
1047 1533 1148 1573 nos
1168 1518 1372 1573 donum
1398 1525 1501 1581 est,
1520 1518 1612 1572 sed
1631 1517 1910 1587 sempiter-

321 1626 392 1665 ne
421 1610 662 1682 Spiritus
693 1619 914 1665 sanctus
944 1610 1144 1666 donum
1172 1619 1256 1665 est
1277 1649 1293 1674 ,
1323 1609 1656 1665 distribuens
1684 1607 1908 1678 singulis

317 1712 480 1775 prout
506 1704 646 1769 vult,
673 1705 972 1775 gratiarum
1002 1706 1139 1761 dona
1165 1705 1211 1777 (1
1237 1703 1357 1760 Cor.
1383 1705 1506 1776 xu).
1543 1703 1678 1758 Nam
1706 1713 1761 1759 et
1784 1719 1908 1774 pro-

317 1796 538 1866 phetis,
586 1798 784 1866 quibus
810 1797 957 1862 vnlt,
1008 1797 1281 1868 impartit;
1329 1805 1385 1853 et
1419 1807 1676 1867 peccata,
1712 1796 1908 1867 quibus

2011 610 2158 664 doris
2187 609 2527 679 aspexerint,
2568 609 2732 664 tantis
2759 610 2932 664 visum
2971 625 3083 664 sum
3112 609 3247 663 lucis
3279 608 3595 678 impertiat,

2009 701 2176 755 tantis
2202 701 2519 770 mysterium
2548 701 2630 754 sui
2651 699 2904 755 muneris
2939 699 3160 764 tribuat,
3192 709 3246 754 et
3272 699 3384 770 ipse
3413 701 3465 754 in
3497 716 3594 756 sua

2011 791 2358 845 nihilominus
2397 790 2704 860 integritate
2738 798 3073 860 permaneat.
3114 789 3349 860 Spiritus
3373 798 3594 845 sanctus

2009 879 2228 934 nomine
2250 895 2402 949 aqua:
2431 879 2732 950 appellatur
2757 880 2812 933 in
2848 879 3170 950 Evangelio,
3217 879 3447 932 Domino
3478 878 3528 932 cl
3549 902 3592 918 --

2010 979 2192 1025 mante
2210 979 2264 1024 et
2285 971 2496 1026 dicente
2521 988 2533 1024 :
2565 969 2623 1025 Si
2646 971 2763 1042 quis
2789 972 2920 1036 sitit,
2944 972 3113 1025 veniat
3139 971 3208 1024 ad
3236 986 3334 1035 me,
3357 981 3406 1024 et
3429 969 3590 1023 bibat.

2011 1062 2116 1128 Qui
2144 1063 2304 1116 credit
2333 1065 2387 1118 in
2415 1080 2518 1130 me,
2561 1064 2783 1134 ﬂumina
2811 1081 2962 1134 aqua:
2988 1065 3113 1118 viva:
3138 1065 3301 1134 ﬂuent
3331 1063 3394 1116 de
3422 1073 3594 1116 ventre

2009 1154 2122 1222 ejus
2162 1152 2344 1224 (Joan.
2369 1153 2489 1225 vn).
2547 1155 2886 1227 Evangelista
2931 1163 3112 1209 autem
3161 1155 3410 1224 exposuit
3451 1155 3593 1208 unde

2010 1242 2253 1309 diceret;
2309 1253 2528 1300 secutus
2574 1246 2718 1300 enim
2768 1247 2884 1300 ait:
2937 1245 3056 1300 Hoc
3097 1246 3235 1300 enim
3281 1245 3483 1299 dicebat
3529 1244 3594 1298 de

2012 1331 2210 1402 Spiritu
2233 1350 2385 1404 quem
2411 1337 2674 1406 accepturi
2700 1346 2849 1390 erant
2877 1337 3142 1391 credentes
3168 1339 3224 1390 in
3246 1354 3363 1390 eum
3380 1336 3590 1406 (Ibid).

2011 1421 2118 1477 Sed
2142 1422 2285 1477 aliud
2309 1433 2392 1478 est
2416 1440 2553 1495 aqua
2581 1427 2927 1492 sacramenti,
2951 1427 3094 1482 aliud
3120 1443 3260 1497 aqua
3285 1444 3404 1497 qua:
3429 1427 3595 1498 signi-

2011 1512 2137 1569 ﬁcat
2172 1513 2437 1584 Spiritum
2473 1517 2586 1571 Dei.
2637 1517 2790 1587 Aqua
2825 1518 2972 1573 enim
3011 1519 3336 1573 sacramenti
3364 1519 3596 1597 visibilis

2009 1614 2121 1671 est,
2151 1621 2290 1677 aqua
2319 1606 2556 1678 Spiritus
2585 1608 2870 1664 invisibilis
2899 1617 3002 1664 est.
3043 1609 3153 1664 lsta
3181 1609 3348 1664 abluit
3373 1625 3592 1679 corpus.

2008 1704 2066 1750 et
2110 1696 2381 1768 signiﬁcat
2427 1700 2569 1768 quod
2619 1699 2678 1753 ﬁt
2725 1699 2779 1752 in
2827 1699 3046 1754 anima:
3091 1714 3188 1769 per
3226 1698 3373 1752 illum
3415 1709 3595 1764 autem

2013 1786 2153 1856 Spiri
2163 1797 2272 1842 tum
2295 1798 2541 1844 sanctum
2567 1790 2682 1859 ipsa
2702 1789 2883 1844 anima
2909 1790 3204 1852 mandatur
3222 1798 3277 1844 et
3297 1791 3594 1860 saginatur.

318 1887 454 1953 vult,
480 1888 711 1944 dimittit
735 1907 748 1944 :
786 1903 908 1944 nam
939 1897 1160 1959 peccata
1191 1896 1378 1944 nostra
1405 1888 1522 1943 sine
1551 1887 1755 1958 Spiritu
1783 1901 1908 1941 san-
1937 1879 1982 1938 B
2012 1875 2248 1947 Spiritus
2276 1887 2500 1935 sanctus
2525 1880 2647 1935 ideo
2673 1879 2864 1941 unctio
2881 1881 3102 1944 dicitur,
3122 1879 3328 1934 Joanne
3354 1879 3596 1949 apostolo

315 1986 407 2032 eto
452 1993 568 2033 non
611 1979 902 2034 donantur.
956 1977 1192 2049 Spiritus
1235 1983 1456 2034 sanc’tus
1501 1978 1625 2033 inde
1663 1975 1905 2032 charitas

315 2069 542 2140 proprie
576 2077 954 2140 nuncupatur:
991 2071 1073 2124 vel
1102 2070 1226 2140 quia
1256 2070 1576 2125 naturaliter
1602 2085 1696 2126 eos
1725 2086 1754 2124 a
1784 2071 1906 2140 qui-

313 2155 417 2213 bus
455 2159 745 2228 procedit,
796 2159 1075 2232 conjungit
1107 2169 1164 2216 et
1203 2177 1264 2217 se
1302 2177 1467 2216 unum
1508 2177 1630 2216 cum
1667 2162 1747 2217 eis
1785 2176 1905 2217 esse

315 2250 594 2316 ostendit;
635 2249 723 2304 vel
749 2251 874 2320 quia
905 2251 958 2305 in
993 2252 1150 2307 nobis
1181 2252 1232 2307 id
1260 2253 1404 2324 agit,
1447 2261 1504 2306 ut
1547 2253 1601 2306 in
1641 2253 1752 2308 Deo
1791 2267 1906 2307 ma-

314 2356 571 2408 neamus,
598 2350 655 2398 et
682 2343 796 2412 ipse
821 2345 874 2398 in
904 2343 1077 2399 nobis.
1116 2343 1269 2400 Unde
1297 2354 1354 2400 et
1381 2345 1436 2400 in
1464 2346 1622 2401 donis
1649 2345 1745 2400 Dei
1772 2344 1905 2400 nihil

315 2432 490 2502 majus
516 2441 605 2489 est
629 2435 918 2502 charitate,
949 2444 1005 2490 et
1032 2435 1236 2490 nullum
1266 2445 1350 2492 est
1379 2435 1552 2506 majus
1578 2436 1778 2492 donum
1809 2436 1904 2492 Dei

315 2539 478 2593 quam
509 2525 748 2596 Spiritus
777 2535 1016 2582 sanctus.
1052 2526 1170 2597 Ipse
1194 2537 1278 2583 est
1303 2537 1361 2582 et
1388 2528 1559 2598 gratia
1588 2544 1600 2581 :
1633 2543 1754 2597 quae
1777 2528 1905 2598 quia

313 2631 422 2671 non
454 2631 561 2688 pro
592 2618 800 2673 meritis
824 2619 1056 2684 nostris,
1099 2619 1192 2674 sed
1219 2618 1495 2675 voluntate
1524 2619 1704 2673 divina
1738 2619 1908 2690 gratis

313 2698 524 2774 datur,'
551 2701 674 2764 inde
721 2709 896 2780 gratia
939 2718 1304 2782 nuncupatur.
1359 2710 1509 2766 Sicut
1559 2712 1778 2767 unicum
1809 2712 1905 2767 Dei

312 2795 562 2852 Verbum
601 2800 819 2869 proprie
855 2815 1114 2856 vocamus
1152 2801 1371 2857 nomine
1413 2801 1689 2872 sapientia:
1713 2843 1730 2869 ,
1781 2817 1906 2857 cum

313 2887 387 2942 sit
415 2885 602 2954 Pater,
629 2899 684 2944 et
710 2889 898 2955 Filius,
929 2900 984 2946 et
1006 2890 1242 2962 Spiritus
1270 2902 1494 2948 sanctus
1523 2893 1906 2949 universaliter

311 2977 624 3047 sapientia:
663 2979 739 3033 ita
774 2979 1011 3050 Spiritus
1049 2991 1270 3038 sanctus
1316 2984 1529 3054 proprie
1560 2994 1904 3055 nuncupatur

309 3069 582 3124 vocabulo
609 3068 920 3135 cbaritatis,
953 3087 1078 3127 cum
1108 3073 1178 3128 sit
1209 3072 1372 3128 Pater
1400 3082 1456 3127 et
1483 3072 1651 3129 Filius
1680 3075 1900 3129 univer-

309 3160 508 3216 saliter
532 3161 793 3218 charitas.
848 3163 1084 3233 Spiritus
1113 3173 1338 3220 sanctus
1364 3164 1562 3234 digitus
1608 3165 1702 3220 Dei
1754 3182 1900 3232 esse,

308 3251 363 3306 in
391 3251 554 3308 libris
577 3253 855 3325 Evangelii
881 3255 1220 3325 apertissime
1240 3255 1567 3310 declaratur.
1599 3256 1732 3312 Cum
1755 3256 1900 3311 enim
1930 3229 1975 3293 Ο

307 3357 452 3400 unus
485 3345 813 3416 evangelista
851 3345 1113 3402 dixisset:
1160 3345 1227 3400 In
1265 3347 1428 3418 digito
1461 3347 1561 3402 Dei
1596 3349 1750 3417 ejicio
1788 3348 1903 3402 dte-

307 3435 787 3510 monia(Luc.xr),
823 3437 960 3492 alius
991 3438 1094 3494 hoc
1124 3437 1266 3494 idem
1294 3439 1370 3494 ita
1398 3439 1535 3494 dixit
1560 3458 1574 3492 :
1601 3439 1669 3494 in
1701 3438 1904 3510 Spiritu

306 3523 410 3581 Dei
447 3527 608 3596 ejicio
644 3527 904 3582 dwmonia
937 3527 1152 3599 (Matth.
1183 3529 1304 3600 xu).
1350 3528 1504 3586 Unde
1531 3539 1586 3586 et
1614 3531 1782 3601 digito
1807 3529 1903 3584 Dei

304 3618 525 3688 scripta
552 3617 638 3673 lex
667 3628 772 3686 est,
802 3620 924 3674 data
953 3621 1041 3677 die
1069 3621 1511 3692 quinquagesima
1540 3623 1608 3676 ab
1632 3623 1906 3687 occisione

305 3709 444 3780 agni
475 3726 488 3762 :
523 3717 578 3764 et
616 3711 704 3766 die
744 3705 1188 3781 quinquagesima
1223 3714 1369 3767 venit
1410 3712 1644 3783 Spiritus
1683 3722 1906 3771 sanctus

310 3816 340 3856 a
372 3798 636 3870 passione
678 3799 892 3854 Domini
931 3802 1101 3855 nostri
1127 3800 1253 3856 Jesu
1281 3800 1505 3857 Christi.
1556 3802 1681 3858 Ideo
1721 3812 1904 3860 autem

307 3890 521 3962 digitus
556 3889 652 3944 Dei
693 3889 916 3956 dicitur,
969 3901 1028 3944 ut
1077 3889 1194 3959 ejus
1240 3893 1548 3962 operatoria
1581 3894 1753 3950 virtus
1781 3909 1904 3950 cum

309 3980 482 4037 Patre
504 3990 560 4036 et
582 3981 721 4038 Filio
749 3982 1103 4054 significetur.
1140 3983 1293 4046 Unde
1319 3994 1375 4040 et
1398 3984 1597 4041 Paulus
1625 3986 1701 4041 ait
1726 4003 1739 4040 :
1777 3985 1907 4040 Ila'c

311 4083 493 4128 autem
524 4075 700 4128 omnia
727 4083 975 4145 operatur
1004 4091 1139 4129 unus
1181 4085 1335 4147 atque
1365 4075 1504 4130 idem
1534 4076 1786 4147 Spiritus,
1819 4077 1904 4131 di-

311 4165 496 4219 videns
524 4164 746 4235 singulis
785 4174 938 4236 prout
980 4167 1085 4220 vult
1117 4165 1170 4238 (Ι
1200 4165 1323 4222 Cor.
1357 4169 1479 4239 xu).
1536 4167 1692 4224 Sicut
1724 4179 1904 4225 autem

311 4272 414 4327 per
441 4257 772 4328 baptismum
815 4258 868 4312 in
909 4257 1126 4314 Christo
1156 4259 1418 4315 morimur
1445 4271 1502 4316 et
1541 4264 1902 4330 renaseimur,

313 4349 392 4402 ita
421 4347 628 4418 Spiritu
659 4349 957 4419 signamnr,
998 4349 1088 4418 qui
1118 4358 1202 4404 est
1229 4349 1428 4420 digitus
1454 4351 1551 4407 Dei
1581 4360 1635 4406 et
1663 4352 1905 4423 spiritale

316 4438 676 4509 signaculum.
735 4437 971 4508 Spiritus
1017 4449 1238 4495 sanctus
1284 4440 1487 4496 idcirco
1537 4441 1590 4496 in
1639 4442 1902 4499 columba:

316 4533 500 4601 specie
528 4533 740 4587 venisse
769 4533 1046 4598 scribitur,
1095 4542 1154 4588 ut
1200 4541 1392 4587 natura
1440 4532 1558 4603 ejus
1604 4549 1701 4604 per
1745 4551 1899 4591 avem

317 4624 685 4696 simplicitatis
713 4632 768 4679 et
793 4625 1112 4680 innocentia:
1139 4625 1462 4681 declaretur.
1511 4625 1664 4682 Unde
1699 4636 1755 4682 et
1795 4627 1902 4683 Do-

321 4719 501 4775 minus
542 4738 556 4774 :
610 4718 831 4785 Estote,
885 4720 1097 4789 inquit,
1149 4720 1407 4790 simplices
1456 4722 1590 4775 sicut
1650 4720 1904 4775 columba:

322 4809 538 4880 (Matth.
583 4810 660 4882 χ).
719 4809 845 4866 llzec
879 4811 1023 4865 enim
1061 4810 1176 4865 avis
1223 4810 1577 4880 corporaliter
1619 4811 1736 4881 ipso
1782 4809 1904 4865 felle

321 4911 509 4968 caret,
575 4901 781 4958 habens
829 4911 1037 4957 tantum
1099 4902 1465 4958 innocentiam
1527 4909 1581 4956 et
1637 4915 1902 4957 amorem.

322 4995 556 5066 Spiritus
597 5004 820 5050 sanctus
857 4995 981 5050 inde
1019 4995 1235 5050 nomine
1284 4995 1423 5065 ignis
1469 4994 1770 5065 appellatur
1804 5010 1903 5065 pro

319 5104 384 5144 eo
435 5088 578 5160 quod
633 5089 688 5144 in
739 5087 1104 5160 apostolorum
1151 5087 1376 5144 Actibus
1439 5103 1537 5157 per
1580 5087 1900 5142 divisionem

319 5182 624 5257 linguarum
673 5192 733 5239 ut
780 5184 920 5256 ignis
967 5183 1254 5253 apparuit:
1289 5183 1380 5254 qui
1427 5192 1476 5237 et
1519 5182 1708 5237 insedit
1748 5197 1904 5252 super

320 5292 736 5349 unumquemque
764 5290 945 5328 eorum
975 5273 1114 5344 (Act.
1147 5274 1230 5344 ιι).
1287 5274 1581 5343 Propterea
1613 5283 1792 5329 autem
1823 5274 1903 5328 di-

321 5384 597 5424 versarum
651 5369 958 5440 linguarum
1010 5367 1239 5438 gratiam
1294 5366 1554 5436 apostolis
1605 5366 1791 5428 dedit,
1845 5375 1904 5420 ut

324 5458 495 5514 idonei
540 5457 886 5515 edicerentur
929 5458 1164 5511 ﬁdelium
1208 5457 1511 5512 eruditione
1556 5456 1896 5526 populorum.

325 5548 472 5616 Quod
514 5565 642 5607 vero
688 5565 852 5621 supra
904 5548 1144 5620 singulos
1194 5548 1398 5603 sedisse
1449 5557 1800 5610 memoratur,
1849 5545 1900 5600 id

325 5655 496 5697 causa:
529 5651 613 5697 est
649 5651 708 5696 ut
747 5641 1080 5711 intelligatur
1104 5655 1200 5710 per
1226 5639 1407 5710 plures
1433 5654 1540 5694 non
1569 5638 1735 5694 fuisse
1761 5637 1899 5694 divi-

326 5747 437 5798 sus,
463 5733 556 5789 sed
579 5732 842 5788 mansisse
871 5733 922 5786 in
948 5731 1172 5802 singulis
1201 5740 1365 5796 totus,
1389 5731 1530 5786 sicut
1553 5730 1664 5786 fere
1690 5730 1903 5800 ignibus

332 5839 445 5880 mos
467 5834 568 5882 est.
619 5824 764 5880 llanc
794 5823 938 5879 enim
970 5825 1416 5881 liabct'naturam
1452 5823 1589 5896 ignis
1621 5835 1899 5887 accensus,

1929 4587 1982 4646 D

2008 1981 2242 2030 testante
2273 1974 2324 2045 (1
2351 1975 2514 2030 Joan.
2539 1976 2639 2044 u);
2673 1977 2799 2046 quia
2829 1976 2969 2031 sicut
2996 1976 3174 2031 oleum
3205 1976 3437 2030 naturali
3466 1989 3598 2044 pon-

2006 2065 2141 2120 dere
2157 2065 2495 2135 superfertur
2518 2068 2663 2121 omni
2690 2067 2918 2137 liquore,
2943 2068 3015 2122 ita
3042 2069 3093 2122 in
3120 2067 3384 2138 principio
3408 2080 3596 2136 super.

2006 2155 2282 2212 ferebatur
2298 2157 2532 2230 Spiritus
2547 2167 2770 2215 sanctus
2782 2159 2955 2229 aquis.
2974 2159 3124 2216 Unde
3137 2169 3191 2214 et
3209 2157 3466 2214 Dominus
3477 2157 3600 2211 oleo

2005 2249 2403 2314 exsultationis,
2455 2250 2558 2305 hoc
2598 2259 2684 2306 est
2725 2250 2930 2320 Spiritu
2967 2259 3180 2313 saneto,
3208 2249 3406 2317 legitur
3432 2247 3600 2302 fuisse

2007 2350 2224 2398 unctus.
2257 2342 2326 2398 Et
2351 2341 2588 2399 Joannes
2613 2343 2888 2413 apostolus
2917 2342 3181 2412 Spiritum
3213 2348 3461 2395 sanetum
3493 2355 3595 2392 un—

2007 2433 2242 2488 ctionem
2274 2441 2451 2499 vocat,
2484 2434 2668 2489 dicens
2695 2431 2886 2504 (Ibid.)
2912 2451 2925 2486 :
2964 2430 3032 2484 Et
3060 2447 3146 2484 vos
3174 2431 3470 2484 unctionem
3501 2427 3594 2498 [Et

2008 2520 2234 2592 unctio],
2258 2538 2415 2592 quam
2441 2523 2714 2593 accepistis
2743 2522 2809 2574 ab
2829 2537 2912 2585 eo,
2933 2529 3233 2590 permaneat
3262 2518 3315 2571 iu
3344 2517 3502 2572 vobis.
3531 2516 3597 2569 Et

2009 2629 2211 2666 necesse
2248 2629 2354 2666 non
2383 2612 2584 2666 habetis
2628 2623 2684 2665 ut
2732 2611 2924 2683 aliquis
2953 2611 3134 2664 doceat
3175 2625 3287 2672 ros,
3332 2609 3421 2661 sed
3462 2608 3597 2659 sicut

2008 2703 2187 2757 unctio
2210 2703 2326 2773 ejus
2352 2703 2498 2757 docet
2523 2720 2613 2758 vos
2636 2703 2700 2757 de
2727 2703 2868 2756 omni
2893 2719 2967 2756 re.
3006 2701 3123 2772 ipse
3147 2709 3232 2756 est
3254 2699 3400 2755 enim
3424 2699 3604 2768 Spiri-

2008 2803 2098 2852 tus
2124 2808 2346 2854 sanctus
2371 2797 2555 2852 unctio
2583 2795 2888 2852 invisibilis.

2629 2907 2857 2963 CAPUT
2897 2906 2984 2962 IV.

2498 2978 2572 3034 De
2609 2979 2791 3034 eadem
2830 2977 3093 3032 'l'rinitate

2078 3069 2316 3124 Trinitas
2339 3069 2606 3140 appel’ata
2631 3068 2773 3138 quod
2798 3067 2890 3122 ﬁat
2915 3075 3086 3122 totum
3109 3081 3275 3120 unum
3295 3081 3359 3117 ex
3381 3064 3599 3133 quihus-

2007 3159 2131 3214 dam
2157 3160 2350 3225 tribns,
2372 3160 2526 3230 quasi
2554 3160 2771 3214 trinitas
2797 3177 2813 3212 :
2845 3167 2902 3212 nt
2933 3156 3213 3220 memoria,
3245 3153 3597 3224 intelligentia

2006 3266 2062 3312 et
2086 3255 2368 3321 voluntas,
2416 3257 2470 3310 in
2511 3255 2707 3325 quibus
2741 3270 2895 3309 mens
2931 3252 3094 3308 habet
3125 3253 3176 3306 in
3212 3267 3270 3306 se
3305 3251 3594 3320 quamdam

2008 3348 2298 3419 imaginem
2337 3347 2535 3401 divina:
2578 3345 2881 3401 Trinitatis.
2941 3343 3078 3398 Nam
3125 3343 3252 3398 dum
3299 3341 3402 3396 tria
3449 3341 3598 3407 sint,

2008 3455 2172 3493 unum
2204 3447 2366 3504 sunt;
2401 3439 2527 3509 quia
2556 3447 2611 3493 et
2639 3436 2846 3508 singula
2877 3437 2931 3491 in
2960 3451 3018 3492 se
3046 3443 3296 3501 manent,
3337 3442 3391 3489 et
3416 3433 3599 3490 omnia

2008 3531 2061 3583 in
2089 3530 2360 3585 omnibus.

2077 3621 2266 3677 Omnis
2289 3622 2468 3692 itaque
2492 3621 2770 3692 Scriptura
2795 3618 3008 3676 Veteris
3029 3632 3092 3672 ac
3112 3616 3242 3671 Novi
3266 3613 3600 3670 Testamenti

2007 3712 2264 3767 divinitus
2295 3713 2555 3784 inspirata
2575 3753 2590 3778 ,
2632 3712 2676 3766 si
2707 3709 2970 3767 catholice
2998 3707 3337 3775 intelligitur,
3377 3705 3478 3759 hoc
3508 3703 3594 3757 in-

2008 3804 2187 3859 sinuat
2216 3803 2359 3874 quod
2393 3803 2577 3869 Pater,
2626 3812 2678 3857 et
2722 3802 2916 3869 Filius,
2966 3810 3021 3856 et
3068 3799 3304 3870 Spiritus
3350 3804 3599 3860 sanctus,

2007 3907 2148 3946 unus
2174 3893 2243 3946 sit
2273 3893 2436 3958 Deus,
2467 3893 2816 3962 ejusdemque
2845 3890 3183 3954 substantiic,
3216 3888 3484 3956 uniusque
3512 3902 3600 3940 es-

2009 3983 2196 4038 sentin:
2239 3993 2404 4054 atque
2445 3983 2822 4052 inseparabilis
2861 3981 3222 4037 indivinitatis
3251 3975 3600 4051 [divinitatis]

2007 4075 2215 4130 unitate
2241 4091 2254 4128 :
2283 4073 2512 4145 ideoque
2541 4090 2646 4128 non
2673 4083 2795 4128 sunt
2827 4083 2939 4128 tres
2965 4073 3058 4136 dii,
3085 4071 3178 4127 sed
3205 4085 3343 4124 unus
3369 4088 3381 4123 :
3414 4069 3599 4132 Pater,

2006 4174 2061 4221 et
2086 4165 2273 4230 Filius,
2299 4177 2354 4220 et
2377 4163 2616 4234 Spiritus
2642 4171 2863 4218 sanctus
2889 4181 2901 4217 :
2936 4161 3188 4232 quamvis
3212 4159 3374 4213 Pater
3399 4158 3596 4213 Filium

2006 4261 2272 4332 genuerit,
2301 4269 2356 4315 et
2384 4259 2506 4315 ideo
2535 4257 2704 4314 Filius
2736 4274 2844 4312 non
2874 4256 2945 4311 sit
2969 4255 3058 4325 qui
3088 4253 3252 4309 Pater
3275 4260 3379 4316 est,
3406 4249 3603 4304 Filius-

2005 4368 2110 4422 qne
2141 4367 2172 4406 a
2202 4351 2364 4406 Patre
2412 4350 2484 4406 sit
2530 4349 2743 4422 genitus
2767 4389 2781 4412 ,
2822 4357 2878 4403 et
2920 4347 3039 4402 ideo
3063 4345 3226 4400 Pater
3261 4359 3366 4399 non
3403 4343 3471 4397 sit
3508 4341 3598 4412 qui

2004 4445 2173 4500 Filius
2193 4453 2276 4499 est
2299 4461 2313 4498 :
2347 4443 2584 4514 Spiritus
2611 4451 2832 4497 sanctus
2854 4457 2953 4498 nec
2976 4440 3139 4495 Pater
3165 4439 3252 4500 sit,
3284 4455 3381 4494 nec
3409 4437 3598 4500 Filius,

2006 4538 2098 4593 sed
2136 4547 2341 4592 tantum
2377 4536 2553 4593 Patris
2601 4544 2656 4592 et
2702 4535 2823 4589 Filii
2855 4534 3092 4604 Spiritus
3117 4574 3132 4599 ,
3186 4531 3332 4586 Patri
3374 4541 3428 4585 et
3462 4531 3601 4585 Filio

2007 4631 2169 4683 etiam
2199 4629 2311 4699 ipse
2338 4628 2628 4700 eoa-qualis
2656 4640 2710 4682 et
2740 4629 2806 4683 ad
2836 4613 3121 4682 Trinitatis
3165 4627 3442 4696 pertinens
3475 4627 3598 4679 nni-

2007 4729 2195 4775 tatem.
2227 4721 2293 4774 Et
2316 4721 2429 4774 hare
2451 4721 2690 4774 Trinitas
2717 4735 2855 4773 unus
2880 4728 2956 4774 est
2988 4719 3149 4780 Dens,
3170 4733 3236 4768 ex
3263 4731 3369 4785 quo
3393 4717 3598 4778 omnia,

2006 4824 2105 4880 per
2130 4824 2288 4880 quem
2318 4810 2498 4864 omnia
2518 4850 2531 4872 ,
2563 4818 2618 4863 et
2665 4809 2716 4862 in
2751 4825 2858 4877 quo
2887 4808 3100 4871 omnia,
3131 4806 3293 4862 beato
3321 4806 3488 4861 Paulo
3517 4818 3600 4862 at-

2008 4914 2278 4972 testante,
2320 4905 2411 4960 ubi
2454 4905 2567 4959 ait:
2603 4902 2877 4969 Quomodo
2908 4898 3220 4974 [Or/ouium]
3266 4916 3332 4954 ex
3369 4899 3502 4969 ipso,
3547 4910 3598 4954 et

2004 5015 2096 5068 per
2117 4999 2308 5068 ipsum,
2330 5007 2376 5051 et
2404 4997 2458 5050 in
2482 4997 2592 5067 ipso
2614 5004 2734 5049 sunt
2762 4995 2936 5047 omnia
2962 5006 2980 5044 :
3006 4991 3104 5061 ipsi
3130 4990 3298 5061 gloria
3323 4991 3375 5043 in
3400 4990 3596 5044 sa'cnla

2003 5088 2336 5142 sa'culorum.
2370 5087 2532 5142 Amen
2581 5085 2754 5153 (Rom.
2779 5084 2877 5154 χι).
2902 5082 3069 5154 igitur
3091 5082 3396 5136 ﬁrmissime
3421 5080 3598 5135 credi-

2007 5198 2146 5245 mus,
2175 5179 2416 5244 Patrcm,
2445 5187 2498 5234 et
2519 5177 2735 5245 Filium,
2759 5183 2813 5230 et
2839 5174 3103 5246 Spiritum
3131 5179 3402 5233 sanctum,
3428 5187 3594 5224 unum

2003 5286 2124 5326 esse
2154 5269 2472 5324 naturaliter
2501 5268 2668 5322 Deum
2695 5285 2708 5321 :
2752 5282 2925 5336 neque
2961 5274 3141 5319 tamen
3174 5263 3346 5333 ipsum
3378 5259 3594 5315 Patrem

2004 5380 2124 5420 esse
2151 5363 2243 5433 qui
2274 5361 2444 5416 Filius
2471 5369 2573 5425 est,
2605 5376 2704 5416 nec
2731 5359 2926 5414 Filium
2962 5357 3136 5428 ipsum
3169 5369 3292 5410 esse
3316 5352 3406 5423 qui
3436 5351 3600 5408 Pater

2003 5465 2106 5518 est,
2135 5469 2234 5509 nec
2265 5452 2527 5522 Spiritum
2557 5459 2804 5506 sanctum
2839 5449 3011 5517 ipsum
3043 5461 3163 5501 esse
3192 5445 3282 5516 qui
3314 5443 3478 5498 Pater
3503 5451 3598 5498 ant

2003 5545 2174 5599 Filius
2201 5551 2302 5598 est.
2345 5542 2459 5598 Una
2489 5552 2575 5597 est
2604 5542 2746 5596 enim
2777 5539 2982 5604 Patris,
3013 5547 3070 5593 ct
3100 5536 3240 5600 Filii,
3275 5545 3329 5589 et
3360 5533 3595 5604 Spiritus

2004 5638 2176 5694 sancti
2203 5637 2474 5693 essentia:
2509 5637 2562 5692 in
2600 5651 2706 5706 qua
2754 5649 2861 5688 non
2907 5629 3164 5686 estaliud
3212 5624 3399 5694 Pater,
3448 5625 3592 5681 aliud

2003 5730 2192 5794 Filius,
2229 5728 2374 5784 aliud
2403 5727 2639 5800 Spiritus
2670 5734 2928 5781 sanctus:
2963 5721 3210 5793 quamvis
3237 5716 3593 5790 personaliter

2005 5823 2073 5877 sit
2103 5820 2242 5876 alius
2270 5819 2452 5885 Pater,
2497 5818 2633 5876 alius
2670 5816 2862 5879 Filius,
2906 5814 3043 5870 alius
3073 5811 3307 5883 Spiritus
3349 5814 3587 5864 sanctus.
