4074 6316
454 380 522 435 ‘27
1096 383 1155 437 Β.
1201 382 1453 440 RABANI
1488 378 1713 437 MAURI
1751 377 2047 434 ARCliiEP

2141 375 2421 433 IOGUNT.
2461 374 2742 433 opsum:
2782 375 2963 432 rans
3001 377 3065 432 ιι.
3214 450 3219 463 ί
3640 380 3714 443 ss

456 497 609 565 Quod
635 492 790 552 nobis
812 496 1045 552 maxime
1062 496 1123 551 in
1153 498 1271 567 ipso
1294 504 1606 552 sanctarum
1634 492 2034 562 Scripturarum
2062 495 2114 553 Α

457 589 863 646 demonstratur
892 585 1066 651 initio,
1113 588 1204 641 ubi
1246 587 1390 641 Deus
1427 586 1593 640 dicit:
1628 581 1911 638 Faciamus
1940 581 2035 635 Ito-

456 679 649 732 miuem
672 677 741 730 ad
764 677 1042 746 imaginem
1067 686 1115 730 et
1133 677 1528 731 similitudinem
1551 685 1782 730 nostram
1800 672 1953 745 (Gen.
1969 672 2031 743 ι).

459 765 594 821 Cum
623 765 767 820 enim
805 763 1061 835 singulari
1102 780 1328 820 numero
1356 764 1494 819 dixit
1526 763 1825 834 imaginem,
1855 769 2035 817 osten-

459 853 541 909 dit
581 867 745 909 unam
789 862 1035 909 naturam
1072 869 1191 910 esse
1229 855 1297 909 ad
1339 854 1493 923 cujus
1537 854 1827 922 imaginem
1874 852 2036 908 homo

461 946 655 1012 iiebat;
698 961 819 1002 cum
842 962 971 1001 vero
998 947 1131 1003 dicit
1175 947 1455 1018 pluraliter
1484 957 1719 1002 nostram
1744 987 1759 1010 ,
1802 946 2037 1002 ostendit

461 1038 656 1103 Deum,
702 1038 769 1092 ad
807 1036 961 1107 cujus
998 1039 1286 1110 imaginem
1315 1041 1475 1095 homo
1505 1039 1696 1104 ﬂebat,
1736 1054 1842 1093 non
1872 1052 2036 1095 uuam

458 1138 580 1181 esse
605 1136 912 1196 personam.
961 1125 1018 1181 Si
1047 1128 1191 1183 enim
1228 1126 1316 1183 illa
1343 1143 1449 1183 una
1480 1127 1713 1182 essentia
1747 1126 1946 1190 Patris,
1983 1134 2051 1182 et-

459 1218 606 1284 Filii,
631 1225 688 1274 et
710 1217 946 1288 Spiritus
972 1221 1148 1275 sancti
1176 1236 1281 1275 una
1306 1230 1450 1277 esset
1477 1237 1730 1292 persona,
1764 1238 1869 1277 non
1896 1222 2051 1277 diw

459 1316 631 1371 retur,
646 1309 716 1365 ad
737 1308 1014 1378 imaginem
1036 1296 1292 1375 nostram,
1310 1310 1428 1374 sed,
1446 1311 1515 1364 ad
1535 1310 1814 1380 imaginem
1836 1326 2036 1374 meam;

460 1412 559 1452 nec
584 1397 834 1460 dixisset,
866 1399 1149 1467 faciamus,
1177 1400 1542 1470 sed,..[aciam.
1583 1399 1641 1455 Si
1673 1414 1804 1455 vero
1841 1400 1895 1454 in
1934 1400 2059 1456 illis.

459 1491 633 1548 tribus
661 1492 906 1562 personis
936 1501 1048 1548 tres
1066 1499 1251 1548 essent
1273 1493 1631 1565 intelligendas
1650 1492 1735 1547 vel
1758 1491 2040 1547 credendte

459 1583 921 1649 substantimrnon
943 1584 1321 1650 diceretur,ad
1342 1585 1620 1654 imaginem
1648 1593 1897 1644 nostram,
1922 1582 2059 1651 sed,.

459 1673 532 1728 ad
559 1674 811 1744 imagines
847 1683 1074 1729 nostras.
1131 1674 1239 1731 Sed
1264 1676 1332 1730 ad
1356 1690 1535 1732 unam
1558 1675 1846 1746 imaginem
1878 1674 2040 1729 unius

460 1763 557 1821 Dei
588 1765 751 1820 homo
794 1763 975 1821 factus
1002 1766 1234 1831 (licitum.
1270 1774 1332 1820 ut
1376 1782 1484 1821 una
1525 1775 1730 1821 sancta:
1757 1763 2041 1820 Trinitatis

457 1857 820 1914 essentialiter
839 1857 1096 1915 divinitas
1125 1860 1420 1915 intimetur;
1438 1914 1441 1915 ν
1459 1858 1610 1914 Hanc
1635 1874 1850 1928 quoque
1878 1858 2041 1913 triui-
2066 1837 2111 1896 Β

460 1955 626 2005 tatem
656 1962 1007 2018 personarum
1037 1957 1198 2019 atque
1224 1951 1487 2006 unitatem
1527 1959 1736 2004 naturas
1774 1950 2037 2019 propheta

459 2037 629 2093 lsaias
658 2036 948 2093 revelatam
978 2038 1081 2094 sibi
1122 2053 1229 2093 non
1269 2038 1493 2123 tacuit,
1522 2054 1646 2094 cum
1681 2054 1740 2094 se
1772 2039 1904 2094 dicit
1936 2053 2036 2092 au-

460 2127 606 2185 disse
634 2128 893 2199 seraphin
919 2128 1209 2185 clamantia
1236 2128 1529 2191 :~Sanctus,
1564 2139 1797 2193 sanctus,
1824 2138 2036 2183 sanctus

458 2215 717 2272 Dentium
746 2217 888 2271 Deus
927 2218 1152 2272 subactis
1177 2217 1310 2289 (Isa.
1338 2216 1437 2289 vi).
1494 2217 1594 2274 Ubi
1640 2232 1863 2286 prorsus
1892 2219 1947 2271 in
1973 2231 2038 2272 eo

461 2304 605 2375 quod
631 2303 828 2360 ditium
843 2305 1033 2371 tertio,
1052 2316 1286 2369 unctus,
1306 2319 1663 2375 personarum
1686 2305 2037 2371 Trinitatem;

464 2396 523 2452 in
560 2411 627 2451 eo
653 2412 783 2452 vero
819 2398 964 2466 quod
997 2398 1187 2453 semel:
1207 2399 1433 2464 dicitur,
1478 2399 1737 2455 Dominus
1776 2398 1915 2453 Dens
1952 2415 2042 2453 sa-

438 2512 439 2515 η
464 2484 651 2550 baoth,
683 2487 877 2541 divina:
905 2497 1114 2544 natura:
1139 2488 1515 2558 cognoscimus
1542 2489 1825 2543 unitatem.
1875 2487 2043 2544 Plane

464 2575 667 2647 absque
706 2577 873 2631 omni.
895 2576 1233 2632 dubitatione
1260 2577 1589 2633 credendum
1618 2585 1735 2642 est,
1783 2577 1998 2632 Patrem
2019 2618 2037 2641 ,

462 2665 585 2721 etF
592 2666 738 2721 ilium
756 2707 772 2732 ,
815 2674 873 2720 et
911 2665 1450 2735 Spiritumsaactum
1469 2708 1507 2732 ,κ
1529 2681 1842 2723 unum-esse
1862 2668 2055 2724 Deum.

463 2747 681 2812 Patrem
710 2757 1153 2827 omnipotentem,
1185 2765 1489 2824 aeternum.
1507 2759 1996 2815 incommutabilem
2020 2777 2038 2815 :

465 2856 523 2903 et
554 2848 749 2919 singuli
782 2849 974 2904 horum
1005 2848 1167 2914 Deus,
1194 2857 1263 2904 et-
1277 2850 1437 2907 simul
1473 2864 1831 2905 omnesunus
1858 2851 2037 2906 Deus:

466 2946 523 2993 et
566 2937 792 3008 singulis
837 2937 1065 3007 quisque
1114 2939 1306 2994 horum
1334 2979 1350 3005 ,
1402 2939 1557 3011 plena
1606 2947 1662 2994 et
1709 2939 1947 3009 perfecta
1986 2949 2041 2996 et

466 3035 680 3085 aeterna.
697 3028 998 3084 substantia
1020 3037 1122 3084 :.et
1144 3029 1303 3086 simul
1322 3044 1538 3094 omnes,
1562 3045 1671 3084 una
1684 3030 1994 3086 substantia
2023 3047 2037 3085 :

2718 492 2995 549 CAPUT
3056 492 3135 550 V.‘

2766 585 2844 640 De
2871 584 3089 655 angelis.

2204 678 2395 749 Angeli
2419 676 2607 734 Graece
2632 684 2915 743 vocantur,
2945 675 3207 733 Hebraiee
3235 678 3491 746 malaoth,
3521 679 3725 739 Latina

2136 782 2264 821 vero
2303 766 2474 821 nuntii
2513 766 2967 836 interpretantur,
3007 767 3075 821 ab
3104 781 3170 823 eo
3198 768 3343 837 quod
3378 767 3592 826 Domini
3615 785 3715 826 vo.

2136 856 2392 911 lontatem
2421 855 2633 926 p0pulis
2666 856 2933 911 nuntient.
2975 855 3305 927 Angelorum
3337 865 3518 915 autem
3546 874 3714 917 vocs—

2134 945 2317 1001 bulum
2346 944 2505 1001 oilicii
2539 959 2735 1001 nomen
2762 953 2879 1011 est,
2909 959 3014 999 non
3051 952 3277 1002 naturas.
3318 945 3544 1017 Semper
3567 948 3731 1005 enim.

2135 1047 2263 1093 sunt
2286 1037 2681 1108 spiritus,.sed
2712 1052 2837 1091 cum
2875 1037 3185 1103 mittuntur,
3218 1048 3481 1095 vocantur
3515 1041 3713 1112 angeli.

2136 1129 2341 1197 Quibus
2374 1128 2496 1183 ideo
2525 1127 2788 1198 pictorum
2826 1127 3045 1183 licentia
3069 1142 3274 1198 pennas
3300 1127 3450 1195 facit,
3479 1135 3540 1183 ut
3564 1129 3715 1186 cele-

2139 1237 2252 1276 rem
2293 1234 2482 1275 eorum
2519 1219 2572 1272 in
2613 1224 2809 1273 cuncta
2851 1216 3156 1273 discursum
3194 1216 3544 1289 signiﬁcent:
3575 1219 3717 1274 sicut

2135 1320 2192 1367 et
2203 1309 2357 1378 juxta
2382 1308 2590 1363 fabulas
2612 1315 2893 1376 poetarum
2916 1309 3058 1363 venti
3080 1323 3283 1378 pennas
3304 1308 3506 1365 habere
3529 1309 3719 1364 dicun-

2140 1410 2249 1465 tur,
2283 1406 2503 1469 propter
2528 1397 2869 1453 velocitatem
2898 1397 3121 1453 scilicet.
3148 1397 3299 1454 Unde
3319 1407 3375 1453 et
3393 1413 3547 1454 sacra
3567 1397 3718 1454 Scri-

2137 1500 2293 1560 ptura
2335 1488 2465 1544 dicit
2512 1505 2525 1541 :
2583 1485 2687 1553 Qui
2729 1486 2964 1542 ambulat
3008 1504 3164 1558 super
3204 1504 3400 1559 pennas
3444 1497 3715 1542 uentorum

2140 1581 2321 1654 (Psal.
2355 1578 2503 1648 CIII).
2531 1577 2734 1634 Novem
2774 1586 2955 1634 autem
2992 1593 3115 1634 esse
3153 1580 3370 1635 ordines
3404 1580 3715 1650 augelormn

2137 1687 2308 1729 sacra:
2348 1672 2641 1743 Scriptum
2678 1678 2979 1738 testantur,
3004 1672 3060 1727 id
3084 1680 3200 1739 est,
3238 1671 3452 1741 angeli,
3485 1673 3716 1727 archan-

2137 1764 2263 1837 geli,
2291 1764 2494 1829 throni,
2514 1763 2927 1829 dominationes,
2950 1763 3198 1828 virtutes,
3221 1770 3538 1832 potestates,
3567 1763 3720 1832 prin-

2139 1857 2386 1925 cipatus,
2419 1855 2682 1911 cherubin
2716 1861 2771 1910 et
2807 1854 3098 1924 seraphim.
3142 1853 3381 1922 Quorum
3418 1852 3716 1909 ciliciorqu

2136 1946 2394 2002 vocabula
2435 1961 2533 2001 cur
2570 1946 2643 2002 ita
2679 1945 2786 2001 sint
2824 1945 2999 2011 dicta,
3030 1944 3433 2016 interpretando
3469 1945 3721 2014 exsequi-

2137 2052 2278 2092 mur.
2304 2036 2489 2107 Angeli
2517 2044 2780 2091 vocantur
2817 2045 3039 2106 propter
3068 2037 3211 2106 quod
3238 2037 3305 2093 de
3337 2036 3494 2092 cmlis
3522 2035 3590 2092 ad
3618 2051 3717 2090 an-

2137 2127 2493 2182 nuntiaudum
2551 2125 2861 2181 hominibus
2918 2127 3226 2182 mittuntur.
3282 2126 3517 2196 Angelus
3572 2126 3716 2181 enim

2137 2216 2356 2281 Graece,
2401 2215 2592 2271 Latine
2639 2217 2862 2272 nuntius
2903 2216 3118 2272 dicitur.
3171 2217 3486 2288 Archangeli
3530 2216 3718 2272 Grzeca

2138 2307 2319 2379 lingua
2347 2308 2544 2363 summi
2572 2308 2744 2363 nuntii
2771 2308 3215 2377 interpretantur.
3241 2307 3343 2375 Qui
3370 2308 3514 2363 enim
3550 2323 3718 2378 parva

2138 2398 2223 2453 vel
2269 2398 2489 2453 minima
2536 2398 2857 2453 annuntiant
2881 2437 2898 2464 ,
2937 2397 3146 2469 angeli;
3189 2398 3281 2468 qui
3316 2413 3445 2453 vero
3486 2413 3721 2465 summa,

2139 2487 2449 2558 archangeli
2483 2496 2884 2557 nuncupantur.
2924 2486 3245 2559 Archangeli
3296 2487 3422 2543 dicti
3469 2503 3535 2543 eo
3580 2489 3721 2558 quod

2138 2577 2426 2647 primatum
2456 2583 2678 2632 teneant
2698 2575 2841 2630 inter
2861 2576 3109 2648 angelos;
3135 2577 3329 2632 archos
3347 2577 3492 2632 enim
3513 2575 3721 2641 Grzece,

2140 2668 2328 2723 latine
2364 2669 2613 2738 princeps
2655 2667 3060 2738 interpretatur.
3103 2667 3240 2722 Sunt
3284 2667 3426 2723 enim
3465 2675 3521 2722 et
3556 2668 3723 2723 duces

2132 2759 2428 2830 principes,
2461 2759 2562 2814 sub
2587 2774 2815 2831 quorum
2854 2760 3046 2814 ordine
3083 2760 3369 2829 unicuique
3407 2758 3719 2831 angelorum

2140 2850 2310 2908 cilicia
2353 2851 2605 2921 deputata
2653 2859 2799 2906 sunt.
2851 2850 2983 2904 Nam
3012 2851 3140 2921 quia
3177 2851 3481 2922 archangeli
3519 2851 3723 2921 angelis

2140 2949 2408 3013 prtesuut,
2446 2939 2736 2996 Zacharias
2778 2940 3040 3012 propheta
3069 2949 3298 2996 testatur
3327 2943 3512 2997 dicens
3537 2959 3550 2995 :
3579 2940 3720 2995 Ecce

2140 3030 2355 3102 angelus
2376 3071 2391 3096 ,
2417 3031 2507 3103 qui
2531 3030 2840 3103 loquebatur
2861 3031 2917 3086 in
2943 3047 3055 3098 me,
3082 3031 3441 3102 egrediebatur
3466 3047 3486 3087 .'
3511 3040 3560 3086 et
3585 3030 3724 3086 alius

467 3117 593 3187 quia
641 3116 905 3188 quidquid
945 3125 1029 3173 est
1074 3117 1250 3183 Pater,
1291 3119 1580 3191 quoDeus
1610 3128 1727 3184 est,
1771 3134 1879 3189 quo
1914 3121 2039 3175 sub-
2078 3184 2111 3193 -
2142 3118 2359 3191 angelus
2398 3120 2755 3191 egrediebatur
2794 3121 2849 3174 in
2886 3122 3316 3193 occursum-ejus
3339 3162 3355 3187 ,
3393 3132 3440 3176 et
3482 3121 3616 3176 dixit
3654 3121 3724 3174 ad

466 3184 677 3266 stantia
696 3184 814 3274 est,
852 3223 962 3279 quo
983 3209 1260 3265 aeternitas
1278 3184 1397 3273 est,
1442 3210 1545 3265 hoc
1574 3184 1898 3276 Filius,-hoc
1923 3209 2044 3280 Spi-
2067 3184 2114 3249 (ἶ
2132 3184 2305 3263 eum:
2335 3184 2758 3279 Curre,.loquere
2787 3209 2856 3264 ad
2879 3226 3098 3281 puerum
3127 3184 3304 3277 istum,
3334 3184 3511 3267 dicens
3544 3224 3562 3263 ε
3592 3210 3727 3264 Abs-

468 3300 606 3356 ritus
654 3308 873 3355 sanctus
918 3307 1020 3355 est.
1075 3299 1150 3355 Ita
1195 3300 1358 3355 etiam
1399 3300 1695 3365 etlFilius,
1732 3316 1798 3356 eo
1826 3316 1934 3371 quo
1960 3310 2047 3357 est

467 3389 633 3455 Deus,
660 3406 769 3461 quo
796 3391 1095 3446 substantia
1135 3400 1249 3457 est,
1304 3407 1412 3461 quo
1456 3391 1889 3458 teternitasy'est,
1941 3393 2044 3449 hoc

467 3478 631 3535 Pater
656 3490 741 3536 est
780 3480 1061 3536 etF-ilius.
1125 3481 1240 3537 Una
1290 3481 1343 3538 in
1394 3483 1566 3537 tribus
1597 3483 1907 3549 divinitas,
1935 3497 2067 3537 una.

467 3570 701 3627 essentia
726 3610 742 3636 ,
789 3586 898 3624 una
940 3570 1349 3642 omnipotentis.
1409 3572 1477 3630 Et
1506 3573 1764 3643 quidquid
1794 3574 2046 3630 substan-

469 3659 673 3714 tialiter
703 3660 769 3714 de
794 3660 905 3715 Deo
934 3660 1037 3715 dici
1068 3670 1265 3730 potest,
1296 3662 1341 3716 si
1373 3660 1605 3717 forte‘de
1634 3662 1796 3719 Patre
1825 3663 1938 3718 solo
1966 3663 2061 3718 in-

472 3756 776 3820 terrogatus
798 3748 986 3814 fueris,
1009 3751 1137 3820 quid
1165 3751 1237 3806 sit
1262 3751 1439 3818 Pater,
1465 3755 1749 3824 responde,
1776 3754 1923 3810 Deus
1941 3763 2043 3811 est.

470 3839 841 3911 Interrogatus
874 3840 940 3896 de
972 3841 1129 3905 Filio,
1164 3843 1448 3912 responde,
1479 3845 1640 3901 Deus.
1678 3845 2047 3919 interrogatus

468 3929 538 3984 de
566 3927 771 3999 Spiritu
813 3939 1026 3994 sancto,
1057 3934 1342 4001 responde,
1378 3935 1538 3991 Deus.
1586 3934 1645 3991 Si
1682 3937 2047 4008 interrogatus

469 4017 637 4075 fueris
664 4019 823 4074 simul
851 4020 918 4075 de
942 4020 1198 4086 Patre,_et
1223 4023 1379 4089 Filio,
1403 4033 1457 4079 et
1479 4024 1682 4096 Spiritu
1708 4037 1914 4087 sancto,
1941 4043 2067 4082 non,

472 4111 623 4177 deos,
651 4111 746 4166 sed
775 4111 943 4166 Deum
975 4114 1237 4184 responde
1267 4130 1454 4181 unum,
1485 4117 1928 4185 omnipotentem,
1961 4119 2045 4172 iu-

471 4201 930 4257 oommutabilem.
964 4201 1253 4259 Sciendum
1283 4212 1368 4261 est
1397 4207 1540 4274 quod
1569 4207 1813 4276 quaedam
1842 4208 1907 4264 de
1937 4209 2047 4265 Deo

472 4292 904 4359 substantialiter
929 4295 1294 4362 dicuntur,ut
1322 4307 1428 4363 est,
1462 4298 1619 4363 Deus,
1655 4315 1900 4371 magnus,
1932 4318 2049 4357 om-

473 4381 727 4454 nipotens
753 4400 767 4437 :
799 4393 855 4439 et
880 4384 1139 4456 quidquid
1166 4387 1231 4441 ad
1261 4403 1319 4443 se
1346 4388 1563 4453 dicitur,
1593 4390 1644 4444 id
1672 4399 1774 4455 est,
1804 4392 2049 4447 substan-

472 4474 605 4528 tiam
647 4473 945 4530 divinitatis
984 4475 1331 4547 significans:
1373 4480 1617 4549 quaedam
1657 4480 1840 4552 itaque
1871 4481 2044 4557 [vero]

473 4562 694 4618 relative
729 4563 1020 4619 dicuntur:
1069 4574 1129 4619 ut
1163 4564 1328 4621 Pater
1367 4566 1435 4621 ad
1478 4566 1673 4623 Filium
1697 4610 1711 4638 ,
1762 4570 1929 4628 Filius
1977 4574 2044 4629 ad

473 4656 720 4724 Patrem,
765 4666 820 4713 et
857 4656 1089 4729 Spiritus
1127 4669 1344 4718 sanctus
1375 4662 1597 4718 relative
1633 4664 1701 4719 ad
1737 4664 1955 4722 Patrem
1991 4676 2045 4724 et

469 4745 703 4813 Filium;
755 4749 823 4803 ad
860 4764 919 4805 se
954 4758 1134 4806 autem
1176 4752 1290 4810 sive
1322 4752 1501 4819 Pater,
1545 4755 1658 4811 sive
1698 4755 1885 4823 Filius,
1931 4758 2046 4813 sive

474 4837 709 4909 Spiritus
760 4849 1017 4908 sanctus,
1064 4841 1207 4898 Deus
1253 4844 1469 4899 dicitur.
1536 4845 1720 4915 Itaque
1774 4847 1936 4901 Pater
1981 4862 2045 4903 eo

471 4948 579 5004 quo
608 4941 693 4987 est
720 4934 879 5000 Deus,
909 4935 1011 4991 hoc
1037 4936 1152 5007 ipso
1182 4937 1477 4992 substantia
1504 4946 1586 4993 est
1611 4956 1623 4992 :
1653 4939 1777 5009 quia
1806 4939 2044 5010 ejusdem

472 5026 788 5082 substantia:
836 5026 1042 5095 Filius,
1100 5030 1286 5100 procul
1335 5031 1496 5086 dubio
1550 5039 1605 5086 et
1650 5030 1816 5087 Filius
1861 5032 2042 5098 Deus,

471 5125 527 5173 et
569 5115 803 5187 Spiritus
846 5129 1064 5176 sanctus
1110 5121 1272 5177 Deus.
1323 5121 1395 5177 At
1432 5138 1563 5179 vero
1608 5123 1783 5188 Deus,
1830 5138 1897 5177 eo
1940 5138 2046 5192 quo

475 5207 635 5262 Pater
669 5216 773 5274 est,
819 5208 1043 5265 relative
1078 5211 1294 5276 dicitur,
1322 5213 1446 5279 quia
1475 5227 1580 5266 non
1609 5212 1922 5268 substantia:
1952 5229 2047 5268 no-

476 5314 598 5353 men
629 5308 744 5366 est,
783 5301 879 5356 sed
914 5299 1147 5355 refertur
1175 5301 1241 5355 ad
1278 5301 1494 5355 Filium.
1543 5300 1657 5355 Non
1702 5302 1779 5356 sic
1819 5302 2058 5358 dicimus.

474 5386 671 5443 Filium
724 5389 942 5444 Patrem
1000 5403 1163 5454 esse,
1224 5390 1493 5459 quomodo
1558 5390 1785 5446 dicimus
1851 5389 2044 5445 Filium

477 5477 644 5532 Deum
686 5494 846 5533 esse:
888 5494 990 5534 nec
1030 5478 1105 5531 ita
1145 5477 1372 5533 dicimus
1415 5478 1630 5534 Patrem
1668 5479 1866 5536 Filium
1904 5495 2049 5547 esse,

475 5569 617 5624 sicut
645 5570 874 5625 dicimus
909 5569 1075 5624 Deum
1103 5582 1256 5635 csse;
1299 5570 1423 5639 quia
1452 5569 1594 5626 Deus
1622 5572 2051 5627 substantialiter

476 5661 696 5724 dicitur,
726 5660 905 5725 Pater,
937 5668 993 5715 ct
1017 5658 1202 5727 Filius,
1235 5669 1290 5718 ct
1318 5659 1554 5732 Spiritus
1582 5672 1801 5721 sanctus
1827 5663 2048 5722 relative

477 5753 746 5808 dicuntur.
1314 5760 1317 5764 '

2144 3315 2243 3369 que
2270 3314 2420 3353 muro
2464 3300 2786 3354 habitabitur
2820 3299 3116 3355 Jerusalem
3156 3301 3340 3372 (Zach.
3376 3300 3459 3373 ιι).
3492 3300 3551 3357 Si
3580 3301 3724 3356 enim

2147 3390 2200 3444 in
2230 3389 2361 3459 ipsis
2388 3389 2578 3445 ciliciis
2605 3389 2917 3461 angelorum
2946 3405 3286 3460 nequaquam
3312 3398 3608 3461 potestates
3634 3406 3727 3445 su-

2145 3479 2391 3550 periores
2416 3463 2696 3534 inferiores
2715 3479 3077 3548 disponerent,
3103 3479 3248 3534 nullo
3272 3481 3432 3536 modo
3454 3482 3558 3536 hoc
3579 3482 3725 3550 quod

2148 3571 2350 3626 homini
2378 3568 2861 3641 diccretangclus,
2891 3571 2959 3625 ab
2988 3570 3177 3641 angelo
3203 3573 3559 3642 cognovisset.
3589 3572 3723 3639 Qui-

2146 3663 2269 3718 dam
2306 3670 2484 3717 autem
2523 3660 2970 3733 archangelorum
3006 3662 3230 3733 privatis
3273 3664 3582 3718 nominibus
3626 3679 3724 3734 ap-

2145 3751 2434 3823 pellantur,
2463 3758 2523 3805 ut
2548 3765 2645 3820 per
2668 3750 2926 3805 vocabula
2953 3752 3065 3822 ipsa
3095 3752 3149 3807 in
3177 3766 3339 3823 opere
3360 3753 3490 3822 quid
3513 3752 3725 3808 valeant

2146 3840 2476 3913 designetur.
2501 3840 2718 3897 Gabriel
2741 3839 3023 3907 Hebraice,
3055 3843 3106 3895 in
3134 3842 3317 3911 lingua
3347 3851 3531 3897 nostra
3556 3842 3722 3895 verti-

2149 3944 2235 3989 tur
2274 3932 2526 4002 fortitudo
2582 3933 2696 3987 Dei.
2744 3933 2845 3989 Ubi
2881 3934 3022 3988 enim
3060 3934 3298 4003 potentia
3342 3935 3425 3989 vel
3467 3933 3725 3988 fortitudo

2147 4021 2557 4100 manifestatur=
2584 4008 3080 4079 Cabrielmittitur.
3120 4023 3274 4079 Unde
3300 4034 3356 4080 et
3391 4040 3457 4081 eo
3486 4034 3725 4093 tempore

2146 4129 2253 4183 quo
2288 4120 2405 4167 crat
2442 4113 2700 4167 Dominus
2746 4114 3051 4168 nasciturus
3094 4124 3149 4169 et
3198 4114 3620 4184 triumphaturus
3659 4114 3725 4170 de

2148 4202 2364 4266 uuitldo,
2395 4200 2611 4256 Gabriel
2638 4202 2872 4257 venitad
2901 4201 3144 4267 Mariam,
3173 4212 3233 4256 ut
3262 4202 3407 4257 illum
3440 4203 3725 4257 annuntia-

2150 4301 2247 4354 ret,
2279 4292 2367 4360 qui
2396 4290 2462 4345 ad
2494 4290 2834 4346 dcbellandas
2860 4292 3034 4347 aerias
3066 4301 3358 4361 potestates
3382 4292 3600 4347 humilis
3628 4308 3722 4346 ve-

2148 4376 2266 4437 nire
2304 4382 2554 4452 dignatus
2597 4390 2700 4436 est.
2748 4381 2969 4436 Michael
3013 4382 3395 4451 interpretatur
3430 4381 3546 4448 quis
3589 4379 3723 4436 sicut

2148 4473 2328 4528 Deus?
2353 4472 2577 4540 Quando
2606 4474 2746 4528 enim
2777 4474 2978 4544 aliquid
3020 4474 3072 4529 in
3111 4474 3308 4529 mundo
3336 4474 3485 4528 mirae
3512 4474 3724 4530 virtutis

2075 4540 2123 4598 Β
2150 4564 2237 4631 iit,
2283 4564 2371 4619 hic
2399 4563 2752 4633 archangelus
2789 4540 3020 4619 mittitur
3053 4574 3147 4620 :et
3177 4579 3242 4618 ex
3278 4564 3393 4634 ipso
3430 4579 3592 4633 opere
3628 4581 3725 4618 no-

2148 4670 2271 4710 men
2314 4663 2397 4709 est
2435 4653 2578 4723 ejus,
2620 4654 2743 4723 quia
2783 4669 2938 4708 nemo
2974 4654 3117 4710 valet
3148 4653 3330 4709 facere
3372 4655 3515 4724 quod
3547 4654 3725 4710 facere

2145 4753 2323 4813 potest
2354 4744 2512 4799 Deus.
2540 4744 2778 4814 Raphael
2811 4745 3196 4815 interpretatur
3231 4744 3432 4799 curatio
3458 4744 3542 4800 vel
3566 4745 3727 4799 medi-

2147 4839 2265 4892 cina
2295 4837 2411 4892 Dei.
2442 4836 2756 4906 Ubicunque
2784 4836 2927 4892 enim
2955 4838 3172 4893 curandi
3199 4852 3334 4906 opus
3358 4839 3723 4893 necessarium

2146 4937 2249 4993 est,
2279 4929 2368 4983 hic
2393 4928 2747 4999 archangelus
2771 4942 2801 4981 a
2829 4927 2938 4983 Deo
2957 4928 3209 4994 mittitur,
3231 4938 3286 4983 et
3312 4930 3435 4985 inde
3462 4929 3724 4984 medicina

2149 5017 2243 5072 Dei
2273 5025 2514 5072 vocatur.
2558 5015 2706 5072 Unde
2743 5026 2798 5072 et
2833 5018 2899 5073 ad
2939 5017 3161 5072 Tobiam
3196 5020 3334 5073 idem
3371 5020 3725 5090 archangeius

2151 5107 2381 5171 missus,
2417 5107 2588 5162 oculis
2624 5107 2740 5177 ejus
2775 5108 3107 5163 curationem
3144 5109 3419 5174 adhibuit,
3465 5118 3519 5165 et
3563 5111 3720 5165 Caeci-

2149 5211 2260 5258 tate
2291 5203 2504 5258 detersa
2530 5204 2702 5257 visum
2736 5203 2989 5259 restituit.
3022 5201 3263 5259 Nominis
3293 5205 3435 5258 enim
3464 5204 3723 5273 interpre-

2150 5293 2350 5348 tatione
2375 5303 2430 5348 et
2463 5294 2643 5364 angeli
2671 5292 2903 5349 cilicium
2928 5295 3254 5366 designatur.
3288 5294 3435 5351 Uriel
3464 5294 3725 5362 interpre-

2149 5392 2293 5439 tatur
2321 5383 2454 5454 ignis
2496 5383 2623 5450 Dei,
2666 5383 2805 5439 sicut
2843 5382 3072 5453 legimus
3110 5397 3423 5454 apparuisse
3465 5382 3641 5454 ignem
3672 5382 3724 5436 in

2150 5473 2303 5530 rubo.
2339 5473 2589 5544 Legimus
2622 5474 2787 5529 etiam
2813 5476 2989 5545 ignem
3021 5475 3242 5530 missum
3273 5474 3523 5545 desuper,
3547 5478 3601 5528 et
3633 5472 3725 5526 im-

2151 5567 2326 5637 plesse
2354 5567 2496 5635 quod
2523 5574 2849 5637 praeceptum
2880 5575 2981 5621 est.
3013 5565 3214 5621 Throni
3244 5572 3445 5632 autem,
3472 5572 3528 5621 et
3556 5562 3724 5619 domi-

2153 5660 2429 5722 nationes,
2469 5666 2522 5713 et
2558 5658 2922 5729 principatus,
2965 5666 3021 5712 ct
3046 5664 3372 5727 potestates,
3397 5665 3453 5712 et
3479 5658 3716 5715 virtuteS.

2160 5751 2345 5824 quibus
2371 5758 2619 5807 cunctam
2646 5749 2917 5806 cu'lrstem
2942 5749 3249 5805 societatem
3277 5749 3560 5821 Apostolus
3579 5764 3724 5806 com-
