4074 6316
277 403 351 459 29
1258 393 1346 449 DE
1387 387 1730 450 UNIVERSO
1766 386 1946 443 LIBRI
1983 386 2143 443 XXII.
2185 416 2255 427 ——
2292 384 2422 440 LIB.
2459 384 2497 438 Ι.
2696 440 2706 445 κ
3454 381 3522 435 50

281 518 553 590 plectitur,
577 512 795 569 ordines
819 480 1130 582 angelorum
1151 515 1207 564 et
1228 507 1517 578 dignitates
1543 506 1847 576 iutelligun-
1872 505 1924 563 Α

284 620 392 665 tur.
435 610 495 663 Et
531 622 629 678 pro
666 607 768 660 hac
817 605 932 674 ipsa
977 601 1348 659 distributione
1383 598 1716 663 oliiciorum,
1758 597 1849 651 alii

283 697 483 763 throni,
512 696 601 750 alii
636 693 1046 758 dominationes,
1072 692 1161 747 alii
1200 691 1549 762 principatus,
1581 688 1671 743 alii
1697 695 1847 758 pote-

280 798 448 845 states
475 788 756 851 dicuntur,
792 801 889 854 pro
921 784 1084 839 certis
1119 782 1469 853 dignitatibus
1492 780 1687 849 quibus
1714 778 1852 833 invi-

278 894 393 933 cem
422 876 841 947 distinguuntur.
891 872 1116 927 Virtutes
1146 871 1385 942 angelica
1412 870 1654 940 quaedam
1693 867 1850 922 mini-

277 967 442 1022 steria
478 965 861 1036 perhibentur,
900 977 995 1034 per
1031 977 1166 1032 quas
1204 962 1356 1029 signa
1399 971 1453 1013 et
1490 958 1746 1013 miracula
1795 957 1848 1011 in

275 1056 476 1111 mundo
506 1055 658 1118 ﬁunt,
686 1062 904 1124 propter
933 1053 1075 1123 quod
1102 1060 1157 1106 et
1182 1051 1411 1106 virtutes
1437 1050 1707 1105 dicuntur.
1741 1044 1848 1101 Po-

274 1156 482 1200 testates
510 1153 636 1200 sunt
660 1145 858 1214 quibus
894 1143 1123 1198 virtutes
1150 1143 1388 1198 adversm
1420 1140 1673 1211 subjectte
1702 1147 1847 1203 sunt,

276 1243 329 1289 et
364 1235 488 1289 inde
527 1241 853 1305 potestatum
880 1234 1101 1287 nomine
1120 1240 1512 1302 nuneupantur,
1545 1230 1669 1299 quia
1692 1228 1849 1282 mali-

274 1325 364 1395 gni
400 1324 637 1393 Spiritus
661 1339 847 1378 eorum
879 1331 1141 1393 potestate
1176 1330 1512 1385 coercentur,
1550 1336 1617 1375 ne
1643 1327 1848 1373 tantum

274 1424 502 1469 noceant
528 1421 789 1482 quantum
817 1412 1055 1482 cupiunt.
1086 1412 1391 1482 Pincipatus
1416 1417 1539 1465 sunt
1562 1410 1616 1464 hi
1639 1409 1729 1478 qui
1756 1425 1850 1463 an-

270 1503 512 1574 gelorum
542 1502 844 1573 agminibus
883 1511 1120 1573 pnesunt
1152 1510 1167 1554 :'
1206 1501 1295 1571 qui
1322 1517 1420 1570 pro
1445 1515 1511 1554 eo
1540 1499 1681 1569 quod
1718 1498 1849 1552 sub-

270 1595 410 1647 ditos
434 1593 660 1665 angelos
686 1592 753 1647 ad
781 1592 1109 1663 explendum
1132 1591 1443 1663 mysterium
1473 1590 1715 1644 divinum
1742 1588 1850 1643 dis-

267 1692 498 1755 ponunt,
525 1685 858 1754 principatus
882 1685 1198 1740 vocabulum
1227 1691 1568 1752 acceperunt.
1594 1681 1728 1737 Nam
1755 1680 1852 1736 alii

269 1785 392 1831 sunt
421 1778 517 1847 qui
546 1777 951 1842 administrant,
975 1776 1063 1831 alii
1085 1776 1177 1846 qui
1207 1776 1476 1832 assistunt
1513 1774 1652 1830 sicut
1673 1780 1727 1828 et
1751 1788 1847 1842 per

1950 500 2103 572 (Gen.
2134 501 2208 571 ι);
2239 500 2489 554 nimirum
2525 499 2811 554 ostendens
2850 498 2991 568 quod
3029 504 3153 571 post
3183 496 3392 551 ruinam
3419 510 3519 549 an-

1948 593 2191 662 gelorum
2228 592 2489 646 malorum
2533 591 2584 647 hi
2617 591 2708 660 qni
2733 597 3176 661 permanserunt,
3215 576 3520 643 ﬁrmitatem

1945 692 2162 737 aeterna:
2178 681 2591 751 perseverantize
2609 682 2883 736 consecuti
2904 688 3054 745 sunt,
3076 678 3221 735 nullo
3235 679 3347 749 jam
3369 677 3521 746 lapsu

1948 772 2153 835 aversi,
2185 772 2326 826 nulla
2364 771 2613 842 superbia
2637 773 2892 827 cadentes
2916 788 2934 823 :
2962 771 3057 826 sed
3088 771 3315 826 ﬁrmiter
3342 770 3396 824 in
3427 769 3523 824 Dei

1949 877 2133 917 amore
2163 871 2216 916 et
2240 863 2691 933 contemplatione
2719 871 2998 919 manentes
3032 862 3164 917 nihil
3194 862 3340 916 aliud
3368 861 3525 916 dulce

1948 953 2168 1018 habent,
2186 950 2295 1010 nisi
2325 970 2447 1009 eum
2475 970 2505 1009 a
2530 970 2637 1025 quo
2662 956 2829 1011 creati
2860 962 3003 1012 sunt.
3028 954 3179 1023 Quod
3204 963 3383 1009 autem
3419 954 3525 1010 duo

1948 1044 2218 1115 serapbim
2239 1045 2293 1101 in
2315 1046 2450 1101 Isaia
2479 1046 2746 1117 leguntur,
2764 1046 3056 1119 ﬁguraliter
3078 1047 3288 1104 Veteris
3309 1055 3365 1101 et
3388 1046 3523 1101 Novi

1949 1138 2277 1194 Testamenti
2317 1139 2761 1211 signiﬁcationem
2787 1142 3098 1199 ostendunt.
3136 1142 3261 1197 Ideo
3294 1156 3423 1197 vero
3452 1140 3525 1195 fa-

1948 1231 2086 1286 ciem
2131 1239 2186 1285 et
2231 1231 2395 1302 pedes
2436 1231 2532 1287 Dei
2577 1233 2864 1303 operiunt,
2911 1233 3037 1303 quia
3084 1234 3356 1303 praeterita
3402 1242 3527 1287 autc

1949 1321 2237 1387 mundum,
2268 1330 2322 1376 et
2350 1320 2526 1376 futura
2568 1332 2690 1393 post
2726 1323 2983 1379 mundum
3012 1323 3153 1379 scire
3190 1338 3296 1378 non
3333 1338 3524 1392 posse-

1948 1428 2097 1477 mus,
2136 1415 2229 1468 sed
2270 1414 2443 1468 media
2487 1423 2694 1470 tantum
2730 1429 2918 1488 eorum
2945 1415 3255 1470 testimonio
3281 1423 3526 1473 eontem-

1947 1502 2176 1572 plamur.
2217 1502 2424 1573 Singuli
2464 1518 2622 1558 senas
2647 1505 2770 1558 alas
2797 1504 3026 1568 habent,
3064 1502 3191 1572 quia
3220 1503 3284 1556 de
3316 1501 3521 1556 fabrica

1950 1600 2156 1646 tantum
2194 1593 2411 1657 mundi,
2452 1608 2573 1663 qum
2610 1576 2663 1647 in
2703 1608 2796 1649 sex
2846 1593 3047 1649 diebus
3083 1591 3223 1647 facta
3269 1600 3421 1655 sunt,
3468 1593 3523 1646 in

1946 1682 2199 1752 praesenti
2237 1683 2433 1739 smculo
2470 1683 2736 1738 novimus.
2776 1683 2928 1751 Quod
2967 1682 3202 1739 clamant
3244 1690 3348 1747 ter,
3380 1680 3523 1738 San-

1948 1783 2092 1840 ctus,
2127 1774 2264 1829 alter
2304 1774 2370 1829 ad
2409 1774 2673 1841 alterum,
2701 1775 2982 1830 Trinitatis
3016 1775 3070 1829 in
3107 1790 3212 1828 una
3244 1773 3524 1831 divinitate

268 1840 550 1921 Danielcm
580 1867 778 1922 dicitur
810 1884 823 1920 :
857 1840 1029 1920 Mitlia
1062 1840 1282 1919 millium
1308 1864 1672 1918 ministrabant
1695 1840 1772 1927 ei
1799 1870 1846 1916 et
1876 1840 1922 1899 Β
1949 1863 2283 1919 demonstrat
2305 1866 2637 1936 mysterium.
2660 1840 2775 1921 Sed
2799 1865 2927 1935 quid
2961 1865 3305 1934 prodestnos
3328 1864 3392 1918 de
3420 1879 3521 1919 an-

266 1956 432 2010 decies
470 1965 685 2010 tentem:
726 1954 893 2010 millia
924 1955 1239 2010 assistebant
1272 1954 1357 2007 illi
1390 1953 1550 2025 (Dan.
1582 1951 1701 2025 vn).
1735 1952 1847 2004 Do-

264 2046 584 2100 minationes
611 2054 735 2102 sunt
761 2047 816 2102 bi
840 2047 931 2118 qui
963 2047 1124 2102 etiam
1148 2032 1445 2101 virtutibus
1462 2053 1515 2100 et
1538 2044 1849 2117 principati-

261 2134 359 2191 bus
387 2136 774 2207 przeeminent;
804 2137 892 2207 qui
922 2152 1018 2208 pro
1042 2153 1107 2194 eo
1125 2137 1264 2206 quod
1295 2136 1507 2192 caeteris
1534 2135 1845 2205 angelorum

263 2227 575 2293 agminibus
592 2229 956 2294 dominantur,
970 2227 1365 2283 dominationes
1386 2234 1664 2283 vocantur.
1685 2225 1849 2279 Thro-

266 2318 319 2372 ni
345 2327 481 2373 sunt
504 2320 717 2390 agmina
755 2319 1064 2390 angelorum
1101 2320 1193 2391 qui
1230 2318 1423 2374 Latino
1454 2317 1665 2387 eloquio
1702 2316 1851 2371 sedes

262 2409 553 2477 dicuntur;
586 2419 640 2466 et
668 2411 842 2467 vocati
874 2410 1072 2475 throni,
1101 2410 1225 2481 quia
1257 2410 1359 2464 illis
1389 2409 1637 2479 prtesidct
1663 2407 1849 2463 condi-

264 2509 363 2566 tor,
392 2511 447 2558 et
482 2518 579 2573 per
606 2518 701 2558 eos
719 2503 919 2573 judicia
950 2518 1046 2556 sua
1077 2502 1328 2571 disponit.
1360 2498 1638 2554 Cherubin:
1667 2508 1848 2553 autem

260 2599 312 2643 et
339 2592 437 2661 ipsi
484 2591 741 2647 sublimes
767 2591 1024 2645 ctelorum
1055 2598 1350 2660 potestates
1386 2598 1439 2643 ct
1473 2588 1708 2658 angelica
1747 2588 1847 2641 mi-

263 2682 492 2757 nisteria
515 2698 635 2737 esse
656 2681 1024 2752 perhibentur,
1039 2680 1129 2751 qui
1155 2696 1221 2735 ex
1246 2680 1510 2734 Iiehraico
1537 2679 1587 2732 in
1611 2679 1845 2747 linguam

260 2782 514 2827 nostram
570 2773 1031 2842 interpretantur,
1080 2771 1308 2824 scientia:
1355 2767 1655 2823 multitudo.
1709 2766 1847 2823 Sunt

259 2863 404 2917 enim
429 2862 753 2918 sublimiora
774 2861 988 2931 agmina
1007 2861 1347 2931 angelorum;
1370 2860 1459 2930 qui
1482 2874 1578 2928 pro
1598 2874 1661 2913 eo
1680 2859 1844 2930 quod,

260 2953 504 3007 vit-iuius
529 2951 708 3021 positi,
742 2952 920 3006 divina
946 2952 1168 3006 scicntia
1196 2950 1404 3005 caneris
1433 2950 1663 3019 amplius
1689 2951 1843 3021 plena

260 3050 419 3105 Sunt,
451 3040 767 3103 Clterubim,
800 3042 853 3096 id
882 3050 963 3097 est
991 3040 1256 3110 plenitudo
1283 3042 1539 3103 scientiw,
1571 3040 1842 3111 appellan-

261 3140 365 3185 tnr.
391 3132 518 3201 Ipsa
544 3141 668 3187 sunt
695 3132 782 3186 illa
821 3133 927 3187 duo
950 3131 1205 3187 animalia
1227 3146 1388 3201 super
1413 3131 1840 3201 propitiatorium

256 3238 397 3277 arcte
423 3222 573 3277 facta
605 3239 672 3279 ex
713 3223 929 3280 metallo
949 3263 966 3290 ,
996 3232 1213 3294 propter
1245 3222 1649 3291 signiﬁcandam
1678 3236 1842 3293 ange-
1869 3222 1895 3247 κ

257 3314 432 3368 lorum
456 3315 829 3385 praesentiam,
845 3315 896 3369 in
918 3330 1144 3384 quorum
1167 3315 1345 3369 medio
1362 3313 1664 3370 ostenditur
1680 3313 1840 3368 Deus.

259 3403 463 3473 Serapi!
476 3404 546 3457 im
578 3418 791 3475 quoque
814 3405 1062 3461 similiter
1090 3404 1373 3461 multitudo
1400 3412 1482 3459 est
1508 3404 1843 3475 angelorum,

255 3493 345 3562 qui
374 3508 445 3549 ex
484 3492 707 3548 Hebrzeo
749 3494 801 3548 in
840 3493 1090 3549 Latinum
1130 3494 1370 3549 ardentes
1406 3493 1491 3548 vel
1518 3491 1845 3548 incendentes

254 3586 710 3655 interpretantur.
742 3584 844 3652 Qui
876 3585 1077 3640 idcirco
1106 3585 1357 3640 ardentes
1386 3590 1663 3644 vocantur,
1702 3582 1845 3651 quod

254 3677 399 3730 inter
429 3690 532 3730 eos
552 3684 607 3729 et
633 3677 800 3730 Deum
828 3676 957 3730 nulli
983 3676 1072 3730 alii
1097 3675 1268 3746 angeli
1292 3675 1624 3739 consistunt;
1649 3681 1704 3727 et
1723 3672 1845 3728 ideo

254 3773 532 3835 quantum
560 3763 788 3818 vicinius
822 3779 1005 3818 coram
1031 3780 1096 3819 eo
1123 3766 1456 3828 consistunt,
1496 3772 1646 3820 tanto
1673 3764 1848 3835 magis

256 3856 513 3911 claritate
540 3854 707 3910 divini
736 3854 955 3908 luminis
977 3851 1397 3908 inﬂammantur.
1423 3853 1549 3908 Haec
1576 3853 1737 3923 igitur
1758 3868 1848 3908 vo—

258 3948 454 4003 cabula
483 3946 759 4016 agminum
785 3945 1099 4016 angelorum
1136 3945 1209 3999 ita
1241 3952 1367 3999 sunt
1392 3943 1643 4014 specialia
1668 3944 1846 3999 ordini

260 4036 597 4107 singulorum
616 4076 632 4099 ,
674 4043 731 4088 ut
759 4042 939 4089 tamen
976 4034 1085 4089 sint
1115 4049 1180 4089 ex
1210 4042 1362 4104 parte
1390 4033 1691 4089 communia
1724 4047 1844 4088 om-

258 4128 429 4181 nium.
468 4125 606 4180 Nam
638 4124 809 4198 [licet]
848 4124 1061 4190 throni,
1091 4124 1183 4180 Dei
1207 4125 1381 4189 sedes,
1412 4124 1462 4178 in
1484 4123 1844 4196 quorumdam

258 4217 574 4288 angelorum
605 4217 792 4271 ordine
818 4216 1123 4287 specialiter
1156 4216 1521 4291 desngnentur,
1558 4228 1735 4275 tamen
1762 4219 1844 4275 di-

257 4311 398 4366 citur
440 4326 542 4380 per
586 4311 925 4366 Psalmistam
975 4330 988 4366 :
1042 4311 1146 4378 Qui
1183 4313 1328 4367 sedes
1376 4326 1533 4384 super
1575 4313 1843 4368 cherubim

259 4397 432 4470 (Psat.
472 4398 678 4472 Lxxtx).
712 4399 818 4456 Sed
857 4401 981 4457 ideo
1013 4401 1102 4456 isti
1137 4402 1353 4457 ordines
1398 4402 1705 4473 angelorum
1733 4403 1842 4472 pri-

255 4491 397 4545 vatis
421 4490 732 4545 nominibus
757 4490 1107 4560 appellantur,
1134 4491 1257 4560 quia
1279 4492 1382 4547 hoc
1406 4491 1581 4561 ipsum
1603 4490 1836 4546 ot'licinm

262 4578 314 4634 in
346 4580 570 4650 preprio
600 4579 790 4634 ordine
824 4580 1034 4650 plenius
1069 4588 1432 4650 acceperunt:
1470 4588 1525 4635 et
1565 4595 1686 4635 cum
1726 4581 1836 4636 sint

262 4671 515 4726 omnibus
542 4670 716 4725 oﬁicia
747 4672 1076 4737 communia,
1105 4672 1319 4741 proprie
1347 4678 1525 4725 tamen
1547 4679 1601 4725 et
1620 4671 1835 4726 nomina

263 4762 374 4817 suis
406 4761 688 4817 ordinibus
736 4761 1078 4832 deputantur.
1120 4759 1425 4830 Unicuique
1464 4762 1607 4815 enim
1634 4801 1649 4826 ,
1699 4762 1840 4816 sicut

260 4854 577 4922 praedictum
614 4861 725 4918 est,
762 4854 976 4924 propria
1019 4852 1189 4907 ollicia
1233 4860 1359 4908 sum
1406 4851 1670 4923 'mjnncla,
1718 4868 1839 4922 qum

264 4944 625 5012 promemisse
654 4958 747 4998 eos
779 4944 829 4997 in
854 4943 1035 4997 mundi
1056 4950 1267 4998 constat
1287 4944 1527 4998 exordio.
1555 4943 1686 4997 Nam
1712 4944 1837 5013 quia

266 5033 443 5105 angin
469 5042 524 5088 et
561 5033 693 5089 locis
725 5040 782 5089 et
815 5033 1119 5088 hominibus
1145 5042 1413 5104 prresunt,
1443 5035 1717 5103 pmpheue
1754 5043 1835 5089 te-

268 5111 440 5177 statur
471 5123 692 5194 angelus
729 5123 916 5178 dicens
945 5140 958 5175 :
992 5120 1240 5193 Princeps
1267 5125 1410 5193 regni
1438 5121 1720 5177 Persarum
1752 5141 1836 5178 re-

265 5213 393 5267 stitit
419 5214 549 5267 mihi
570 5213 732 5285 (Dan.
756 5212 832 5280 χ).
861 5213 1011 5268 Unde
1034 5221 1255 5282 apparet
1282 5213 1483 5267 nullum
1513 5227 1633 5268 esse
1663 5212 1835 5267 locum

267 5303 348 5355 cui
387 5303 562 5374 angeli
597 5319 703 5358 non
741 5312 995 5373 praesunt.
1032 5303 1128 5358 llic
1163 5309 1247 5358 est
1285 5304 1418 5357 ordo
1448 5304 1531 5358 vel
1564 5304 1838 5358 distinctio

268 5391 575 5462 angelorum
594 5432 610 5455 ,
636 5392 727 5462 qui
759 5400 882 5461 post
920 5391 1123 5458 lapsum
1153 5391 1415 5445 malorum
1445 5392 1496 5444 in
1524 5391 1726 5446 cmlesti
1750 5390 1837 5459 ju-

268 5498 394 5552 gore
420 5480 603 5554 [Forte
630 5482 834 5553 vigore]
857 5481 1226 5550 perstiterunt.
1257 5481 1388 5535 Nam
1411 5490 1694 5552 postquam
1711 5497 1838 5550 apo-

269 5581 417 5628 staue
464 5572 637 5644 angeli
683 5573 1032 5637 ceciderunt,
1082 5572 1134 5625 hi
1184 5573 1583 5640 perseverantia
1623 5580 1837 5627 aeternae

268 5666 611 5720 beatitudinis
641 5666 857 5721 solidati
901 5672 1044 5721 sunt.
1088 5664 1239 5720 Unde
1272 5673 1328 5720 et
1366 5672 1488 5735 post
1526 5664 1646 5719 (ξαειί
1685 5679 1834 5719 (ει-ραι

270 5760 463 5815 tieuctn
512 5759 565 5814 in
608 5758 872 5831 principio
915 5759 1176 5830 repetitur
1225 5777 1237 5812 :
1280 5757 1402 5813 Fiat
1449 5758 1831 5829 ﬁrmamentum

1948 1953 2135 2025 geticis
2160 1954 2437 2024 spiritibus
2463 1955 2565 2009 ista
2588 1955 2983 2027 perstringere,
3002 1954 3048 2010 si
3073 1971 3180 2010 non
3210 1955 3526 2011 studcaunts

1947 2042 2061 2098 b:ec
2093 2043 2257 2098 etiam
2286 2044 2351 2097 ad
2389 2052 2604 2100 nostros
2637 2044 2911 2115 profectus
2939 2060 3175 2115 congrua
3214 2044 3525 2101 considera-

1947 2137 2093 2192 tione
2122 2122 2400 2192 derivare?
2424 2136 2561 2203 Quia
2588 2136 2733 2193 enim
2759 2154 2988 2209 superna
3015 2138 3103 2194 illa
3129 2139 3322 2213 civitas
3342 2153 3412 2193 ex
3431 2153 3528 2211 ap-

1945 2227 2077 2300 gelis
2101 2234 2156 2285 et
2182 2228 2490 2284 hominibus
2517 2236 2733 2284 constat
2769 2248 2795 2283 :7
2813 2229 2881 2284 ad
2907 2245 3069 2299 quam
3107 2237 3316 2285 tantum
3342 2227 3520 2284 credi-

1946 2338 2067 2378 mus
2095 2323 2389 2378 humanum
2416 2339 2589 2395 genus
2622 2325 2932 2391 ascendere,
2959 2334 3190 2395 quantos
3219 2325 3325 2382 illic
3351 2324 3529 2381 conti-

1945 2412 2023 2482 git
2042 2412 2244 2469 electos
2274 2414 2492 2484 angelos
2529 2414 2886 2481 remansisse;
2927 2415 3070 2485 sicut
3101 2416 3359 2485 scriptum
3389 2424 3472 2471 est
3504 2433 3521 2468 :

1946 2500 2140 2555 Statuit
2167 2503 2413 2557 terminos
2438 2505 2669 2572 gentium
2694 2503 2978 2558 secundum
3009 2521 3280 2558 numerum
3308 2504 3522 2573 αηρείοφ

1948 2605 2063 2642 rum
2090 2589 2221 2653 Dei;
2246 2590 2500 2645 debemus
2523 2600 2578 2644 et
2604 2606 2700 2645 nos
2725 2590 2923 2660 aliquid
2951 2607 3014 2646 ex
3044 2590 3149 2645 illis
3170 2591 3526 2647 distinctionis

1944 2675 2046 2732 bus
2074 2692 2428 2748 supernorum
2461 2678 2659 2732 civium
2697 2677 2765 2733 ad
2800 2693 2969 2733 usum.
2996 2686 3194 2733 uostne
3232 2692 3521 2732 conversa-

1949 2770 2109 2824 tionis
2143 2771 2378 2835 trahere,
2401 2785 2607 2839 nosque
2633 2770 2776 2840 ipsos
2805 2770 2871 2825 ad
2906 2769 3239 2826 incrementa
3265 2769 3520 2827 virtutum

1944 2860 2101 2915 bonis
2150 2861 2344 2916 studiis
2395 2860 2746 2915 inﬂammare.
2787 2861 2923 2928 Quia
2965 2861 3108 2917 enim
3173 2861 3298 2916 illuc
3338 2876 3527 2916 ascen-

1944 2965 2068 3005 sura
2125 2950 2364 3006 creditur
2419 2959 2566 3006 tanta
2625 2951 2909 3006 multitudo
2972 2951 3285 3017 hominum,
3323 2961 3524 3025 quanta

1946 3044 2231 3100 multitudo
2258 3046 2521 3100 remansit
2543 3045 2877 3116 angelorum,
2907 3051 3150 3114 superest
3175 3051 3236 3098 ut
3261 3042 3527 3113 ipsiiquo—

1945 3153 2050 3206 quc
2079 3137 2322 3192 homines
2349 3138 2439 3207 qui
2482 3138 2549 3192 ad
2579 3137 2854 3192 cmlestem
2891 3136 3122 3206 patriam
3162 3136 3415 3199 redeunt,
3453 3148 3532 3190 ex.

1945 3228 2025 3283 eis
2061 3228 2362 3298 agminibus
2400 3227 2637 3297 aliquid,
2677 3226 2803 3282 illuc
2845 3234 3207 3291 revertentes,
3251 3225 3537 3280 imitentcs

1949 3314 2135 3389 [Forte
2162 3316 2485 3389 imitentur]:
2522 3317 2783 3373 Distincte
2821 3330 3052 3384 namque
3087 3313 3527 3371 convcrsationes

1947 3406 2227 3461 hominum
2255 3406 2588 3478 singulorum
2611 3406 2884 3476 agminum
2903 3405 3185 3462 ordinibus
3201 3412 3522 3475 congruunt,

1947 3505 2002 3552 et
2026 3497 2081 3551 in
2104 3512 2292 3552 eorum
2325 3506 2529 3551 sortem
2545 3513 2643 3568 per
2670 3495 3098 3552 conversationis
3120 3494 3524 3551 similitudinem

1946 3587 2292 3657 deputantur.
2336 3586 2471 3642 Nam
2507 3594 2632 3643 sunt
2664 3586 2915 3658 plerique
2945 3587 3035 3656 qui
3075 3600 3238 3656 parva
3280 3585 3524 3655 capiunt,

1947 3679 2041 3733 sed
2066 3686 2248 3734 tamen
2286 3679 2401 3735 haec
2433 3679 2625 3734 eadem
2657 3694 2823 3749 parva
2860 3678 2954 3748 pie
2982 3677 3304 3735 annuntiare
3342 3674 3525 3730 fratri-

1947 3768 2047 3824 bus
2074 3783 2180 3823 non
2207 3768 2469 3824 desistunt
2499 3786 2512 3821 :
2550 3768 2637 3823 isti
2670 3768 2852 3837 itaque
2890 3768 2944 3821 in
2991 3765 3298 3837 angelorum
3334 3779 3524 3819 nume-

1950 3873 2069 3913 rum
2097 3865 2342 3912 currunt.
2373 3858 2440 3912 Et
2463 3866 2591 3912 sunt
2619 3857 2859 3913 nonnulli
2884 3858 3007 3926 qui,
3035 3856 3232 3912 divinae
3258 3854 3527 3925 largitatis

1948 3960 2168 4000 munere
2190 3945 2406 4012 refecti,
2430 3954 2760 4002 secretorum
2791 3946 3090 4002 caelestium
3114 3960 3323 4001 sumus
3349 3952 3403 3999 et
3427 3959 3523 3997 ca-

1947 4048 2077 4104 pere
2107 4034 2399 4106 przevalent
2431 4042 2487 4089 et
2520 4036 2770 4090 nuntiare
2813 4054 2825 4088 :
2869 4050 2976 4105 quo
3018 4032 3216 4106 [Forte
3254 4032 3524 4103 quomodo

1945 4126 2028 4186 hic
2058 4136 2106 4186 et
2130 4124 2296 4202 intra]
2323 4140 2454 4201 ergo
2494 4125 2583 4184 isti
2621 4141 2725 4184 non
2766 4125 2906 4184 inter
2940 4122 3385 4196 archangelorutu
3418 4138 3522 4179 nn-

1948 4237 2153 4277 merum
2178 4220 2538 4291 deputantur?
2569 4220 2636 4275 Et
2663 4229 2788 4275 sunt
2820 4220 2909 4290 qui
2943 4219 3078 4273 mira
3105 4218 3339 4281 faciunt,
3369 4216 3525 4286 signa

1944 4311 2188 4367 valenter
2210 4319 2505 4382 operantur
2535 4328 2547 4364 :
2578 4325 2685 4380 quo
2714 4311 2877 4378 igitur
2903 4308 3011 4373 isti,
3042 4307 3145 4362 nisi
3167 4306 3234 4360 ad
3264 4319 3526 4375 superna-

1945 4416 2064 4456 rum
2087 4401 2347 4456 virtutum
2370 4408 2569 4457 sortem
2586 4408 2640 4456 et
2656 4416 2937 4455 numerum
2960 4407 3258 4470 congruunt
3274 4397 3378 4452 ?Et
3399 4405 3524 4452 sunt

1944 4491 2191 4548 nonnulli
2217 4492 2311 4563 qui
2345 4491 2506 4547 etiam
2550 4492 2616 4546 de
2648 4490 2885 4546 obsessis
2907 4488 3222 4559 corporibus
3260 4486 3526 4554 malignos

1942 4583 2163 4653 spiritus
2188 4582 2411 4652 fugant,
2441 4595 2639 4651 eosque
2684 4580 2881 4635 virtute
2915 4579 3176 4635 orationis
3200 4586 3253 4633 et
3289 4578 3339 4631 vi
3367 4593 3525 4632 acce-

1941 4682 2045 4742 pta‘
2087 4672 2370 4742 potestatis
2415 4669 2636 4739 ejicinnt
2690 4687 2704 4725 :
2753 4685 2861 4741 quo
2908 4670 3090 4739 itaque
3136 4668 3223 4721 isti
3268 4666 3516 4719 meritum
3556 4730 3561 4733 ῆ

1942 4780 2097 4819 suum
2118 4804 2137 4828 ,
2171 4763 2275 4817 nisi
2308 4762 2449 4815 inter
2482 4767 2775 4829 potestates
2802 4755 3178 4830 [potestatum]
3220 4754 3517 4809 cmlestium

1943 4868 2224 4908 numerum
2269 4849 2603 4906 sortiuntur?
2640 4849 2706 4904 Et
2742 4854 2867 4903 sunt
2900 4843 3137 4900 nonnulli
3164 4844 3254 4915 qui
3283 4843 3511 4914 accepti"

1942 4943 2232 4999 virtutibus
2266 4942 2430 4997 etiam
2469 4941 2761 4998 electorum
2801 4938 3076 4994 hominum
3111 4936 3301 4992 merita
3341 4945 3491 4990 trans

1942 5036 2207 5099 cendunt;
2232 5049 2464 5104 cumque
2486 5041 2541 5086 et
2565 5032 2723 5088 bonis
2745 5029 2994 5085 meliores
3018 5038 3162 5095 sunt,
3186 5028 3369 5083 electis
3391 5042 3496 5096 quo

1942 5140 2046 5195 que
2093 5122 2350 5179 fratribus
2389 5123 2764 5194 principantur
2807 5137 2821 5173 :
2862 5134 2968 5189 quo
3012 5134 3142 5191 ergo
3184 5118 3270 5173 isti
3317 5126 3517 5171 sortem

1943 5232 2129 5281 suam,
2173 5215 2274 5270 nisi
2310 5215 2451 5269 inter
2489 5211 2889 5283 principatuum
2933 5224 3215 5265 numerum
3242 5248 3256 5272 ,
3295 5220 3490 5277 aceepe

1942 5306 2102 5360 runt?
2131 5307 2200 5360 Et
2229 5312 2352 5360 sunt
2391 5302 2631 5359 nonnulli
2657 5302 2748 5372 qui
2780 5301 2860 5357 sic
2895 5302 2950 5356 in
2976 5298 3278 5369 semetipsis
3311 5297 3507 5352 cuncti:

1942 5398 2087 5452 vitiis
2112 5397 2469 5464 omnibusque
2493 5393 2773 5449 desideriis
2792 5393 3158 5457 dominantur,
3182 5399 3241 5444 ut
3262 5390 3377 5459 ipso
3395 5387 3488 5456 jur

1946 5488 2224 5543 munditiae
2263 5487 2335 5541 dii
2380 5486 2523 5541 inter
2562 5478 2809 5541 homines
2850 5494 3146 5549 vocentur;
3187 5482 3327 5537 unde
3360 5490 3417 5536 et
3448 5483 3519 5537 rd

1944 5580 2160 5650 Moysen
2187 5577 2384 5632 dicitur
2421 5576 2598 5631 :Ecce
2637 5576 2883 5631 constitui
2921 5586 2969 5630 te
3013 5576 3179 5630 Deum
3220 5572 3521 5628 Pharaonis

1946 5667 2141 5740 (Exod.
2173 5666 2270 5737 vn)
2307 5682 2318 5720 :
2358 5682 2465 5737 quo
2501 5682 2630 5738 ergo
2662 5666 2779 5731 isti,
2823 5666 2923 5721 nisi
2963 5666 3104 5745 inter
3139 5678 3392 5719 numeros
3421 5663 3524 5717 de»

1945 5752 2264 5828 ntinatuutu,
2292 5749 2552 5816 currunt?
2580 5759 2649 5815 Et
2675 5766 2802 5815 sunt
2830 5756 3066 5814 nonnulli
3091 5756 3203 5827 qui,
3224 5754 3351 5809 dum
3381 5754 3488 5809 sibi
