4074 6316
273 370 343 426 53
1251 372 1340 429 DE
1378 372 1726 431 UNIVERSO
1760 371 1943 430 LIBRI
1984 372 2147 429 XXII.
2169 403 2240 415 —
2276 373 2402 429 LIB.
2445 375 2507 433 ll.
2670 430 2675 437 ,
2876 420 2882 427 .
3172 402 3186 414 ο
3443 385 3516 443 5.5

272 495 392 531 mea
423 476 629 532 Domini
656 475 810 547 (Gen.
841 477 937 550 tv),
968 478 1091 533 licet
1117 474 1358 551 plerique.
1382 482 1727 540 llebrzeorum
1750 499 1841 540 ar—
1867 486 1918 549 Α
1944 484 2085 538 mitis
2109 501 2225 538 sum
2252 494 2300 539 et
2330 486 2544 540 [inutilis
2571 488 2745 553 corde,
2775 498 2823 543 et
2850 489 3120 551 invenietis
3147 497 3369 566 requiem
3396 501 3518 555 ani-

272 568 544 623 bitrentur
564 566 707 635 quod
743 575 869 622 tunc
891 569 1123 637 primum
1155 570 1208 624 in
1234 571 1452 627 nomine
1477 572 1689 629 Domini
1710 574 1841 629 etin

276 658 617 713 similitudine
645 657 763 728 ejus
800 657 1059 715 fabricata
1102 670 1229 716 sunt
1264 663 1422 718 idola.
1455 662 1700 719 Declarat
1735 664 1839 719 Eo-

274 749 491 804 clesiatn
532 749 583 802 in
615 763 710 818 spe
745 749 1039 816 viventem,
1086 752 1319 822 quandiu
1354 753 1422 809 ad
1456 754 1839 810 beatitudinem

272 838 547 909 promissa:
576 836 844 893 felicitatis
870 840 1169 909 perveniat.

336 927 542 989 Euocb,
566 926 706 981 ﬁlius
723 927 878 993 Cain,
900 928 1159 985 dedicatio
1179 931 1574 1002 interpretatur.
1592 933 1649 988 In
1674 933 1840 1005 ipsius

267 1018 410 1071 enim
442 1017 660 1071 nomine
697 1018 965 1073 civitatem
1010 1028 1195 1090 postea
1235 1021 1521 1077 :ediﬁcavit
1560 1023 1711 1079 Cain.
1756 1024 1841 1078 Si-

265 1108 486 1179 gniﬁcat
514 1116 694 1163 autem
739 1109 931 1179 impios
964 1110 1020 1165 in
1056 1111 1161 1167 hac
1189 1112 1298 1168 vita
1334 1119 1539 1168 tantum
1573 1130 1693 1170 esse
1719 1114 1840 1168 fun-

264 1200 438 1252 datas.
1710 1207 1716 1213 ’

320 1288 535 1343 Cainan
564 1288 870 1351 lamentatio
900 1291 982 1347 vel
1018 1293 1271 1362 possessio
1301 1309 1479 1348 eorum
1513 1295 1837 1365 interpreta-

263 1387 367 1433 tur.
399 1377 555 1433 Sicut
574 1380 719 1434 enim
742 1379 874 1435 Cain
902 1385 1179 1452 possessio,
1204 1384 1276 1437 ita
1298 1383 1597 1439 derivatum
1620 1399 1835 1449 nomen,

260 1467 401 1537 quod
444 1476 531 1522 est
568 1467 770 1523 Cainan
794 1508 811 1534 ,
849 1468 978 1525 facit
1023 1470 1276 1540 possessio
1323 1487 1521 1524 eorum.
1560 1470 1840 1541 Signiﬁcat

261 1564 437 1611 autem
461 1558 795 1628 appetitores
812 1559 1108 1614 carnalium
1123 1551 1486 1629 voluptatum,
1512 1560 1602 1630 qui
1628 1569 1837 1617 tantum

258 1647 323 1702 de
350 1648 638 1717 praesentis
658 1649 781 1704 vitae
809 1648 1016 1705 deliciis
1045 1650 1456 1706 sollicitudinem
1478 1659 1691 1722 gemat.

329 1735 476 1792 Chus
512 1736 777 1794 Hebraice
810 1729 1058 1810 ΑΞἾΙιὶορέ
1083 1740 1485 1811 interpretatur,
1517 1741 1631 1815 [ex]
1656 1750 1837 1811 poste-

1941 571 2125 626 mabus
2154 573 2333 627 rostris
2365 572 2579 643 (Matth.
2603 575 2703 647 xl).
2730 577 2887 633 Solus
2905 576 3086 646 justus
3108 582 3380 643 invenitur
3403 587 3519 648 Noe

1940 657 1996 713 in
2026 657 2109 712 illa
2141 668 2300 730 gente
2319 700 2333 724 ,
2369 660 2452 715 cui
2496 671 2699 732 septem
2730 664 2973 721 homines
3006 668 3276 728 donantur
3297 686 3518 747 propter

1931 742 2197 813 justitiam
2225 764 2398 803 suam.
2428 748 2585 805 Solus
2607 749 2783 819 justus
2810 762 2895 808 est
2917 762 3077 825 atque
3104 742 3515 831 ρει-Γραίας,ὀυί

1942 844 2143 905 septem
2175 838 2417 894 ecclesia:
2438 879 2452 901 ,
2489 848 2710 910 propter
2735 846 3133 914 seplemplicem
3166 849 3423 922 Spiritum
3452 857 3516 911 il-

1938 922 2286 982 luminantem
2306 968 2321 993 ,
2356 928 2409 982 iu
2440 945 2601 983 unam
2644 930 2936 988 Ecclesiam
2983 937 3375 996 condonantur.
3402 930 3519 1001 Noe

1937 1032 2065 1087 ergo
2093 1033 2274 1073 arcam
2313 1021 2613 1075 construxit
2642 1023 2708 1078 de
2747 1022 2905 1096 lignis
2945 1026 3399 1101 imputribilibus;
3437 1037 3518 1091 sic

1937 1107 2185 1163 Christus
2212 1107 2496 1165 fabricavit
2534 1111 2831 1168 Ecciesiam
2859 1130 2921 1169 ex
2960 1116 3267 1176 hominibus
3292 1122 3518 1180 victuris

1943 1190 1991 1250 in
2010 1205 2291 1252 mteruum.
2309 1199 2479 1270 Ligna
2500 1216 2640 1256 area:
2661 1203 3025 1273 conglutinata
3046 1220 3198 1262 erant
3221 1210 3515 1281 bitumine;

1936 1287 2016 1341 sic
2043 1297 2096 1341 et
2122 1286 2373 1343 Ecclesiae
2401 1292 2639 1346 membra
2663 1291 2851 1361 juncta
2892 1306 3017 1351 sunt
3054 1304 3370 1374 compagine
3398 1310 3519 1361 uni-

1940 1377 2067 1432 tatis
2089 1384 2145 1432 et
2171 1378 2453 1434 tolerantia
2478 1381 2778 1438 charitatis.
2811 1383 2964 1440 Sicut
2988 1386 3099 1443 Noe
3128 1406 3249 1445 cum
3277 1394 3390 1448 suis
3417 1411 3517 1465 per

1936 1480 2133 1535 aquam
2154 1475 2208 1521 et
2232 1467 2432 1537 lignum
2460 1469 2697 1527 salvatus
2721 1482 2824 1539 est,
2855 1475 2935 1530 sic
2970 1476 3172 1534 familia
3197 1481 3395 1539 Christi
3421 1501 3519 1555 per

1936 1555 2264 1627 baptismum
2282 1567 2338 1614 et
2359 1561 2536 1617 crucis
2555 1563 2859 1632 passionem
2882 1576 2967 1623 est
2986 1580 3197 1627 sanata.
3211 1572 3350 1629 Area
3372 1578 3518 1634 enim

1937 1647 2039 1703 ista
2066 1648 2364 1707 Ecclesiam
2393 1653 2829 1724 demonstrabat,
2857 1674 2978 1728 quae
3008 1671 3160 1718 natat
3186 1665 3238 1719 in
3270 1666 3518 1725 ﬂuctibus

1936 1739 2122 1794 mundi
2148 1740 2326 1810 hujus,
2355 1752 2410 1797 et
2432 1742 2649 1801 Christo
2672 1748 3005 1817 gubernante
3029 1752 3097 1806 ad
3125 1751 3276 1811 littus
3298 1767 3515 1814 teternte

255 1826 411 1880 ritate
435 1827 523 1882 sui
554 1829 767 1896 generis
794 1845 987 1885 nomen
1015 1832 1256 1887 sortitus.
1284 1831 1368 1888 Ab
1393 1832 1508 1903 ipso
1533 1834 1677 1889 enim
1704 1843 1831 1890 sunt
1856 1824 1903 1883 B
1930 1829 2128 1900 quietis
2169 1832 2356 1887 tendit.
2396 1830 2513 1888 Ιειη]
2548 1850 2677 1891 vero
2726 1836 2884 1907 illud,
2918 1841 3059 1910 quod
3102 1854 3222 1912 post
3255 1846 3514 1904 diluvium

252 1916 595 1987 primogeniti
624 1918 925 1990 .‘Ethiopes.
957 1919 1013 1974 In
1048 1921 1202 1991 cujus
1236 1929 1381 1976 terra
1417 1922 1620 1977 dicitur
1645 1924 1834 1980 beatus

250 2002 348 2060 Job
372 2007 653 2065 habitasse
681 2025 803 2066 cum
844 2010 896 2065 in
927 2013 1102 2080 capite
1137 2011 1259 2067 libri
1302 2012 1446 2068 illius
1473 2013 1546 2068 ita
1573 2013 1833 2084 scriptum

246 2106 326 2154 est
350 2116 370 2153 ε
416 2098 517 2154 Vir
543 2111 657 2155 erat
694 2102 916 2157 interra
945 2101 1086 2157 Chus
1127 2105 1334 2159 nomine
1357 2104 1458 2158 Job
1485 2103 1628 2177 (Job.
1662 2104 1723 2177 ι).
1750 2105 1868 2162 ld-.

246 2188 389 2245 circo
415 2198 646 2247 sanctus
674 2191 759 2246 vir
779 2193 868 2246 ubi
889 2192 1216 2249 habitaverit
1243 2194 1459 2261 dicitur,
1491 2204 1549 2250 ut
1573 2194 1689 2264 ejus
1718 2210 1833 2251 me-

243 2281 405 2336 ritum
430 2282 661 2337 virtutis
684 2283 1036 2353 exprimatur.
1060 2283 1205 2341 Chus
1227 2302 1457 2358 namque
1484 2287 1607 2357 quis
1628 2288 1835 2343 nesciat

242 2371 382 2439 quod
410 2371 495 2425 sit
525 2380 675 2426 terra
708 2372 1039 2441 gentilium?
1072 2373 1356 2430 Geutilitas
1392 2382 1570 2430 autem
1597 2376 1831 2448 obligata

241 2458 385 2514 vitiis
425 2459 672 2526 exstitit,
712 2462 974 2530 quoniam
1009 2464 1365 2534 cognitionem
1404 2464 1486 2521 sui
1522 2463 1832 2521 Conditoris

242 2549 533 2619 ignoravit.
564 2551 786 2607 Dicatur
810 2553 989 2624 itaque
1014 2555 1101 2609 ubi
1127 2555 1474 2623 habitaverit,
1496 2564 1557 2612 ut
1584 2559 1686 2615 hoc
1715 2556 1832 2626 ejus

242 2641 497 2699 laudibus
510 2639 767 2713 proﬁciat
788 2647 929 2717 quod
955 2648 1127 2704 bonus
1150 2648 1289 2703 inter
1309 2648 1481 2705 malos
1503 2648 1622 2705 fuit.
1645 2650 1832 2720 Neque

236 2731 392 2786 valde
420 2740 517 2787 est
545 2733 816 2790 laudabile
840 2736 1039 2791 bonum
1072 2751 1198 2793 esse
1226 2752 1351 2792 cum
1387 2737 1543 2793 bonis
1560 2777 1577 2805 ,
1604 2739 1700 2795 sed
1729 2739 1829 2795 bo-

239 2835 367 2874 num
390 2836 524 2877 esse
551 2838 672 2878 cum
697 2825 874 2880 malis.

309 2910 507 2966 Enocli
535 2921 729 2980 autem,
758 2914 901 2971 ﬁlius
928 2914 1113 2983 Jared,
1138 2916 1526 2988 interpretatur
1545 2918 1823 2983 dedicatio,

236 3002 377 3056 sicut
400 3010 457 3076 et
490 3006 754 3075 superior.
791 3005 914 3077 Ipse
953 3010 1129 3079 genuit
1163 3009 1552 3075 Mathusalam,
1592 3010 1831 3065 ambula-

237 3093 404 3162 ritque
437 3110 566 3149 eam
602 3095 712 3150 Deo
735 3136 750 3162 ,
788 3106 839 3151 et
869 3114 973 3152 non
1006 3101 1252 3170 apparuit
1289 3114 1309 3154 :
1346 3102 1472 3173 quia
1518 3101 1637 3156 tulit
1673 3101 1823 3158 illum

240 3177 375 3236 Deus
403 3179 567 3253 (Gen.
589 3185 687 3254 tv).
711 3183 813 3242 llic
839 3164 1098 3257 septimus
1118 3189 1187 3244 ab
1210 3164 1379 3244 Adam
1408 3190 1700 3247 translatus
1714 3199 1820 3259 est,
1849 3164 1894 3226 (ἶ

235 3282 286 3326 et
322 3274 601 3344 signiﬁcat
638 3277 924 3347 septimam
966 3282 1206 3351 requiem
1239 3282 1432 3338 futurae
1470 3286 1826 3341 resurrectio-

233 3361 348 3426 nis,
388 3366 619 3434 quando
651 3362 1045 3424 transferentur
1076 3370 1248 3425 sancti
1281 3370 1334 3425 in
1364 3372 1528 3427 vitam
1554 3381 1825 3443 perpetua:

236 3450 698 3523 immortalitatis,
729 3465 785 3513 et
816 3456 1208 3515 dedicahuntur
1243 3460 1608 3517 habitaculum
1644 3462 1738 3518 Dei
1768 3463 1823 3533 in

236 3540 437 3614 Spiritu
468 3555 686 3602 saneto.

299 3635 669 3709 Mathusalam
690 3639 1076 3710 interpretatur
1088 3652 1343 3702 mortuus.
1361 3642 1455 3701 Est
1477 3642 1696 3700 evidens
1707 3651 1824 3715 ety—

232 3726 466 3795 mologia
488 3728 742 3783 nominis.
759 3728 987 3794 Quidam
1006 3732 1151 3788 enim
1173 3748 1295 3789 eum
1319 3749 1441 3789 cum
1468 3743 1625 3804 patre
1647 3743 1825 3791 trans-

232 3813 396 3870 latum
430 3815 632 3881 fuisse,
670 3825 726 3871 et
752 3816 1011 3873 diluvium
1036 3822 1341 3890 praeterisse
1367 3830 1709 3891 putaverunt.
1741 3824 1824 3881 Ob

232 3904 329 3960 hoc
359 3906 651 3977 signanter
681 3906 1006 3963 transfertur
1034 3920 1273 3965 mortuus
1300 3921 1398 3976 est,
1427 3920 1486 3965 ut
1512 3912 1826 3969 ostendere-

233 4002 318 4048 tur
346 4011 455 4050 non
489 3995 691 4052 vixisse
713 4011 839 4053 eum
867 4008 987 4067 post
1013 3999 1292 4066 diluvium.
1319 4001 1414 4057 sed
1443 4001 1494 4056 in
1520 4002 1709 4057 eodem
1734 4018 1825 4058 ca-

235 4083 504 4155 taclysmo
533 4083 698 4140 fuisse
726 4087 1062 4143 defunctum.
1102 4089 1214 4144 Soli
1251 4090 1397 4145 enim
1426 4100 1552 4147 octo
1577 4092 1823 4149 homines

234 4172 284 4226 in
320 4189 449 4230 arca
487 4174 749 4231 diluvium
788 4188 1095 4234 evaserunt.
1139 4179 1421 4252 Signiﬁcat
1458 4191 1641 4238 autem
1676 4183 1820 4238 idem

236 4262 593 4322 Mathusalam
622 4283 716 4325 eos
744 4270 835 4340 qui
866 4271 992 4327 huic
1013 4272 1213 4329 mundo
1240 4282 1449 4329 tantum
1476 4274 1645 4331 dediti
1672 4286 1819 4345 sunt,

235 4363 283 4409 et
321 4354 565 4411 futuram
601 4358 767 4413 vitam
807 4375 916 4414 non
951 4372 1219 4431 quaerunt.
1260 4363 1327 4419 Hi
1361 4366 1505 4420 enim
1543 4366 1665 4422 licet
1700 4367 1818 4423 lon-

235 4447 362 4514 εῖννί
394 4444 603 4503 fuerint
629 4458 1041 4518 super‘terram,
1068 4461 1249 4510 tamen
1280 4457 1548 4513 veraciter
1574 4459 1817 4513 moriun-

240 4543 353 4604 tur,
381 4541 513 4610 quia
557 4549 773 4598 aeternae
815 4544 939 4602 vita
977 4547 1269 4618 participes
1309 4550 1543 4608 existere
1569 4567 1681 4608 non
1706 4567 1820 4607 me-

239 4641 441 4687 rctttur.

306 4720 540 4778 Lamech
577 4735 758 4782 autem
785 4729 1076 4797 percutiens
1106 4728 1514 4802 interpretatur.
1544 4734 1651 4788 iste.
1674 4734 1817 4788 enim

238 4814 539 4879 percutiens
577 4816 844 4874 interfecit
878 4820 1030 4876 Cain.
1072 4822 1225 4888 Quod
1268 4824 1432 4880 etiam
1484 4826 1598 4896 ipse
1633 4835 1819 4896 postea

241 4907 296 4953 Se
320 4913 662 4973 perpetrasse
689 4909 947 4967 uxoribus
980 4911 1288 4968 conﬁtetur.
1324 4914 1422 4971 Hie
1449 4917 1629 4971 saeculi
1660 4915 1819 4985 hujus

241 4988 460 5059 ﬁguram
484 5002 652 5061 tenet,
675 4996 826 5065 cujus
847 5010 1126 5070 peccatum
1147 5001 1397 5061 Christus
1420 5022 1517 5077 per
1541 5009 1818 5079 sanguinis

240 5079 318 5132 sui
344 5081 658 5140 effusionem
679 5098 801 5157 post
829 5092 1166 5163 septuaginta
1192 5103 1398 5164 septem
1445 5098 1629 5152 mundi
1660 5114 1821 5169 gene-

242 5169 474 5227 rationes
497 5175 759 5237 absolvit.
792 5177 942 5234 iuxta
975 5182 1117 5252 quod
1150 5197 1247 5239 eas
1273 5186 1602 5255 evangelista
1639 5187 1817 5244 Lucas

240 5257 440 5313 scribit.

307 5347 415 5441 Noe
448 5368 573 5408 vero
609 5358 809 5429 requies
838 5360 1243 5432 interpretatur.
1271 5365 1354 5422 Ab
1382 5381 1449 5422 eo
1477 5368 1644 5440 igitur
1669 5372 1813 5441 quod

241 5437 336 5492 sub
363 5440 451 5497 illo
475 5447 655 5501 omnia
680 5459 827 5504 retro
851 5452 1155 5521 quieverint
1184 5472 1283 5526 per
1307 5457 1600 5526 diluvium,
1631 5464 1813 5533 appel-

240 5525 376 5587 latus
414 5542 500 5600 est
543 5539 762 5607 requies.
808 5542 1088 5614 Signiﬁcat
1125 5525 1306 5603 autem
1339 5547 1453 5604 Noe
1490 5566 1588 5621 per
1625 5525 1814 5610 omnes

240 5627 388 5676 actus
416 5638 542 5681 suos
564 5626 858 5687 Christum.
888 5632 1000 5690 Noe
1029 5636 1194 5702 enim,
1232 5645 1293 5691 ut
1324 5637 1578 5704 diximus,
1611 5645 1812 5713 requies

243 5708 639 5788 interpretatur,
682 5731 739 5777 et
766 5724 1027 5783 Dominus
1059 5728 1191 5785 dicit
1230 5746 1243 5781 :
1286 5728 1483 5784 Discite
1514 5747 1547 5784 α
1577 5747 1659 5786 me
1678 5708 1811 5803 quia

1846 4510 1897 4572 D

1936 1918 2002 1973 de
2023 1920 2177 1974 vinea
2206 1934 2367 1991 quam
2398 1923 2657 1993 plantavit
2695 1926 2993 1984 inebriatus
3031 1930 3146 1986 Noe
3185 1943 3240 1989 et
3284 1937 3516 1994 nudatus

1934 2018 2017 2063 est
2044 2007 2095 2062 in
2122 2009 2281 2065 domo
2310 2028 2404 2066 sua
2425 2053 2439 2078 ,
2464 2014 2548 2068 cui
2578 2030 2682 2070 non
2711 2029 2971 2087 appareat
3001 2018 3206 2078 Christi
3233 2040 3352 2080 esse
3383 2027 3516 2100 ﬁgu-

1936 2114 2073 2165 ram,
2101 2102 2191 2170 qui
2222 2102 2520 2161 inebriatus
2549 2115 2636 2163 est
2657 2108 2783 2163 dum
2813 2126 3008 2180 passus
3030 2124 3143 2179 est,
3177 2117 3406 2176 nudatus
3430 2130 3517 2177 est

1933 2189 2060 2243 dum
2099 2191 2393 2248 cruciﬁxus
2433 2195 2552 2250 est?
2588 2195 2646 2250 ln
2672 2195 2834 2253 domo
2860 2198 2953 2254 sua
2980 2241 2995 2266 ,
3036 2201 3088 2257 id
3116 2213 3231 2269 est,
3264 2205 3318 2260 in
3356 2219 3518 2277 gente

1931 2293 2060 2347 sua;
2101 2290 2157 2336 et
2191 2282 2247 2337 in
2283 2282 2595 2342 domesticis
2628 2290 2903 2359 sanguinis
2931 2293 3047 2359 sui,
3077 2296 3263 2369 utique
3293 2296 3515 2358 Judreis.

1932 2371 2082 2427 Tunc
2109 2373 2252 2429 enim
2281 2377 2481 2431 nudata
2512 2385 2597 2432 est
2634 2380 2937 2436 mortalitas
2961 2385 3146 2439 carnis
3174 2386 3309 2455 ejus.
3340 2374 3516 2456 Quam

1929 2459 2257 2530 nuditatem,
2301 2466 2354 2519 id
2383 2475 2500 2531 est,
2541 2469 2846 2538 passionem
2886 2470 3087 2528 Christi
3130 2475 3318 2532 videns
3345 2479 3516 2536 Cham

1931 2553 2150 2618 derisit;
2179 2562 2235 2608 et
2257 2554 2427 2610 1υάίεὶ
2455 2556 2655 2613 Christi
2686 2568 2910 2615 mortem
2938 2563 3180 2620 videntes
3217 2570 3517 2625 subsanna-

1930 2651 2143 2699 verunt.
2179 2644 2304 2699 Sem
2336 2661 2464 2703 vero
2491 2656 2546 2702 et
2571 2648 2784 2720 Japhet,
2818 2659 3074 2722 tanquam
3102 2656 3209 2711 duo
3237 2661 3415 2730 pepuli
3445 2679 3515 2718 ex

1927 2736 2342 2795 circumcisione
2377 2748 2433 2795 et
2459 2743 2724 2812 przeputio
2763 2748 3073 2810 credentes.
3106 2754 3321 2822 cognita
3354 2758 3513 2811 nudi-

1929 2834 2040 2882 tate
2064 2828 2267 2899 patris,
2295 2846 2401 2900 qua
2433 2831 2835 2902 signiﬁcabatur
2862 2840 3043 2907 passio
3073 2838 3389 2909 Salvatoris,
3423 2864 3514 2902 su-

1926 2925 2136 2972 mentes
2162 2920 2541 2976 vestimentum
2587 2935 2885 2994 posuerunt
2908 2942 3071 2998 super
3106 2930 3261 2987 dorsa
3292 2951 3418 2997 sua,
3457 2946 3515 2992 et

1925 3007 2191 3064 intrantes
2215 3011 2389 3065 aversi
2420 3025 2745 3082 operuerunt
2773 3018 3067 3074 nuditatem
3092 3023 3277 3091 patris,
3307 3042 3406 3081 nec
3430 3024 3512 3083 vi?

1924 3100 2145 3167 derunt,
2166 3104 2309 3172 quod
2331 3106 2564 3159 verenda
2594 3108 2764 3175 patris
2792 3117 3062 3165 texerunt.
3095 3112 3339 3180 Quodam
3361 3119 3508 3174 enim

1926 3192 2086 3246 modo
2112 3192 2421 3261 passionem
2451 3193 2651 3251 Christi
2684 3199 2986 3256 velamento
3015 3204 3273 3274 tegimus,
3309 3208 3360 3261 id
3401 3219 3511 3275 est,

1925 3292 2269 3337 sacramento
2296 3284 2654 3352 honoramus,
2693 3286 2917 3361 ejusque
2957 3295 3199 3364 mysterii
3239 3280 3506 3356 rationem

1925 3372 2243 3440 reddentes,
2266 3371 2572 3431 Judaeorum
2593 3378 2984 3437 detractionem
3016 3384 3310 3454 operimus.
3336 3386 3514 3443 Vesti-

1924 3472 2167 3519 mentum
2195 3465 2339 3519 enim
2364 3466 2637 3535 signiﬁcat
2661 3481 3082 3539 sacramentum,
3113 3477 3270 3532 dorsa
3302 3493 3510 3534 memo-

1924 3552 2060 3606 riam
2094 3555 2490 3623 praateritorum
2526 3574 2538 3610 :
2572 3559 2697 3628 quia
2736 3561 3040 3629 passionem
3078 3563 3281 3620 Christi
3332 3575 3512 3623 transé

1922 3651 2101 3698 actam
2124 3645 2363 3701 celebrat
2395 3646 2655 3715 Ecclesia,
2687 3666 2790 3705 non
2821 3653 2999 3710 adhuc
3020 3665 3328 3725 prospectat
3367 3657 3515 3718 futue

1924 3746 2061 3789 ram.
3486 3766 3495 3775 ε

1996 3823 2127 3880 Sem
2151 3826 2350 3885 dicitur
2374 3832 2673 3887 nominatus
2706 3847 2725 3887 :
2753 3836 2897 3904 quod
2927 3852 3122 3895 nomen
3148 3854 3215 3895 ex
3245 3843 3511 3915 prmsagio

1921 3916 2257 3985 posteritatis
2297 3922 2523 3991 accepit.
2564 3923 2641 3978 Ex
2674 3925 2792 3995 ipso
2816 3927 2961 3982 enim
2997 3931 3353 4000 patriarchae,
3381 3949 3509 4003 pro-

1923 4006 2121 4076 phetae.
2146 4018 2203 4064 et
2227 4011 2477 4079 apostoli,
2505 4020 2561 4067 et
2586 4015 2813 4084 populus
2838 4018 2966 4084 Dei;
3000 4035 3067 4074 ex
3102 4022 3269 4091 ipsius
3296 4039 3512 4096 quoque

1922 4099 2093 4168 Stirpe
2118 4107 2174 4153 et
2202 4098 2485 4168 Christus,
2521 4104 2675 4175 cujus
2710 4107 2781 4161 ab
2804 4117 2927 4162 ortu
2959 4109 3091 4165 solis
3120 4126 3291 4183 usque
3321 4116 3388 4170 ad
3416 4131 3511 4172 oc-

1922 4203 2108 4244 casum
2137 4205 2392 4261 magnum
2417 4203 2501 4248 est
2527 4210 2725 4250 nomen
2757 4197 2808 4252 in
2834 4199 3107 4269 gentibus.

1925 4345 1928 4349 ν
1993 4278 2161 4335 Cham
2199 4282 2405 4337 calidus
2444 4284 2849 4355 interpretatur.
2881 4288 2947 4343 Et
2984 4290 3099 4359 ipse
3139 4305 3207 4347 ex
3245 4296 3512 4366 pnesagio

1920 4366 2089 4448 futuri
2116 4373 2544 4443 cognominatus.
2572 4375 2869 4432 Posteritas
2889 4379 3032 4433 enim
3064 4378 3179 4449 ejus
3206 4396 3328 4437 eam
3351 4392 3513 4441 terra:

1921 4469 2131 4530 partem
2152 4464 2409 4533 possedit,
2438 4480 2560 4535 quas
2584 4466 2765 4523 vicino
2792 4468 2903 4523 solo
2923 4469 3192 4526 calentior
3219 4481 3321 4528 est.
3357 4473 3511 4531 Unde

1920 4559 1976 4607 et
2011 4551 2281 4625 Egyptus
2309 4571 2479 4626 usque
2514 4558 2674 4613 hodie
2708 4558 3086 4632 Egyptiorum
3118 4562 3300 4633 lingua
3338 4562 3510 4619 Cham

1924 4643 2140 4699 dicitur.
2170 4645 2269 4701 Hic
2293 4646 2602 4704 Judaeorum
2624 4651 2871 4722 designat
2897 4654 3211 4726 imaginem,
3233 4655 3324 4724 qui
3349 4654 3512 4709 Chri-

1920 4737 1990 4790 sti
2021 4751 2239 4791 carnem
2270 4747 2435 4807 atque
2455 4750 2683 4795 mortem
2710 4744 2977 4798 derident.

1990 4823 2187 4894 Japhet
2213 4824 2868 4899 Iatitudorinterpretatur.
2908 4832 2986 4886 Ex
3019 4846 3086 4886 eo
3113 4822 3258 4888 enim
3285 4835 3512 4907 populus

1920 4916 2160 4987 gentium
2191 4917 2454 4974 nascitur.
2491 4919 2559 4974 Et
2581 4921 2707 4991 quia
2746 4921 2853 4977 lata
2884 4930 2966 4977 est
2994 4937 3060 4977 ex
3095 4924 3344 4992 gentibus
3375 4927 3513 4980 mlli-

1918 5010 2092 5065 titudo
2117 5013 2473 5080 credentium,
2500 5016 2568 5071 ab
2589 5016 2777 5072 eadem
2803 5017 3085 5075 latitudine
3111 5018 3306 5088 Japhet
3331 5019 3510 5074 dictus

1915 5108 2020 5166 est,
2051 5101 2143 5170 qui
2176 5113 2535 5159 conversatur
2570 5106 2625 5160 in
2650 5107 2898 5163 ecclesiis
2923 5107 3306 5164 lsraelitarum.
3338 5109 3393 5163 In
3422 5108 3511 5163 his

1916 5206 2047 5262 ergo
2073 5193 2247 5249 tribus
2287 5195 2412 5250 ﬁliis
2442 5195 2556 5251 Noe
2584 5197 2818 5252 secunda
2848 5200 3001 5270 origo
3032 5198 3212 5255 saeculi
3243 5199 3506 5262 surrexit,

1918 5290 1978 5336 ut
2002 5290 2112 5337 tres
2140 5295 2322 5353 partes
2353 5287 2534 5341 mundi
2566 5303 2596 5341 a
2637 5289 2797 5343 trium
2825 5291 3176 5359 generatione
3214 5291 3506 5360 impleren-

1924 5379 2027 5425 tur.
2059 5371 2229 5426 Porro
2249 5372 2374 5428 Sem
2399 5375 2453 5428 in
2479 5375 2603 5430 ﬁliis
2627 5378 2740 5432 suis
2758 5377 2964 5444 Asiam,
2988 5387 3044 5434 et
3062 5379 3232 5435 Cham
3254 5377 3506 5448 Libyam,

1919 5470 1975 5516 et
1998 5461 2197 5532 Japhet
2214 5463 2486 5534 Europam
2510 5468 2884 5537 possederunt.
2914 5467 2973 5523 lu
2994 5470 3190 5538 quibus
3211 5468 3375 5524 etiam
3402 5466 3505 5523 Ec-

1919 5552 2085 5608 clesia
2110 5552 2337 5619 Christi,
2353 5564 2556 5611 sancta:
2581 5558 2865 5613 Trinitatis
2892 5558 2996 5614 ﬁde
3025 5558 3338 5631 plantauda,
3359 5570 3504 5629 prae-

1919 5647 2347 5701 monstrabatur.

1988 5736 2269 5805 Chanaan,
2295 5736 2437 5795 ﬁlius
2463 5738 2656 5808 Cham,
2691 5743 3079 5814 interpretatur
3101 5753 3275 5799 motus
3299 5753 3499 5798 eorum.
