4074 6316
313 311 375 366 s7
1304 305 1390 360 or:
1434 303 1782 360 UNlV’ERSO
1822 303 2004 360 unm
2046 304 2206 360 xxu.
2244 337 2312 344 —
2350 305 2479 362 LIB.
2519 307 2580 363 ιι.
3495 318 3565 372 53

319 426 450 485 Loth
475 423 530 478 in
556 421 790 491 linguam
814 426 1051 474 nostram
1075 427 1306 473 VCI‘llllll‘
1335 437 1347 473 :
1382 421 1506 489 quia
1531 436 1708 474 omnes
1731 421 1888 474 simul
1915 425 1962 484 Α
2064 420 2203 474 Esau
2240 430 2418 475 autem
2448 422 2732 478 trinomius
2756 431 2838 478 est
2862 464 2876 488 ,
2930 432 2986 479 et
3019 441 3082 480 ex
3115 441 3346 498 propriis
3384 434 3564 488 causis

325 513 520 572 inutiles
551 510 678 579 facti
707 518 824 563 sunt
857 522 874 559 ε
904 525 1008 561 non
1031 519 1104 562 est
1133 510 1222 578 qui
1251 509 1410 578 faciat
1440 509 1650 574 bonum,
1681 527 1782 563 non
1808 519 1883 564 est

325 621 473 677 usque
497 601 566 656 ad
595 616 757 654 unum
782 585 954 668 (Psal.
987 598 1126 669 xm).

391 693 537 750 Sarai
587 692 970 760 interpretatur
1012 692 1246 760 princeps
1298 706 1427 751 mea,
1458 704 1523 742 eo
1558 687 1698 757 quod
1743 695 1886 742 esset

323 785 469 841 unius
506 779 885 834 tantummodo
944 779 1135 832 domus
1201 777 1624 832 materfamilias.
1693 779 1882 832 Postea

323 888 472 932 causa
502 871 736 926 nominis
776 868 1077 933 immutati,
1136 867 1314 922 ablata
1347 869 1366 921 i
1406 868 1585 922 littera
1614 909 1629 931 ,
1687 868 1886 923 dicitur

244 1029 246 1031 ε
319 966 469 1028 Sara,
499 962 554 1016 id
589 968 672 1016 est
721 960 974 1030 princeps.
1015 956 1266 1013 Omnium
1298 958 1494 1029 quippe
1537 959 1773 1028 gentium
1804 960 1886 1012 fu-

319 1064 428 1108 tura
482 1051 731 1121 princeps
759 1056 895 1113 erat,
925 1048 1066 1104 sicut
1107 1057 1161 1103 ει
1189 1049 1446 1104 Dominus
1474 1048 1743 1120 pollicitus
1771 1048 1887 1102 fue-

318 1154 396 1200 rat
422 1143 487 1198 ad
510 1141 781 1196 Abraham
813 1158 826 1194 :
858 1140 1005 1194 Dabo
1031 1140 1122 1194 tibi
1164 1156 1228 1194 ex
1257 1138 1391 1195 Sara
1438 1139 1627 1208 ﬁlium,
1659 1149 1707 1194 et
1731 1139 1885 1194 bene-

316 1237 478 1289 dicam
518 1235 586 1298 ei,
614 1243 663 1288 et
687 1233 785 1286 erit
811 1233 863 1284 in
885 1241 1085 1301 gentem
1113 1246 1355 1300 magnam
1375 1270 1389 1296 ,
1434 1230 1524 1284 sed
1553 1239 1600 1284 et
1627 1246 1767 1300 reges
1793 1246 1884 1300 po-

313 1324 549 1395 pulorum
572 1329 720 1378 erunt
746 1338 811 1376 ea:
837 1337 895 1376 eo
924 1318 1071 1392 (Gen.
1105 1321 1258 1390 xvu).

378 1417 521 1486 Agar
546 1417 930 1484 interpretatur
970 1413 1167 1467 advena
1197 1413 1277 1468 vel
1301 1429 1564 1466 conversa.
1591 1412 1714 1467 Fuit
1740 1414 1882 1466 enim

311 1505 557 1576 Egyptia
585 1503 884 1572 complexui
908 1503 1138 1557 Abraha:
1163 1503 1388 1567 advena,
1411 1517 1571 1557 causa
1594 1503 1882 1573 generandi

311 1598 464 1660 data;
502 1610 624 1665 qua:
668 1601 790 1663 post
845 1590 1206 1662 contemptum
1234 1632 1248 1656 ,
1311 1592 1499 1662 angelo
1551 1591 1879 1661 increpante,

307 1706 568 1747 conversa
608 1698 692 1744 est
733 1689 799 1743 ad
859 1687 1068 1742 Saram.
1123 1688 1328 1742 Uxores
1367 1695 1546 1742 autem
1587 1687 1877 1750 Abraham,

1985 511 2134 564 varie
2164 521 2522 582 nuncupatur.
2550 511 2754 566 Dicitur
2781 515 2923 568 enim
2965 515 3132 580 Esau,
3160 517 3211 571 id
3253 528 3338 573 est
3386 522 3558 590 rufus,

1983 601 2054 655 ob
2084 601 2382 656 coctionem
2410 603 2614 657 scilicet
2659 603 2792 659 rufa:
2821 605 2978 660 lentis
3015 607 3086 660 ita
3115 609 3431 677 appellatus,
3467 627 3561 667 cu-

1979 692 2068 763 jus
2123 693 2298 748 edulio
2353 695 2705 763 primogenita
2754 696 3002 765 perdidit.
3061 698 3226 752 Edom
3274 709 3456 757 autem
3491 701 3564 758 ob

1985 783 2234 838 ruborem
2261 783 2505 852 corporis
2527 785 2704 838 dictus
2735 793 2836 850 cst,
2865 787 3004 855 quod
3031 787 3222 843 Latine
3245 790 3563 860 sanguineus

1985 873 2200 927 dicitur.
2259 871 2375 927 Seir
2419 889 2545 929 vero
2574 875 2716 944 quod
2758 875 2922 931 fuerit
2967 879 3207 948 hispidus
3235 889 3292 935 et
3341 881 3561 950 pilosus.

1985 961 2210 1029 Quando
2245 964 2387 1017 enim
2415 973 2575 1020 natus
2615 973 2727 1032 cst,
2781 975 2924 1022 totus
2969 968 3110 1023 sicut
3151 969 3308 1039 pellis
3360 972 3564 1041 pilosus

1985 1060 2133 1116 erat;
2165 1059 2326 1120 atque
2346 1052 2466 1107 ideo
2489 1054 2660 1110 tribus
2690 1056 2996 1112 nominibus
3025 1057 3360 1127 appellatur:
3390 1057 3558 1127 Esau,

1985 1143 2040 1197 id
2073 1151 2157 1197 est
2183 1144 2331 1212 rufus
2348 1161 2378 1212 ;⁵
2398 1145 2585 1210 Edon),
2619 1147 2670 1200 id
2697 1156 2780 1201 est
2810 1149 3157 1218 sanguineus;
3198 1149 3352 1216 Seir,
3403 1151 3456 1206 id
3480 1159 3566 1207 est

1982 1229 2202 1300 pilosus,
2229 1233 2350 1300 quia
2385 1248 2487 1286 nou
2515 1235 2699 1288 habuit
2722 1236 3018 1292 lenitatem.
3047 1238 3144 1294 Hic
3170 1240 3436 1310 signiﬁcat
3461 1256 3552 1310 po-

1984 1322 2166 1389 pulum
2198 1321 2501 1378 Judaeorum
2561 1325 2614 1378 iu
2643 1326 2914 1382 Christu-n
2956 1339 3012 1383 et
3067 1331 3355 1401 prophetas
3399 1334 3561 1403 impia

1981 1413 2354 1482 persecutione
2373 1415 2721 1485 sanguineum
2736 1424 2791 1472 et
2805 1416 2979 1472 rufum
2993 1427 3048 1473 et
3058 1421 3310 1488 pilosum,
3333 1423 3566 1492 tegmine

1983 1513 2328 1572 peccatorum
2367 1506 2702 1560 horribilem.

2052 1595 2220 1652 Jacob
2257 1605 2453 1660 autem,
2491 1599 2583 1667 qui
2629 1599 3014 1668 interpretatur
3037 1600 3418 1671 supplantator,
3448 1603 3563 1658 sive

1970 1688 2126 1756 quod
2161 1688 2214 1742 in
2240 1696 2362 1743 ortu
2417 1689 2694 1757 plantatur
2723 1688 3003 1762 [plantam]
3053 1692 3329 1747 nascentis
3377 1692 3565 1748 fratris

309 1782 457 1837 Sarai
489 1789 543 1836 et
571 1781 735 1851 Agar,
762 1779 1053 1834 secundum
1076 1778 1386 1848 Apostolum
1404 1819 1418 1840 ,
1473 1780 1700 1832 duorum
1728 1787 1886 1832 testa-
1915 1771 1961 1829 B
1989 1778 2422 1847 apprehenderit,
2454 1779 2569 1833 sive
2589 1780 2731 1848 quod
2776 1789 2960 1849 postea
2990 1781 3212 1836 fratrem
3244 1790 3361 1837 arte
3403 1783 3565 1839 dece-

305 1878 634 1934 mentorum,
669 1877 729 1924 ut
766 1883 927 1938 supra
958 1868 1206 1927 diximus,
1230 1877 1443 1938 gestant
1474 1870 1717 1938 figuram.
1744 1867 1882 1934 Qua-

305 1976 416 2014 rum
441 1976 576 2025 una,
604 1960 704 2014 hoc
731 1967 814 2013 est
847 1957 1000 2013 Sarai
1030 1958 1221 2023 libera,
1239 1959 1529 2013 Ecclesium
1551 1959 1877 2028 significans,

303 2050 491 2121 genuit
519 2049 771 2119 p0pulum
804 2049 1192 2113 Christianum,
1216 2049 1305 2117 qui
1336 2050 1630 2104 secundum
1658 2065 1880 2105 carnem

312 2157 403 2194 .gon
428 2147 542 2205 est,
572 2139 663 2194 sed
698 2138 751 2192 in
779 2138 1080 2194 libertatem
1104 2149 1325 2193 vocatus
1348 2147 1431 2192 est
1455 2156 1468 2191 :
1507 2154 1609 2208 qua
1635 2139 1882 2195 libertate

302 2229 553 2284 liberavit
607 2243 733 2283 eum
762 2227 1029 2282 Christus.
1069 2228 1250 2284 Altera
1292 2239 1493 2293 autem,
1521 2230 1622 2284 hoc
1645 2230 1884 2300 estAgar

300 2319 496 2374 ancilla
551 2327 726 2373 mater
766 2318 1006 2373 lsmaelis
1036 2358 1050 2382 ,
1109 2320 1198 2388 qui
1257 2319 1644 2388 interpretatur
1683 2321 1882 2374 auditio

300 2409 415 2475 Dei,
440 2409 785 2482 Synagogam
811 2411 1090 2480 exprimit,
1124 2426 1241 2480 qua:
1286 2411 1536 2480 populum
1575 2409 1883 2466 Judmorum

300 2501 351 2554 in
385 2502 709 2556 servitutem
737 2516 998 2572 generans
1030 2517 1136 2556 non
1172 2503 1371 2556 meruit
1395 2502 1762 2557 haereditatem
1795 2517 1883 2557 ac-

299 2591 484 2658 cipere
514 2606 638 2646 cum
669 2591 776 2646 lilio
801 2592 1016 2656 liberat,
1062 2592 1154 2647 sed
1185 2593 1456 2663 projectus
1483 2607 1605 2647 cum
1635 2601 1804 2648 matre
1829 2594 1884 2649 in

298 2681 522 2735 deserto
555 2681 709 2734 istius
738 2681 917 2736 seculi
945 2683 1181 2737 oberrat.

368 2790 528 2845 Isaac
555 2807 620 2845 ex
654 2791 764 2845 risu
797 2807 989 2846 nomen
1035 2793 1258 2862 accepit.
1287 2793 1503 2846 Riserat
1548 2793 1689 2846 enim
1729 2800 1886 2862 pater

297 2880 527 2947 quando
560 2879 614 2933 ei
641 2882 935 2948 promissus
959 2891 1060 2946 est,
1095 2883 1364 2937 admirans
1407 2883 1461 2937 in
1495 2883 1710 2952 gaudio.
1746 2883 1886 2937 Risit

295 2979 346 3023 et
382 2979 585 3034 mater,
606 2973 855 3038 quoniam
880 2987 976 3042 per
1006 2973 1123 3028 illos
1153 2983 1261 3029 tres
1287 2975 1433 3029 viros
1451 2977 1751 3044 promissus
1776 2985 1880 3041 est,

293 3059 559 3113 dubitans
611 3060 662 3113 in
690 3063 901 3130 gaudio.
952 3063 1030 3117 Ex
1067 3064 1166 3119 hac
1194 3079 1320 3135 ergo
1365 3080 1526 3119 causa
1560 3080 1752 3119 nomen
1799 3081 1886 3120 ac-

291 3150 456 3217 cepit.
501 3150 655 3204 lsaac
699 3152 842 3206 enim
901 3154 1283 3225 interpretatur
1323 3157 1477 3209 risus.
1507 3154 1637 3222 Quis
1668 3173 1794 3226 ergo
1826 3157 1878 3211 in

289 3240 602 3306 Abraham,
632 3250 692 3295 ut
721 3243 1036 3312 praedictum
1066 3251 1167 3310 est,
1200 3260 1298 3314 per
1334 3244 1750 3300 immolationem
1789 3246 1880 3300 filii

291 3332 371 3385 sui
402 3331 778 3402 figurabatur,
820 3334 920 3388 nisi
946 3334 1108 3389 Pater
1148 3335 1428 3390 excelsus?
1458 3335 1589 3402 Quis
1618 3336 1670 3389 in
1711 3335 1880 3401 Isaac,

291 3420 395 3474 nisi
427 3421 726 3476 Christus?
760 3421 894 3476 Nam
918 3423 1063 3477 sicut
1087 3424 1360 3482 Abraham
1387 3424 1602 3478 unicum
1636 3423 1801 3478 filium
1828 3433 1884 3480 et

289 3509 558 3565 dilectum
593 3511 703 3566 Deo
728 3513 997 3568 victimam
1018 3515 1230 3578 obtulit,
1262 3516 1332 3568 ita
1358 3515 1615 3570 Dominus
1643 3517 1886 3586 unigeni-

291 3606 408 3652 tum
437 3614 604 3653 suum
634 3615 733 3668 pro
763 3600 916 3654 nobis
935 3602 1185 3666 omnibus
1211 3603 1460 3668 tradidit;
1493 3613 1550 3658 et
1577 3604 1712 3657 sicut
1735 3604 1884 3660 lsaac

290 3689 413 3758 ipse
446 3690 559 3742 sibi
592 3689 732 3759 ligna
760 3693 1009 3759 portavit,
1048 3695 1243 3762 quibus
1275 3703 1393 3750 erat
1421 3696 1884 3765 imponendus,ita

289 3790 344 3833 ει
371 3779 641 3835 Christus
690 3779 743 3832 in
775 3780 1015 3835 humeris
1064 3781 1266 3851 lignum
1295 3785 1472 3837 erucis
1511 3800 1655 3848 sum,
1692 3786 1745 3839 in
1779 3801 1886 3855 quo

287 3877 412 3922 erat
440 3867 864 3939 crucifigendus.
891 3871 1006 3924 Duo
1047 3878 1226 3923 autem
1283 3871 1422 3926 servi
1454 3872 1526 3924 illi
1554 3873 1756 3926 dimissi
1782 3913 1796 3936 ,
1833 3880 1888 3926 et

285 3973 400 4012 non
446 3958 700 4029 perducti
743 3959 812 4013 ad
838 3959 1015 4014 locum
1049 3959 1326 4026 sacrificii,
1353 3960 1568 4016 Judaaos
1618 3962 1888 4032 significa-

289 4048 450 4114 bant,
484 4048 578 4118 qui
605 4064 730 4102 cum
761 4050 1027 4104 serviliter
1064 4051 1309 4104 viverent
1335 4059 1390 4105 et
1411 4050 1697 4106 carnaliter
1726 4068 1882 4122 sape-

291 4149 444 4206 rent,
480 4156 593 4195 non
636 4140 1001 4211 intelligebant
1049 4142 1404 4197 humilitatem
1455 4144 1538 4198 vel
1579 4144 1883 4214 passionem

289 4231 532 4285 Christi.
565 4231 690 4286 Ideo
715 4232 840 4300 quia
870 4249 975 4288 non
1006 4233 1374 4304 intelligebant
1395 4235 1698 4303 passionem
1729 4235 1884 4290 Chri-

291 4321 391 4383 sti,
417 4336 534 4375 non
584 4331 944 4389 pervenerunt
989 4323 1056 4376 ad
1086 4323 1259 4376 locum
1292 4324 1578 4388 sacrificii;
1607 4325 1700 4378 sed
1729 4324 1882 4390 illud,

1974 1870 2138 1938 perit.
2168 1869 2319 1925 Unde
2344 1879 2397 1924 et
2425 1871 2567 1925 Esau
2617 1871 2752 1924 dixit
2781 1888 2794 1925 :
2831 1871 2982 1926 Juste
3009 1881 3244 1926 vocatum
3275 1882 3348 1925 est
3377 1889 3563 1926 nomen

1979 1959 2092 2029 ejus
2147 1958 2355 2013 Jacob:
2396 1958 2746 2029 supplantavit
2792 1962 2929 2014 enim
2999 1977 3078 2014 nte
3134 1961 3190 2015 in
3240 1959 3407 2014 altera
3460 1961 3565 2016 vice

1981 2048 2134 2121 (Gen.
2192 2049 2382 2120 xxv").
2415 2049 2520 2104 lste
2557 2049 2770 2118 quidem
2822 2049 2984 2104 Israel
3012 2090 3026 2114 ,
3079 2051 3157 2103 vir
3196 2051 3371 2104 videns
3399 2050 3568 2104 Deum

1981 2139 2196 2194 dicitur.
2224 2139 2376 2194 Tunc
2414 2141 2558 2194 enim
2589 2140 2692 2194 hoc
2720 2155 2917 2194 nomen
2946 2142 3175 2210 accepit,
3207 2141 3421 2210 quando
3453 2150 3563 2196 tota

1981 2235 2138 2284 nocte
2162 2229 2393 2283 luctatus
2419 2230 2548 2283 vicit
2576 2230 2627 2282 in
2649 2229 2948 2284 certamine
2970 2231 3238 2300 angelum,
3269 2239 3324 2284 et
3351 2231 3562 2285 oriente

1981 2315 2206 2372 lucifero
2250 2318 2563 2372 benedictus
2599 2326 2702 2372 est.
2751 2313 2876 2371 lude
2924 2327 3144 2386 propter
3173 2319 3430 2374 visionem
3468 2319 3564 2373 Dei

1981 2407 2152 2462 Israel
2195 2408 2492 2478 appellatus
2535 2417 2636 2472 est,
2666 2407 2806 2462 sicut
2854 2416 2910 2462 et
2940 2408 3054 2476 ipse
3077 2408 3187 2463 ait:
3243 2407 3360 2461 Vidi
3392 2409 3568 2462 Domi-

1981 2517 2129 2565 num,
2157 2508 2206 2554 et
2239 2499 2382 2552 salva
2417 2499 2559 2567 facta
2585 2507 2661 2553 est
2708 2499 2885 2552 anima
2917 2515 3029 2552 mea
3056 2495 3210 2569 (Gen.
3238 2496 3436 2565 xxxu).
3467 2496 3568 2552 llic

1980 2597 2162 2642 autem
2197 2587 2471 2643 Christum
2501 2587 2856 2653 demonstrat,
2883 2589 2994 2642 sive
3019 2587 3271 2657 populum
3303 2587 3566 2655 gentium,

1977 2681 2072 2750 qui
2105 2680 2199 2734 Dei
2231 2679 2404 2733 Patris
2440 2679 2812 2734 benedictione
2858 2678 3114 2748 praelatus
3151 2687 3237 2732 est
3280 2678 3448 2747 priori
3471 2691 3568 2748 po-

1983 2769 2107 2839 pulo
2134 2769 2460 2824 Judzeorum.
2513 2768 2604 2822 lsti
2635 2778 2815 2823 autem
2848 2769 2952 2822 duo
3001 2767 3099 2822 lilii
3143 2767 3400 2823 Rebeccte
3426 2768 3564 2822 duos

1981 2858 2226 2928 populos,
2270 2866 2331 2912 ut
2368 2859 2620 2922 diximus,
2673 2858 2999 2929 significant,
3032 2858 3324 2930 Synagogai
3368 2867 3424 2914 et
3469 2859 3566 2914 Ec-

1985 2948 2181 3004 (διεξίω.
2209 2949 2274 3003 Ει
2295 2949 2566 3018 quomodo
2587 2949 2814 3019 populus
2840 2949 3145 3004 Judaeorum
3176 2959 3415 3018 tempore
3447 2965 3564 3002 ma-

1979 3042 2069 3112 jor
2094 3043 2261 3098 servit
2278 3042 2473 3097 minori
2503 3043 2696 3112 populo
2721 3042 3146 3098 Christianorum
3175 3081 3192 3108 ,
3239 3044 3321 3098 sic
3343 3044 3562 3113 quidem

1911 3110 1954 3171 (ἶ
1984 3110 2040 3186 et
2065 3132 2118 3185 in
2148 3131 2370 3202 singulis
2401 3110 2556 3186 nobis
2575 3110 2699 3185 'dici
2747 3139 2923 3200 potest
2949 3132 3092 3201 quod
3131 3133 3249 3188 dua:
3278 3110 3464 3203 gentes
3512 3141 3571 3187 et

1983 3222 2092 3276 duo
2119 3221 2300 3291 populi
2349 3222 2489 3276 intra
2519 3237 2616 3276 nos
2659 3223 2804 3288 sint,
2854 3222 3107 3278 vitiorum
3149 3222 3355 3294 scilicet
3404 3232 3567 3292 atque

1986 3313 2265 3366 virtutum.
2307 3312 2414 3366 Sed
2455 3313 2558 3368 iste
2603 3313 2781 3366 minor
2803 3320 2888 3368 est
2913 3353 2928 3376 ,
2981 3313 3070 3367 ille
3119 3313 3309 3383 major.
3342 3312 3570 3384 Semper

1985 3402 2130 3456 enim
2160 3403 2341 3471 plures
2367 3412 2491 3457 sunt
2533 3402 2656 3464 mali
2698 3418 2861 3472 quam
2901 3402 3048 3468 boni,
3075 3412 3131 3458 et
3153 3403 3282 3460 vitia
3310 3391 3564 3460 numero-

1985 3495 2130 3550 siora
2159 3505 2282 3549 sunt
2319 3495 2639 3560 virtutibus;
2673 3496 2767 3550 sed
2812 3503 2989 3550 tamen
3018 3504 3074 3550 et
3095 3496 3150 3550 in
3183 3495 3337 3550 nobis
3388 3495 3565 3564 gratia

1986 3585 2080 3640 Dei
2102 3585 2327 3655 populus
2355 3585 2609 3654 populum
2651 3593 2867 3654 superat
2891 3624 2906 3649 ,
2947 3596 3004 3640 et
3054 3582 3226 3652 major
3250 3583 3419 3638 servit
3464 3583 3567 3638 mi-

1987 3681 2125 3738 nori.
2159 3679 2338 3735 Servit
2383 3680 2580 3734 etenim
2611 3694 2736 3734 caro
2765 3678 3000 3748 spiritui,
3021 3687 3076 3732 et
3117 3677 3244 3731 vitia
3276 3676 3566 3732 virtutibus

1987 3774 2201 3828 cedunt.
2229 3771 2376 3826 Isaac
2403 3786 2531 3842 ergo
2558 3779 2736 3839 portat
2771 3769 3056 3839 imaginem
3099 3767 3193 3822 Dei
3226 3766 3426 3829 Patris,
3456 3765 3562 3820 Re-

1987 3866 2151 3918 becca
2179 3863 2410 3931 Spiritus
2433 3863 2626 3924 sancti,
2655 3861 2795 3916 Esau
2824 3859 3001 3930 populi
3029 3858 3225 3928 prioris
3257 3865 3312 3912 et
3343 3855 3566 3918 diaboli,

1984 3951 2152 4006 Jacob
2192 3951 2444 4006 Ecclesiae
2470 3961 2525 4004 et
2576 3949 2814 4012 Christi.
2841 3948 3096 4004 Senuisse
3127 3947 3278 4000 Isaac
3317 3959 3572 4001 consum-

1987 4042 2280 4096 motionem
2304 4041 2451 4094 orbis
2476 4039 2743 4102 ostendit;
2785 4038 2924 4092 oculi
2949 4037 3115 4099 sill-ius
3133 4031 3570 4105 caliginasse,ﬁ-

1987 4131 2107 4184 dem
2138 4129 2342 4199 perisse
2375 4130 2439 4183 de
2468 4129 2684 4191 uume.
2719 4137 2774 4193 et
2801 4127 3075 4197 religionis
3097 4127 3273 4182 lumen
3299 4135 3424 4180 ante
3442 4139 3567 4180 eum

1988 4219 2287 4289 neglectum
2318 4234 2436 4278 esse
2470 4219 2755 4292 significat,
2806 4217 2990 4292 Quod
3023 4217 3182 4295 filius,
3203 4216 3570 4291 major-poca-

1987 4319 2105 4375 tur,
2144 4309 2442 4377 acceptatio
2476 4308 2608 4378 legis
2632 4317 2716 4388 est
2737 4305 3243 4388 JudmorunLQuod
3273 4303 3569 4384 escaspejus

289 4413 440 4480 quod
490 4387 780 4479 figuratum
831 4422 916 4468 est
952 4415 1006 4467 in
1061 4413 1208 4468 Isaac
1234 4454 1249 4478 ,
1309 4424 1664 4485 transgestum
1702 4425 1785 4470 est
1816 4387 1882 4470 ad

1991 4411 2149 4470 atque
2180 4403 2459 4470 capturam
2482 4401 2652 4489 diligit
2678 4387 2851 4480 pater,
2875 4387 3130 4488 homines:
3141 4398 3272 4488 sum
3293 4397 3367 4491 ab.
3381 4398 3571 4484 errore

289 4503 555 4566 arietem,
589 4505 715 4572 quia
740 4504 989 4560 Christus
1015 4506 1151 4560 ovis.
1209 4506 1326 4575 Ipse
1379 4506 1523 4560 enim
1574 4507 1734 4572 filius,
1769 4508 1882 4576 ipse

292 4592 466 4657 aries,
494 4608 708 4662 agnus:
749 4593 909 4660 filius,
940 4595 1066 4664 quia
1118 4604 1309 4660 natus;
1341 4597 1503 4659 aries,
1527 4597 1652 4665 quia
1693 4596 1884 4650 immo-

292 4683 461 4738 latus.
498 4683 610 4738 Sed
639 4685 766 4756 quid
789 4694 872 4739 est
902 4685 1045 4755 quod
1081 4687 1334 4755 vepribus
1359 4687 1596 4742 haerebat
1625 4689 1765 4742 aries
1798 4689 1885 4744 illa

293 4775 585 4840 cornibus,
602 4777 707 4831 nisi
738 4777 878 4846 quod
905 4775 1154 4831 Christus
1175 4792 1204 4829 a
1229 4775 1427 4831 Judaeis
1457 4777 1624 4846 spinis
1670 4766 1755 4830 esi
1796 4793 1888 4832 co-

294 4877 554 4930 ronatus,
577 4876 631 4920 et
677 4869 744 4922 ad
785 4876 1087 4922 extremum
1139 4866 1192 4921 in
1223 4867 1370 4937 ligno
1399 4869 1576 4923 erucis
1605 4877 1687 4922 est
1713 4853 1883 4930 conﬁ-

293 4955 440 5010 xus?
475 4955 559 5009 De
585 4970 691 5025 quo
722 4956 978 5025 scriptum
1007 4963 1122 5010 est:
1159 4955 1370 5010 Cornua
1416 4968 1534 5011 sunt
1564 4959 1619 5012 in
1647 4958 1885 5012 manibus

294 5044 414 5114 ejus
447 5041 620 5114 (llab.
670 5045 780 5115 tu).
807 5043 941 5100 Huic
977 5061 1073 5114 per
1117 5060 1330 5100 servum
1376 5047 1608 5101 Abralue
1662 5048 1889 5116 despon-

294 5143 414 5189 sata
443 5141 535 5188 est
574 5133 838 5200 Rebecca,
867 5150 986 5203 qua:
1010 5135 1412 5204 interpretatur,
1455 5136 1741 5206 patientia,
1774 5137 1887 5191 sive

295 5241 418 5293 qua:
478 5223 706 5277 multum
759 5227 1050 5295 acceperit:
1103 5226 1228 5294 quia
1282 5240 1379 5294 per
1423 5226 1653 5296 priscam
1692 5226 1885 5296 legem,

295 5328 466 5382 quam
503 5313 621 5382 ipse
655 5329 844 5369 servus
880 5314 1168 5386 designat,
1225 5316 1604 5384 prophetarum
1653 5318 1886 5399 oraculis

299 5405 542 5460 Domino
584 5413 767 5460 nostro
789 5404 914 5461 Jesu
951 5405 1167 5462 Christo
1193 5422 1388 5475 sponsa
1419 5408 1656 5478 Ecclesia
1688 5395 1886 5488 ppcpa-

299 5504 419 5547 rata
455 5503 566 5556 est,
594 5511 716 5564 qua:
739 5497 1008 5565 copiosam
1041 5496 1272 5565 Spiritus
1323 5498 1493 5552 sancti
1537 5502 1776 5570 gratiam,
1803 5516 1887 5570 ap-

297 5587 542 5654 cipicns,
576 5587 837 5654 patienter
863 5587 1125 5656 promissa
1171 5586 1362 5642 futurm
1399 5588 1650 5648 Ecclesiae
1689 5603 1883 5658 exspe-

298 5688 431 5731 etut.
465 5675 640 5744 Hujus
665 5679 758 5732 lilii
788 5678 999 5734 fuerunt
1025 5676 1243 5735 Esau'et
1281 5680 1463 5737 Jacob.

1986 4495 2198 4559 salvati,
2228 4510 2364 4563 quos
2393 4510 2488 4572 per
2505 4471 3040 4570 "doctrina'mtjiistu's;
3056 4477 3281 4581 quisque

1986 4586 2135 4652 Qun]
2162 4585 2309 4639 lsaac
2339 4587 2404 4670 de
2433 4569 2659 4653 majoris
2680 4581 2781 4664 .filii
2824 4572 2912 4672 διιί
2935 4567 3409 4668 fierisugné'i'y'égéi
3432 4567 3568 4662 coii-

1987 4675 2243 4750 qupiscit,
2294 4659 2562 4758 sigriit'icat
2589 4659 2749 4754 quod
2797 4659 3158 4758 omnipdtens”
3354 4659 3566 4758 villuda’ilci

1987 4743 2164 4836 populi
2215 4743 2368 4820 bona
2390 4743 2702 4835 operatione
2754 4743 3290 4844 pasei'dcsideravit;
3477 4747 3570 4844 illo

1992 4843 2235 4930 tardante
2264 4858 2524 4940 minorem
2559 4839 3144 4942 Bebeceajsupposui't,‘
3312 4854 3455 4941 ﬁlium.
3476 4839 3573 4942 lu-

1992 4922 2174 5029 daic'us
2201 4946 2426 5024 populus
2463 4923 2606 5022 bona
2620 4949 2632 5026 ς
2649 4922 2844 5024 cpi-iii
3013 4922 3284 5030 ζέε
3296 5007 3302 5026 ί

1990 5020 2246 5118 populum
2279 5020 2452 5097 mater
2469 5020 2644 5120 gratia
2675 5020 2995 5120 ititroduai't,
3096 5020 3440 5119 omnipotens
3454 5020 3570 5101 flia-

1981 5115 2075 5212 tei-
2098 5121 2274 5187 cibum
2302 5127 2426 5187 boni
2453 5115 2648 5202 [operis
2667 5115 2972 5212 offerretgt
2994 5115 3434 5212 belie‘dipliqnﬁtit
3452 5141 3571 5208 Flua-

1987 5203 2124 5295 joris
2152 5223 2336 5278 fratris
2374 5215 2662 5304 acciperet.
2694 5203 3570 5304 .mtieosdem'lclibospst-Imme-

1991 5387 2114 5478 ςέτο
2301 5387 2697 5488 tenerioribus.
2719 5387 3573 5488 minuma;om

1991 5469 2178 5570 sum
2209 5469 3570 5584 vsspns;pu¢‘.‘;;iiii.plangat.assignans

1990 5557 3572 5670 antam:taamandi:.tnu'nissime

1992 5636 2157 5750 ἰδέαι)
2188 5649 2378 5748 manus
2404 5694 2466 5733 ac
