4074 6316
301 374 363 428 Η
1284 364 1373 420 DE
1413 359 1762 420 UNIVERSO
1801 358 1979 414 LIBIII
2018 359 2180 415 )Itxt.
2221 388 2291 399 —
2326 357 2454 413 LIB.
2495 358 2558 413 II.
3481 361 3555 416 42

299 485 394 541 bus
425 478 714 551 Apostolus
755 477 925 534 dicit:
958 475 1061 544 Qui
1103 478 1360 548 pradicas
1414 495 1516 532 non
1566 475 1871 545 furandum,
1903 476 1953 536 Λ
1980 473 2162 527 lentim
2186 481 2457 542 appetere,
2493 471 2632 526 sicut
2678 469 2938 540 scriptum
2984 478 3104 526 est:
3135 470 3374 544 Surgite,
3413 484 3556 546 ροει-

303 572 486 646 furoris
516 569 694 642 (Rom.
719 569 802 641 ιι).
852 569 1237 634 Verumtamen
1266 578 1326 624 ιιι
1363 571 1529 625 etiam
1581 584 1678 639 per
1729 569 1870 623 hanc

304 663 657 723 conditionem
702 661 873 716 libera
920 661 1011 716 illa
1063 678 1198 716 uxor
1225 659 1392 717 Iacob
1445 660 1698 716 laborans
1734 659 1872 714 ﬁlios

301 754 531 814 haeredes
562 751 712 822 regni
740 752 1035 824 suscipiat,
1094 752 1215 808 ideo
1247 752 1508 807 Dominus
1538 752 1667 807 dicit
1694 769 1706 804 :
1741 749 1871 816 Qua:

300 847 506 910 dicunt,
564 844 765 914 facite:
821 860 938 914 qua:
989 852 1160 899 autem
1204 844 1438 914 faciunt,
1494 844 1668 914 facere
1715 841 1872 897 nolite

298 933 506 1012 (Matth.
536 935 715 1008 χχιιι).
767 933 922 991 Unde
946 946 1002 992 et
1022 936 1310 1015 Apostolus
1335 950 1350 990 :
1383 933 1518 1002 Sive,
1553 935 1750 1006 inquit,
1780 950 1870 989 oc-

297 1029 516 1093 casione,
538 1027 646 1081 sive
677 1026 888 1081 veritate
934 1025 1173 1082 Christus
1203 1027 1575 1082 annuntietur:
1601 1034 1649 1080 et
1690 1025 1746 1080 in
1773 1026 1870 1079 hoc

293 1117 510 1190 gaudeo,
538 1117 628 1171 sed
656 1125 706 1171 et
752 1115 988 1188 gaudebo
1033 1115 1203 1190 (Phil.
1251 1117 1290 1186 ι)
1320 1131 1334 1170 :
1371 1124 1630 1186 tanquam
1667 1124 1722 1173 et
1770 1131 1870 1171 an-

293 1207 408 1262 cilla
433 1205 680 1277 pariente
711 1206 777 1262 de
797 1207 948 1278 prole
981 1208 1354 1264 numerosiore
1387 1206 1622 1268 laetatur.

361 1296 607 1352 Servitus
641 1295 822 1367 itaque
859 1297 978 1367 ipsa
1027 1295 1194 1354 Iacob
1219 1306 1428 1368 septem
1463 1312 1727 1353 annorum
1772 1310 1871 1366 pro

295 1389 499 1444 duabus
523 1387 784 1445 uxoribus
808 1389 968 1460 hujus
991 1387 1116 1445 vita:
1145 1389 1433 1458 praesentis
1463 1396 1674 1458 tempus
1701 1388 1870 1458 signi-

292 1478 435 1545 ﬁcat,
463 1479 592 1548 quia
623 1493 724 1550 per
756 1489 968 1550 septem
1017 1479 1311 1546 evolvitur;
1354 1480 1410 1534 in
1460 1495 1565 1549 qua
1612 1474 1871 1535 Dominus

291 1566 519 1623 formam
561 1569 703 1624 servi
746 1571 985 1640 accepit,
1022 1568 1195 1626 factus
1219 1569 1473 1626 obediens
1501 1577 1740 1640 paternae
1779 1583 1872 1624 vo-

289 1657 478 1714 luntati
506 1674 678 1730 usque
716 1661 786 1716 ad
821 1670 1076 1717 mortem.
1109 1662 1204 1718 Ille
1238 1663 1384 1718 enim
1410 1676 1511 1732 pro
1539 1661 1731 1717 ovibus
1756 1677 1872 1718 ser-

288 1750 447 1816 vivit;
472 1758 528 1806 et
549 1751 810 1808 Dominus
827 1760 1015 1825 noster
1037 1753 1151 1808 ait:
1177 1753 1304 1808 Non
1333 1754 1468 1811 venit
1502 1752 1676 1809 Filius
1702 1754 1870 1809 homi-

1970 579 2128 631 quam
2156 563 2392 617 sedcritis
2421 560 2592 632 (Psal.
2637 560 2840 631 cxxvr).
2869 560 3072 617 Rachel
3120 578 3248 632 ergo
3276 563 3419 619 idola
3464 580 3555 622 se-

1971 655 2147 710 dendo
2188 655 2400 725 cperuit
2428 695 2442 722 ,
2487 653 2613 726 quia
2647 661 2833 709 sancta
2875 653 3115 709 Ecclesia
3144 654 3419 711 Christum
3469 672 3554 714 se-

1972 762 2143 816 quens
2183 747 2369 801 vitium
2426 755 2654 800 terrente
2694 743 3141 814 concupiscentia:
3183 760 3283 816 per
3332 747 3554 802 humili-

1971 844 2137 893 tatem
2191 836 2521 908 poenitentiae
2550 835 2851 906 cooperuit.
2900 834 2977 890 De
3024 835 3127 890 hac
3179 837 3558 906 cooperatione

1969 927 2227 983 vitiorum
2273 941 2372 997 per
2411 925 2739 998 Prophetam
2786 924 3020 979 dicitur:
3051 923 3204 979 Beati
3230 942 3454 996 quorum
3481 944 3562 983 re-

1973 1018 2147 1073 missa:
2174 1026 2294 1073 sunt
2319 1017 2620 1088 iniquitates
2641 1056 2657 1084 ,
2701 1024 2750 1071 et
2777 1002 3001 1086 guorum
3029 1023 3164 1070 tecta
3201 1024 3323 1070 sunt
3347 1026 3561 1086 peccata

1973 1106 2146 1181 (Psal.
2175 1107 2350 1182 xxxx).

2003 1200 2281 1289 .Sumpsit
2322 1210 2497 1256 autem
2521 1200 2685 1257 Iacob
2715 1199 2941 1270 lapidem
2965 1239 2981 1266 ,
3033 1209 3083 1255 et
3128 1199 3395 1255 constituit
3443 1215 3563 1256 eum

1973 1296 2203 1363 titulum,
2235 1306 2341 1352 etc.
2383 1297 2606 1369 Mystice
2659 1305 2838 1351 autem
2889 1297 3031 1351 inter
3076 1295 3263 1351 ﬁdeles
3303 1305 3413 1350 tam
3464 1293 3563 1350 Iu-

1974 1389 2118 1444 daeos
2142 1404 2302 1460 quam
2323 1398 2509 1460 gentes
2535 1388 2686 1444 testis
2712 1396 2796 1443 est
2810 1386 2946 1456 lapis
2969 1386 3214 1442 eminens
3241 1386 3296 1440 in
3310 1385 3563 1441 similitu-

1973 1479 2155 1536 dinem
2185 1479 2484 1546 Cbristi,et
2502 1493 2727 1535 acervus
2761 1477 3019 1548 lapidum,
3052 1477 3142 1545 qui
3169 1484 3254 1531 est
3280 1476 3566 1531 multitudo

1973 1569 2329 1625 credentium.
2354 1569 2452 1624 Vir
2489 1569 2632 1624 enim
2653 1608 2668 1633 ,
2699 1566 2793 1637 qui
2819 1581 2942 1622 cum
2971 1563 3138 1621 Iacob
3181 1565 3416 1620 luctatus
3444 1574 3528 1621 est
3547 1604 3564 1632 ,

1975 1669 2160 1732 typum
2203 1659 2406 1716 Christi
2467 1658 2873 1715 evidentissime
2925 1665 3185 1730 gesserat.
3243 1656 3341 1712 Cui
3383 1665 3564 1712 tamen

1975 1751 2096 1809 ideo
2120 1751 2406 1822 prtevaluit
2425 1748 2611 1815 Iacob,
2643 1750 2830 1820 utique
2858 1749 3090 1815 volenti,
3140 1756 3200 1803 ut
3249 1749 3566 1820 mysterium

289 1842 367 1897 nis
384 1843 702 1910 ministrari,
739 1843 829 1898 sed
858 1845 1158 1900 ministrare
1183 1843 1400 1918 (Matth.
1441 1845 1557 1915 xx).
1583 1843 1677 1900 Ille
1721 1845 1872 1915 pavit
1897 1829 1944 1889 Β
1972 1843 2230 1914 ﬁguraret
2272 1842 2540 1913 passionis
2571 1842 2804 1898 Domini.
2851 1840 2955 1897 Ubi
3004 1841 3153 1896 visus
3185 1849 3270 1895 est
3300 1837 3465 1895 Iacob
3512 1839 3567 1894 in

225 1977 229 1981 .
288 1948 444 2000 oves;
482 1943 536 1989 et
563 1934 825 1992 Dominus
865 1935 922 1990 in
962 1936 1253 2008 Evangelio
1278 1936 1448 1992 dicit:
1481 1935 1596 2008 Ego
1621 1951 1737 1992 sum
1776 1954 1871 2006 pa-

285 2033 391 2079 stor
420 2025 592 2080 bonus
621 2025 801 2097 (Joan.
828 2025 909 2098 κ).
937 2025 1031 2083 Ille
1056 2025 1324 2084 mercedis
1361 2025 1513 2082 lucro
1536 2026 1748 2081 varium
1769 2024 1872 2082 sibi

283 2131 448 2188 pecus
473 2117 722 2184 abstulit;
762 2117 1014 2176 Christus
1043 2119 1378 2176 diversarum
1419 2118 1659 2192 gentium
1688 2117 1870 2174 varie-

287 2217 452 2264 tatem
481 2209 702 2266 sibimet
723 2205 1087 2282 congregavit.
1118 2210 1212 2267 Ille
1241 2219 1351 2268 tres
1374 2195 1874 2283 virgas'amputatis

284 2299 584 2355 corticibus
610 2299 668 2354 in
709 2298 877 2357 alveis
903 2314 1164 2370 aquarum
1187 2300 1455 2372 opposuit,
1483 2308 1546 2356 ut
1590 2300 1648 2356 in
1685 2315 1875 2357 earum

283 2388 744 2461 contemplatione
777 2390 1266 2463 multiplicarentur
1306 2392 1424 2460 ejus
1464 2404 1624 2456 oves;
1664 2398 1720 2445 et
1763 2389 1874 2446 Do-

281 2480 468 2537 minus
496 2488 683 2538 noster
727 2479 786 2536 in
837 2495 977 2551 aqua
1010 2480 1350 2550 baptismatis
1379 2478 1486 2536 tria
1517 2494 1876 2551 personarum

282 2573 530 2638 nomina,
561 2571 759 2640 Patris,
782 2580 838 2628 et
863 2571 1007 2640 Filii,
1045 2579 1101 2632 et
1141 2570 1377 2641 Spiritus
1426 2571 1631 2637 sancti,
1678 2569 1876 2641 populo

282 2659 422 2718 ﬁdeli
449 2660 843 2742 proposuit,.ut
859 2661 1106 2733 quisquis
1130 2661 1236 2717 hoc
1273 2660 1436 2732 pleno
1467 2659 1633 2742 corde
1656 2673 1879 2732 perspe-

279 2751 444 2818 xerit,
476 2753 740 2810 eﬁiciatur
765 2739 882 2811 ovis
905 2753 1024 2810 Dei.
1121 2764 1128 2766 '
1286 2770 1290 2775 ·
1538 2739 1548 2748 ’

350 2841 496 2899 Post
519 2841 729 2915 longam
759 2843 926 2916 igitur
961 2844 1298 2912 servitutem,
1332 2859 1495 2915 quam
1545 2843 1711 2902 Iacob
1737 2845 1878 2916 apud

278 2947 543 2992 socerum
571 2949 728 2991 suum
765 2949 866 3007 pro
891 2935 1147 2992 uxoribus
1178 2936 1266 2992 vel
1291 2951 1390 3006 pro
1428 2937 1680 2993 mercede
1709 2935 1876 2992 susti-

276 3026 416 3094 nuit,
448 3027 714 3098 prtccepit
751 3027 801 3083 ei
831 3027 975 3084 Deus
1019 3035 1080 3083 ut
1131 3034 1503 3084 reverteretur
1530 3028 1599 3082 ad
1639 3025 1878 3097 .patriam

277 3132 454 3174 suam.
496 3117 666 3186 Tunc,
692 3117 975 3189 ignorante
999 3133 1191 3176 socero
1203 3134 1323 3186 suo,
1338 3134 1464 3175 cum
1479 3119 1738 3174 uxoribus
1762 3118 1876 3175 suis

275 3207 615 3278 preparavit.
654 3185 850 3263 Laban
899 3217 1081 3264 autem
1136 3185 1460 3264 consecutus
1517 3215 1600 3262 est
1642 3221 1766 3261 eum
1818 3207 1875 3261 in
1903 3185 1948 3249 Ο

274 3305 465 3352 monte
493 3294 699 3352 Galaad
723 3314 847 3354 cum
886 3299 1091 3366 furore,
1114 3305 1276 3370 atque
1315 3298 1481 3366 idola,
1505 3314 1627 3368 qum
1674 3297 1878 3354 Rachel

274 3387 586 3456 iuraverat,
616 3387 759 3459 apud
791 3402 916 3444 eum
946 3391 1267 3458 requisivit,
1326 3407 1429 3450 nec
1467 3390 1688 3463 reperit.
1737 3389 1877 3457 Quid

275 3493 408 3550 ergo
462 3479 573 3536 sibi
623 3480 727 3536 hoc
767 3479 946 3550 ipsum
981 3478 1280 3551 ﬁguraliter
1337 3478 1511 3546 velit,
1561 3480 1876 3533 videndum.

273 3575 419 3630 Dum
446 3576 601 3631 enim
629 3572 815 3631 Laban
858 3575 1106 3647 superius
1146 3575 1308 3630 aliam
1346 3581 1503 3647 gerat
1554 3587 1878 3645 personam,

273 3679 430 3721 nunc
464 3672 652 3719 tamen
688 3665 887 3720 diaboli
920 3674 1110 3736 typum
1138 3665 1356 3736 ﬁgurat.

343 3754 551 3810 Laban
596 3752 795 3823 quippe
829 3753 1216 3824 interpretatur
1269 3755 1555 3810 deatbatio.
1601 3755 1883 3811 Dealbatio

275 3857 469 3903 autem
506 3843 754 3900 diabolus
803 3859 913 3900 non
945 3845 1390 3903 inconvenienter
1436 3846 1720 3916 accipitur,
1756 3847 1883 3916 quia

276 3950 407 3991 cum
436 3933 514 3990 sit
540 3932 860 3989 tenebrosus
897 3947 966 3988 ex
995 3933 1194 3991 merito
1219 3975 1235 4002 ,
1278 3933 1621 4006 transﬁgurat
1650 3951 1704 3989 se
1745 3934 1884 3990 velut

277 4021 535 4094 angelum
569 4021 703 4078 lucis
731 4021 816 4095 (11
864 4021 987 4079 Cor.
1020 4022 1123 4096 xi).
1165 4024 1304 4082 Huic
1338 4024 1563 4082 servivit
1610 4023 1800 4093 Iacob,
1827 4025 1885 4082 id

279 4123 386 4182 est,
413 4130 486 4173 ex
507 4122 666 4184 parte
703 4116 1056 4185 reproborum
1087 4116 1345 4174 Iudaicus
1395 4117 1643 4189 pepulus,
1672 4135 1740 4174 ex
1785 4135 1882 4176 cu-

275 4206 367 4277 jus
395 4220 571 4263 carne
615 4205 933 4263 incarnatus
983 4207 1244 4264 Dominus
1272 4210 1438 4264 venit.
1489 4208 1676 4266 Potest
1717 4211 1883 4265 etiam

281 4315 380 4370 per
412 4298 607 4355 Laban
628 4299 865 4355 mundus
890 4300 982 4355 hic
1008 4301 1260 4371 exprimi.
1291 4300 1396 4370 Qui
1424 4316 1549 4358 cum
1572 4301 1760 4358 furore
1785 4300 1884 4357 Ia-

282 4391 386 4447 cob
409 4389 686 4460 sequitur,
711 4390 838 4460 quia
867 4389 1068 4445 electos
1092 4406 1354 4462 quosque,
1381 4393 1476 4464 qui
1504 4392 1886 4465 Redemptoris

281 4482 462 4540 nostri
496 4481 740 4538 membra
776 4491 936 4548 sunt,
980 4485 1355 4555 persequendo
1378 4487 1686 4557 Opprimere
1713 4501 1881 4543 cona-

282 4583 394 4632 tur.
443 4573 624 4646 Hujus
650 4573 840 4641 ﬁliam,
863 4573 918 4629 id
957 4584 1058 4640 est,
1096 4590 1193 4632 seu
1223 4577 1456 4644 mundi,
1519 4578 1633 4634 sive
1660 4579 1882 4646 diaboli,

283 4666 457 4724 Iacob
484 4665 730 4734 abstulit,
758 4680 884 4724 cum
905 4664 1154 4722 Christus
1195 4667 1300 4723 sibi
1325 4667 1625 4724 Ecclesiam
1655 4668 1885 4739 conjun-

283 4757 385 4813 xit.
417 4755 599 4825 Quam
622 4756 771 4814 etde
794 4759 955 4812 domo
988 4755 1166 4813 Patris
1217 4757 1482 4825 abstulit,
1535 4759 1663 4828 quia
1688 4759 1738 4818 ei
1791 4774 1890 4830 per

281 4846 623 4917 Prophetam
652 4845 850 4904 dicitur
879 4865 892 4900 :
928 4844 1240 4902 Obliviscere
1259 4845 1511 4917 populum
1532 4857 1766 4915 tuum,et
1795 4849 1891 4903 do-

283 4959 431 4998 mum
466 4942 636 5013 patris
662 4943 739 4996 tui
769 4939 943 5014 (Psal.
975 4941 1146 5015 xuv).
1176 4943 1318 5011 Quid
1342 4959 1473 5000 vero
1495 4945 1551 5000 in
1568 4933 1748 5011 idolis,
1778 4945 1885 5001 nisi

284 5034 525 5091 avaritia
557 5033 906 5105 designatur?
945 5033 1101 5091 Unde
1147 5043 1204 5090 et
1244 5049 1344 5107 per
1382 5035 1609 5092 Paulum
1645 5037 1881 5094 dicitur:

286 5125 357 5180 Et
387 5126 643 5194 avaritia,
674 5143 792 5198 qua:
819 5136 894 5183 est
921 5127 1187 5183 idolorum
1224 5129 1444 5185 servitus
1474 5126 1612 5202 (Col.
1641 5129 1746 5201 ιιι).
1775 5128 1884 5185 La-

286 5215 395 5272 ban
421 5230 558 5287 ergo
597 5218 821 5274 veniens
845 5219 987 5288 apud
1038 5217 1205 5276 Iacob
1247 5220 1450 5277 idolum
1496 5237 1605 5278 non
1654 5223 1885 5290 invenit,

289 5307 418 5376 quia
452 5307 691 5366 ostensis
714 5309 902 5365 mundi
946 5310 1217 5368 thesauris
1249 5313 1496 5369 diabolus
1549 5315 1607 5370 in
1649 5315 1886 5372 Redem-

288 5407 451 5468 ptore
481 5406 672 5458 nostro
691 5401 916 5473 vestigia
943 5403 1393 5472 concupiscentiae
1415 5413 1644 5460 terrenae
1666 5420 1775 5460 non
1806 5420 1892 5461 re-

291 5491 471 5558 perit;
524 5493 618 5549 sed
637 5508 756 5565 quae
779 5491 949 5551 Iacob
975 5509 1086 5552 non
1112 5494 1321 5564 habuit,
1344 5511 1410 5552 ea
1425 5495 1629 5554 Rachel
1655 5497 1891 5554 sedendo

292 5584 604 5652 cooperuit.

327 5705 333 5712 -
364 5672 477 5730 Per
509 5673 715 5733 Rachel
743 5679 962 5748 quippe,
993 5695 1113 5748 qua:
1151 5681 1258 5737 ovis
1293 5679 1394 5736 Dei
1419 5680 1615 5736 dicitur
1641 5721 1655 5748 ,
1704 5681 1893 5737 Eccle-

297 5776 382 5820 δια
401 5761 693 5836 ﬁguratur.
734 5766 935 5822 Sedere
960 5777 1162 5835 autem,
1193 5780 1275 5826 cst
1326 5772 1680 5828 humilitatem
1713 5773 1893 5844 poeni-

708 5863 986 5926 ΡΑΤιιοι..
1035 5861 1203 5926 CXI.

1970 1935 2280 1992 Iudaeorum
2306 1944 2457 2005 typo,
2481 1935 2588 1990 hoc
2611 1943 2715 2001 est,
2745 1934 2800 1989 in
2830 1933 3074 2002 corporis
3103 1932 3184 1988 sui
3211 1931 3395 1987 sobole
3431 1946 3571 2000 pra:-

1972 2031 2208 2088 valuisse
2242 2031 2354 2086 Deo
2385 2071 2400 2097 ,
2446 2039 2503 2084 et
2525 2029 2680 2100 quasi
2710 2044 2834 2084 cum
2877 2028 3115 2093 inﬁrmo,
3147 2026 3224 2080 ita
3250 2040 3373 2081 cum
3403 2039 3568 2080 carne

1972 2122 2090 2192 ejus
2119 2121 2391 2177 luctamen
2420 2119 2578 2186 inire,
2604 2127 2658 2174 et
2679 2118 3016 2174 invalescere
3062 2117 3118 2172 in
3153 2116 3406 2187 passione
3429 2113 3566 2183 ejus,

1973 2211 2118 2268 sicut
2164 2211 2427 2282 scriptum
2469 2218 2556 2266 est
2582 2224 2706 2266 cum
2735 2209 3018 2265 dicerent:
3048 2206 3329 2278 Cruciﬁge.
3383 2205 3451 2262 Et
3491 2215 3572 2258 ta-

1974 2317 2100 2358 men
2121 2300 2289 2358 Iacob
2318 2302 2386 2356 ab
2425 2301 2616 2358 eodem
2644 2299 2834 2371 angelo
2881 2297 3315 2354 benedictionem
3337 2338 3353 2362 ,
3410 2310 3570 2364 quem

1973 2393 2150 2450 victor
2193 2400 2567 2463 superaverat,
2601 2389 2930 2462 impetravit.
2987 2386 3153 2457 Cujus
3195 2387 3434 2442 nominis
3472 2385 3574 2440 im-

1975 2485 2174 2556 positio
2201 2483 2390 2553 utique
2421 2480 2732 2538 benedictio
2780 2479 2900 2535 fuit.
2956 2477 3350 2547 Interpretatur
3390 2485 3573 2531 autem

1975 2576 2162 2643 Israel,
2186 2576 2362 2632 videns
2385 2574 2590 2630 Deum:
2621 2572 2765 2644 quod
2792 2572 2898 2628 erit
2930 2572 2984 2625 in
3013 2570 3121 2626 ﬁne
3147 2569 3430 2640 praemium
3452 2583 3573 2624 san-

1978 2679 2190 2726 ctorum
2218 2668 2482 2725 omnium.
2513 2665 2714 2736 Tetigit
2765 2664 2842 2720 illi
2871 2678 3035 2734 porro
3070 2663 3214 2717 idem
3242 2661 3464 2732 angelus
3488 2661 3570 2715 la-

1980 2760 2263 2816 titudinem
2289 2758 2533 2825 femoris,
2560 2766 2615 2814 et
2647 2756 2902 2813 claudum
2927 2752 3193 2821 reddidit;
3241 2753 3428 2824 sicque
3454 2761 3576 2808 erat

1979 2869 2120 2910 unus
2145 2861 2307 2924 atque
2334 2853 2479 2908 idem
2521 2835 2687 2908 Iacob
2715 2849 3038 2906 benedictus
3073 2858 3130 2906 et
3177 2848 3436 2906 claudus:
3468 2848 3569 2903 be.

1979 2947 2230 3002 nedictus
2259 2946 2315 3001 in
2343 2945 2431 3001 his
2461 2945 2554 3014 qui
2606 2945 2664 2999 in
2701 2943 2980 2999 Christum
3025 2959 3094 3000 ex
3151 2942 3341 2998 eodem
3374 2941 3576 3012 populo

1979 3037 2364 3102 crediderunt;
2399 3043 2560 3106 atque
2603 3035 2657 3089 in
2695 3033 3005 3091 inﬁdelibus
3048 3032 3293 3090 claudus.
3351 3031 3488 3085 Nam
3519 3031 3572 3085 in

1982 3128 2204 3184 femoris
2265 3142 2431 3182 nervo
2478 3124 2728 3181 valetudo
2783 3125 2996 3196 generis
3045 3133 3101 3180 ct
3143 3123 3430 3178 multitudo
3470 3131 3574 3176 est.

1979 3221 2168 3280 Plures
2189 3221 2388 3292 quippe
2419 3226 2544 3274 sunt
2566 3217 2620 3272 in
2645 3217 2834 3287 stirpe,
2863 3215 2957 3286 qui
2981 3215 3369 3286 degenerantes
3407 3227 3438 3265 a
3472 3212 3576 3266 ﬁde

1976 3322 2215 3387 patrum,
2246 3319 2302 3368 et
2333 3328 2362 3366 a
2389 3311 2676 3381 prmceptis
2706 3309 2789 3364 sui
2813 3309 3050 3365 auctoris
3080 3307 3379 3372 deviantes,
3411 3305 3466 3359 in
3493 3320 3576 3359 er-

1976 3419 2106 3462 rore
2146 3405 2230 3460 sui
2275 3402 2499 3459 seminis
2525 3401 2864 3466 claudicant;
2903 3401 2970 3456 de
3007 3399 3206 3470 quibus
3259 3397 3578 3467 prophetico

1977 3494 2293 3562 praedictum
2335 3502 2468 3545 cst:
2524 3491 2594 3543 Et
2644 3491 3070 3542 claudicaverunt
3115 3502 3149 3538 a
3207 3485 3404 3541 semitis
3462 3486 3574 3539 suis

1979 3579 2154 3653 (Psal.
2181 3581 2338 3654 xvn).
2381 3581 2484 3647 Qui
2515 3588 2696 3635 tamen
2717 3578 2948 3650 populus
2969 3585 3092 3648 post
3122 3577 3284 3632 tactis
3314 3575 3418 3633 sibi
3445 3575 3578 3631 viri-

1977 3673 2082 3730 bus
2109 3689 2218 3730 non
2241 3673 2416 3730 solum
2447 3672 2732 3738 claudicat,
2764 3673 2859 3728 sed
2906 3680 2962 3726 et
3009 3669 3291 3739 torpescit,
3317 3683 3386 3723 ne
3434 3667 3580 3723 ultra

1973 3763 2088 3835 jam
2117 3778 2379 3834 generare
2401 3763 2542 3820 ﬁlios
2563 3763 2752 3835 possit.
2777 3762 3020 3833 Denique
3049 3759 3191 3828 quod
3215 3759 3412 3828 adjecit
3431 3758 3574 3813 idem

1981 3855 2291 3925 patriarcha
2331 3855 2532 3908 vidisse
2561 3869 2621 3908 se
2649 3854 2819 3906 Deum
2851 3847 2992 3905 facie
3038 3849 3106 3905 ad
3157 3846 3355 3924 faciem
3380 3887 3396 3916 ,
3452 3863 3578 3902 cum

1983 3945 2232 4016 superius
2251 3945 2428 4001 virum
2457 3958 2642 3999 secum
2671 3951 2856 3997 narrat
2881 3941 3050 3996 fuisse
3094 3940 3382 4006 luctatum,
3414 3938 3470 3994 id
3501 3940 3580 3994 si-

1984 4035 2207 4111 gniﬁcat
2228 4035 2356 4107 quia
2388 4033 2531 4090 idem
2557 4033 2702 4088 Deus
2718 4033 2882 4088 homo
2911 4039 3032 4086 erat
3057 4029 3293 4099 futurus,
3322 4029 3418 4101 qui
3455 4045 3580 4086 cum

1983 4129 2152 4187 Iacob
2178 4127 2378 4201 popqu
2405 4125 2724 4181 luctaretur.

2055 4220 2213 4283 Dina,
2240 4233 2361 4287 quae
2392 4214 2714 4270 transfertur
2740 4215 2799 4267 in
2853 4229 3111 4279 causam;
3153 4211 3319 4285 jurgii
3345 4213 3571 4269 enimin

1986 4310 2244 4368 Sichimis
2269 4324 2437 4366 causa
2464 4307 2694 4364 exstitit.
2723 4306 2851 4363 Haec
2876 4308 3098 4378 quippe,
3138 4315 3200 4362 ut
3222 4306 3479 4364 mulieres
3498 4307 3582 4362 vi-

1987 4404 2142 4458 deret
2168 4408 2448 4456 extraneae
2473 4397 2734 4469 regionis,
2763 4398 3060 4469 egreditur,
3087 4396 3302 4467 quando
3322 4411 3580 4467 unaquaa-
3600 4391 3620 4398 ”

1909 4537 1965 4600 D
1989 4510 2096 4566 que
2143 4508 2316 4560 mens,
2361 4507 2459 4547 sua
2495 4491 2673 4547 studia
2723 4490 3019 4562 negligens,
3077 4490 3317 4545 actiones
3376 4489 3581 4545 alienas

1993 4603 2212 4653 curans,
2263 4594 2418 4641 extra
2459 4586 2700 4641 habitum
2750 4594 2914 4656 atque
2962 4593 3116 4640 extra
3159 4584 3406 4639 ordinem
3457 4599 3581 4652 pro-

1993 4679 2174 4750 prium
2197 4684 2474 4747 evagatur.
2500 4675 2674 4742 Quam
2697 4674 2918 4731 Sichem
2943 4674 3201 4745 princeps
3221 4680 3381 4727 terrae
3403 4673 3585 4743 oppri-

1996 4769 2118 4835 mit,
2144 4767 2272 4838 quia
2322 4765 2574 4823 videlicet
2599 4767 2863 4821 intentam
2897 4765 3045 4820 curis
3077 4762 3438 4824 exterioribus
3465 4765 3580 4820 dia-

1995 4861 2151 4917 bolus
2171 4859 2488 4931 corrumpit.
2544 4857 2615 4913 Et
2643 4856 2972 4930 agglutinato
2996 4865 3073 4912 est
3115 4856 3294 4910 anima
3320 4854 3434 4927 ejus
3462 4872 3581 4910 cum

1992 4971 2054 5009 ea
2081 4950 2232 5024 (Gen.
2257 4951 2469 5024 xxxiv),
2494 4951 2621 5021 quia
2644 4951 2855 5006 nnitam
2882 4948 2986 5005 sibi
3013 4962 3114 5018 per
3139 4947 3480 5019 iniquitatem
3505 4961 3586 5002 re—

1993 5047 2174 5116 spuit;
2216 5053 2273 5100 et
2308 5044 2433 5114 quia
2462 5057 2587 5100 cum
2609 5057 2764 5098 mens
2792 5055 2825 5095 a
2867 5038 3026 5110 culpa
3068 5037 3358 5109 resipiscit,
3407 5036 3577 5093 allici-

1994 5137 2168 5202 citur;
2202 5144 2365 5206 atque
2386 5135 2682 5192 admissum
2711 5131 2841 5186 ﬁere
2854 5139 3104 5197 conatur,
3128 5132 3340 5186 tristem
3366 5127 3580 5184 blandi-

1995 5228 2085 5283 tiis
2112 5226 2263 5283 falsae
2287 5226 2402 5297 spei
2427 5225 2633 5282 delinit.
2663 5222 2822 5281 Zelus
2848 5239 3011 5296 quem
3035 5223 3342 5281 habuerunt
3370 5219 3466 5282 ﬁlii
3487 5218 3578 5274 Ia-

1994 5318 2098 5374 cob
2153 5317 2210 5372 in
2254 5315 2566 5373 ulciscendo
2606 5324 2794 5386 stupro
2851 5314 3057 5372 sororis
3103 5327 3230 5377 suae,
3297 5309 3582 5366 moraliter

1993 5413 2302 5464 commonet
2345 5413 2590 5476 pastores
2624 5404 2882 5473 ﬁdelium,
2916 5413 3182 5476 quatenus
3203 5405 3440 5461 habeant
3486 5416 3583 5458 cu-

1993 5514 2112 5554 ram
2132 5496 2437 5552 animarum
2477 5494 2580 5552 sibi
2615 5497 3049 5562 commissarum,
3087 5512 3158 5553 ne
3188 5495 3454 5554 violenter
3488 5503 3582 5549 aut

1995 5589 2264 5662 corporali
2302 5588 2522 5657 delicto,
2547 5597 2642 5644 aut
2669 5589 3024 5645 fornicatione
3068 5587 3297 5660 spiritali
3334 5587 3581 5657 polluan-

1955 5673 2128 5749 ἰω-ς
2172 5682 2458 5752 paratique
2504 5682 2614 5737 sint
2662 5682 2761 5752 ipsi
2801 5695 3034 5751 semper,
3086 5680 3379 5737 secundum
3430 5679 3578 5746 Apo-

1999 5774 2219 5842 stolum,
2271 5773 2460 5830 ulcisci
2505 5788 2720 5829 onlnem
2768 5772 3189 5830 inobedicntiam
3236 5769 3578 5825 resistentem

3023 5868 3064 5928 2
