4074 6316
483 350 554 412 43
1116 355 1177 410 Β.
1218 350 1728 410 RABANl-MAUM
1762 346 2434 409 ARGHlEPt‘HOGUNT.
2468 342 2759 404 OPERUM
2792 340 2973 397 PARS
3009 339 3074 395 Il.

484 467 702 524 veritati
720 502 742 534 .,
791 473 952 538 atque
1003 463 1578 522 exeommmticatlonis
1625 461 1806 532 gladio
1855 460 2055 519 fet-iant
2079 465 2134 531 Α
2157 460 2283 530 quia
2315 457 2689 529 mandragoris
2719 455 2813 512 ﬁlii
2856 455 2942 510 sui
2970 453 3163 510 Ruben
3183 451 3471 538 introitum
3495 449 3739 536 viri,lqui

486 557 852 628 stupratorem
879 595 895 623 ,
933 569 1004 611 ne
1058 571 1158 626 pro
1207 558 1358 610 tanto
1413 553 1727 609 oommisso‘
1760 549 2056 623 impunitus

483 649 696 706 evadat.
1321 701 1331 710 ,
1467 669 1473 677 ·
1819 653 1826 661 “

552 738 767 804 Ruben,
799 736 1191 808 primogenitus
1237 736 1474 803 lsraelis,
1519 735 1618 807 qui
1667 735 2058 806 interpretatur

480 829 692 889 uisionis
717 827 860 898 [ilius
875 845 895 894 ;
915 829 996 885 sie
1013 829 1161 885 enim
1189 829 1404 898 quando
1431 843 1555 883 eum
1583 826 1793 898 peperit
1811 825 1930 891 Lia,
1957 835 2056 880 vo-

481 923 626 981 cavit
654 937 852 978 nomen
877 921 994 992 ejus
1051 921 1265 986 Ruben,
1325 917 1508 977 dicens
1533 937 1547 973 :
1577 917 1716 985 Quia
1741 917 1865 973 uidit
1913 915 2056 972 Deut

478 1011 828 1068 hunu'litatem
856 1027 1024 1066 nteant
1076 1009 1232 1083 (Gen.
1262 1010 1440 1082 xxix),
1476 1008 1736 1080 populum
1784 1005 2057 1077 signiﬁcat

476 1102 806 1168 Judaeorum,
860 1101 953 1172 qui
998 1102 1166 1157 Deum
1201 1098 1596 1170 quodammodo
1634 1097 1788 1178 vidit,
1817 1097 1920 1152 hoc
1947 1103 2054 1162 est,

477 1193 698 1266 agnovit
736 1208 834 1264 per
881 1193 1246 1262 acceptionem
1279 1191 1448 1264 legis;
1493 1190 1588 1245 sed
1626 1187 1847 1245 violavit
1881 1185 2056 1244 cubile

473 1284 571 1338 Dei
592 1267 790 1348 Patris,
821 1281 1036 1352 quando
1055 1295 1288 1346 carnem,
1317 1294 1484 1350 quam
1504 1279 1607 1336 sibi
1631 1278 1880 1334 Christus
1913 1277 2054 1332 asci-

476 1380 650 1437 verat,
693 1366 919 1428 conﬁxit
968 1365 1024 1424 in
1053 1369 1292 1440 patibulo
1331 1369 1530 1427 crucis.
1573 1357 1746 1424 Aliter
1787 1359 2058 1439 signiﬁcat

472 1459 702 1524 electum
744 1451 999 1535 populum
1047 1479 1114 1519 ex
1165 1461 1382 1529 Iudaeis,
1440 1459 1527 1517 cui
1562 1459 1744 1516 divina
1777 1457 2056 1516 misera-tio

469 1551 701 1610 contunt
755 1561 818 1610 ut
877 1552 968 1624 qui
1037 1543 1206 1608 Deum
1279 1537 1522 1622 negando
1581 1559 1638 1606 et
1697 1537 2056 1620 cruciﬁgendo

472 1635 687 1700 aeternae
732 1627 894 1700 morti
941 1643 1178 1715 seipsum
1245 1643 1554 1711 addixerat,
1594 1649 1948 1712 compunctus
1987 1639 2057 1698 ad

466 1737 910 1811 praedicationem
934 1744 1245 1792 sanctorum
1308 1735 1699 1806 apostolorum,
1743 1725 1945 1792 erroris
1971 1732 2054 1790 'sui

466 1809 843 1896 paenitentiam
878 1835 1062 1898 ageret
1081 1834 1136 1880 et
1155 1841 1222 1881 ex
1252 1823 1357 1880 ﬁde
1382 1827 1604 1880 viveret.

539 1917 758 1978 Simeon
807 1919 1197 1990 interpretatur
1225 1918 1467 1983 auditio;
1497 1919 1575 1976 sic
1604 1900 1748 1973 enim
1779 1901 1916 1972 dixit
1938 1899 2055 1983 Lia,

467 2009 681 2082 quando
745 2003 954 2081 peperit
1006 2011 1131 2065 cuin
1181 2026 1195 2063 :
1249 1997 1387 2075 Quia
1451 2009 1716 2063 exaudivit
1768 2025 1849 2064 me
1913 2007 2056 2074 Deus

467 2101 621 2178 (Gen.
660 2101 832 2174 xxix).
886 2091 985 2156 Hic
1030 2101 1242 2156 scribas
1293 2101 1542 2172 designat
1587 2095 1918 2167 Iudaeorum,
1960 2097 2055 2170 qui

466 2199 793 2262 acceperunt
843 2188 1076 2264 Quidenr
1108 2205 1294 2246 vocem
1319 2184 1440 2257 Dei,
1490 2199 1760 2262 praecepta
1784 2187 1920 2263 legis
1950 2189 2054 2246 sibi

466 2261 770 2340 tradentem
790 2324 804 2349 ,
858 2261 952 2338 sed
981 2282 1038 2364 in
1063 2261 1248 2336 lurore
1275 2297 1374 2337 suo
1396 2261 1714 2336 occiderunt
1736 2261 2048 2353 prophetas,

463 2383 520 2432 et
539 2376 594 2432 in
611 2373 792 2432 dolore
805 2388 904 2429 suo
916 2361 1251 2428 suii‘oderunt
1266 2367 1458 2428 ﬁxuris
1477 2369 1754 2428 clavorum
1777 2367 2052 2448 Christum

463 2457 833 2522 ﬁrmissimum
861 2455 1102 2530 murum,
1129 2450 1184 2519 in
1208 2479 1318 2536 quo
1343 2457 1628 2521 credentes
1654 2463 1833 2520 stabili
1856 2452 2053 2522 robore

463 2548 921 2636 communiuntur.

532 2631 684 2718 Levi,
721 2645 814 2719 qui
859 2631 1248 2720 interpretatur
1281 2647 1518 2729 additus,
1567 2657 1759 2704 auctor
1790 2655 1846 2703 et
1875 2641 2048 2719 ﬁgura

461 2748 546 2797 est
603 2739 910 2810 principum
953 2734 1296 2799 sacerdotum
1327 2732 1419 2810 qui
1441 2741 1730 2797 Dominum
1759 2741 2046 2798 crucilixe-

461 2841 606 2887 runt.
641 2811 813 2886 Aliter
857 2817 988 2886 Levi
1019 2829 1288 2902 signiﬁcat
1323 2829 1551 2889 chorum
1589 2829 1944 2906 apostolicum
1993 2821 2050 2886 et

457 2913 772 2978 universum
824 2908 1126 2998 martyrum
1155 2925 1473 2987 exercitum,
1501 2939 1602 2979 nec
1627 2940 1734 2978 non
1765 2917 1819 2978 et
1843 2929 2047 2993 marty-

459 3010 580 3066 rum
611 3011 808 3083 caput;
841 3007 1099 3084 omnique
1123 3009 1302 3070 ordini
1328 3011 1694 3083 perfectorum
1723 3013 1825 3068 ista
1855 3007 2045 3068 dicun-

458 3113 565 3172 tur,
612 3105 703 3176 qui
734 3098 1127 3176 perfectionem
1172 3093 1458 3161 charitatis
1488 3103 1780 3160 morientes
1809 3120 1910 3176 pro
1941 3101 2046 3158 Do-

2158 550 2382 609 Racheli
2403 550 2721 614 debebatur,
2753 545 2821 602 ad
2855 561 2912 602 sc
2953 553 3162 600 emerat
3196 539 3313 602 Lia.
3353 537 3506 596 Unde
3531 549 3588 596 et
3611 539 3740 598 dum

2157 651 2318 700 natus
2343 649 2513 707 esset.r
2539 639 2676 700 dixit
2704 633 2802 694 Lia
2835 654 2848 691 :
2879 631 3033 691 Dedit
3063 633 3208 690 Deus
3247 633 3536 688 mercedem
3565 647 3739 687 meum

2159 737 2312 810 (Gen.
2355 734 2506 810 xxx).
2554 733 2710 788 Hunc
2741 741 2900 803 pater
2951 726 3118 786 Iacob
3150 727 3205 785 in
3225 723 3601 784 benedictione
3643 741 3741 796 sua

2156 823 2364 884 asinum
2395 825 2582 896 fortem
2605 822 2936 892 nuncupavit
2957 817 3108 893 (Gen.
3138 815 3310 887 ms),
3348 824 3741 886 supponentcm

2157 899 2445 974 humerum
2467 932 2624 972 suum
2651 915 2719 970 ad
2745 911 3094 984 portandum,
3124 909 3253 980 quia
3289 907 3344 964 in
3371 903 3557 964 labore
3583 915 3742 965 terra:

2157 1016 2212 1066 et
2239 997 2499 1062 vehendis
2517 1002 2586 1060 ad
2608 1019 2757 1060 mare
2775 1019 2895 1074 qum
2921 1001 2978 1057 in
3001 997 3198 1056 ﬁnibus
3225 994 3339 1054 suis
3355 995 3740 1064 nascebantur,

2155 1097 2449 1170 plurimum
2487 1096 2770 1153 laboravit.
2812 1083 3092 1166 Signiﬁcat
3116 1100 3298 1147 autem
3335 1086 3622 1147 ecclesiam
3677 1087 3744 1145 dc

2157 1188 2428 1261 gentibus,
2451 1204 2568 1260 qua:
2591 1187 2820 1256 subjecit
2837 1186 3126 1241 humerum
3146 1189 3301 1261 suum
3323 1184 3390 1238 ad
3406 1173 3584 1237 crucis
3605 1195 3742 1236 onus

2155 1259 2508 1353 portandum,
2545 1289 2600 1335 ct
2647 1267 2717 1332 ad
2740 1272 3070 1348 implendum
3110 1259 3368 1330 mandata
3390 1273 3612 1341 Christi,
3650 1271 3743 1344 qui

2157 1371 2326 1428 dixit:
2353 1370 2552 1442 Iugum
2605 1369 2743 1425 enini
2774 1384 2945 1424 meum
2971 1368 3149 1434 suave‘,
3173 1375 3220 1421 et
3243 1371 3376 1420 o‘ntts
3419 1381 3590 1420 nteant
3640 1363 3744 1420 (eve

2157 1473 2230 1520 est
2257 1461 2475 1535 (Matth.
2510 1461 2612 1534 xi).

2226 1541 2495 1622 Zabulon,
2519 1553 2612 1625 qui
2641 1538 3033 1624 inlerpretatur
3053 1549 3436 1634 habitaculum,
3453 1558 3744 1628 propterea

2157 1645 2285 1719 quia
2312 1645 2412 1700 Lia
2455 1645 2570 1716 jam
2595 1659 2787 1702 secura
2819 1643 2887 1698 de
2913 1641 3317 1722 cohabitatione
3359 1640 3528 1722 Jacob
3557 1641 3693 1698 dixit
3721 1658 3739 1698 :

2158 1738 2430 1796 Habitavit
2473 1738 2551 1793 uir
2575 1733 2720 1820 titeus
2768 1751 2968 1791 mecum
2998 1721 3149 1820 (Gen.
3189 1733 3341 1807 xxx}.
3369 1721 3469 1790 llic
3497 1734 3742 1796 eamdem

2081 1815 2132 1903 β
2159 1831 2458 1910 Ecclesium
2478 1816 2769 1900 signiﬁcat,
2800 1844 2920 1910 quae
2943 1843 3100 1886 secus
3121 1815 3316 1910 ﬂuctus
3339 1825 3500 1897 hujus
3519 1827 3641 1882 vitae
3661 1826 3744 1882 in-

2161 1909 2435 1992 habitans,
2475 1937 2665 1980 emnes
2695 1907 3024 1999 tcntationes
3052 1927 3106 1974 et
3137 1907 3381 1974 turbines
3409 1917 3590 1973 seaculi
3627 1933 3743 1999 sus-

2160 2016 2298 2072 tinet
2325 2023 2380 2093 et
2409 2014 2466 2070 in
2506 2014 2818 2092 doctoribus
2858 1995 2971 2068 sitis
3000 2011 3070 2067 ad
3097 2018 3310 2068 montes
3339 2010 3601 2064 virtutum
3641 1995 3740 2084 [et]

2156 2109 2346 2166 laudes
2365 2107 2596 2164 Domino
2634 2103 2952 2163 referendas
2969 2111 3234 2162 convocat
3251 2101 3479 2176 populos
3499 2102 3744 2169 omnium

2155 2200 2423 2273 gentium.

2226 2288 2536 2362 Nephtalim
2563 2289 3188 2359 quoqueinterpretatur
3230 2285 3478 2366 convertit
3519 2301 3623 2352 me,
3658 2284 3744 2349 vel

2156 2381 2398 2438 dilatavit
2432 2396 2536 2446 me,
2579 2379 2661 2436 vel
2695 2371 2830 2434 cerle
2862 2377 3119 2449 implicuit
3133 2393 3248 2456 me.
3282 2377 3358 2432 De
3383 2375 3744 2438 conversione

2155 2472 2270 2548 sive
2302 2469 2708 2547 comparatione
2756 2483 2918 2525 causa
2943 2465 3178 2523 nominis
3207 2465 3324 2538 ejus
3345 2475 3449 2524 est.
3485 2459 3639 2523 Unde
3689 2474 3747 2524 et

2153 2562 2289 2640 dicit
2328 2560 2584 2640 Rachel,
2656 2575 2780 2615 cum
2832 2574 2955 2614 eum
3012 2551 3310 2636 peperisset
3375 2557 3572 2614 ancilla
3627 2556 3745 2628 ejus

2153 2637 2250 2708 Lia
2300 2637 2474 2729 [Bala]
2495 2670 2514 2729 κε
2541 2637 2881 2722 Compararit
2939 2665 3020 2703 me
3047 2647 3210 2729 _Deus
3239 2665 3359 2703 cum
3392 2663 3571 2704 sorore
3596 2663 3741 2720 mea,

2153 2754 2200 2800 et
2223 2725 2420 2800 invalui
2450 2725 2605 2815 (Gen.
2635 2740 2788 2814 xxx).
2822 2741 2921 2797 Cui
2956 2725 3093 2818 dixit
3117 2741 3341 2812 paterin
3363 2731 3746 2820 benedictione

2150 2849 2250 2892 sua
2279 2853 2292 2888 :
2321 2831 2627 2912 Nephtalim
2666 2849 2846 2887 ceruus
2906 2833 3154 2911 emissus“,
3201 2833 3334 2912 dans
3373 2829 3578 2900 eloquia
3623 2827 3743 2898 pul-

2151 2905 2464 2981 chritudinis
2511 2905 2662 2998 (Cen.
2718 2924 2890 2993 χιιι).
2943 2905 3090 2990 Sive,
3120 2905 3428 2999 Nepbtaliin
3470 2938 3596 2993 ager
3621 2920 3744 2976 irri-

2148 3035 2305 3091 guus.
2361 3018 2664 3088 Utrumque
2705 3011 2852 3073 énim
2895 3016 3166 3089 signiﬁcat
3192 3009 3480 3091 Ilebrtcum
3517 3015 3742 3070 verbum

2151 3088 2278 3164 aila.
2323 3107 2606 3182 Signiﬁcat
2652 3116 2835 3164 autem
2893 3088 3036 3178 quod
3095 3121 3251 3177 aqua:
3287 3088 3477 3162 calida:
3522 3104 3580 3160 in
3627 3103 3743 3176 ipsa

457 3195 605 3252 mino
629 3195 1025 3268 impleverunt;
1073 3207 1128 3254 et
1177 3197 1625 3254 abrenuntiautes
1649 3196 1902 3253 omnibus
1927 3195 2044 3252 cul-
2152 3169 2452 3258 nascuntur
2494 3201 2672 3277 tribu;
2719 3201 2833 3256 sive
2875 3201 3024 3271 quod
3069 3215 3231 3269 super
3281 3185 3462 3254 lacum
3499 3196 3744 3254 Genesar

455 3305 582 3344 men
611 3289 871 3346 doctrina:
914 3285 1241 3362 evangelith
1300 3290 1535 3347 assecuti
1585 3297 1732 3357 sunt,
1787 3298 2049 3360 tanquam

455 3376 570 3434 veri
605 3379 805 3436 Levita:
833 3397 938 3437 non
969 3377 1234 3438 habentes
1264 3390 1481 3452 partem
1503 3379 1559 3436 in
1598 3389 1767 3449 terra,
1807 3371 1902 3438 sed
1925 3375 2048 3439 cuin

451 3464 1004 3556 PrOplietaﬂdicentes
1038 3491 1050 3525 :
1099 3461 1358 3528 Dominus
1400 3489 1522 3544 pars
1543 3469 1865 3556 hwreditatis
1920 3457 2048 3556 mea}

456 3551 628 3640 (Psal.
681 3551 794 3639 iv).
839 3566 991 3624 Unde
1042 3565 1254 3637 Moyses
1282 3566 1339 3620 in
1385 3563 1763 3620 benedictione
1818 3551 1942 3618 Levi
1977 3551 2048 3616 ad

452 3657 741 3714 Dominum
765 3658 840 3712 ait
867 3675 878 3710 :
900 3643 1164 3726 Perféelio
1185 3667 1278 3710 tua
1299 3665 1346 3710 et
1369 3657 1609 3710 doctrina
1630 3665 1723 3709 tua
1742 3655 1850 3710 viro
1867 3642 2046 3709 sancio

453 3732 566 3813 luo,
590 3765 741 3818 quem
765 3735 993 3819 probasti
1018 3748 1071 3801 in
1095 3747 1403 3814 tentatio'ne,
1427 3756 1474 3801 et
1503 3743 1763 3816 judicain
1787 3744 1854 3799 ad
1879 3741 2046 3814 aquas

456 3821 886 3896 contradiclionis
929 3839 1110 3909 (Deut.
1143 3819 1360 3907 xxxnt).
1393 3825 1646 3906 Teutalus
1665 3847 1750 3896 est
1775 3837 1920 3914 enini
1962 3827 2047 3914 vi?

457 3917 561 3980 iste
614 3917 855 3992 sanctus,
910 3932 969 3978 ut
1025 3921 1316 3994 Apostolus
1374 3919 1469 3990 ait,
1521 3941 1612 3996 per
1666 3923 1841 3980 omnia
1905 3912 2044 3996 [pro]

453 4008 818 4084 similitudine,
841 4007 1050 4086 excepto
1079 4025 1288 4086 peccato
1315 4010 1472 4088 (Ileb.
1501 4010 1598 4088 ιν).
1626 4013 1731 4071 Sed
1753 4011 2045 4070 maximam

454 4095 505 4162 ei
533 4092 661 4162 tunc
692 4095 939 4163 diabolus
968 4095 1322 4164 tentationem
1346 4107 1548 4180 intulit,
1583 4099 1704 4162 cum
1729 4107 1782 4161 in
1809 4095 1924 4175 ejus
1951 4105 2045 4160 ne-

454 4213 570 4254 cem
591 4196 900 4254 Judacorum
923 4198 1132 4273 animos
1152 4207 1303 4253 tanta
1323 4189 1684 4253 obstinatione
1697 4182 1971 4262 excitavit,
1984 4182 2047 4250 'ui

459 4283 648 4342 omnes
672 4287 780 4342 una
830 4302 960 4344 voce
985 4285 1232 4362 dicerent
1251 4308 1262 4342 :
1284 4285 1516 4360 Sanguis
1546 4288 1658 4358 ejus
1682 4280 1838 4357 super
1878 4282 1972 4340 nos
1995 4296 2044 4342 et

453 4395 609 4449 super
628 4375 766 4446 ﬁlios
789 4387 992 4433 nostros
1015 4375 1234 4451 (Matth.
1259 4374 1456 4449 xxvii).
1473 4369 1639 4446 Aqua:
1659 4375 1805 4430 enim
1833 4369 2045 4431 contra-

454 4459 706 4525 dicilonis
725 4467 906 4540 populi
929 4477 1054 4526 sunt
1077 4453 1406 4536 ludieoruin,
1437 4463 1525 4538 qui
1552 4463 1899 4522 inundatione
1925 4485 2045 4539 per:

2149 3289 2352 3366 iluento
2392 3287 2646 3364 Jordanis
2675 3297 2823 3346 esset
2861 3289 3120 3362 irriguus.
3161 3287 3372 3344 Hebraei
3413 3296 3594 3341 autem
3647 3300 3740 3340 vo-

2149 3379 2269 3460 lunt
2317 3377 2539 3451 propter
2583 3377 2952 3458 Tiberiadem,
2993 3393 3113 3444 quae
3147 3374 3294 3452 legis
3320 3374 3606 3430 videbatur
3636 3373 3736 3428 ha-

2150 3473 2281 3550 bere
2309 3469 2581 3536 notitiam,
2624 3481 2814 3540 agrum
2856 3461 3121 3536 irriguum
3165 3472 3220 3520 et
3251 3461 3468 3538 eloduia
3494 3465 3739 3543 pulchri-

2151 3560 2354 3616 tudinis
2405 3555 2740 3629 prophctari.
2773 3555 2980 3611 Cervus
3008 3561 3191 3610 autem
3216 3549 3446 3610 emissus
3470 3567 3743 3626 tempora-

2150 3644 2283 3706 neas
2311 3631 2496 3719 iruges
2538 3655 2593 3702 et
2610 3635 2956 3700 velocitatem
2987 3629 3443 3726 terrae‘uberioris
3463 3643 3736 3712 ostendit;

2147 3741 2243 3796 sed
2273 3739 2489 3803 melius,
2526 3737 2572 3793 si
2605 3737 2673 3792 ad
2709 3735 3014 3792 doctrinam
3079 3734 3378 3790 Salvatoris
3423 3745 3618 3790 cuncta
3651 3751 3738 3791 re-

2149 3811 2394 3904 ierimus,
2428 3813 2578 3900 quod
2625 3827 2720 3904 ibi
2747 3827 2834 3882 vel
2863 3827 3098 3883 maxime
3149 3811 3398 3882 docuerit
3443 3826 3736 3883 Salvator:

2149 3903 2294 3994 quad
2359 3921 2415 3977 in
2475 3901 2770 3992 Evangelio
2823 3933 3040 3990 quoque
3087 3919 3348 3990 scriptum
3397 3927 3501 3974 est.
3564 3917 3739 3975 Aliter

2147 3998 2333 4096 autem
2387 4012 2645 4084 exprimit
2699 4017 3157 4088 omnessanctos
3191 4010 3594 4080 praedicatores,
3643 4009 3737 4082 qui

2151 4093 2324 4162 instar
2389 4120 2680 4161 cervorum
2732 4096 3123 4184 transilientes,
3175 4105 3244 4182 ad
3291 4119 3604 4184 supernase
3631 4106 3736 4162 eri-

2145 4186 2304 4282 guilt,
2331 4185 2650 4266 cu'nctisqu'e
2679 4181 3026 4251 credentibus
3053 4195 3314 4252 doctrinae
3343 4181 3559 4268 eloquia
3605 4211 3736 4253 con.

2148 4283 2350 4374 ferunt.
2676 4359 2682 4367 i
2869 4359 2876 4366 _
3701 4347 3708 4355 ε

2143 4454 2164 4464 η
2217 4370 2336 4464 Dan
2363 4375 2757 4464 interpretatur
2776 4370 3064 4456 judicium.
3113 4379 3240 4436 Bala
3283 4381 3430 4439 enim
3459 4396 3587 4438 eum
3609 4397 3734 4440 cum

2148 4455 2466 4544 peperisset,
2506 4455 2644 4526 dixit
2675 4455 2882 4527 Rachel
2909 4471 3126 4527 domina
3155 4471 3285 4548 eius
3310 4490 3324 4527 :
3345 4472 3612 4529 Judicavit
3650 4489 3733 4530 me

454 4558 795 4616 secutionum
836 4558 1022 4616 contra
1055 4552 1330 4616 Christum
1359 4558 1413 4614 el
1441 4553 1656 4614 sanctos
1684 4556 1800 4628 ejus
1851 4575 2036 4615 surrc-
2063 4530 2122 4615 Ρ
2145 4530 2427 4630 deinus,
2469 4571 2517 4618 et
2571 4559 2860 4618 eiraudiens
2905 4555 3048 4616 dedii
3098 4530 3227 4618 milii
3262 4562 3476 4633 ﬁlium:
3508 4578 3732 4638 causam

451 4660 668 4708 XCl‘UﬂL

520 4729 657 4798 luda
695 4722 952 4812 εοήῖέδὲῑο
984 4738 1202 4808 dicitur,
1237 4740 1359 4810 quia
1416 4740 1630 4811 quando
1665 4741 1789 4796 eu'm
1829 4731 2040 4814 peperit

449 4824 569 4900 Lia,
592 4823 803 4914 laudem
823 4823 1056 4888 Domino
1081 4828 1290 4914 retulit,
1315 4831 1500 4888 dicens
1533 4850 1545 4885 :
1583 4827 1741 4887 Nunc
1763 4829 1919 4905 super
1937 4830 2036 4888 Ὶιοο

449 4911 736 4996 conﬁtebor
785 4909 1012 4978 Domino
1052 4909 1204 4996 (Cen.
1249 4922 1422 4995 xxix),
1463 4921 1515 4978 id
1545 4928 1648 4989 est,
1679 4925 1882 4998 gratias
1913 4942 2032 4998 ago.

448 5006 552 5072 Hic
595 5011 869 5088 'sig'hiliuat
923 5003 1220 5078 Christum,
1284 5013 1377 5083 qui
1421 5011 1478 5068 in
1547 5011 1709 5069 cubili
1777 5009 2031 5085 sepulcri,

450 5105 606 5178 quasi
632 5106 719 5163 leo
740 5103 986 5170 securus,
1018 5099 1250 5173 quodam
1270 5105 1540 5174 -corporis
1573 5103 1763 5162 soi'nno
1805 5107 2028 5178 quievit,

451 5195 772 5270 devictaque
815 5191 1015 5250 morus
1043 5183 1290 5261 imperio,
1319 5199 1440 5262 post
1489 5194 1724 5250 triduum
1753 5199 1989 5253 surrexit
2013 5213 2038 5266 ;

449 5287 543 5362 qui
593 5275 786 5342 contra
842 5278 1182 5362 adversarias
1229 5293 1526 5354 potestates
1579 5284 1633 5342 in
1687 5303 1847 5344 cruce
1898 5305 2030 5345 con-

447 5359 678 5452 ﬂigens,
752 5371 999 5433 sanctam
1039 5359 1339 5430 Eecl‘esiam
1370 5419 1384 5443 ,
1439 5371 1600 5448 quam
1657 5375 1725 5434 de
1783 5379 2035 5450 gentibus

447 5467 717 5526 universis
763 5459 830 5522 ad
866 5481 926 5522 se
975 5459 1142 5520 vitet'n
1188 5467 1372 5522 veram
1428 5460 1684 5542 colligens
1737 5469 1863 5526 vino
1905 5472 2036 5527 san-

448 5559 630 5634 guinis
684 5559 768 5615 sui
819 5557 1060 5628 lavavlt,
1133 5562 1344 5618 cunctis
1389 5561 1638 5622 hostibus
1703 5564 2038 5637 superiorem

448 5651 600 5710 fecit.

520 5741 762 5811 lsachar,
793 5752 881 5820 qui
911 5751 1298 5824 interpretatur
1325 5773 1537 5810 merces.
1572 5751 1683 5812 Hoc
1707 5765 1883 5812 autem
1917 5755 2036 5814 idco

2143 4641 2382 4713 nominis
2437 4653 2728 4727 expressit.
2782 4641 2884 4711 Hic
2933 4653 3088 4724 juxta
3145 4655 3486 4732 prophetiam
3538 4653 3728 4723 Jacob,

2143 4743 2355 4802 coluber
2461 4746 2564 4816 via,
2615 4755 2840 4824 cerastes
2866 4747 2922 4801 in
2944 4747 3132 4802 semita
3175 4762 3296 4805 esse
3330 4746 3526 4804 dicitur
3569 4745 3730 4822 (Gen.

2145 4835 2317 4912 XLIX).
2363 4822 2562 4894 Dicunt
2590 4821 2810 4910 quidam
2847 4835 3246 4894 Antichristum
3279 4854 3386 4910 .per
3416 4839 3533 4896 haec
3561 4821 3731 4896 verba

2142 4927 2364 5000 praedici
2389 4928 2455 4983 de
2485 4928 2589 4984 ista
2609 4925 2754 4984 tribu
2781 4927 3046 4994 futurum,
3075 4941 3176 4998 pro
3201 4942 3268 4984 eo
3311 4929 3457 5000 quod
3481 4930 3584 4986 hoc
3608 4929 3730 4987 loco

2139 5017 2254 5073 Dan
2281 5028 2338 5074 et
2370 5020 2592 5076 coluber
2636 5017 2902 5076 asscritur
2924 5031 2980 5076 et
3008 5019 3304 5089 mordens;
3337 5028 3392 5077 et
3421 5022 3562 5078 unde
3586 5022 3729 5081 inter

2139 5101 2311 5165 tribus
2331 5109 2497 5166 Israel
2519 5111 2730 5181 primus
2751 5102 2864 5164 Dan
2891 5111 2958 5184 ad
2987 5110 3296 5184 aquilonem
3308 5107 3729 5172 castrametatus

2137 5208 2242 5268 est,
2259 5192 2571 5272 signiﬁcans
2584 5199 2732 5284 illum
2746 5201 2834 5272 qui
2849 5215 2906 5284 se
2921 5181 3246 5260 inlateribus
3260 5185 3526 5280 aquilonis
3537 5207 3730 5262 sedere

2140 5287 2272 5348 dicit
2299 5311 2312 5360 ;
2367 5294 2511 5349 etde
2541 5308 2648 5364 quo
2677 5277 2982 5364 ﬁguraliter
3009 5287 3274 5374 propheta
3301 5277 3433 5352 dicit
3462 5314 3476 5350 :
3511 5295 3560 5373 ,Δ
3600 5296 3725 5353 Dan

2141 5385 2354 5440 auditus
2419 5394 2495 5472 est
2543 5375 2784 5453 fremitus
2844 5403 3095 5458 equorum
3135 5386 3272 5460 (Jer.
3318 5387 3460 5462 vni).
3493 5388 3596 5457 Qui
3620 5404 3729 5446 non

2141 5477 2316 5535 solum
2357 5465 2589 5546 coluber,
2630 5479 2725 5535 sed
2769 5481 2937 5536 etiam
2965 5493 3192 5538 cerastes
3241 5491 3490 5539 vocatur.
3531 5480 3727 5540 Cerata

2141 5569 2286 5626 enim
2313 5569 2498 5626 Graece
2529 5585 2732 5627 cornua
2759 5573 3032 5628 dicuntur.
3089 5573 3328 5645 Serpens
3357 5569 3446 5629 ille
3465 5581 3727 5630 cornutus

2067 5684 2082 5702 ·
2142 5681 2262 5723 esse
2288 5664 2623 5737 perhibetur,
2642 5681 2747 5736 per
2795 5681 2954 5736 quem
2989 5667 3149 5736 digne
3186 5665 3554 5722 Antichristus
3577 5678 3729 5722 asse-

2145 5757 2284 5814 ritur
2331 5759 2424 5830 qui
2454 5763 2643 5815 contra
2673 5759 2840 5811 vitam
2879 5753 3120 5812 ﬁdelium
3174 5771 3298 5814 cum
3342 5771 3529 5814 morsu
3559 5757 3731 5833 pesti:
