  <div class='ocr_page' id='page_1' title='image "/cluster/home/n/w/nwhite01/storage/ocr_20150623/111/hvd.32044009716333/030.png"; bbox 0 0 4074 6316; ppageno 0'>
   <div class='ocr_carea' id='block_1_1' title="bbox 314 321 1869 426">
    <p class='ocr_par' dir='ltr' id='par_1_1' title="bbox 314 331 1869 402">
     <span class='ocr_line' id='line_1_1' title="bbox 314 331 1869 402; baseline 0.011 -17"><span class='ocrx_word' id='word_1_1' title='bbox 314 331 388 396; x_wconf 72' lang='grc'><strong>45</strong></span> <span class='ocrx_word' id='word_1_2' title='bbox 1309 343 1400 398; x_wconf 80' lang='lat' dir='ltr'><strong>DE</strong></span> <span class='ocrx_word' id='word_1_3' title='bbox 1436 342 1784 402; x_wconf 73' lang='lat' dir='ltr'><strong>UNIVERSO</strong></span> <span class='ocrx_word' id='word_1_4' title='bbox 1821 346 1869 402; x_wconf 70' lang='lat' dir='ltr'><strong>Li</strong></span> 
     </span>
    </p>
   </div>
   <div class='ocr_carea' id='block_1_2' title="bbox 1969 321 3580 426">
    <p class='ocr_par' dir='ltr' id='par_1_2' title="bbox 1969 321 3580 426">
     <span class='ocr_line' id='line_1_2' title="bbox 1969 321 3580 426; baseline 0.009 -24"><span class='ocrx_word' id='word_1_5' title='bbox 1969 346 2004 403; x_wconf 72' lang='lat' dir='ltr'><strong>rt</strong></span> <span class='ocrx_word' id='word_1_6' title='bbox 2043 347 2208 405; x_wconf 66' lang='grc' dir='ltr'><strong>χχιι.</strong></span> <span class='ocrx_word' id='word_1_7' title='bbox 2246 379 2319 390; x_wconf 93' lang='grc'><strong><em>-</em></strong></span> <span class='ocrx_word' id='word_1_8' title='bbox 2353 351 2482 407; x_wconf 82' lang='lat' dir='ltr'><strong>LIB.</strong></span> <span class='ocrx_word' id='word_1_9' title='bbox 2523 352 2587 409; x_wconf 80' lang='grc' dir='ltr'><strong>ιι.</strong></span> <span class='ocrx_word' id='word_1_10' title='bbox 2877 321 2881 328; x_wconf 74' lang='grc'><em>’</em></span> <span class='ocrx_word' id='word_1_11' title='bbox 3509 371 3580 426; x_wconf 69' lang='grc' dir='ltr'>ω</span> 
     </span>
    </p>
   </div>
   <div class='ocr_carea' id='block_1_3' title="bbox 305 453 3578 548">
    <p class='ocr_par' dir='ltr' id='par_1_3' title="bbox 305 453 3578 548">
     <span class='ocr_line' id='line_1_3' title="bbox 305 453 3578 548; baseline 0.009 -41"><span class='ocrx_word' id='word_1_12' title='bbox 305 455 442 512; x_wconf 67' lang='lat' dir='ltr'><strong>fera:</strong></span> <span class='ocrx_word' id='word_1_13' title='bbox 477 453 872 525; x_wconf 60' lang='lat' dir='ltr'><strong>praedicationis</strong></span> <span class='ocrx_word' id='word_1_14' title='bbox 905 454 1201 510; x_wconf 89' lang='lat' dir='ltr'><strong>armabitur</strong></span> <span class='ocrx_word' id='word_1_15' title='bbox 1232 456 1396 512; x_wconf 86' lang='lat' dir='ltr'><strong>etiam</strong></span> <span class='ocrx_word' id='word_1_16' title='bbox 1425 458 1679 514; x_wconf 86' lang='lat' dir='ltr'><strong>cornibus</strong></span> <span class='ocrx_word' id='word_1_17' title='bbox 1724 468 1882 530; x_wconf 89' lang='lat' dir='ltr'><strong>pote-</strong></span> <span class='ocrx_word' id='word_1_18' title='bbox 1909 465 1959 527; x_wconf 77' lang='grc' dir='ltr'><strong>Α</strong></span> <span class='ocrx_word' id='word_1_19' title='bbox 1985 461 2148 532; x_wconf 99' lang='lat' dir='ltr'><strong>pheta</strong></span> <span class='ocrx_word' id='word_1_20' title='bbox 2175 463 2500 532; x_wconf 61' lang='lat' dir='ltr'><strong>praedixerat</strong></span> <span class='ocrx_word' id='word_1_21' title='bbox 2531 482 2542 519; x_wconf 91' lang='lat'><strong>:</strong></span> <span class='ocrx_word' id='word_1_22' title='bbox 2573 465 2650 520; x_wconf 78' lang='lat' dir='ltr'><strong>Ab</strong></span> <span class='ocrx_word' id='word_1_23' title='bbox 2677 477 2798 521; x_wconf 85' lang='lat' dir='ltr'><strong>ortu</strong></span> <span class='ocrx_word' id='word_1_24' title='bbox 2823 469 2963 524; x_wconf 83' lang='lat' dir='ltr'><strong>enim</strong></span> <span class='ocrx_word' id='word_1_25' title='bbox 3011 473 3138 528; x_wconf 77' lang='lat' dir='ltr'><strong>solis</strong></span> <span class='ocrx_word' id='word_1_26' title='bbox 3179 491 3340 548; x_wconf 71' lang='lat' dir='ltr'><strong>usque</strong></span> <span class='ocrx_word' id='word_1_27' title='bbox 3367 482 3450 535; x_wconf 86' lang='lat' dir='ltr'><strong>ad.</strong></span> <span class='ocrx_word' id='word_1_28' title='bbox 3487 500 3578 538; x_wconf 84' lang='lat' dir='ltr'><strong>oo-</strong></span> 
     </span>
    </p>
   </div>
   <div class='ocr_carea' id='block_1_4' title="bbox 307 547 1887 624">
    <p class='ocr_par' dir='ltr' id='par_1_4' title="bbox 307 547 1887 624">
     <span class='ocr_line' id='line_1_4' title="bbox 307 547 1887 624; baseline 0.004 -18"><span class='ocrx_word' id='word_1_29' title='bbox 307 549 485 606; x_wconf 72' lang='lat' dir='ltr'><strong>stntis.</strong></span> <span class='ocrx_word' id='word_1_30' title='bbox 509 547 639 614; x_wconf 84' lang='lat' dir='ltr'><strong>Quis</strong></span> <span class='ocrx_word' id='word_1_31' title='bbox 667 554 850 602; x_wconf 88' lang='lat' dir='ltr'><strong>autem</strong></span> <span class='ocrx_word' id='word_1_32' title='bbox 871 547 1082 604; x_wconf 82' lang='lat' dir='ltr'><strong>nesciat</strong></span> <span class='ocrx_word' id='word_1_33' title='bbox 1103 551 1352 607; x_wconf 80' lang='lat' dir='ltr'><strong>semitam</strong></span> <span class='ocrx_word' id='word_1_34' title='bbox 1374 555 1744 624; x_wconf 81' lang='lat' dir='ltr'><strong>angustiorem</strong></span> <span class='ocrx_word' id='word_1_35' title='bbox 1767 571 1887 614; x_wconf 81' lang='lat' dir='ltr'><strong>esse</strong></span> 
     </span>
    </p>
   </div>
   <div class='ocr_carea' id='block_1_5' title="bbox 308 639 1885 718">
    <p class='ocr_par' dir='ltr' id='par_1_5' title="bbox 308 639 1885 718">
     <span class='ocr_line' id='line_1_5' title="bbox 308 639 1885 718; baseline 0.006 -23"><span class='ocrx_word' id='word_1_36' title='bbox 308 653 471 711; x_wconf 87' lang='lat' dir='ltr'><strong>quam</strong></span> <span class='ocrx_word' id='word_1_37' title='bbox 502 639 686 694; x_wconf 86' lang='lat' dir='ltr'><strong>viam?</strong></span> <span class='ocrx_word' id='word_1_38' title='bbox 729 639 817 694; x_wconf 87' lang='lat' dir='ltr'><strong>Fit</strong></span> <span class='ocrx_word' id='word_1_39' title='bbox 856 655 990 710; x_wconf 85' lang='lat' dir='ltr'><strong>ergo</strong></span> <span class='ocrx_word' id='word_1_40' title='bbox 1015 640 1236 698; x_wconf 78' lang='lat' dir='ltr'><strong>coluber</strong></span> <span class='ocrx_word' id='word_1_41' title='bbox 1268 644 1451 711; x_wconf 82' lang='lat' dir='ltr'><strong>invia,</strong></span> <span class='ocrx_word' id='word_1_42' title='bbox 1481 646 1626 715; x_wconf 84' lang='lat' dir='ltr'><strong>quod</strong></span> <span class='ocrx_word' id='word_1_43' title='bbox 1661 647 1724 702; x_wconf 83' lang='lat' dir='ltr'><strong>in</strong></span> <span class='ocrx_word' id='word_1_44' title='bbox 1743 662 1885 718; x_wconf 83' lang='lat' dir='ltr'><strong>prae-</strong></span> 
     </span>
    </p>
   </div>
   <div class='ocr_carea' id='block_1_6' title="bbox 307 731 1883 810">
    <p class='ocr_par' dir='ltr' id='par_1_6' title="bbox 307 731 1883 810">
     <span class='ocr_line' id='line_1_6' title="bbox 307 731 1883 810; baseline 0.004 -23"><span class='ocrx_word' id='word_1_45' title='bbox 307 733 482 788; x_wconf 83' lang='lat' dir='ltr'><strong>sentis</strong></span> <span class='ocrx_word' id='word_1_46' title='bbox 518 731 654 786; x_wconf 64' lang='lat' dir='ltr'><strong>vita</strong></span> <span class='ocrx_word' id='word_1_47' title='bbox 687 731 969 787; x_wconf 82' lang='lat' dir='ltr'><strong>latitudine</strong></span> <span class='ocrx_word' id='word_1_48' title='bbox 989 747 1084 788; x_wconf 91' lang='lat' dir='ltr'><strong>eos</strong></span> <span class='ocrx_word' id='word_1_49' title='bbox 1125 733 1406 793; x_wconf 84' lang='lat' dir='ltr'><strong>ambulare-</strong></span> <span class='ocrx_word' id='word_1_50' title='bbox 1435 750 1709 807; x_wconf 72' lang='lat' dir='ltr'><strong>provocat,</strong></span> <span class='ocrx_word' id='word_1_51' title='bbox 1759 740 1883 810; x_wconf 91' lang='lat' dir='ltr'><strong>qui-</strong></span> 
     </span>
    </p>
   </div>
   <div class='ocr_carea' id='block_1_7' title="bbox 304 823 1884 903">
    <p class='ocr_par' dir='ltr' id='par_1_7' title="bbox 304 823 1884 903">
     <span class='ocr_line' id='line_1_7' title="bbox 304 823 1884 903; baseline 0.008 -26"><span class='ocrx_word' id='word_1_52' title='bbox 304 824 407 878; x_wconf 85' lang='lat' dir='ltr'><strong>bus</strong></span> <span class='ocrx_word' id='word_1_53' title='bbox 451 823 606 893; x_wconf 84' lang='lat' dir='ltr'><strong>quasi</strong></span> <span class='ocrx_word' id='word_1_54' title='bbox 657 825 934 893; x_wconf 85' lang='lat' dir='ltr'><strong>parcendo</strong></span> <span class='ocrx_word' id='word_1_55' title='bbox 961 825 1267 893; x_wconf 76' lang='lat' dir='ltr'><strong>blanditur;</strong></span> <span class='ocrx_word' id='word_1_56' title='bbox 1324 829 1420 884; x_wconf 86' lang='lat' dir='ltr'><strong>sed</strong></span> <span class='ocrx_word' id='word_1_57' title='bbox 1464 832 1695 897; x_wconf 84' lang='lat' dir='ltr'><strong>mordet,</strong></span> <span class='ocrx_word' id='word_1_58' title='bbox 1741 834 1884 903; x_wconf 89' lang='lat' dir='ltr'><strong>quod</strong></span> 
     </span>
    </p>
   </div>
   <div class='ocr_carea' id='block_1_8' title="bbox 303 913 1885 983">
    <p class='ocr_par' dir='ltr' id='par_1_8' title="bbox 303 913 1885 983">
     <span class='ocr_line' id='line_1_8' title="bbox 303 913 1885 983; baseline 0.006 -13"><span class='ocrx_word' id='word_1_59' title='bbox 303 929 395 970; x_wconf 87' lang='lat' dir='ltr'><strong>cos</strong></span> <span class='ocrx_word' id='word_1_60' title='bbox 438 913 636 983; x_wconf 84' lang='lat' dir='ltr'><strong>quibus</strong></span> <span class='ocrx_word' id='word_1_61' title='bbox 689 913 1006 969; x_wconf 85' lang='lat' dir='ltr'><strong>libertatem</strong></span> <span class='ocrx_word' id='word_1_62' title='bbox 1042 917 1248 982; x_wconf 77' lang='lat' dir='ltr'><strong>tribuit,</strong></span> <span class='ocrx_word' id='word_1_63' title='bbox 1296 919 1502 975; x_wconf 90' lang='lat' dir='ltr'><strong>erroris</strong></span> <span class='ocrx_word' id='word_1_64' title='bbox 1539 921 1624 976; x_wconf 86' lang='lat' dir='ltr'><strong>sui</strong></span> <span class='ocrx_word' id='word_1_65' title='bbox 1674 936 1885 980; x_wconf 85' lang='lat' dir='ltr'><strong>veneno</strong></span> 
     </span>
    </p>
   </div>
   <div class='ocr_carea' id='block_1_9' title="bbox 300 1003 1882 1089">
    <p class='ocr_par' dir='ltr' id='par_1_9' title="bbox 300 1003 1882 1089">
     <span class='ocr_line' id='line_1_9' title="bbox 300 1003 1882 1089; baseline 0.006 -29"><span class='ocrx_word' id='word_1_66' title='bbox 300 1005 592 1060; x_wconf 74' lang='lat' dir='ltr'><strong>consumit.</strong></span> <span class='ocrx_word' id='word_1_67' title='bbox 622 1003 711 1059; x_wconf 79' lang='lat' dir='ltr'><strong>Fit</strong></span> <span class='ocrx_word' id='word_1_68' title='bbox 730 1004 914 1074; x_wconf 81' lang='lat' dir='ltr'><strong>itaque</strong></span> <span class='ocrx_word' id='word_1_69' title='bbox 944 1005 1142 1061; x_wconf 81' lang='lat' dir='ltr'><strong>iterum</strong></span> <span class='ocrx_word' id='word_1_70' title='bbox 1171 1017 1410 1089; x_wconf 70' lang='lat' dir='ltr'><strong>cerastes</strong></span> <span class='ocrx_word' id='word_1_71' title='bbox 1432 1010 1486 1065; x_wconf 88' lang='lat' dir='ltr'><strong>in</strong></span> <span class='ocrx_word' id='word_1_72' title='bbox 1514 1012 1726 1078; x_wconf 85' lang='lat' dir='ltr'><strong>semita,</strong></span> <span class='ocrx_word' id='word_1_73' title='bbox 1755 1014 1882 1082; x_wconf 84' lang='lat' dir='ltr'><strong>quia</strong></span> 
     </span>
    </p>
   </div>
   <div class='ocr_carea' id='block_1_10' title="bbox 298 1096 1882 1175">
    <p class='ocr_par' dir='ltr' id='par_1_10' title="bbox 298 1096 1882 1175">
     <span class='ocr_line' id='line_1_10' title="bbox 298 1096 1882 1175; baseline 0.007 -24"><span class='ocrx_word' id='word_1_74' title='bbox 298 1111 435 1167; x_wconf 67' lang='lat' dir='ltr'><strong>quos</strong></span> <span class='ocrx_word' id='word_1_75' title='bbox 478 1096 672 1153; x_wconf 82' lang='lat' dir='ltr'><strong>ﬁdeles</strong></span> <span class='ocrx_word' id='word_1_76' title='bbox 694 1098 914 1168; x_wconf 84' lang='lat' dir='ltr'><strong>reperit,</strong></span> <span class='ocrx_word' id='word_1_77' title='bbox 962 1109 1022 1160; x_wconf 79' lang='lat' dir='ltr'><strong>et</strong></span> <span class='ocrx_word' id='word_1_78' title='bbox 1062 1115 1182 1156; x_wconf 88' lang='lat' dir='ltr'><strong>sese</strong></span> <span class='ocrx_word' id='word_1_79' title='bbox 1226 1101 1372 1157; x_wconf 87' lang='lat' dir='ltr'><strong>inter</strong></span> <span class='ocrx_word' id='word_1_80' title='bbox 1411 1113 1640 1175; x_wconf 88' lang='lat' dir='ltr'><strong>angusta</strong></span> <span class='ocrx_word' id='word_1_81' title='bbox 1686 1106 1882 1162; x_wconf 84' lang='lat' dir='ltr'><strong>itinera</strong></span> 
     </span>
    </p>
   </div>
   <div class='ocr_carea' id='block_1_11' title="bbox 295 1189 1880 1264">
    <p class='ocr_par' dir='ltr' id='par_1_11' title="bbox 295 1189 1880 1264">
     <span class='ocr_line' id='line_1_11' title="bbox 295 1189 1880 1264; baseline 0.006 -20"><span class='ocrx_word' id='word_1_82' title='bbox 295 1190 550 1260; x_wconf 78' lang='lat' dir='ltr'><strong>praecepti</strong></span> <span class='ocrx_word' id='word_1_83' title='bbox 599 1189 836 1246; x_wconf 71' lang='lat' dir='ltr'><strong>emlestis</strong></span> <span class='ocrx_word' id='word_1_84' title='bbox 885 1192 1254 1264; x_wconf 76' lang='lat' dir='ltr'><strong>constringere</strong></span> <span class='ocrx_word' id='word_1_85' title='bbox 1310 1195 1480 1261; x_wconf 78' lang='lat' dir='ltr'><strong>videt,</strong></span> <span class='ocrx_word' id='word_1_86' title='bbox 1552 1213 1660 1252; x_wconf 88' lang='lat' dir='ltr'><strong>non</strong></span> <span class='ocrx_word' id='word_1_87' title='bbox 1707 1199 1880 1253; x_wconf 89' lang='lat' dir='ltr'><strong>solum</strong></span> 
     </span>
    </p>
   </div>
   <div class='ocr_carea' id='block_1_12' title="bbox 297 1279 1880 1355">
    <p class='ocr_par' dir='ltr' id='par_1_12' title="bbox 297 1279 1880 1355">
     <span class='ocr_line' id='line_1_12' title="bbox 297 1279 1880 1355; baseline 0.007 -21"><span class='ocrx_word' id='word_1_88' title='bbox 297 1280 540 1349; x_wconf 74' lang='lat' dir='ltr'><strong>nequitia</strong></span> <span class='ocrx_word' id='word_1_89' title='bbox 593 1279 787 1336; x_wconf 87' lang='lat' dir='ltr'><strong>callida</strong></span> <span class='ocrx_word' id='word_1_90' title='bbox 817 1283 1190 1350; x_wconf 78' lang='lat' dir='ltr'><strong>persuasionis</strong></span> <span class='ocrx_word' id='word_1_91' title='bbox 1232 1286 1464 1355; x_wconf 86' lang='lat' dir='ltr'><strong>impetit,</strong></span> <span class='ocrx_word' id='word_1_92' title='bbox 1492 1303 1682 1343; x_wconf 83' lang='lat' dir='ltr'><strong>verum</strong></span> <span class='ocrx_word' id='word_1_93' title='bbox 1713 1289 1880 1346; x_wconf 83' lang='lat' dir='ltr'><strong>etiam</strong></span> 
     </span>
    </p>
   </div>
   <div class='ocr_carea' id='block_1_13' title="bbox 295 1370 1876 1452">
    <p class='ocr_par' dir='ltr' id='par_1_13' title="bbox 295 1370 1876 1452">
     <span class='ocr_line' id='line_1_13' title="bbox 295 1370 1876 1452; baseline 0.008 -30"><span class='ocrx_word' id='word_1_94' title='bbox 295 1376 503 1424; x_wconf 86' lang='lat' dir='ltr'><strong>terrore</strong></span> <span class='ocrx_word' id='word_1_95' title='bbox 560 1370 844 1439; x_wconf 80' lang='lat' dir='ltr'><strong>potestatis</strong></span> <span class='ocrx_word' id='word_1_96' title='bbox 882 1373 1100 1441; x_wconf 79' lang='lat' dir='ltr'><strong>perimit</strong></span> <span class='ocrx_word' id='word_1_97' title='bbox 1126 1374 1179 1429; x_wconf 88' lang='lat' dir='ltr'><strong>in</strong></span> <span class='ocrx_word' id='word_1_98' title='bbox 1214 1377 1609 1445; x_wconf 84' lang='lat' dir='ltr'><strong>persecutionis</strong></span> <span class='ocrx_word' id='word_1_99' title='bbox 1654 1395 1876 1452; x_wconf 83' lang='lat' dir='ltr'><strong>angore.</strong></span> 
     </span>
    </p>
   </div>
   <div class='ocr_carea' id='block_1_14' title="bbox 291 1457 1879 1543">
    <p class='ocr_par' dir='ltr' id='par_1_14' title="bbox 291 1457 1879 1543">
     <span class='ocr_line' id='line_1_14' title="bbox 291 1457 1879 1543; baseline 0.011 -29"><span class='ocrx_word' id='word_1_100' title='bbox 291 1457 420 1514; x_wconf 85' lang='lat' dir='ltr'><strong>Post</strong></span> <span class='ocrx_word' id='word_1_101' title='bbox 442 1458 709 1516; x_wconf 89' lang='lat' dir='ltr'><strong>beneﬁcia</strong></span> <span class='ocrx_word' id='word_1_102' title='bbox 735 1461 872 1517; x_wconf 83' lang='lat' dir='ltr'><strong>ﬁctae</strong></span> <span class='ocrx_word' id='word_1_103' title='bbox 898 1463 1199 1522; x_wconf 87' lang='lat' dir='ltr'><strong>dulcedinis</strong></span> <span class='ocrx_word' id='word_1_104' title='bbox 1237 1478 1458 1526; x_wconf 84' lang='lat' dir='ltr'><strong>exercet</strong></span> <span class='ocrx_word' id='word_1_105' title='bbox 1495 1484 1694 1528; x_wconf 87' lang='lat' dir='ltr'><strong>cornua</strong></span> <span class='ocrx_word' id='word_1_106' title='bbox 1725 1484 1879 1543; x_wconf 88' lang='lat' dir='ltr'><strong>pote-</strong></span> 
     </span>
    </p>
   </div>
   <div class='ocr_carea' id='block_1_15' title="bbox 292 1551 1877 1628">
    <p class='ocr_par' dir='ltr' id='par_1_15' title="bbox 292 1551 1877 1628">
     <span class='ocr_line' id='line_1_15' title="bbox 292 1551 1877 1628; baseline 0.012 -23"><span class='ocrx_word' id='word_1_107' title='bbox 292 1552 466 1608; x_wconf 82' lang='lat' dir='ltr'><strong>statis.</strong></span> <span class='ocrx_word' id='word_1_108' title='bbox 513 1551 573 1608; x_wconf 88' lang='lat' dir='ltr'><strong>In</strong></span> <span class='ocrx_word' id='word_1_109' title='bbox 602 1569 712 1624; x_wconf 85' lang='lat' dir='ltr'><strong>quo</strong></span> <span class='ocrx_word' id='word_1_110' title='bbox 736 1554 858 1612; x_wconf 87' lang='lat' dir='ltr'><strong>loco</strong></span> <span class='ocrx_word' id='word_1_111' title='bbox 877 1558 1002 1628; x_wconf 85' lang='lat' dir='ltr'><strong>equi</strong></span> <span class='ocrx_word' id='word_1_112' title='bbox 1026 1561 1243 1617; x_wconf 88' lang='lat' dir='ltr'><strong>nomine</strong></span> <span class='ocrx_word' id='word_1_113' title='bbox 1265 1564 1412 1620; x_wconf 89' lang='lat' dir='ltr'><strong>hunc</strong></span> <span class='ocrx_word' id='word_1_114' title='bbox 1451 1566 1877 1624; x_wconf 85' lang='lat' dir='ltr'><strong>mundum-insi-</strong></span> 
     </span>
    </p>
   </div>
   <div class='ocr_carea' id='block_1_16' title="bbox 291 1645 1876 1718">
    <p class='ocr_par' dir='ltr' id='par_1_16' title="bbox 291 1645 1876 1718">
     <span class='ocr_line' id='line_1_16' title="bbox 291 1645 1876 1718; baseline 0.014 -22"><span class='ocrx_word' id='word_1_115' title='bbox 291 1651 442 1710; x_wconf 84' lang='lat' dir='ltr'><strong>nuat,</strong></span> <span class='ocrx_word' id='word_1_116' title='bbox 493 1645 640 1714; x_wconf 83' lang='lat' dir='ltr'><strong>quod</strong></span> <span class='ocrx_word' id='word_1_117' title='bbox 663 1661 761 1717; x_wconf 89' lang='lat' dir='ltr'><strong>per</strong></span> <span class='ocrx_word' id='word_1_118' title='bbox 789 1647 1079 1707; x_wconf 86' lang='lat' dir='ltr'><strong>elationem</strong></span> <span class='ocrx_word' id='word_1_119' title='bbox 1110 1668 1263 1709; x_wconf 88' lang='lat' dir='ltr'><strong>suam</strong></span> <span class='ocrx_word' id='word_1_120' title='bbox 1294 1655 1348 1710; x_wconf 89' lang='lat' dir='ltr'><strong>in</strong></span> <span class='ocrx_word' id='word_1_121' title='bbox 1371 1671 1535 1713; x_wconf 88' lang='lat' dir='ltr'><strong>cursu</strong></span> <span class='ocrx_word' id='word_1_122' title='bbox 1576 1658 1876 1718; x_wconf 87' lang='lat' dir='ltr'><strong>labentium</strong></span> 
     </span>
    </p>
   </div>
   <div class='ocr_carea' id='block_1_17' title="bbox 289 1743 1874 1814">
    <p class='ocr_par' dir='ltr' id='par_1_17' title="bbox 289 1743 1874 1814">
     <span class='ocr_line' id='line_1_17' title="bbox 289 1743 1874 1814; baseline 0.013 -25"><span class='ocrx_word' id='word_1_123' title='bbox 289 1743 596 1806; x_wconf 78' lang='lat' dir='ltr'><strong>temporum</strong></span> <span class='ocrx_word' id='word_1_124' title='bbox 637 1750 898 1809; x_wconf 79' lang='lat' dir='ltr'><strong>spumat;</strong></span> <span class='ocrx_word' id='word_1_125' title='bbox 944 1750 1000 1798; x_wconf 90' lang='lat' dir='ltr'><strong>et</strong></span> <span class='ocrx_word' id='word_1_126' title='bbox 1036 1746 1181 1814; x_wconf 90' lang='lat' dir='ltr'><strong>quod</strong></span> <span class='ocrx_word' id='word_1_127' title='bbox 1207 1745 1582 1805; x_wconf 81' lang='lat' dir='ltr'><strong>Antichristus</strong></span> <span class='ocrx_word' id='word_1_128' title='bbox 1631 1761 1874 1809; x_wconf 77' lang='lat' dir='ltr'><strong>extrema</strong></span> 
     </span>
    </p>
   </div>
   <div class='ocr_carea' id='block_1_18' title="bbox 1986 565 3575 644">
    <p class='ocr_par' dir='ltr' id='par_1_18' title="bbox 1986 565 3575 644">
     <span class='ocr_line' id='line_1_18' title="bbox 1986 565 3575 644; baseline 0.014 -38"><span class='ocrx_word' id='word_1_129' title='bbox 1986 569 2167 608; x_wconf 70' lang='lat' dir='ltr'><strong>casum</strong></span> <span class='ocrx_word' id='word_1_130' title='bbox 2195 570 2446 626; x_wconf 69' lang='lat' dir='ltr'><strong>magnum</strong></span> <span class='ocrx_word' id='word_1_131' title='bbox 2465 565 2539 611; x_wconf 76' lang='lat' dir='ltr'><strong>est</strong></span> <span class='ocrx_word' id='word_1_132' title='bbox 2578 573 2768 613; x_wconf 83' lang='lat' dir='ltr'><strong>nomen</strong></span> <span class='ocrx_word' id='word_1_133' title='bbox 2794 575 2971 616; x_wconf 86' lang='lat' dir='ltr'><strong>meum</strong></span> <span class='ocrx_word' id='word_1_134' title='bbox 2994 572 3044 618; x_wconf 89' lang='lat' dir='ltr'><strong>et</strong></span> <span class='ocrx_word' id='word_1_135' title='bbox 3080 566 3334 625; x_wconf 74' lang='lat' dir='ltr'><strong>horribile</strong></span> <span class='ocrx_word' id='word_1_136' title='bbox 3361 573 3430 634; x_wconf 85' lang='lat' dir='ltr'><strong>in&#39;_</strong></span> <span class='ocrx_word' id='word_1_137' title='bbox 3453 591 3575 644; x_wconf 79' lang='lat' dir='ltr'><strong>gen-</strong></span> 
     </span>
    </p>
   </div>
   <div class='ocr_carea' id='block_1_19' title="bbox 1987 644 3569 732">
    <p class='ocr_par' dir='ltr' id='par_1_19' title="bbox 1987 644 3569 732">
     <span class='ocr_line' id='line_1_19' title="bbox 1987 644 3569 732; baseline 0.013 -31"><span class='ocrx_word' id='word_1_138' title='bbox 1987 645 2124 701; x_wconf 80' lang='lat' dir='ltr'><strong>tibus</strong></span> <span class='ocrx_word' id='word_1_139' title='bbox 2149 644 2408 716; x_wconf 61' lang='lat' dir='ltr'><strong>(Mutavit.</strong></span> <span class='ocrx_word' id='word_1_140' title='bbox 2435 647 2498 719; x_wconf 87' lang='grc' dir='ltr'><strong>ι).</strong></span> <span class='ocrx_word' id='word_1_141' title='bbox 2532 647 2667 716; x_wconf 86' lang='lat' dir='ltr'><strong>Quia</strong></span> <span class='ocrx_word' id='word_1_142' title='bbox 2693 667 2825 707; x_wconf 82' lang='lat' dir='ltr'><strong>vero</strong></span> <span class='ocrx_word' id='word_1_143' title='bbox 2857 667 2956 722; x_wconf 88' lang='lat' dir='ltr'><strong>per</strong></span> <span class='ocrx_word' id='word_1_144' title='bbox 2973 655 3334 716; x_wconf 87' lang='lat' dir='ltr'><strong>humilitatem</strong></span> <span class='ocrx_word' id='word_1_145' title='bbox 3358 667 3569 732; x_wconf 80' lang='lat' dir='ltr'><strong>passio-</strong></span> 
     </span>
    </p>
   </div>
   <div class='ocr_carea' id='block_1_20' title="bbox 1984 735 3578 828">
    <p class='ocr_par' dir='ltr' id='par_1_20' title="bbox 1984 735 3578 828">
     <span class='ocr_line' id='line_1_20' title="bbox 1984 735 3578 828; baseline 0.015 -38"><span class='ocrx_word' id='word_1_146' title='bbox 1984 735 2074 791; x_wconf 85' lang='lat' dir='ltr'><strong>nis</strong></span> <span class='ocrx_word' id='word_1_147' title='bbox 2110 736 2179 792; x_wconf 85' lang='lat' dir='ltr'><strong>ad</strong></span> <span class='ocrx_word' id='word_1_148' title='bbox 2217 745 2433 792; x_wconf 83' lang='lat' dir='ltr'><strong>tantam</strong></span> <span class='ocrx_word' id='word_1_149' title='bbox 2467 741 2712 796; x_wconf 84' lang='lat' dir='ltr'><strong>excrevit</strong></span> <span class='ocrx_word' id='word_1_150' title='bbox 2759 742 2986 812; x_wconf 79' lang='lat' dir='ltr'><strong>gloriam</strong></span> <span class='ocrx_word' id='word_1_151' title='bbox 3038 747 3396 821; x_wconf 83' lang='lat' dir='ltr'><strong>celsitudim&#39;s,</strong></span> <span class='ocrx_word' id='word_1_152' title='bbox 3454 766 3578 828; x_wconf 86' lang='lat' dir='ltr'><strong>apte</strong></span> 
     </span>
    </p>
   </div>
   <div class='ocr_carea' id='block_1_21' title="bbox 1986 828 3576 916">
    <p class='ocr_par' dir='ltr' id='par_1_21' title="bbox 1986 828 3576 916">
     <span class='ocr_line' id='line_1_21' title="bbox 1986 828 3576 916; baseline 0.014 -32"><span class='ocrx_word' id='word_1_153' title='bbox 1986 829 2062 885; x_wconf 84' lang='lat' dir='ltr'><strong>de</strong></span> <span class='ocrx_word' id='word_1_154' title='bbox 2095 828 2213 898; x_wconf 86' lang='lat' dir='ltr'><strong>ejus</strong></span> <span class='ocrx_word' id='word_1_155' title='bbox 2244 840 2418 887; x_wconf 88' lang='lat' dir='ltr'><strong>morte</strong></span> <span class='ocrx_word' id='word_1_156' title='bbox 2449 832 2791 906; x_wconf 73' lang='lat' dir='ltr'><strong>subiungitur</strong></span> <span class='ocrx_word' id='word_1_157' title='bbox 2817 855 2830 890; x_wconf 88' lang='lat'><strong>:</strong></span> <span class='ocrx_word' id='word_1_158' title='bbox 2865 837 3033 904; x_wconf 48' lang='lat' dir='ltr'><strong>Quicni</strong></span> <span class='ocrx_word' id='word_1_159' title='bbox 3055 841 3137 897; x_wconf 90' lang='lat' dir='ltr'><strong>leo</strong></span> <span class='ocrx_word' id='word_1_160' title='bbox 3179 846 3467 916; x_wconf 78' lang='lat' dir='ltr'><strong>requievit:</strong></span> <span class='ocrx_word' id='word_1_161' title='bbox 3494 866 3576 905; x_wconf 80' lang='lat' dir='ltr'><strong>ce-</strong></span> 
     </span>
    </p>
   </div>
   <div class='ocr_carea' id='block_1_22' title="bbox 1983 921 3575 1012">
    <p class='ocr_par' dir='ltr' id='par_1_22' title="bbox 1983 921 3575 1012">
     <span class='ocr_line' id='line_1_22' title="bbox 1983 921 3575 1012; baseline 0.014 -38"><span class='ocrx_word' id='word_1_162' title='bbox 1983 921 2160 992; x_wconf 77' lang='lat' dir='ltr'><strong>pitque</strong></span> <span class='ocrx_word' id='word_1_163' title='bbox 2200 921 2474 978; x_wconf 79' lang='lat' dir='ltr'><strong>brachium</strong></span> <span class='ocrx_word' id='word_1_164' title='bbox 2498 935 2547 980; x_wconf 88' lang='lat' dir='ltr'><strong>et</strong></span> <span class='ocrx_word' id='word_1_165' title='bbox 2583 927 2846 994; x_wconf 81' lang='lat' dir='ltr'><strong>uerticem,</strong></span> <span class='ocrx_word' id='word_1_166' title='bbox 2895 940 3001 986; x_wconf 88' lang='lat' dir='ltr'><strong>ete.</strong></span> <span class='ocrx_word' id='word_1_167' title='bbox 3033 931 3216 1003; x_wconf 83' lang='lat' dir='ltr'><strong>(Deut.</strong></span> <span class='ocrx_word' id='word_1_168' title='bbox 3243 937 3460 1012; x_wconf 65' lang='lat' dir='ltr'><strong>ultu).</strong></span> <span class='ocrx_word' id='word_1_169' title='bbox 3513 940 3575 996; x_wconf 83' lang='lat' dir='ltr'><strong>In</strong></span> 
     </span>
    </p>
   </div>
   <div class='ocr_carea' id='block_1_23' title="bbox 1983 1012 3573 1100">
    <p class='ocr_par' dir='ltr' id='par_1_23' title="bbox 1983 1012 3573 1100">
     <span class='ocr_line' id='line_1_23' title="bbox 1983 1012 3573 1100; baseline 0.016 -36"><span class='ocrx_word' id='word_1_170' title='bbox 1983 1012 2324 1080; x_wconf 88' lang='lat' dir='ltr'><strong>requietione</strong></span> <span class='ocrx_word' id='word_1_171' title='bbox 2350 1015 2496 1070; x_wconf 85' lang='lat' dir='ltr'><strong>enim</strong></span> <span class='ocrx_word' id='word_1_172' title='bbox 2521 1016 2712 1083; x_wconf 88' lang='lat' dir='ltr'><strong>leonis,</strong></span> <span class='ocrx_word' id='word_1_173' title='bbox 2758 1027 3001 1100; x_wconf 84' lang='lat' dir='ltr'><strong>potestas</strong></span> <span class='ocrx_word' id='word_1_174' title='bbox 3025 1027 3350 1095; x_wconf 80' lang='lat' dir='ltr'><strong>exprimitur</strong></span> <span class='ocrx_word' id='word_1_175' title='bbox 3401 1031 3573 1100; x_wconf 84' lang='lat' dir='ltr'><strong>ipsius</strong></span> 
     </span>
    </p>
   </div>
   <div class='ocr_carea' id='block_1_24' title="bbox 1983 1099 3573 1190">
    <p class='ocr_par' dir='ltr' id='par_1_24' title="bbox 1983 1099 3573 1190">
     <span class='ocr_line' id='line_1_24' title="bbox 1983 1099 3573 1190; baseline 0.015 -33"><span class='ocrx_word' id='word_1_176' title='bbox 1983 1099 2310 1171; x_wconf 82' lang='lat' dir='ltr'><strong>Salvatoris,</strong></span> <span class='ocrx_word' id='word_1_177' title='bbox 2342 1107 2434 1176; x_wconf 89' lang='lat' dir='ltr'><strong>qui</strong></span> <span class='ocrx_word' id='word_1_178' title='bbox 2483 1109 2709 1165; x_wconf 86' lang='lat' dir='ltr'><strong>brachio</strong></span> <span class='ocrx_word' id='word_1_179' title='bbox 2734 1099 3067 1171; x_wconf 77' lang='lat' dir='ltr'><strong>fortitudinis</strong></span> <span class='ocrx_word' id='word_1_180' title='bbox 3103 1133 3213 1174; x_wconf 60' lang='lat' dir='ltr'><strong>sua;</strong></span> <span class='ocrx_word' id='word_1_181' title='bbox 3271 1099 3573 1190; x_wconf 79' lang='lat' dir='ltr'><strong>potestates</strong></span> 
     </span>
    </p>
   </div>
   <div class='ocr_carea' id='block_1_25' title="bbox 1980 1196 3573 1286">
    <p class='ocr_par' dir='ltr' id='par_1_25' title="bbox 1980 1196 3573 1286">
     <span class='ocr_line' id='line_1_25' title="bbox 1980 1196 3573 1286; baseline 0.016 -40"><span class='ocrx_word' id='word_1_182' title='bbox 1980 1196 2284 1252; x_wconf 88' lang='lat' dir='ltr'><strong>mundanas</strong></span> <span class='ocrx_word' id='word_1_183' title='bbox 2315 1197 2560 1269; x_wconf 79' lang='lat' dir='ltr'><strong>religioni</strong></span> <span class='ocrx_word' id='word_1_184' title='bbox 2587 1216 2698 1256; x_wconf 82' lang='lat' dir='ltr'><strong>suae</strong></span> <span class='ocrx_word' id='word_1_185' title='bbox 2749 1203 3047 1262; x_wconf 85' lang='lat' dir='ltr'><strong>inclinavit.</strong></span> <span class='ocrx_word' id='word_1_186' title='bbox 3083 1208 3353 1279; x_wconf 80' lang='lat' dir='ltr'><strong>Subjeetis</strong></span> <span class='ocrx_word' id='word_1_187' title='bbox 3372 1216 3573 1286; x_wconf 86' lang='lat' dir='ltr'><strong>quippe</strong></span> 
     </span>
    </p>
   </div>
   <div class='ocr_carea' id='block_1_26' title="bbox 1981 1286 3672 1378">
    <p class='ocr_par' dir='ltr' id='par_1_26' title="bbox 1981 1286 3672 1378">
     <span class='ocr_line' id='line_1_26' title="bbox 1981 1286 3672 1378; baseline 0.012 -36"><span class='ocrx_word' id='word_1_188' title='bbox 1981 1286 2086 1342; x_wconf 84' lang='lat' dir='ltr'><strong>sibi</strong></span> <span class='ocrx_word' id='word_1_189' title='bbox 2133 1289 2317 1357; x_wconf 77' lang='lat' dir='ltr'><strong>regnis</strong></span> <span class='ocrx_word' id='word_1_190' title='bbox 2334 1297 2389 1343; x_wconf 90' lang='lat' dir='ltr'><strong>et</strong></span> <span class='ocrx_word' id='word_1_191' title='bbox 2413 1292 2660 1361; x_wconf 78' lang='lat' dir='ltr'><strong>gentibus</strong></span> <span class='ocrx_word' id='word_1_192' title='bbox 2683 1293 2955 1352; x_wconf 77' lang='lat' dir='ltr'><strong>universis</strong></span> <span class='ocrx_word' id='word_1_193' title='bbox 2978 1299 3318 1371; x_wconf 86' lang='lat' dir='ltr'><strong>principatus</strong></span> <span class='ocrx_word' id='word_1_194' title='bbox 3337 1303 3455 1372; x_wconf 88' lang='lat' dir='ltr'><strong>ejus</strong></span> <span class='ocrx_word' id='word_1_195' title='bbox 3479 1323 3573 1378; x_wconf 86' lang='lat' dir='ltr'><strong>po-</strong></span> <span class='ocrx_word' id='word_1_196' title='bbox 3664 1316 3672 1322; x_wconf 84' lang='lat'><strong>’</strong></span> 
     </span>
    </p>
   </div>
   <div class='ocr_carea' id='block_1_27' title="bbox 1980 1379 3570 1467">
    <p class='ocr_par' dir='ltr' id='par_1_27' title="bbox 1980 1379 3570 1467">
     <span class='ocr_line' id='line_1_27' title="bbox 1980 1379 3570 1467; baseline 0.016 -34"><span class='ocrx_word' id='word_1_197' title='bbox 1980 1379 2150 1435; x_wconf 89' lang='lat' dir='ltr'><strong>tentia</strong></span> <span class='ocrx_word' id='word_1_198' title='bbox 2177 1381 2392 1437; x_wconf 86' lang='lat' dir='ltr'><strong>claruit.</strong></span> <span class='ocrx_word' id='word_1_199' title='bbox 2421 1385 2539 1453; x_wconf 85' lang='lat' dir='ltr'><strong>ipse</strong></span> <span class='ocrx_word' id='word_1_200' title='bbox 2575 1387 2721 1442; x_wconf 90' lang='lat' dir='ltr'><strong>enim</strong></span> <span class='ocrx_word' id='word_1_201' title='bbox 2751 1391 3030 1459; x_wconf 85' lang='lat' dir='ltr'><strong>apostolis,</strong></span> <span class='ocrx_word' id='word_1_202' title='bbox 3053 1395 3394 1467; x_wconf 84' lang='lat' dir='ltr'><strong>principibus</strong></span> <span class='ocrx_word' id='word_1_203' title='bbox 3415 1402 3570 1458; x_wconf 90' lang='lat' dir='ltr'><strong>scili-</strong></span> 
     </span>
    </p>
   </div>
   <div class='ocr_carea' id='block_1_28' title="bbox 1980 1473 3570 1557">
    <p class='ocr_par' dir='ltr' id='par_1_28' title="bbox 1980 1473 3570 1557">
     <span class='ocr_line' id='line_1_28' title="bbox 1980 1473 3570 1557; baseline 0.016 -32"><span class='ocrx_word' id='word_1_204' title='bbox 1980 1478 2068 1526; x_wconf 86' lang='lat' dir='ltr'><strong>cet</strong></span> <span class='ocrx_word' id='word_1_205' title='bbox 2090 1473 2275 1541; x_wconf 86' lang='lat' dir='ltr'><strong>populi</strong></span> <span class='ocrx_word' id='word_1_206' title='bbox 2298 1474 2429 1541; x_wconf 86' lang='lat' dir='ltr'><strong>Dei,</strong></span> <span class='ocrx_word' id='word_1_207' title='bbox 2466 1484 2586 1532; x_wconf 82' lang='lat' dir='ltr'><strong>toto</strong></span> <span class='ocrx_word' id='word_1_208' title='bbox 2609 1478 2744 1534; x_wconf 87' lang='lat' dir='ltr'><strong>orbe</strong></span> <span class='ocrx_word' id='word_1_209' title='bbox 2771 1480 3121 1554; x_wconf 85' lang='lat' dir='ltr'><strong>Evangelium</strong></span> <span class='ocrx_word' id='word_1_210' title='bbox 3150 1489 3570 1557; x_wconf 66' lang='lat' dir='ltr'><strong>pradicantibus</strong></span> 
     </span>
    </p>
   </div>
   <div class='ocr_carea' id='block_1_29' title="bbox 1979 1564 3568 1655">
    <p class='ocr_par' dir='ltr' id='par_1_29' title="bbox 1979 1564 3568 1655">
     <span class='ocr_line' id='line_1_29' title="bbox 1979 1564 3568 1655; baseline 0.014 -37"><span class='ocrx_word' id='word_1_211' title='bbox 1979 1564 2194 1635; x_wconf 72' lang='lat' dir='ltr'><strong>adiutor</strong></span> <span class='ocrx_word' id='word_1_212' title='bbox 2236 1575 2291 1622; x_wconf 90' lang='lat' dir='ltr'><strong>et</strong></span> <span class='ocrx_word' id='word_1_213' title='bbox 2337 1577 2660 1640; x_wconf 80' lang='lat' dir='ltr'><strong>cooperator</strong></span> <span class='ocrx_word' id='word_1_214' title='bbox 2679 1572 2881 1642; x_wconf 88' lang='lat' dir='ltr'><strong>ubique</strong></span> <span class='ocrx_word' id='word_1_215' title='bbox 2907 1574 3029 1641; x_wconf 70' lang='lat' dir='ltr'><strong>fuit,</strong></span> <span class='ocrx_word' id='word_1_216' title='bbox 3054 1577 3266 1635; x_wconf 83' lang='lat' dir='ltr'><strong>dicente</strong></span> <span class='ocrx_word' id='word_1_217' title='bbox 3292 1585 3568 1655; x_wconf 83' lang='lat' dir='ltr'><strong>evangeli-</strong></span> 
     </span>
    </p>
   </div>
   <div class='ocr_carea' id='block_1_30' title="bbox 1979 1658 3633 1746">
    <p class='ocr_par' dir='ltr' id='par_1_30' title="bbox 1979 1658 3633 1746">
     <span class='ocr_line' id='line_1_30' title="bbox 1979 1658 3633 1746; baseline 0.013 -31"><span class='ocrx_word' id='word_1_218' title='bbox 1979 1665 2065 1715; x_wconf 85' lang='lat' dir='ltr'><strong>sta</strong></span> <span class='ocrx_word' id='word_1_219' title='bbox 2097 1676 2110 1714; x_wconf 88' lang='lat'><strong>:</strong></span> <span class='ocrx_word' id='word_1_220' title='bbox 2136 1658 2230 1714; x_wconf 74' lang='lat' dir='ltr'><strong>Ilii</strong></span> <span class='ocrx_word' id='word_1_221' title='bbox 2253 1670 2428 1717; x_wconf 79' lang='lat' dir='ltr'><strong>autem</strong></span> <span class='ocrx_word' id='word_1_222' title='bbox 2448 1663 2668 1733; x_wconf 81' lang='lat' dir='ltr'><strong>profecti</strong></span> <span class='ocrx_word' id='word_1_223' title='bbox 2689 1668 3106 1735; x_wconf 71' lang='lat' dir='ltr'><strong>praedicauerunt</strong></span> <span class='ocrx_word' id='word_1_224' title='bbox 3118 1673 3326 1746; x_wconf 78' lang='lat' dir='ltr'><strong>ubique,</strong></span> <span class='ocrx_word' id='word_1_225' title='bbox 3341 1678 3568 1735; x_wconf 87' lang='lat' dir='ltr'><strong>Domino</strong></span> <span class='ocrx_word' id='word_1_226' title='bbox 3615 1670 3633 1724; x_wconf 67' lang='grc' dir='ltr'><strong>ι’</strong></span> 
     </span>
    </p>
   </div>
   <div class='ocr_carea' id='block_1_31' title="bbox 1979 1762 3569 1844">
    <p class='ocr_par' dir='ltr' id='par_1_31' title="bbox 1979 1762 3569 1844">
     <span class='ocr_line' id='line_1_31' title="bbox 1979 1762 3569 1844; baseline 0.015 -39"><span class='ocrx_word' id='word_1_227' title='bbox 1979 1763 2298 1822; x_wconf 83' lang='lat' dir='ltr'><strong>cooperante</strong></span> <span class='ocrx_word' id='word_1_228' title='bbox 2323 1763 2369 1809; x_wconf 86' lang='lat' dir='ltr'><strong>et</strong></span> <span class='ocrx_word' id='word_1_229' title='bbox 2393 1765 2686 1814; x_wconf 74' lang='lat' dir='ltr'><strong>sermonem</strong></span> <span class='ocrx_word' id='word_1_230' title='bbox 2697 1762 3040 1830; x_wconf 67' lang='lat' dir='ltr'><strong>conﬁrmatum</strong></span> <span class='ocrx_word' id='word_1_231' title='bbox 3057 1770 3386 1837; x_wconf 74' lang='lat' dir='ltr'><strong>sequentibus</strong></span> <span class='ocrx_word' id='word_1_232' title='bbox 3404 1773 3569 1844; x_wconf 74' lang='lat' dir='ltr'><strong>signis</strong></span> 
     </span>
    </p>
   </div>
   <div class='ocr_carea' id='block_1_32' title="bbox 288 1827 2337 1916">
    <p class='ocr_par' dir='ltr' id='par_1_32' title="bbox 288 1827 2337 1916">
     <span class='ocr_line' id='line_1_32' title="bbox 288 1827 2337 1916; baseline 0.01 -36"><span class='ocrx_word' id='word_1_233' title='bbox 288 1827 472 1882; x_wconf 87' lang='lat' dir='ltr'><strong>mundi</strong></span> <span class='ocrx_word' id='word_1_234' title='bbox 493 1830 1144 1903; x_wconf 76' lang='lat' dir='ltr'><strong>apprehenderenitit‘ur,</strong></span> <span class='ocrx_word' id='word_1_235' title='bbox 1181 1837 1432 1896; x_wconf 85' lang='lat' dir='ltr'><strong>Cerastes</strong></span> <span class='ocrx_word' id='word_1_236' title='bbox 1460 1841 1563 1897; x_wconf 91' lang='lat' dir='ltr'><strong>iste</strong></span> <span class='ocrx_word' id='word_1_237' title='bbox 1596 1846 1721 1913; x_wconf 88' lang='lat' dir='ltr'><strong>e‘q-ui</strong></span> <span class='ocrx_word' id='word_1_238' title='bbox 1771 1862 1869 1901; x_wconf 88' lang='lat' dir='ltr'><strong>an—</strong></span> <span class='ocrx_word' id='word_1_239' title='bbox 1900 1839 1955 1900; x_wconf 77' lang='grc' dir='ltr'><strong>Β</strong></span> <span class='ocrx_word' id='word_1_240' title='bbox 1978 1839 2175 1912; x_wconf 69' lang='lat' dir='ltr'><strong>(Marc.</strong></span> <span class='ocrx_word' id='word_1_241' title='bbox 2203 1844 2337 1916; x_wconf 67' lang='lat' dir='ltr'><strong>xvi).</strong></span> 
     </span>
    </p>
   </div>
   <div class='ocr_carea' id='block_1_33' title="bbox 288 1920 1877 2009">
    <p class='ocr_par' dir='ltr' id='par_1_33' title="bbox 288 1920 1877 2009">
     <span class='ocr_line' id='line_1_33' title="bbox 288 1920 1877 2009; baseline 0.014 -36"><span class='ocrx_word' id='word_1_242' title='bbox 288 1920 436 1990; x_wconf 78' lang='lat' dir='ltr'><strong>gulae</strong></span> <span class='ocrx_word' id='word_1_243' title='bbox 489 1923 744 1981; x_wconf 84' lang='lat' dir='ltr'><strong>mordere</strong></span> <span class='ocrx_word' id='word_1_244' title='bbox 789 1927 1121 1997; x_wconf 83' lang='lat' dir='ltr'><strong>perhibetur.</strong></span> <span class='ocrx_word' id='word_1_245' title='bbox 1183 1931 1450 2001; x_wconf 85' lang='lat' dir='ltr'><strong>Ungulam</strong></span> <span class='ocrx_word' id='word_1_246' title='bbox 1498 1937 1697 2007; x_wconf 87' lang='lat' dir='ltr'><strong>quippe</strong></span> <span class='ocrx_word' id='word_1_247' title='bbox 1751 1941 1877 2009; x_wconf 86' lang='lat' dir='ltr'><strong>equi</strong></span> 
     </span>
    </p>
   </div>
   <div class='ocr_carea' id='block_1_34' title="bbox 287 2011 1874 2099">
    <p class='ocr_par' dir='ltr' id='par_1_34' title="bbox 287 2011 1874 2099">
     <span class='ocr_line' id='line_1_34' title="bbox 287 2011 1874 2099; baseline 0.014 -37"><span class='ocrx_word' id='word_1_248' title='bbox 287 2011 564 2079; x_wconf 76' lang='lat' dir='ltr'><strong>mordere,</strong></span> <span class='ocrx_word' id='word_1_249' title='bbox 597 2021 684 2069; x_wconf 86' lang='lat' dir='ltr'><strong>est</strong></span> <span class='ocrx_word' id='word_1_250' title='bbox 725 2024 980 2074; x_wconf 76' lang='lat' dir='ltr'><strong>extrema</strong></span> <span class='ocrx_word' id='word_1_251' title='bbox 1017 2020 1202 2075; x_wconf 65' lang='lat' dir='ltr'><strong>saeculi</strong></span> <span class='ocrx_word' id='word_1_252' title='bbox 1254 2021 1513 2080; x_wconf 86' lang='lat' dir='ltr'><strong>feriendo</strong></span> <span class='ocrx_word' id='word_1_253' title='bbox 1531 2027 1874 2099; x_wconf 85' lang='lat' dir='ltr'><strong>contingere,</strong></span> 
     </span>
    </p>
   </div>
   <div class='ocr_carea' id='block_1_35' title="bbox 286 2103 1872 2188">
    <p class='ocr_par' dir='ltr' id='par_1_35' title="bbox 286 2103 1872 2188">
     <span class='ocr_line' id='line_1_35' title="bbox 286 2103 1872 2188; baseline 0.013 -32"><span class='ocrx_word' id='word_1_254' title='bbox 286 2109 344 2157; x_wconf 86' lang='lat' dir='ltr'><strong>ut</strong></span> <span class='ocrx_word' id='word_1_255' title='bbox 370 2103 537 2160; x_wconf 83' lang='lat' dir='ltr'><strong>cadat</strong></span> <span class='ocrx_word' id='word_1_256' title='bbox 587 2119 845 2163; x_wconf 87' lang='lat' dir='ltr'><strong>ascensor</strong></span> <span class='ocrx_word' id='word_1_257' title='bbox 889 2107 1006 2178; x_wconf 86' lang='lat' dir='ltr'><strong>ejus</strong></span> <span class='ocrx_word' id='word_1_258' title='bbox 1034 2119 1181 2167; x_wconf 90' lang='lat' dir='ltr'><strong>retro</strong></span> <span class='ocrx_word' id='word_1_259' title='bbox 1212 2128 1227 2167; x_wconf 90' lang='lat'><strong>:</strong></span> <span class='ocrx_word' id='word_1_260' title='bbox 1259 2115 1386 2184; x_wconf 87' lang='lat' dir='ltr'><strong>quia</strong></span> <span class='ocrx_word' id='word_1_261' title='bbox 1415 2117 1662 2188; x_wconf 86' lang='lat' dir='ltr'><strong>quisquis</strong></span> <span class='ocrx_word' id='word_1_262' title='bbox 1687 2120 1740 2175; x_wconf 86' lang='lat' dir='ltr'><strong>i-n</strong></span> <span class='ocrx_word' id='word_1_263' title='bbox 1764 2122 1872 2177; x_wconf 89' lang='lat' dir='ltr'><strong>ini-</strong></span> 
     </span>
    </p>
   </div>
   <div class='ocr_carea' id='block_1_36' title="bbox 284 2196 1878 2277">
    <p class='ocr_par' dir='ltr' id='par_1_36' title="bbox 284 2196 1878 2277">
     <span class='ocr_line' id='line_1_36' title="bbox 284 2196 1878 2277; baseline 0.014 -28"><span class='ocrx_word' id='word_1_264' title='bbox 284 2196 583 2265; x_wconf 75' lang='lat' dir='ltr'><strong>quitatibus</strong></span> <span class='ocrx_word' id='word_1_265' title='bbox 618 2199 888 2270; x_wconf 74' lang='lat' dir='ltr'><strong>dignitate</strong></span> <span class='ocrx_word' id='word_1_266' title='bbox 911 2205 1102 2261; x_wconf 80' lang='lat' dir='ltr'><strong>mundi</strong></span> <span class='ocrx_word' id='word_1_267' title='bbox 1141 2207 1436 2277; x_wconf 55' lang='lat' dir='ltr'><strong>extollitur,</strong></span> <span class='ocrx_word' id='word_1_268' title='bbox 1499 2223 1646 2269; x_wconf 89' lang='lat' dir='ltr'><strong>retro</strong></span> <span class='ocrx_word' id='word_1_269' title='bbox 1678 2215 1878 2272; x_wconf 86' lang='lat' dir='ltr'><strong>cadere</strong></span> 
     </span>
    </p>
   </div>
   <div class='ocr_carea' id='block_1_37' title="bbox 284 2289 1872 2368">
    <p class='ocr_par' dir='ltr' id='par_1_37' title="bbox 284 2289 1872 2368">
     <span class='ocr_line' id='line_1_37' title="bbox 284 2289 1872 2368; baseline 0.013 -25"><span class='ocrx_word' id='word_1_270' title='bbox 284 2289 500 2346; x_wconf 81' lang='lat' dir='ltr'><strong>dicitur.</strong></span> <span class='ocrx_word' id='word_1_271' title='bbox 531 2290 686 2348; x_wconf 78' lang='lat' dir='ltr'><strong>Dicit</strong></span> <span class='ocrx_word' id='word_1_272' title='bbox 697 2295 853 2350; x_wconf 83' lang='lat' dir='ltr'><strong>enim-</strong></span> <span class='ocrx_word' id='word_1_273' title='bbox 870 2295 1090 2368; x_wconf 75' lang='lat' dir='ltr'><strong>Moyses</strong></span> <span class='ocrx_word' id='word_1_274' title='bbox 1109 2300 1164 2356; x_wconf 91' lang='lat' dir='ltr'><strong>in</strong></span> <span class='ocrx_word' id='word_1_275' title='bbox 1193 2300 1566 2360; x_wconf 82' lang='lat' dir='ltr'><strong>benedictione</strong></span> <span class='ocrx_word' id='word_1_276' title='bbox 1595 2324 1607 2360; x_wconf 95' lang='lat'>:</span> <span class='ocrx_word' id='word_1_277' title='bbox 1635 2305 1756 2362; x_wconf 85' lang='lat' dir='ltr'><strong>Dan</strong></span> <span class='ocrx_word' id='word_1_278' title='bbox 1778 2324 1872 2363; x_wconf 89' lang='lat' dir='ltr'><strong>ca-</strong></span> 
     </span>
    </p>
   </div>
   <div class='ocr_carea' id='block_1_38' title="bbox 283 2382 1872 2472">
    <p class='ocr_par' dir='ltr' id='par_1_38' title="bbox 283 2382 1872 2472">
     <span class='ocr_line' id='line_1_38' title="bbox 283 2382 1872 2472; baseline 0.015 -38"><span class='ocrx_word' id='word_1_279' title='bbox 283 2382 617 2441; x_wconf 66' lang='lat' dir='ltr'><strong>inlustrauit</strong></span> <span class='ocrx_word' id='word_1_280' title='bbox 777 2388 998 2459; x_wconf 71' lang='lat' dir='ltr'><strong>largiter</strong></span> <span class='ocrx_word' id='word_1_281' title='bbox 1021 2391 1086 2445; x_wconf 90' lang='lat' dir='ltr'><strong>de</strong></span> <span class='ocrx_word' id='word_1_282' title='bbox 1107 2391 1288 2449; x_wconf 77' lang='lat' dir='ltr'><strong>Busan</strong></span> <span class='ocrx_word' id='word_1_283' title='bbox 1310 2396 1489 2465; x_wconf 80' lang='lat' dir='ltr'><strong>(Deut.</strong></span> <span class='ocrx_word' id='word_1_284' title='bbox 1514 2398 1732 2472; x_wconf 65' lang='grc' dir='ltr'><strong>χχχιιι).</strong></span> <span class='ocrx_word' id='word_1_285' title='bbox 1759 2399 1872 2457; x_wconf 88' lang='lat' dir='ltr'><strong>Leo</strong></span> 
     </span>
    </p>
   </div>
   <div class='ocr_carea' id='block_1_39' title="bbox 282 2476 1870 2561">
    <p class='ocr_par' dir='ltr' id='par_1_39' title="bbox 282 2476 1870 2561">
     <span class='ocr_line' id='line_1_39' title="bbox 282 2476 1870 2561; baseline 0.013 -32"><span class='ocrx_word' id='word_1_286' title='bbox 282 2476 425 2530; x_wconf 88' lang='lat' dir='ltr'><strong>enim</strong></span> <span class='ocrx_word' id='word_1_287' title='bbox 458 2490 565 2548; x_wconf 80' lang='lat' dir='ltr'><strong>per</strong></span> <span class='ocrx_word' id='word_1_288' title='bbox 587 2477 960 2538; x_wconf 55' lang='lat' dir='ltr'><strong>ﬁrmitudinem</strong></span> <span class='ocrx_word' id='word_1_289' title='bbox 991 2483 1196 2542; x_wconf 77' lang='lat' dir='ltr'><strong>Christi</strong></span> <span class='ocrx_word' id='word_1_290' title='bbox 1221 2487 1448 2557; x_wconf 84' lang='lat' dir='ltr'><strong>ﬁguram</strong></span> <span class='ocrx_word' id='word_1_291' title='bbox 1475 2493 1654 2561; x_wconf 77' lang='lat' dir='ltr'><strong>gerit;</strong></span> <span class='ocrx_word' id='word_1_292' title='bbox 1676 2507 1708 2547; x_wconf 91' lang='lat' dir='ltr'><strong>e</strong></span> <span class='ocrx_word' id='word_1_293' title='bbox 1739 2508 1870 2549; x_wconf 83' lang='lat' dir='ltr'><strong>con-</strong></span> 
     </span>
    </p>
   </div>
   <div class='ocr_carea' id='block_1_40' title="bbox 282 2570 1873 2652">
    <p class='ocr_par' dir='ltr' id='par_1_40' title="bbox 282 2570 1873 2652">
     <span class='ocr_line' id='line_1_40' title="bbox 282 2570 1873 2652; baseline 0.012 -29"><span class='ocrx_word' id='word_1_294' title='bbox 282 2570 448 2627; x_wconf 85' lang='lat' dir='ltr'><strong>trario</strong></span> <span class='ocrx_word' id='word_1_295' title='bbox 467 2584 614 2627; x_wconf 81' lang='lat' dir='ltr'><strong>vero</strong></span> <span class='ocrx_word' id='word_1_296' title='bbox 630 2587 732 2644; x_wconf 87' lang='lat' dir='ltr'><strong>per</strong></span> <span class='ocrx_word' id='word_1_297' title='bbox 747 2573 1089 2634; x_wconf 67' lang='lat' dir='ltr'><strong>ferocitatem</strong></span> <span class='ocrx_word' id='word_1_298' title='bbox 1125 2580 1395 2652; x_wconf 71' lang='lat' dir='ltr'><strong>Signiﬁcat</strong></span> <span class='ocrx_word' id='word_1_299' title='bbox 1434 2583 1727 2639; x_wconf 87' lang='lat' dir='ltr'><strong>diabolum.</strong></span> <span class='ocrx_word' id='word_1_300' title='bbox 1768 2587 1873 2642; x_wconf 84' lang='lat' dir='ltr'><strong>An-</strong></span> 
     </span>
    </p>
   </div>
   <div class='ocr_carea' id='block_1_41' title="bbox 280 2659 1872 2747">
    <p class='ocr_par' dir='ltr' id='par_1_41' title="bbox 280 2659 1872 2747">
     <span class='ocr_line' id='line_1_41' title="bbox 280 2659 1872 2747; baseline 0.013 -33"><span class='ocrx_word' id='word_1_301' title='bbox 280 2659 572 2718; x_wconf 83' lang='lat' dir='ltr'><strong>tichristus</strong></span> <span class='ocrx_word' id='word_1_302' title='bbox 605 2665 908 2738; x_wconf 80' lang='lat' dir='ltr'><strong>ergo-ﬁlius</strong></span> <span class='ocrx_word' id='word_1_303' title='bbox 934 2677 1019 2726; x_wconf 85' lang='lat' dir='ltr'><strong>est</strong></span> <span class='ocrx_word' id='word_1_304' title='bbox 1051 2668 1248 2728; x_wconf 72' lang='lat' dir='ltr'><strong>ferocis</strong></span> <span class='ocrx_word' id='word_1_305' title='bbox 1273 2672 1500 2728; x_wconf 70' lang='lat' dir='ltr'><strong>diaboli.</strong></span> <span class='ocrx_word' id='word_1_306' title='bbox 1519 2673 1620 2730; x_wconf 78' lang='lat' dir='ltr'><strong>Hic</strong></span> <span class='ocrx_word' id='word_1_307' title='bbox 1647 2675 1872 2747; x_wconf 79' lang='lat' dir='ltr'><strong>largiter</strong></span> 
     </span>
    </p>
   </div>
   <div class='ocr_carea' id='block_1_42' title="bbox 280 2747 1879 2829">
    <p class='ocr_par' dir='ltr' id='par_1_42' title="bbox 280 2747 1879 2829">
     <span class='ocr_line' id='line_1_42' title="bbox 280 2747 1879 2829; baseline 0.014 -26"><span class='ocrx_word' id='word_1_308' title='bbox 280 2747 394 2805; x_wconf 81' lang='lat' dir='ltr'><strong>ﬁuit</strong></span> <span class='ocrx_word' id='word_1_309' title='bbox 444 2753 516 2808; x_wconf 80' lang='lat' dir='ltr'><strong>de</strong></span> <span class='ocrx_word' id='word_1_310' title='bbox 544 2752 742 2822; x_wconf 71' lang='lat' dir='ltr'><strong>Busan,</strong></span> <span class='ocrx_word' id='word_1_311' title='bbox 784 2757 911 2828; x_wconf 89' lang='lat' dir='ltr'><strong>quia</strong></span> <span class='ocrx_word' id='word_1_312' title='bbox 936 2758 1126 2829; x_wconf 84' lang='lat' dir='ltr'><strong>plenus</strong></span> <span class='ocrx_word' id='word_1_313' title='bbox 1171 2770 1262 2818; x_wconf 83' lang='lat' dir='ltr'><strong>est</strong></span> <span class='ocrx_word' id='word_1_314' title='bbox 1296 2763 1633 2820; x_wconf 76' lang='lat' dir='ltr'><strong>confusione.</strong></span> <span class='ocrx_word' id='word_1_315' title='bbox 1690 2766 1879 2825; x_wconf 76' lang='lat' dir='ltr'><strong>Bosan-</strong></span> 
     </span>
    </p>
   </div>
   <div class='ocr_carea' id='block_1_43' title="bbox 279 2843 1870 2925">
    <p class='ocr_par' dir='ltr' id='par_1_43' title="bbox 279 2843 1870 2925">
     <span class='ocr_line' id='line_1_43' title="bbox 279 2843 1870 2925; baseline 0.011 -29"><span class='ocrx_word' id='word_1_316' title='bbox 279 2843 421 2898; x_wconf 85' lang='lat' dir='ltr'><strong>enim</strong></span> <span class='ocrx_word' id='word_1_317' title='bbox 450 2843 847 2915; x_wconf 72' lang='lat' dir='ltr'><strong>interpretatur</strong></span> <span class='ocrx_word' id='word_1_318' title='bbox 894 2851 1158 2919; x_wconf 68' lang='lat' dir='ltr'><strong>confusio,-</strong></span> <span class='ocrx_word' id='word_1_319' title='bbox 1181 2851 1294 2908; x_wconf 79' lang='lat' dir='ltr'><strong>slve</strong></span> <span class='ocrx_word' id='word_1_320' title='bbox 1313 2854 1600 2925; x_wconf 81' lang='lat' dir='ltr'><strong>pinguedo,</strong></span> <span class='ocrx_word' id='word_1_321' title='bbox 1624 2857 1712 2912; x_wconf 87' lang='lat' dir='ltr'><strong>vel</strong></span> <span class='ocrx_word' id='word_1_322' title='bbox 1745 2859 1870 2914; x_wconf 79' lang='lat' dir='ltr'><strong>bru-</strong></span> 
     </span>
    </p>
   </div>
   <div class='ocr_carea' id='block_1_44' title="bbox 278 2940 1870 3020">
    <p class='ocr_par' dir='ltr' id='par_1_44' title="bbox 278 2940 1870 3020">
     <span class='ocr_line' id='line_1_44' title="bbox 278 2940 1870 3020; baseline 0.012 -29"><span class='ocrx_word' id='word_1_323' title='bbox 278 2940 423 2994; x_wconf 80' lang='lat' dir='ltr'><strong>chus.</strong></span> <span class='ocrx_word' id='word_1_324' title='bbox 453 2940 737 3013; x_wconf 72' lang='lat' dir='ltr'><strong>Piuguedo</strong></span> <span class='ocrx_word' id='word_1_325' title='bbox 754 2945 898 3000; x_wconf 86' lang='lat' dir='ltr'><strong>enim</strong></span> <span class='ocrx_word' id='word_1_326' title='bbox 927 2946 1266 3004; x_wconf 82' lang='lat' dir='ltr'><strong>nimietatem</strong></span> <span class='ocrx_word' id='word_1_327' title='bbox 1288 2949 1561 3020; x_wconf 83' lang='lat' dir='ltr'><strong>signiﬁcat</strong></span> <span class='ocrx_word' id='word_1_328' title='bbox 1583 2965 1696 3008; x_wconf 64' lang='lat' dir='ltr'><strong>sua:</strong></span> <span class='ocrx_word' id='word_1_329' title='bbox 1733 2967 1870 3009; x_wconf 52' lang='lat' dir='ltr'><strong>avai-</strong></span> 
     </span>
    </p>
   </div>
   <div class='ocr_carea' id='block_1_45' title="bbox 277 3029 1871 3102">
    <p class='ocr_par' dir='ltr' id='par_1_45' title="bbox 277 3029 1871 3102">
     <span class='ocr_line' id='line_1_45' title="bbox 277 3029 1871 3102; baseline 0.011 -18"><span class='ocrx_word' id='word_1_330' title='bbox 277 3029 422 3086; x_wconf 82' lang='lat' dir='ltr'><strong>ritiae-</strong></span> <span class='ocrx_word' id='word_1_331' title='bbox 449 3039 619 3102; x_wconf 76' lang='lat' dir='ltr'><strong>atque</strong></span> <span class='ocrx_word' id='word_1_332' title='bbox 635 3034 878 3091; x_wconf 81' lang='lat' dir='ltr'><strong>luxuriae.</strong></span> <span class='ocrx_word' id='word_1_333' title='bbox 909 3037 1309 3096; x_wconf 65' lang='lat' dir='ltr'><strong>Bruchi&#39;autem</strong></span> <span class='ocrx_word' id='word_1_334' title='bbox 1336 3042 1756 3100; x_wconf 70' lang='lat' dir='ltr'><strong>similitudinem</strong></span> <span class='ocrx_word' id='word_1_335' title='bbox 1773 3046 1871 3102; x_wconf 71' lang='lat' dir='ltr'><strong>ha-</strong></span> 
     </span>
    </p>
   </div>
   <div class='ocr_carea' id='block_1_46' title="bbox 274 3121 1866 3208">
    <p class='ocr_par' dir='ltr' id='par_1_46' title="bbox 274 3121 1866 3208">
     <span class='ocr_line' id='line_1_46' title="bbox 274 3121 1866 3208; baseline 0.01 -30"><span class='ocrx_word' id='word_1_336' title='bbox 274 3121 596 3192; x_wconf 16' lang='lat' dir='ltr'><strong>het‘in-hoc;</strong></span> <span class='ocrx_word' id='word_1_337' title='bbox 625 3122 934 3197; x_wconf 68' lang='lat' dir='ltr'><strong>quodsicur</strong></span> <span class='ocrx_word' id='word_1_338' title='bbox 947 3133 1192 3190; x_wconf 76' lang='lat' dir='ltr'><strong>bruchus</strong></span> <span class='ocrx_word' id='word_1_339' title='bbox 1213 3134 1426 3202; x_wconf 63' lang='lat' dir='ltr'><strong>herbae,</strong></span> <span class='ocrx_word' id='word_1_340' title='bbox 1451 3136 1534 3191; x_wconf 65' lang='lat' dir='ltr'><strong>ita:</strong></span> <span class='ocrx_word' id='word_1_341' title='bbox 1552 3136 1676 3208; x_wconf 73' lang='lat' dir='ltr'><strong>ipse</strong></span> <span class='ocrx_word' id='word_1_342' title='bbox 1689 3139 1866 3194; x_wconf 46' lang='lat' dir='ltr'><strong>virtue;</strong></span> 
     </span>
    </p>
   </div>
   <div class='ocr_carea' id='block_1_47' title="bbox 279 3217 1112 3278">
    <p class='ocr_par' dir='ltr' id='par_1_47' title="bbox 279 3217 1112 3278">
     <span class='ocr_line' id='line_1_47' title="bbox 279 3217 1112 3278; baseline 0.012 -10"><span class='ocrx_word' id='word_1_343' title='bbox 279 3220 388 3268; x_wconf 85' lang='lat' dir='ltr'><strong>tam</strong></span> <span class='ocrx_word' id='word_1_344' title='bbox 409 3217 1112 3278; x_wconf 66' lang='lat' dir='ltr'><strong>demtartormosttatenu-</strong></span> 
     </span>
    </p>
   </div>
   <div class='ocr_carea' id='block_1_48' title="bbox 343 3305 1870 3386">
    <p class='ocr_par' dir='ltr' id='par_1_48' title="bbox 343 3305 1870 3386">
     <span class='ocr_line' id='line_1_48' title="bbox 343 3305 1870 3386; baseline 0.01 -26"><span class='ocrx_word' id='word_1_345' title='bbox 343 3305 466 3362; x_wconf 75' lang='lat' dir='ltr'><strong>Gad&#39;</strong></span> <span class='ocrx_word' id='word_1_346' title='bbox 490 3309 560 3362; x_wconf 80' lang='lat' dir='ltr'><strong>ab</strong></span> <span class='ocrx_word' id='word_1_347' title='bbox 586 3315 1188 3382; x_wconf 54' lang='lat' dir='ltr'><strong>eventuiseu-meii‘tetu</strong></span> <span class='ocrx_word' id='word_1_348' title='bbox 1225 3325 1454 3374; x_wconf 64' lang='lat' dir='ltr'><strong>vocatus</strong></span> <span class='ocrx_word' id='word_1_349' title='bbox 1484 3327 1587 3374; x_wconf 84' lang='lat' dir='ltr'><strong>est.</strong></span> <span class='ocrx_word' id='word_1_350' title='bbox 1637 3318 1870 3386; x_wconf 81' lang='lat' dir='ltr'><strong>Quando</strong></span> 
     </span>
    </p>
   </div>
   <div class='ocr_carea' id='block_1_49' title="bbox 275 3393 1865 3480">
    <p class='ocr_par' dir='ltr' id='par_1_49' title="bbox 275 3393 1865 3480">
     <span class='ocr_line' id='line_1_49' title="bbox 275 3393 1865 3480; baseline 0.008 -27"><span class='ocrx_word' id='word_1_351' title='bbox 275 3398 418 3453; x_wconf 84' lang='lat' dir='ltr'><strong>enim</strong></span> <span class='ocrx_word' id='word_1_352' title='bbox 440 3399 660 3470; x_wconf 72' lang='lat' dir='ltr'><strong>peperit</strong></span> <span class='ocrx_word' id='word_1_353' title='bbox 685 3409 818 3456; x_wconf 75' lang='lat' dir='ltr'><strong>eum</strong></span> <span class='ocrx_word' id='word_1_354' title='bbox 839 3393 1060 3472; x_wconf 74' lang='lat' dir='ltr'><strong>Zelp‘ha,</strong></span> <span class='ocrx_word' id='word_1_355' title='bbox 1077 3407 1218 3458; x_wconf 70' lang='lat' dir='ltr'><strong>dixit:</strong></span> <span class='ocrx_word' id='word_1_356' title='bbox 1234 3409 1450 3464; x_wconf 86' lang='lat' dir='ltr'><strong>domina</strong></span> <span class='ocrx_word' id='word_1_357' title='bbox 1475 3411 1592 3480; x_wconf 83' lang='lat' dir='ltr'><strong>ejus</strong></span> <span class='ocrx_word' id='word_1_358' title='bbox 1612 3409 1742 3465; x_wconf 82' lang='lat' dir='ltr'><strong>Lia:</strong></span> <span class='ocrx_word' id='word_1_359' title='bbox 1770 3411 1865 3466; x_wconf 80' lang='lat' dir='ltr'><strong>1n”-</strong></span> 
     </span>
    </p>
   </div>
   <div class='ocr_carea' id='block_1_50' title="bbox 272 3489 1866 3566">
    <p class='ocr_par' dir='ltr' id='par_1_50' title="bbox 272 3489 1866 3566">
     <span class='ocr_line' id='line_1_50' title="bbox 272 3489 1866 3566; baseline 0.004 -22"><span class='ocrx_word' id='word_1_360' title='bbox 272 3489 570 3558; x_wconf 77' lang='lat' dir='ltr'><strong>fortunatu,</strong></span> <span class='ocrx_word' id='word_1_361' title='bbox 604 3492 748 3548; x_wconf 79' lang='lat' dir='ltr'><strong>idem</strong></span> <span class='ocrx_word' id='word_1_362' title='bbox 767 3493 916 3563; x_wconf 78' lang='lat' dir='ltr'><strong>quod</strong></span> <span class='ocrx_word' id='word_1_363' title='bbox 933 3494 1517 3566; x_wconf 65' lang='lat' dir='ltr'><strong>dieitttr,-in=procinctu</strong></span> <span class='ocrx_word' id='word_1_364' title='bbox 1549 3496 1866 3552; x_wconf 55' lang='lat' dir='ltr'><strong>peierante;</strong></span> 
     </span>
    </p>
   </div>
   <div class='ocr_carea' id='block_1_51' title="bbox 270 3574 1866 3656">
    <p class='ocr_par' dir='ltr' id='par_1_51' title="bbox 270 3574 1866 3656">
     <span class='ocr_line' id='line_1_51' title="bbox 270 3574 1866 3656; baseline 0.003 -20"><span class='ocrx_word' id='word_1_365' title='bbox 270 3574 416 3637; x_wconf 84' lang='lat' dir='ltr'><strong>Dicit</strong></span> <span class='ocrx_word' id='word_1_366' title='bbox 448 3583 604 3638; x_wconf 66' lang='lat' dir='ltr'><strong>enim:</strong></span> <span class='ocrx_word' id='word_1_367' title='bbox 634 3583 701 3639; x_wconf 83' lang='lat' dir='ltr'><strong>de</strong></span> <span class='ocrx_word' id='word_1_368' title='bbox 727 3584 820 3640; x_wconf 90' lang='lat' dir='ltr'><strong>illo</strong></span> <span class='ocrx_word' id='word_1_369' title='bbox 852 3585 908 3640; x_wconf 81' lang='lat' dir='ltr'><strong>in</strong></span> <span class='ocrx_word' id='word_1_370' title='bbox 929 3587 1490 3656; x_wconf 45' lang='lat' dir='ltr'><strong>henuiiaione‘pater</strong></span> <span class='ocrx_word' id='word_1_371' title='bbox 1512 3585 1714 3642; x_wconf 81' lang='lat' dir='ltr'><strong>Jacob:</strong></span> <span class='ocrx_word' id='word_1_372' title='bbox 1746 3583 1866 3640; x_wconf 75' lang='lat' dir='ltr'><strong>God</strong></span> 
     </span>
    </p>
   </div>
   <div class='ocr_carea' id='block_1_52' title="bbox 269 3673 1866 3749">
    <p class='ocr_par' dir='ltr' id='par_1_52' title="bbox 269 3673 1866 3749">
     <span class='ocr_line' id='line_1_52' title="bbox 269 3673 1866 3749; baseline 0.005 -23"><span class='ocrx_word' id='word_1_373' title='bbox 269 3673 906 3744; x_wconf 63' lang='lat' dir='ltr'><strong>ueinetua‘prwﬂubitur&#39;</strong></span> <span class='ocrx_word' id='word_1_374' title='bbox 939 3685 1062 3733; x_wconf 71' lang='lat' dir='ltr'><strong>ante</strong></span> <span class='ocrx_word' id='word_1_375' title='bbox 1082 3687 1220 3746; x_wconf 63' lang='lat' dir='ltr'><strong>eum,</strong></span> <span class='ocrx_word' id='word_1_376' title='bbox 1251 3689 1300 3733; x_wconf 79' lang='lat' dir='ltr'><strong>et</strong></span> <span class='ocrx_word' id='word_1_377' title='bbox 1320 3680 1430 3749; x_wconf 77' lang='lat' dir='ltr'><strong>ipse</strong></span> <span class='ocrx_word' id='word_1_378' title='bbox 1454 3680 1760 3749; x_wconf 72' lang='lat' dir='ltr'><strong>accingam</strong></span> <span class='ocrx_word' id='word_1_379' title='bbox 1783 3695 1866 3734; x_wconf 82' lang='lat' dir='ltr'><strong>re-&#39;</strong></span> 
     </span>
    </p>
   </div>
   <div class='ocr_carea' id='block_1_53' title="bbox 269 3769 1864 3844">
    <p class='ocr_par' dir='ltr' id='par_1_53' title="bbox 269 3769 1864 3844">
     <span class='ocr_line' id='line_1_53' title="bbox 269 3769 1864 3844; baseline 0.004 -20"><span class='ocrx_word' id='word_1_380' title='bbox 269 3779 512 3825; x_wconf 79' lang='lat' dir='ltr'><strong>trorsum.</strong></span> <span class='ocrx_word' id='word_1_381' title='bbox 535 3769 688 3840; x_wconf 85' lang='lat' dir='ltr'><strong>(Gen.</strong></span> <span class='ocrx_word' id='word_1_382' title='bbox 731 3771 913 3843; x_wconf 31' lang='lat' dir='ltr'><strong>,xux).</strong></span> <span class='ocrx_word' id='word_1_383' title='bbox 940 3773 1134 3829; x_wconf 89' lang='lat' dir='ltr'><strong>Totum</strong></span> <span class='ocrx_word' id='word_1_384' title='bbox 1187 3783 1376 3830; x_wconf 89' lang='lat' dir='ltr'><strong>autem-</strong></span> <span class='ocrx_word' id='word_1_385' title='bbox 1412 3775 1550 3829; x_wconf 83' lang='lat' dir='ltr'><strong>illud</strong></span> <span class='ocrx_word' id='word_1_386' title='bbox 1569 3785 1672 3840; x_wconf 74' lang='lat' dir='ltr'><strong>est,</strong></span> <span class='ocrx_word' id='word_1_387' title='bbox 1719 3777 1864 3844; x_wconf 87' lang='lat' dir='ltr'><strong>quod</strong></span> 
     </span>
    </p>
   </div>
   <div class='ocr_carea' id='block_1_54' title="bbox 271 3863 1864 3923">
    <p class='ocr_par' dir='ltr' id='par_1_54' title="bbox 271 3863 1864 3923">
     <span class='ocr_line' id='line_1_54' title="bbox 271 3863 1864 3923; baseline 0.003 -5"><span class='ocrx_word' id='word_1_388' title='bbox 271 3872 396 3919; x_wconf 85' lang='lat' dir='ltr'><strong>ante</strong></span> <span class='ocrx_word' id='word_1_389' title='bbox 426 3863 624 3919; x_wconf 84' lang='lat' dir='ltr'><strong>Ruben</strong></span> <span class='ocrx_word' id='word_1_390' title='bbox 673 3872 730 3918; x_wconf 85' lang='lat' dir='ltr'><strong>et</strong></span> <span class='ocrx_word' id='word_1_391' title='bbox 771 3864 1050 3919; x_wconf 86' lang='lat' dir='ltr'><strong>dimidiam</strong></span> <span class='ocrx_word' id='word_1_392' title='bbox 1095 3866 1294 3921; x_wconf 88' lang='lat' dir='ltr'><strong>tribum</strong></span> <span class='ocrx_word' id='word_1_393' title='bbox 1338 3865 1585 3922; x_wconf 86' lang='lat' dir='ltr'><strong>Manasse</strong></span> <span class='ocrx_word' id='word_1_394' title='bbox 1628 3867 1695 3920; x_wconf 89' lang='lat' dir='ltr'><strong>ad</strong></span> <span class='ocrx_word' id='word_1_395' title='bbox 1723 3866 1864 3923; x_wconf 90' lang='lat' dir='ltr'><strong>ﬁlios</strong></span> 
     </span>
    </p>
   </div>
   <div class='ocr_carea' id='block_1_55' title="bbox 275 3945 1864 4027">
    <p class='ocr_par' dir='ltr' id='par_1_55' title="bbox 275 3945 1864 4027">
     <span class='ocr_line' id='line_1_55' title="bbox 275 3945 1864 4027; baseline 0.002 -18"><span class='ocrx_word' id='word_1_396' title='bbox 275 3970 412 4024; x_wconf 88' lang='lat' dir='ltr'><strong>quos</strong></span> <span class='ocrx_word' id='word_1_397' title='bbox 456 3962 610 4010; x_wconf 88' lang='lat' dir='ltr'><strong>trans</strong></span> <span class='ocrx_word' id='word_1_398' title='bbox 634 3951 925 4010; x_wconf 72' lang='lat' dir='ltr'><strong>Iordanem</strong></span> <span class='ocrx_word' id='word_1_399' title='bbox 957 3955 1013 4009; x_wconf 90' lang='lat' dir='ltr'><strong>in</strong></span> <span class='ocrx_word' id='word_1_400' title='bbox 1039 3945 1385 4026; x_wconf 84' lang='lat' dir='ltr'><strong>possessione</strong></span> <span class='ocrx_word' id='word_1_401' title='bbox 1416 3955 1694 4022; x_wconf 87' lang='lat' dir='ltr'><strong>diviserat,</strong></span> <span class='ocrx_word' id='word_1_402' title='bbox 1741 3965 1864 4027; x_wconf 89' lang='lat' dir='ltr'><strong>post</strong></span> 
     </span>
    </p>
   </div>
   <div class='ocr_carea' id='block_1_56' title="bbox 274 4044 1862 4117">
    <p class='ocr_par' dir='ltr' id='par_1_56' title="bbox 274 4044 1862 4117">
     <span class='ocr_line' id='line_1_56' title="bbox 274 4044 1862 4117; baseline 0.002 -19"><span class='ocrx_word' id='word_1_403' title='bbox 274 4044 690 4116; x_wconf 88' lang='lat' dir='ltr'><strong>quatuordecim</strong></span> <span class='ocrx_word' id='word_1_404' title='bbox 735 4059 908 4101; x_wconf 89' lang='lat' dir='ltr'><strong>annos</strong></span> <span class='ocrx_word' id='word_1_405' title='bbox 930 4055 1234 4114; x_wconf 86' lang='lat' dir='ltr'><strong>revertens,</strong></span> <span class='ocrx_word' id='word_1_406' title='bbox 1296 4047 1540 4117; x_wconf 66' lang='lat' dir='ltr'><strong>praelium</strong></span> <span class='ocrx_word' id='word_1_407' title='bbox 1572 4047 1862 4102; x_wconf 86' lang='lat' dir='ltr'><strong>adversum</strong></span> 
     </span>
    </p>
   </div>
   <div class='ocr_carea' id='block_1_57' title="bbox 274 4136 1862 4211">
    <p class='ocr_par' dir='ltr' id='par_1_57' title="bbox 274 4136 1862 4211">
     <span class='ocr_line' id='line_1_57' title="bbox 274 4136 1862 4211; baseline 0.002 -18"><span class='ocrx_word' id='word_1_408' title='bbox 274 4153 364 4194; x_wconf 88' lang='lat' dir='ltr'><strong>eos</strong></span> <span class='ocrx_word' id='word_1_409' title='bbox 413 4136 655 4209; x_wconf 86' lang='lat' dir='ltr'><strong>gentium</strong></span> <span class='ocrx_word' id='word_1_410' title='bbox 706 4137 1007 4192; x_wconf 88' lang='lat' dir='ltr'><strong>vicinarum</strong></span> <span class='ocrx_word' id='word_1_411' title='bbox 1061 4141 1266 4209; x_wconf 79' lang='lat' dir='ltr'><strong>grande</strong></span> <span class='ocrx_word' id='word_1_412' title='bbox 1330 4141 1551 4211; x_wconf 89' lang='lat' dir='ltr'><strong>reperit,</strong></span> <span class='ocrx_word' id='word_1_413' title='bbox 1605 4148 1660 4195; x_wconf 90' lang='lat' dir='ltr'><strong>et</strong></span> <span class='ocrx_word' id='word_1_414' title='bbox 1702 4140 1862 4196; x_wconf 79' lang='lat' dir='ltr'><strong>victis</strong></span> 
     </span>
    </p>
   </div>
   <div class='ocr_carea' id='block_1_58' title="bbox 274 4227 1860 4302">
    <p class='ocr_par' dir='ltr' id='par_1_58' title="bbox 274 4227 1860 4302">
     <span class='ocr_line' id='line_1_58' title="bbox 274 4227 1860 4302; baseline 0.001 -18"><span class='ocrx_word' id='word_1_415' title='bbox 274 4227 522 4285; x_wconf 89' lang='lat' dir='ltr'><strong>hostibus</strong></span> <span class='ocrx_word' id='word_1_416' title='bbox 550 4227 766 4284; x_wconf 84' lang='lat' dir='ltr'><strong>fortiter</strong></span> <span class='ocrx_word' id='word_1_417' title='bbox 787 4229 1068 4284; x_wconf 86' lang='lat' dir='ltr'><strong>dimicaret</strong></span> <span class='ocrx_word' id='word_1_418' title='bbox 1114 4229 1460 4302; x_wconf 88' lang='lat' dir='ltr'><strong>[dimicavit].</strong></span> <span class='ocrx_word' id='word_1_419' title='bbox 1491 4231 1634 4300; x_wconf 87' lang='lat' dir='ltr'><strong>Lege</strong></span> <span class='ocrx_word' id='word_1_420' title='bbox 1660 4231 1860 4286; x_wconf 86' lang='lat' dir='ltr'><strong>librum</strong></span> 
     </span>
    </p>
   </div>
   <div class='ocr_carea' id='block_1_59' title="bbox 274 4321 1854 4395">
    <p class='ocr_par' dir='ltr' id='par_1_59' title="bbox 274 4321 1854 4395">
     <span class='ocr_line' id='line_1_59' title="bbox 274 4321 1854 4395; baseline 0.001 -19"><span class='ocrx_word' id='word_1_421' title='bbox 274 4321 399 4379; x_wconf 83' lang='lat' dir='ltr'><strong>Jesu</strong></span> <span class='ocrx_word' id='word_1_422' title='bbox 420 4323 572 4379; x_wconf 82' lang='lat' dir='ltr'><strong>Nave</strong></span> <span class='ocrx_word' id='word_1_423' title='bbox 619 4331 673 4378; x_wconf 88' lang='lat' dir='ltr'><strong>et</strong></span> <span class='ocrx_word' id='word_1_424' title='bbox 696 4323 1165 4393; x_wconf 89' lang='lat' dir='ltr'><strong>Paralipomenon.</strong></span> <span class='ocrx_word' id='word_1_425' title='bbox 1221 4326 1299 4379; x_wconf 91' lang='lat' dir='ltr'><strong>Dc</strong></span> <span class='ocrx_word' id='word_1_426' title='bbox 1348 4339 1456 4395; x_wconf 92' lang='lat' dir='ltr'><strong>quo</strong></span> <span class='ocrx_word' id='word_1_427' title='bbox 1483 4324 1693 4395; x_wconf 81' lang='lat' dir='ltr'><strong>Moyses</strong></span> <span class='ocrx_word' id='word_1_428' title='bbox 1733 4323 1854 4378; x_wconf 88' lang='lat' dir='ltr'><strong>ait:</strong></span> 
     </span>
    </p>
   </div>
   <div class='ocr_carea' id='block_1_60' title="bbox 273 4415 1860 4489">
    <p class='ocr_par' dir='ltr' id='par_1_60' title="bbox 273 4415 1860 4489">
     <span class='ocr_line' id='line_1_60' title="bbox 273 4415 1860 4489; baseline 0.001 -20"><span class='ocrx_word' id='word_1_429' title='bbox 273 4415 586 4471; x_wconf 74' lang='lat' dir='ltr'><strong>Benedictus</strong></span> <span class='ocrx_word' id='word_1_430' title='bbox 613 4417 670 4470; x_wconf 88' lang='lat' dir='ltr'><strong>in</strong></span> <span class='ocrx_word' id='word_1_431' title='bbox 707 4416 982 4471; x_wconf 75' lang='lat' dir='ltr'><strong>latitudine</strong></span> <span class='ocrx_word' id='word_1_432' title='bbox 1015 4415 1130 4471; x_wconf 83' lang='lat' dir='ltr'><strong>Gud</strong></span> <span class='ocrx_word' id='word_1_433' title='bbox 1151 4435 1170 4472; x_wconf 88' lang='lat'><strong><em>:</em></strong></span> <span class='ocrx_word' id='word_1_434' title='bbox 1193 4418 1345 4488; x_wconf 84' lang='lat' dir='ltr'><strong>quasi</strong></span> <span class='ocrx_word' id='word_1_435' title='bbox 1368 4417 1446 4472; x_wconf 88' lang='lat' dir='ltr'><strong>leo</strong></span> <span class='ocrx_word' id='word_1_436' title='bbox 1475 4418 1745 4489; x_wconf 82' lang='lat' dir='ltr'><strong>requievit,</strong></span> <span class='ocrx_word' id='word_1_437' title='bbox 1776 4434 1860 4471; x_wconf 83' lang='lat' dir='ltr'><strong>ce-</strong></span> 
     </span>
    </p>
   </div>
   <div class='ocr_carea' id='block_1_61' title="bbox 274 4505 1854 4582">
    <p class='ocr_par' dir='ltr' id='par_1_61' title="bbox 274 4505 1854 4582">
     <span class='ocr_line' id='line_1_61' title="bbox 274 4505 1854 4582; baseline 0.003 -24"><span class='ocrx_word' id='word_1_438' title='bbox 274 4505 446 4576; x_wconf 81' lang='lat' dir='ltr'><strong>pitque</strong></span> <span class='ocrx_word' id='word_1_439' title='bbox 489 4507 764 4560; x_wconf 75' lang='lat' dir='ltr'><strong>brachium</strong></span> <span class='ocrx_word' id='word_1_440' title='bbox 809 4516 856 4560; x_wconf 89' lang='lat' dir='ltr'><strong>et</strong></span> <span class='ocrx_word' id='word_1_441' title='bbox 901 4505 1178 4573; x_wconf 77' lang='lat' dir='ltr'><strong>verticem;</strong></span> <span class='ocrx_word' id='word_1_442' title='bbox 1229 4518 1277 4562; x_wconf 86' lang='lat' dir='ltr'><strong>et</strong></span> <span class='ocrx_word' id='word_1_443' title='bbox 1313 4508 1440 4562; x_wconf 84' lang='lat' dir='ltr'><strong>vidit</strong></span> <span class='ocrx_word' id='word_1_444' title='bbox 1500 4510 1854 4582; x_wconf 84' lang='lat' dir='ltr'><strong>principatum</strong></span> 
     </span>
    </p>
   </div>
   <div class='ocr_carea' id='block_1_62' title="bbox 275 4567 1935 4671">
    <p class='ocr_par' dir='ltr' id='par_1_62' title="bbox 275 4567 1935 4671">
     <span class='ocr_line' id='line_1_62' title="bbox 275 4567 1935 4671; baseline 0.002 -21"><span class='ocrx_word' id='word_1_445' title='bbox 275 4567 446 4662; x_wconf 60' lang='lat' dir='ltr'><strong>suum,</strong></span> <span class='ocrx_word' id='word_1_446' title='bbox 498 4599 650 4671; x_wconf 83' lang='lat' dir='ltr'><strong>quod</strong></span> <span class='ocrx_word' id='word_1_447' title='bbox 664 4599 718 4652; x_wconf 90' lang='lat' dir='ltr'><strong>in</strong></span> <span class='ocrx_word' id='word_1_448' title='bbox 749 4609 900 4669; x_wconf 85' lang='lat' dir='ltr'><strong>parte</strong></span> <span class='ocrx_word' id='word_1_449' title='bbox 943 4616 1044 4654; x_wconf 83' lang='lat' dir='ltr'><strong>sua</strong></span> <span class='ocrx_word' id='word_1_450' title='bbox 1073 4599 1330 4669; x_wconf 81' lang='lat' dir='ltr'><strong>repositus</strong></span> <span class='ocrx_word' id='word_1_451' title='bbox 1359 4600 1541 4655; x_wconf 87' lang='lat' dir='ltr'><strong>doctor</strong></span> <span class='ocrx_word' id='word_1_452' title='bbox 1569 4611 1700 4656; x_wconf 81' lang='lat' dir='ltr'><strong>esset</strong></span> <span class='ocrx_word' id='word_1_453' title='bbox 1723 4618 1741 4665; x_wconf 89' lang='lat'><strong><em>;</em></strong></span> <span class='ocrx_word' id='word_1_454' title='bbox 1764 4601 1856 4671; x_wconf 86' lang='lat' dir='ltr'><strong>qui</strong></span> <span class='ocrx_word' id='word_1_455' title='bbox 1881 4567 1935 4630; x_wconf 73' lang='grc' dir='ltr'>Π</span> 
     </span>
    </p>
   </div>
   <div class='ocr_carea' id='block_1_63' title="bbox 278 4690 1854 4765">
    <p class='ocr_par' dir='ltr' id='par_1_63' title="bbox 278 4690 1854 4765">
     <span class='ocr_line' id='line_1_63' title="bbox 278 4690 1854 4765; baseline 0.001 -21"><span class='ocrx_word' id='word_1_456' title='bbox 278 4690 373 4758; x_wconf 71' lang='lat' dir='ltr'><strong>fuit</strong></span> <span class='ocrx_word' id='word_1_457' title='bbox 398 4710 515 4748; x_wconf 89' lang='lat' dir='ltr'><strong>cum</strong></span> <span class='ocrx_word' id='word_1_458' title='bbox 555 4694 872 4765; x_wconf 79' lang='lat' dir='ltr'><strong>principibus</strong></span> <span class='ocrx_word' id='word_1_459' title='bbox 897 4693 1093 4764; x_wconf 83' lang='lat' dir='ltr'><strong>populi,</strong></span> <span class='ocrx_word' id='word_1_460' title='bbox 1127 4702 1177 4746; x_wconf 89' lang='lat' dir='ltr'><strong>et</strong></span> <span class='ocrx_word' id='word_1_461' title='bbox 1211 4693 1330 4762; x_wconf 78' lang='lat' dir='ltr'><strong>fecit</strong></span> <span class='ocrx_word' id='word_1_462' title='bbox 1345 4695 1586 4764; x_wconf 82' lang='lat' dir='ltr'><strong>justitias</strong></span> <span class='ocrx_word' id='word_1_463' title='bbox 1617 4694 1854 4760; x_wconf 86' lang='lat' dir='ltr'><strong>Domini,</strong></span> 
     </span>
    </p>
   </div>
   <div class='ocr_carea' id='block_1_64' title="bbox 278 4785 1857 4857">
    <p class='ocr_par' dir='ltr' id='par_1_64' title="bbox 278 4785 1857 4857">
     <span class='ocr_line' id='line_1_64' title="bbox 278 4785 1857 4857; baseline 0.001 -19"><span class='ocrx_word' id='word_1_464' title='bbox 278 4795 323 4839; x_wconf 87' lang='lat' dir='ltr'><strong>et</strong></span> <span class='ocrx_word' id='word_1_465' title='bbox 345 4786 612 4856; x_wconf 81' lang='lat' dir='ltr'><strong>judicium</strong></span> <span class='ocrx_word' id='word_1_466' title='bbox 639 4805 795 4843; x_wconf 80' lang='lat' dir='ltr'><strong>suum</strong></span> <span class='ocrx_word' id='word_1_467' title='bbox 827 4786 997 4842; x_wconf 80' lang='lat' dir='ltr'><strong>Israel</strong></span> <span class='ocrx_word' id='word_1_468' title='bbox 1039 4785 1220 4857; x_wconf 86' lang='lat' dir='ltr'><strong>(Deut.</strong></span> <span class='ocrx_word' id='word_1_469' title='bbox 1248 4785 1469 4857; x_wconf 72' lang='grc' dir='ltr'><strong>χχχιιι).</strong></span> <span class='ocrx_word' id='word_1_470' title='bbox 1523 4785 1585 4840; x_wconf 88' lang='lat' dir='ltr'><strong>In</strong></span> <span class='ocrx_word' id='word_1_471' title='bbox 1630 4785 1857 4840; x_wconf 80' lang='lat' dir='ltr'><strong>benedi-</strong></span> 
     </span>
    </p>
   </div>
   <div class='ocr_carea' id='block_1_65' title="bbox 280 4879 1854 4952">
    <p class='ocr_par' dir='ltr' id='par_1_65' title="bbox 280 4879 1854 4952">
     <span class='ocr_line' id='line_1_65' title="bbox 280 4879 1854 4952; baseline 0.001 -19"><span class='ocrx_word' id='word_1_472' title='bbox 280 4880 452 4936; x_wconf 90' lang='lat' dir='ltr'><strong>ctione</strong></span> <span class='ocrx_word' id='word_1_473' title='bbox 480 4880 596 4937; x_wconf 89' lang='lat' dir='ltr'><strong>Gad</strong></span> <span class='ocrx_word' id='word_1_474' title='bbox 619 4881 832 4937; x_wconf 88' lang='lat' dir='ltr'><strong>videtur</strong></span> <span class='ocrx_word' id='word_1_475' title='bbox 865 4880 1075 4952; x_wconf 86' lang='lat' dir='ltr'><strong>Moyses</strong></span> <span class='ocrx_word' id='word_1_476' title='bbox 1101 4879 1401 4951; x_wconf 61' lang='lat' dir='ltr'><strong>prindicere</strong></span> <span class='ocrx_word' id='word_1_477' title='bbox 1421 4879 1716 4948; x_wconf 85' lang='lat' dir='ltr'><strong>secundum</strong></span> <span class='ocrx_word' id='word_1_478' title='bbox 1767 4879 1854 4934; x_wconf 88' lang='lat' dir='ltr'><strong>hi-</strong></span> 
     </span>
    </p>
   </div>
   <div class='ocr_carea' id='block_1_66' title="bbox 281 4969 1854 5043">
    <p class='ocr_par' dir='ltr' id='par_1_66' title="bbox 281 4969 1854 5043">
     <span class='ocr_line' id='line_1_66' title="bbox 281 4969 1854 5043; baseline 0.001 -19"><span class='ocrx_word' id='word_1_479' title='bbox 281 4971 518 5039; x_wconf 86' lang='lat' dir='ltr'><strong>storiam,</strong></span> <span class='ocrx_word' id='word_1_480' title='bbox 575 4971 874 5043; x_wconf 88' lang='lat' dir='ltr'><strong>potentiam</strong></span> <span class='ocrx_word' id='word_1_481' title='bbox 930 4972 1169 5027; x_wconf 86' lang='lat' dir='ltr'><strong>virorum</strong></span> <span class='ocrx_word' id='word_1_482' title='bbox 1215 4970 1436 5026; x_wconf 82' lang='lat' dir='ltr'><strong>fortium</strong></span> <span class='ocrx_word' id='word_1_483' title='bbox 1481 4969 1567 5025; x_wconf 91' lang='lat' dir='ltr'><strong>vel</strong></span> <span class='ocrx_word' id='word_1_484' title='bbox 1587 4969 1854 5040; x_wconf 83' lang='lat' dir='ltr'><strong>judicum,</strong></span> 
     </span>
    </p>
   </div>
   <div class='ocr_carea' id='block_1_67' title="bbox 281 5061 1854 5133">
    <p class='ocr_par' dir='ltr' id='par_1_67' title="bbox 281 5061 1854 5133">
     <span class='ocr_line' id='line_1_67' title="bbox 281 5061 1854 5133; baseline 0.001 -17"><span class='ocrx_word' id='word_1_485' title='bbox 281 5064 368 5132; x_wconf 91' lang='lat' dir='ltr'><strong>qui</strong></span> <span class='ocrx_word' id='word_1_486' title='bbox 419 5066 485 5120; x_wconf 90' lang='lat' dir='ltr'><strong>de</strong></span> <span class='ocrx_word' id='word_1_487' title='bbox 535 5063 624 5118; x_wconf 90' lang='lat' dir='ltr'><strong>illa</strong></span> <span class='ocrx_word' id='word_1_488' title='bbox 659 5065 802 5122; x_wconf 86' lang='lat' dir='ltr'><strong>tribu</strong></span> <span class='ocrx_word' id='word_1_489' title='bbox 853 5063 1115 5120; x_wconf 83' lang='lat' dir='ltr'><strong>fuerunt:</strong></span> <span class='ocrx_word' id='word_1_490' title='bbox 1150 5064 1290 5119; x_wconf 88' lang='lat' dir='ltr'><strong>sicut</strong></span> <span class='ocrx_word' id='word_1_491' title='bbox 1336 5062 1435 5117; x_wconf 90' lang='lat' dir='ltr'><strong>fuit</strong></span> <span class='ocrx_word' id='word_1_492' title='bbox 1472 5061 1664 5133; x_wconf 83' lang='lat' dir='ltr'><strong>Jephte</strong></span> <span class='ocrx_word' id='word_1_493' title='bbox 1711 5063 1854 5119; x_wconf 81' lang='lat' dir='ltr'><strong>inter</strong></span> 
     </span>
    </p>
   </div>
   <div class='ocr_carea' id='block_1_68' title="bbox 283 5155 1854 5228">
    <p class='ocr_par' dir='ltr' id='par_1_68' title="bbox 283 5155 1854 5228">
     <span class='ocr_line' id='line_1_68' title="bbox 283 5155 1854 5228; baseline 0.001 -18"><span class='ocrx_word' id='word_1_494' title='bbox 283 5165 502 5212; x_wconf 78' lang='lat' dir='ltr'><strong>caeteros</strong></span> <span class='ocrx_word' id='word_1_495' title='bbox 534 5158 744 5228; x_wconf 84' lang='lat' dir='ltr'><strong>judices</strong></span> <span class='ocrx_word' id='word_1_496' title='bbox 789 5157 946 5213; x_wconf 79' lang='lat' dir='ltr'><strong>valde</strong></span> <span class='ocrx_word' id='word_1_497' title='bbox 973 5157 1154 5212; x_wconf 84' lang='lat' dir='ltr'><strong>clarus</strong></span> <span class='ocrx_word' id='word_1_498' title='bbox 1183 5164 1239 5211; x_wconf 91' lang='lat' dir='ltr'><strong>et</strong></span> <span class='ocrx_word' id='word_1_499' title='bbox 1263 5155 1458 5210; x_wconf 88' lang='lat' dir='ltr'><strong>nobilis</strong></span> <span class='ocrx_word' id='word_1_500' title='bbox 1480 5165 1624 5210; x_wconf 88' lang='lat' dir='ltr'><strong>actu.</strong></span> <span class='ocrx_word' id='word_1_501' title='bbox 1651 5155 1854 5212; x_wconf 85' lang='lat' dir='ltr'><strong>Secun-</strong></span> 
     </span>
    </p>
   </div>
   <div class='ocr_carea' id='block_1_69' title="bbox 283 5245 1850 5320">
    <p class='ocr_par' dir='ltr' id='par_1_69' title="bbox 283 5245 1850 5320">
     <span class='ocr_line' id='line_1_69' title="bbox 283 5245 1850 5320; baseline -0.001 -16"><span class='ocrx_word' id='word_1_502' title='bbox 283 5248 401 5304; x_wconf 85' lang='lat' dir='ltr'><strong>dum</strong></span> <span class='ocrx_word' id='word_1_503' title='bbox 465 5247 748 5320; x_wconf 83' lang='lat' dir='ltr'><strong>allegorias</strong></span> <span class='ocrx_word' id='word_1_504' title='bbox 783 5245 926 5303; x_wconf 61' lang='lat' dir='ltr'><strong>&#39;vero</strong></span> <span class='ocrx_word' id='word_1_505' title='bbox 971 5247 1088 5304; x_wconf 86' lang='lat' dir='ltr'><strong>Gad</strong></span> <span class='ocrx_word' id='word_1_506' title='bbox 1138 5246 1529 5317; x_wconf 87' lang='lat' dir='ltr'><strong>interpretatur</strong></span> <span class='ocrx_word' id='word_1_507' title='bbox 1563 5247 1850 5316; x_wconf 77' lang='lat' dir='ltr'><strong>accinctus,</strong></span> 
     </span>
    </p>
   </div>
   <div class='ocr_carea' id='block_1_70' title="bbox 283 5335 1852 5409">
    <p class='ocr_par' dir='ltr' id='par_1_70' title="bbox 283 5335 1852 5409">
     <span class='ocr_line' id='line_1_70' title="bbox 283 5335 1852 5409; baseline 0.002 -17"><span class='ocrx_word' id='word_1_508' title='bbox 283 5335 505 5409; x_wconf 80' lang='lat' dir='ltr'><strong>ﬁguram</strong></span> <span class='ocrx_word' id='word_1_509' title='bbox 535 5339 750 5395; x_wconf 81' lang='lat' dir='ltr'><strong>Domini</strong></span> <span class='ocrx_word' id='word_1_510' title='bbox 771 5338 898 5395; x_wconf 82' lang='lat' dir='ltr'><strong>Jesu</strong></span> <span class='ocrx_word' id='word_1_511' title='bbox 919 5339 1139 5402; x_wconf 86' lang='lat' dir='ltr'><strong>Christi,</strong></span> <span class='ocrx_word' id='word_1_512' title='bbox 1170 5340 1262 5406; x_wconf 86' lang='lat' dir='ltr'><strong>qui</strong></span> <span class='ocrx_word' id='word_1_513' title='bbox 1292 5339 1551 5394; x_wconf 87' lang='lat' dir='ltr'><strong>adversus</strong></span> <span class='ocrx_word' id='word_1_514' title='bbox 1579 5340 1852 5408; x_wconf 84' lang='lat' dir='ltr'><strong>nequitias</strong></span> 
     </span>
    </p>
   </div>
   <div class='ocr_carea' id='block_1_71' title="bbox 285 5429 1852 5505">
    <p class='ocr_par' dir='ltr' id='par_1_71' title="bbox 285 5429 1852 5505">
     <span class='ocr_line' id='line_1_71' title="bbox 285 5429 1852 5505; baseline 0 -19"><span class='ocrx_word' id='word_1_515' title='bbox 285 5430 584 5504; x_wconf 85' lang='lat' dir='ltr'><strong>spirituales</strong></span> <span class='ocrx_word' id='word_1_516' title='bbox 601 5440 962 5504; x_wconf 84' lang='lat' dir='ltr'><strong>pugnaturus,</strong></span> <span class='ocrx_word' id='word_1_517' title='bbox 996 5431 1058 5484; x_wconf 73' lang='lat' dir='ltr'><strong>in.</strong></span> <span class='ocrx_word' id='word_1_518' title='bbox 1080 5429 1399 5505; x_wconf 81' lang='lat' dir='ltr'><strong>inﬁrmitate</strong></span> <span class='ocrx_word' id='word_1_519' title='bbox 1426 5430 1605 5484; x_wconf 90' lang='lat' dir='ltr'><strong>carnis</strong></span> <span class='ocrx_word' id='word_1_520' title='bbox 1652 5439 1852 5486; x_wconf 69' lang='lat' dir='ltr'><strong>nostrae</strong></span> 
     </span>
    </p>
   </div>
   <div class='ocr_carea' id='block_1_72' title="bbox 286 5521 1852 5594">
    <p class='ocr_par' dir='ltr' id='par_1_72' title="bbox 286 5521 1852 5594">
     <span class='ocr_line' id='line_1_72' title="bbox 286 5521 1852 5594; baseline 0.003 -20"><span class='ocrx_word' id='word_1_521' title='bbox 286 5521 476 5579; x_wconf 80' lang='lat' dir='ltr'><strong>virtute</strong></span> <span class='ocrx_word' id='word_1_522' title='bbox 511 5525 808 5581; x_wconf 85' lang='lat' dir='ltr'><strong>divinitatis</strong></span> <span class='ocrx_word' id='word_1_523' title='bbox 857 5540 967 5581; x_wconf 67' lang='lat' dir='ltr'><strong>suae</strong></span> <span class='ocrx_word' id='word_1_524' title='bbox 997 5524 1322 5594; x_wconf 65' lang='lat' dir='ltr'><strong>praecinctus</strong></span> <span class='ocrx_word' id='word_1_525' title='bbox 1353 5525 1602 5594; x_wconf 85' lang='lat' dir='ltr'><strong>apparuit</strong></span> <span class='ocrx_word' id='word_1_526' title='bbox 1629 5542 1642 5589; x_wconf 90' lang='lat'>;</span> <span class='ocrx_word' id='word_1_527' title='bbox 1676 5523 1852 5593; x_wconf 85' lang='lat' dir='ltr'><strong>qui-in</strong></span> 
     </span>
    </p>
   </div>
   <div class='ocr_carea' id='block_1_73' title="bbox 2051 1933 3567 2019">
    <p class='ocr_par' dir='ltr' id='par_1_73' title="bbox 2051 1933 3567 2019">
     <span class='ocr_line' id='line_1_73' title="bbox 2051 1933 3567 2019; baseline 0.015 -31"><span class='ocrx_word' id='word_1_528' title='bbox 2051 1933 2222 2001; x_wconf 80' lang='lat' dir='ltr'><strong>Aser,</strong></span> <span class='ocrx_word' id='word_1_529' title='bbox 2252 1936 2346 2005; x_wconf 87' lang='lat' dir='ltr'><strong>qui</strong></span> <span class='ocrx_word' id='word_1_530' title='bbox 2387 1937 2781 2009; x_wconf 83' lang='lat' dir='ltr'><strong>interpretatur</strong></span> <span class='ocrx_word' id='word_1_531' title='bbox 2827 1944 3043 2010; x_wconf 80' lang='lat' dir='ltr'><strong>beatus,-</strong></span> <span class='ocrx_word' id='word_1_532' title='bbox 3099 1950 3225 2019; x_wconf 89' lang='lat' dir='ltr'><strong>quia</strong></span> <span class='ocrx_word' id='word_1_533' title='bbox 3267 1952 3396 2007; x_wconf 89' lang='lat' dir='ltr'><strong>dum</strong></span> <span class='ocrx_word' id='word_1_534' title='bbox 3444 1969 3567 2010; x_wconf 88' lang='lat' dir='ltr'><strong>eum</strong></span> 
     </span>
    </p>
   </div>
   <div class='ocr_carea' id='block_1_74' title="bbox 1978 2026 3570 2114">
    <p class='ocr_par' dir='ltr' id='par_1_74' title="bbox 1978 2026 3570 2114">
     <span class='ocr_line' id='line_1_74' title="bbox 1978 2026 3570 2114; baseline 0.014 -35"><span class='ocrx_word' id='word_1_535' title='bbox 1978 2026 2282 2096; x_wconf 82' lang='lat' dir='ltr'><strong>peperisset</strong></span> <span class='ocrx_word' id='word_1_536' title='bbox 2301 2027 2522 2100; x_wconf 75' lang='lat' dir='ltr'><strong>Zelpha,</strong></span> <span class='ocrx_word' id='word_1_537' title='bbox 2547 2031 2684 2086; x_wconf 79' lang='lat' dir='ltr'><strong>dixit</strong></span> <span class='ocrx_word' id='word_1_538' title='bbox 2701 2032 2799 2088; x_wconf 87' lang='lat' dir='ltr'><strong>Lia</strong></span> <span class='ocrx_word' id='word_1_539' title='bbox 2828 2053 2842 2088; x_wconf 93' lang='lat'><strong>:</strong></span> <span class='ocrx_word' id='word_1_540' title='bbox 2867 2033 3040 2092; x_wconf 73' lang='lat' dir='ltr'><strong>Beata-</strong></span> <span class='ocrx_word' id='word_1_541' title='bbox 3064 2057 3178 2109; x_wconf 85' lang='lat' dir='ltr'><strong>ego,</strong></span> <span class='ocrx_word' id='word_1_542' title='bbox 3202 2049 3250 2095; x_wconf 88' lang='lat' dir='ltr'><strong>et</strong></span> <span class='ocrx_word' id='word_1_543' title='bbox 3271 2043 3570 2114; x_wconf 81' lang='lat' dir='ltr'><strong>beatiﬁcant</strong></span> 
     </span>
    </p>
   </div>
   <div class='ocr_carea' id='block_1_75' title="bbox 1978 2117 3570 2194">
    <p class='ocr_par' dir='ltr' id='par_1_75' title="bbox 1978 2117 3570 2194">
     <span class='ocr_line' id='line_1_75' title="bbox 1978 2117 3570 2194; baseline 0.013 -23"><span class='ocrx_word' id='word_1_544' title='bbox 1978 2133 2062 2172; x_wconf 87' lang='lat' dir='ltr'><strong>me</strong></span> <span class='ocrx_word' id='word_1_545' title='bbox 2084 2117 2333 2175; x_wconf 77' lang='lat' dir='ltr'><strong>mulieres</strong></span> <span class='ocrx_word' id='word_1_546' title='bbox 2377 2118 2532 2194; x_wconf 85' lang='lat' dir='ltr'><strong>(Gen.</strong></span> <span class='ocrx_word' id='word_1_547' title='bbox 2565 2125 2719 2194; x_wconf 80' lang='lat' dir='ltr'><strong>xxx).</strong></span> <span class='ocrx_word' id='word_1_548' title='bbox 2747 2125 2849 2182; x_wconf 83' lang='lat' dir='ltr'><strong>Hie</strong></span> <span class='ocrx_word' id='word_1_549' title='bbox 2889 2128 3228 2187; x_wconf 86' lang='lat' dir='ltr'><strong>demonstrat</strong></span> <span class='ocrx_word' id='word_1_550' title='bbox 3279 2133 3570 2193; x_wconf 78' lang='lat' dir='ltr'><strong>Dominum</strong></span> 
     </span>
    </p>
   </div>
   <div class='ocr_carea' id='block_1_76' title="bbox 1976 2207 3572 2292">
    <p class='ocr_par' dir='ltr' id='par_1_76' title="bbox 1976 2207 3572 2292">
     <span class='ocr_line' id='line_1_76' title="bbox 1976 2207 3572 2292; baseline 0.013 -29"><span class='ocrx_word' id='word_1_551' title='bbox 1976 2207 2164 2265; x_wconf 79' lang='lat' dir='ltr'><strong>Jesu&#39;m</strong></span> <span class='ocrx_word' id='word_1_552' title='bbox 2198 2209 2499 2281; x_wconf 87' lang='lat' dir='ltr'><strong>Christum,</strong></span> <span class='ocrx_word' id='word_1_553' title='bbox 2530 2213 2684 2284; x_wconf 77' lang='lat' dir='ltr'><strong>cuius</strong></span> <span class='ocrx_word' id='word_1_554' title='bbox 2704 2217 2862 2286; x_wconf 87' lang='lat' dir='ltr'><strong>panis</strong></span> <span class='ocrx_word' id='word_1_555' title='bbox 2886 2219 3104 2292; x_wconf 87' lang='lat' dir='ltr'><strong>pinguis</strong></span> <span class='ocrx_word' id='word_1_556' title='bbox 3129 2231 3212 2279; x_wconf 89' lang='lat' dir='ltr'><strong>est</strong></span> <span class='ocrx_word' id='word_1_557' title='bbox 3253 2224 3310 2279; x_wconf 90' lang='lat' dir='ltr'><strong>in</strong></span> <span class='ocrx_word' id='word_1_558' title='bbox 3337 2241 3433 2282; x_wconf 89' lang='lat' dir='ltr'><strong>ore</strong></span> <span class='ocrx_word' id='word_1_559' title='bbox 3453 2243 3572 2284; x_wconf 87' lang='lat' dir='ltr'><strong>crc-</strong></span> 
     </span>
    </p>
   </div>
   <div class='ocr_carea' id='block_1_77' title="bbox 1979 2295 3567 2389">
    <p class='ocr_par' dir='ltr' id='par_1_77' title="bbox 1979 2295 3567 2389">
     <span class='ocr_line' id='line_1_77' title="bbox 1979 2295 3567 2389; baseline 0.014 -35"><span class='ocrx_word' id='word_1_560' title='bbox 1979 2295 2255 2368; x_wconf 71' lang='lat' dir='ltr'><strong>dentium,</strong></span> <span class='ocrx_word' id='word_1_561' title='bbox 2280 2304 2410 2373; x_wconf 90' lang='lat' dir='ltr'><strong>quia</strong></span> <span class='ocrx_word' id='word_1_562' title='bbox 2436 2304 2746 2363; x_wconf 85' lang='lat' dir='ltr'><strong>et-delicias</strong></span> <span class='ocrx_word' id='word_1_563' title='bbox 2774 2310 2980 2378; x_wconf 84' lang='lat' dir='ltr'><strong>praebet</strong></span> <span class='ocrx_word' id='word_1_564' title='bbox 3029 2316 3265 2384; x_wconf 86' lang='lat' dir='ltr'><strong>regibus,</strong></span> <span class='ocrx_word' id='word_1_565' title='bbox 3312 2319 3416 2374; x_wconf 90' lang='lat' dir='ltr'><strong>hoc</strong></span> <span class='ocrx_word' id='word_1_566' title='bbox 3459 2330 3567 2389; x_wconf 88' lang='lat' dir='ltr'><strong>est,</strong></span> 
     </span>
    </p>
   </div>
   <div class='ocr_carea' id='block_1_78' title="bbox 1977 2393 3566 2479">
    <p class='ocr_par' dir='ltr' id='par_1_78' title="bbox 1977 2393 3566 2479">
     <span class='ocr_line' id='line_1_78' title="bbox 1977 2393 3566 2479; baseline 0.012 -32"><span class='ocrx_word' id='word_1_567' title='bbox 1977 2393 2218 2464; x_wconf 79' lang='lat' dir='ltr'><strong>corporis</strong></span> <span class='ocrx_word' id='word_1_568' title='bbox 2266 2395 2358 2450; x_wconf 31' lang='lat' dir='ltr'><strong>sui.</strong></span> <span class='ocrx_word' id='word_1_569' title='bbox 2390 2402 2446 2451; x_wconf 89' lang='lat' dir='ltr'><strong>ct</strong></span> <span class='ocrx_word' id='word_1_570' title='bbox 2493 2398 2774 2470; x_wconf 85' lang='lat' dir='ltr'><strong>sanguinis</strong></span> <span class='ocrx_word' id='word_1_571' title='bbox 2819 2414 3160 2460; x_wconf 86' lang='lat' dir='ltr'><strong>sacramenta</strong></span> <span class='ocrx_word' id='word_1_572' title='bbox 3204 2406 3296 2462; x_wconf 89' lang='lat' dir='ltr'><strong>dat</strong></span> <span class='ocrx_word' id='word_1_573' title='bbox 3340 2411 3566 2479; x_wconf 88' lang='lat' dir='ltr'><strong>sanctis,</strong></span> 
     </span>
    </p>
   </div>
   <div class='ocr_carea' id='block_1_79' title="bbox 1977 2481 3568 2570">
    <p class='ocr_par' dir='ltr' id='par_1_79' title="bbox 1977 2481 3568 2570">
     <span class='ocr_line' id='line_1_79' title="bbox 1977 2481 3568 2570; baseline 0.015 -35"><span class='ocrx_word' id='word_1_574' title='bbox 1977 2481 2072 2551; x_wconf 91' lang='lat' dir='ltr'><strong>qui</strong></span> <span class='ocrx_word' id='word_1_575' title='bbox 2100 2482 2205 2538; x_wconf 86' lang='lat' dir='ltr'><strong>rite</strong></span> <span class='ocrx_word' id='word_1_576' title='bbox 2257 2499 2416 2556; x_wconf 83' lang='lat' dir='ltr'><strong>reges</strong></span> <span class='ocrx_word' id='word_1_577' title='bbox 2471 2487 2746 2557; x_wconf 90' lang='lat' dir='ltr'><strong>dicuntur,</strong></span> <span class='ocrx_word' id='word_1_578' title='bbox 2781 2493 3042 2562; x_wconf 89' lang='lat' dir='ltr'><strong>quoniam</strong></span> <span class='ocrx_word' id='word_1_579' title='bbox 3066 2496 3203 2552; x_wconf 88' lang='lat' dir='ltr'><strong>bene</strong></span> <span class='ocrx_word' id='word_1_580' title='bbox 3246 2501 3568 2570; x_wconf 85' lang='lat' dir='ltr'><strong>semetipsos</strong></span> 
     </span>
    </p>
   </div>
   <div class='ocr_carea' id='block_1_80' title="bbox 1975 2574 3566 2663">
    <p class='ocr_par' dir='ltr' id='par_1_80' title="bbox 1975 2574 3566 2663">
     <span class='ocr_line' id='line_1_80' title="bbox 1975 2574 3566 2663; baseline 0.015 -36"><span class='ocrx_word' id='word_1_581' title='bbox 1975 2574 2064 2629; x_wconf 83' lang='lat' dir='ltr'><strong>vel</strong></span> <span class='ocrx_word' id='word_1_582' title='bbox 2104 2575 2208 2631; x_wconf 87' lang='lat' dir='ltr'><strong>sibi</strong></span> <span class='ocrx_word' id='word_1_583' title='bbox 2232 2577 2478 2634; x_wconf 87' lang='lat' dir='ltr'><strong>subditos</strong></span> <span class='ocrx_word' id='word_1_584' title='bbox 2516 2590 2726 2651; x_wconf 82' lang='lat' dir='ltr'><strong>regunt.</strong></span> <span class='ocrx_word' id='word_1_585' title='bbox 2759 2581 2862 2639; x_wconf 87' lang='lat' dir='ltr'><strong>Hic</strong></span> <span class='ocrx_word' id='word_1_586' title='bbox 2906 2587 3201 2643; x_wconf 89' lang='lat' dir='ltr'><strong>secundum</strong></span> <span class='ocrx_word' id='word_1_587' title='bbox 3223 2593 3566 2663; x_wconf 86' lang='lat' dir='ltr'><strong>prophetiam</strong></span> 
     </span>
    </p>
   </div>
   <div class='ocr_carea' id='block_1_81' title="bbox 1976 2663 3570 2750">
    <p class='ocr_par' dir='ltr' id='par_1_81' title="bbox 1976 2663 3570 2750">
     <span class='ocr_line' id='line_1_81' title="bbox 1976 2663 3570 2750; baseline 0.016 -30"><span class='ocrx_word' id='word_1_588' title='bbox 1976 2663 2149 2738; x_wconf 81' lang='lat' dir='ltr'><strong>Moysi</strong></span> <span class='ocrx_word' id='word_1_589' title='bbox 2188 2677 2275 2724; x_wconf 89' lang='lat' dir='ltr'><strong>est</strong></span> <span class='ocrx_word' id='word_1_590' title='bbox 2313 2669 2630 2728; x_wconf 87' lang='lat' dir='ltr'><strong>benedictus</strong></span> <span class='ocrx_word' id='word_1_591' title='bbox 2657 2673 2716 2730; x_wconf 90' lang='lat' dir='ltr'><strong>in</strong></span> <span class='ocrx_word' id='word_1_592' title='bbox 2759 2674 2906 2744; x_wconf 90' lang='lat' dir='ltr'><strong>ﬁliis,</strong></span> <span class='ocrx_word' id='word_1_593' title='bbox 2958 2688 3013 2733; x_wconf 89' lang='lat' dir='ltr'><strong>et</strong></span> <span class='ocrx_word' id='word_1_594' title='bbox 3055 2681 3273 2750; x_wconf 86' lang='lat' dir='ltr'><strong>placens</strong></span> <span class='ocrx_word' id='word_1_595' title='bbox 3310 2684 3570 2745; x_wconf 87' lang='lat' dir='ltr'><strong>fratribus</strong></span> 
     </span>
    </p>
   </div>
   <div class='ocr_carea' id='block_1_82' title="bbox 1975 2759 3564 2849">
    <p class='ocr_par' dir='ltr' id='par_1_82' title="bbox 1975 2759 3564 2849">
     <span class='ocr_line' id='line_1_82' title="bbox 1975 2759 3564 2849; baseline 0.013 -33"><span class='ocrx_word' id='word_1_596' title='bbox 1975 2759 2112 2827; x_wconf 82' lang='lat' dir='ltr'><strong>suis,</strong></span> <span class='ocrx_word' id='word_1_597' title='bbox 2138 2775 2263 2816; x_wconf 87' lang='lat' dir='ltr'><strong>cum</strong></span> <span class='ocrx_word' id='word_1_598' title='bbox 2301 2763 2589 2819; x_wconf 85' lang='lat' dir='ltr'><strong>credentes</strong></span> <span class='ocrx_word' id='word_1_599' title='bbox 2611 2765 2669 2820; x_wconf 91' lang='lat' dir='ltr'><strong>in</strong></span> <span class='ocrx_word' id='word_1_600' title='bbox 2699 2782 2828 2822; x_wconf 90' lang='lat' dir='ltr'><strong>eum</strong></span> <span class='ocrx_word' id='word_1_601' title='bbox 2853 2778 2906 2824; x_wconf 91' lang='lat' dir='ltr'><strong>et</strong></span> <span class='ocrx_word' id='word_1_602' title='bbox 2932 2785 3029 2842; x_wconf 89' lang='lat' dir='ltr'><strong>per</strong></span> <span class='ocrx_word' id='word_1_603' title='bbox 3053 2771 3170 2842; x_wconf 80' lang='lat' dir='ltr'><strong>ejus</strong></span> <span class='ocrx_word' id='word_1_604' title='bbox 3219 2779 3448 2849; x_wconf 88' lang='lat' dir='ltr'><strong>gratiam</strong></span> <span class='ocrx_word' id='word_1_605' title='bbox 3477 2797 3564 2837; x_wconf 87' lang='lat' dir='ltr'><strong>re-</strong></span> 
     </span>
    </p>
   </div>
   <div class='ocr_carea' id='block_1_83' title="bbox 1974 2853 3561 2941">
    <p class='ocr_par' dir='ltr' id='par_1_83' title="bbox 1974 2853 3561 2941">
     <span class='ocr_line' id='line_1_83' title="bbox 1974 2853 3561 2941; baseline 0.014 -36"><span class='ocrx_word' id='word_1_606' title='bbox 1974 2859 2262 2908; x_wconf 87' lang='lat' dir='ltr'><strong>nascentes</strong></span> <span class='ocrx_word' id='word_1_607' title='bbox 2287 2853 2604 2911; x_wconf 83' lang='lat' dir='ltr'><strong>universum</strong></span> <span class='ocrx_word' id='word_1_608' title='bbox 2627 2858 2897 2916; x_wconf 86' lang='lat' dir='ltr'><strong>orbem-in</strong></span> <span class='ocrx_word' id='word_1_609' title='bbox 2933 2862 3288 2925; x_wconf 90' lang='lat' dir='ltr'><strong>similitudine</strong></span> <span class='ocrx_word' id='word_1_610' title='bbox 3318 2871 3561 2941; x_wconf 82' lang='lat' dir='ltr'><strong>repleve-</strong></span> 
     </span>
    </p>
   </div>
   <div class='ocr_carea' id='block_1_84' title="bbox 1973 2943 3563 3034">
    <p class='ocr_par' dir='ltr' id='par_1_84' title="bbox 1973 2943 3563 3034">
     <span class='ocr_line' id='line_1_84' title="bbox 1973 2943 3563 3034; baseline 0.013 -36"><span class='ocrx_word' id='word_1_611' title='bbox 1973 2950 2134 3008; x_wconf 85' lang='lat' dir='ltr'><strong>runt;</strong></span> <span class='ocrx_word' id='word_1_612' title='bbox 2191 2951 2248 2999; x_wconf 88' lang='lat' dir='ltr'><strong>et</strong></span> <span class='ocrx_word' id='word_1_613' title='bbox 2270 2943 2554 3014; x_wconf 82' lang='lat' dir='ltr'><strong>fratribus,</strong></span> <span class='ocrx_word' id='word_1_614' title='bbox 2579 2949 2685 3004; x_wconf 88' lang='lat' dir='ltr'><strong>hoc</strong></span> <span class='ocrx_word' id='word_1_615' title='bbox 2708 2959 2809 3019; x_wconf 90' lang='lat' dir='ltr'><strong>est,</strong></span> <span class='ocrx_word' id='word_1_616' title='bbox 2848 2956 3107 3025; x_wconf 88' lang='lat' dir='ltr'><strong>apostolis</strong></span> <span class='ocrx_word' id='word_1_617' title='bbox 3139 2966 3193 3013; x_wconf 89' lang='lat' dir='ltr'><strong>et</strong></span> <span class='ocrx_word' id='word_1_618' title='bbox 3214 2963 3417 3017; x_wconf 89' lang='lat' dir='ltr'><strong>sanctis</strong></span> <span class='ocrx_word' id='word_1_619' title='bbox 3439 2979 3563 3034; x_wconf 85' lang='lat' dir='ltr'><strong>gra-</strong></span> 
     </span>
    </p>
   </div>
   <div class='ocr_carea' id='block_1_85' title="bbox 1975 3034 3563 3121">
    <p class='ocr_par' dir='ltr' id='par_1_85' title="bbox 1975 3034 3563 3121">
     <span class='ocr_line' id='line_1_85' title="bbox 1975 3034 3563 3121; baseline 0.014 -30"><span class='ocrx_word' id='word_1_620' title='bbox 1975 3034 2108 3091; x_wconf 82' lang='lat' dir='ltr'><strong>tiam</strong></span> <span class='ocrx_word' id='word_1_621' title='bbox 2135 3049 2246 3090; x_wconf 63' lang='lat' dir='ltr'><strong>sua:</strong></span> <span class='ocrx_word' id='word_1_622' title='bbox 2271 3036 2580 3095; x_wconf 84' lang='lat' dir='ltr'><strong>dilectionis</strong></span> <span class='ocrx_word' id='word_1_623' title='bbox 2605 3041 2681 3096; x_wconf 89' lang='lat' dir='ltr'><strong>ita</strong></span> <span class='ocrx_word' id='word_1_624' title='bbox 2707 3044 2918 3113; x_wconf 88' lang='lat' dir='ltr'><strong>tribuit,</strong></span> <span class='ocrx_word' id='word_1_625' title='bbox 2956 3059 3030 3103; x_wconf 71' lang='lat' dir='ltr'><strong>ut&#39;</strong></span> <span class='ocrx_word' id='word_1_626' title='bbox 3047 3049 3179 3121; x_wconf 85' lang='lat' dir='ltr'><strong>legis</strong></span> <span class='ocrx_word' id='word_1_627' title='bbox 3207 3059 3563 3114; x_wconf 63' lang='lat' dir='ltr'><strong>caeremonias</strong></span> 
     </span>
    </p>
   </div>
   <div class='ocr_carea' id='block_1_86' title="bbox 1979 3135 3563 3220">
    <p class='ocr_par' dir='ltr' id='par_1_86' title="bbox 1979 3135 3563 3220">
     <span class='ocr_line' id='line_1_86' title="bbox 1979 3135 3563 3220; baseline 0.017 -40"><span class='ocrx_word' id='word_1_628' title='bbox 1979 3135 2324 3196; x_wconf 76' lang='lat' dir='ltr'><strong>spernerent,</strong></span> <span class='ocrx_word' id='word_1_629' title='bbox 2356 3137 2411 3186; x_wconf 86' lang='lat' dir='ltr'><strong>et</strong></span> <span class='ocrx_word' id='word_1_630' title='bbox 2458 3141 2708 3204; x_wconf 86' lang='lat' dir='ltr'><strong>suscepta</strong></span> <span class='ocrx_word' id='word_1_631' title='bbox 2759 3141 3070 3210; x_wconf 81' lang='lat' dir='ltr'><strong>evangelica</strong></span> <span class='ocrx_word' id='word_1_632' title='bbox 3107 3147 3333 3203; x_wconf 86' lang='lat' dir='ltr'><strong>veritate</strong></span> <span class='ocrx_word' id='word_1_633' title='bbox 3364 3151 3563 3220; x_wconf 82' lang='lat' dir='ltr'><strong>gaude-</strong></span> 
     </span>
    </p>
   </div>
   <div class='ocr_carea' id='block_1_87' title="bbox 1896 3211 3562 3312">
    <p class='ocr_par' dir='ltr' id='par_1_87' title="bbox 1896 3211 3562 3312">
     <span class='ocr_line' id='line_1_87' title="bbox 1896 3211 3562 3312; baseline 0.018 -44"><span class='ocrx_word' id='word_1_634' title='bbox 1896 3211 1952 3279; x_wconf 79' lang='lat' dir='ltr'><strong>c</strong></span> <span class='ocrx_word' id='word_1_635' title='bbox 1975 3225 2098 3272; x_wconf 89' lang='lat' dir='ltr'><strong>rent</strong></span> <span class='ocrx_word' id='word_1_636' title='bbox 2129 3227 2184 3274; x_wconf 85' lang='lat' dir='ltr'><strong>et</strong></span> <span class='ocrx_word' id='word_1_637' title='bbox 2241 3219 2603 3290; x_wconf 77' lang='lat' dir='ltr'><strong>exsultarent,</strong></span> <span class='ocrx_word' id='word_1_638' title='bbox 2636 3228 2886 3296; x_wconf 76' lang='lat' dir='ltr'><strong>quoniam</strong></span> <span class='ocrx_word' id='word_1_639' title='bbox 2924 3231 3070 3302; x_wconf 82' lang='lat' dir='ltr'><strong>digni</strong></span> <span class='ocrx_word' id='word_1_640' title='bbox 3096 3235 3262 3290; x_wconf 80' lang='lat' dir='ltr'><strong>habiti</strong></span> <span class='ocrx_word' id='word_1_641' title='bbox 3302 3211 3427 3295; x_wconf 64' lang='lat' dir='ltr'><strong>sunt</strong></span> <span class='ocrx_word' id='word_1_642' title='bbox 3463 3260 3562 3312; x_wconf 87' lang='lat' dir='ltr'><strong>pro</strong></span> 
     </span>
    </p>
   </div>
   <div class='ocr_carea' id='block_1_88' title="bbox 1971 3309 3563 3398">
    <p class='ocr_par' dir='ltr' id='par_1_88' title="bbox 1971 3309 3563 3398">
     <span class='ocr_line' id='line_1_88' title="bbox 1971 3309 3563 3398; baseline 0.019 -36"><span class='ocrx_word' id='word_1_643' title='bbox 1971 3309 2179 3362; x_wconf 81' lang='lat' dir='ltr'><strong>nomine</strong></span> <span class='ocrx_word' id='word_1_644' title='bbox 2219 3310 2338 3380; x_wconf 77' lang='lat' dir='ltr'><strong>ejus</strong></span> <span class='ocrx_word' id='word_1_645' title='bbox 2370 3314 2742 3372; x_wconf 76' lang='lat' dir='ltr'><strong>contumeliam</strong></span> <span class='ocrx_word' id='word_1_646' title='bbox 2777 3321 2911 3390; x_wconf 79' lang='lat' dir='ltr'><strong>pati,</strong></span> <span class='ocrx_word' id='word_1_647' title='bbox 2964 3328 3279 3398; x_wconf 84' lang='lat' dir='ltr'><strong>cunctisque</strong></span> <span class='ocrx_word' id='word_1_648' title='bbox 3316 3309 3563 3393; x_wconf 80' lang='lat' dir='ltr'><strong>ﬁdelibus</strong></span> 
     </span>
    </p>
   </div>
   <div class='ocr_carea' id='block_1_89' title="bbox 1968 3400 3560 3496">
    <p class='ocr_par' dir='ltr' id='par_1_89' title="bbox 1968 3400 3560 3496">
     <span class='ocr_line' id='line_1_89' title="bbox 1968 3400 3560 3496; baseline 0.019 -44"><span class='ocrx_word' id='word_1_649' title='bbox 1968 3400 2354 3470; x_wconf 75' lang='lat' dir='ltr'><strong>praedicarent,</strong></span> <span class='ocrx_word' id='word_1_650' title='bbox 2399 3405 2641 3463; x_wconf 84' lang='lat' dir='ltr'><strong>dicentes</strong></span> <span class='ocrx_word' id='word_1_651' title='bbox 2683 3423 2698 3463; x_wconf 89' lang='lat'><strong>:</strong></span> <span class='ocrx_word' id='word_1_652' title='bbox 2742 3409 2912 3468; x_wconf 84' lang='lat' dir='ltr'><strong>Omne</strong></span> <span class='ocrx_word' id='word_1_653' title='bbox 2952 3418 3205 3486; x_wconf 84' lang='lat' dir='ltr'><strong>gaudium</strong></span> <span class='ocrx_word' id='word_1_654' title='bbox 3241 3425 3560 3496; x_wconf 77' lang='lat' dir='ltr'><strong>existimate,</strong></span> 
     </span>
    </p>
   </div>
   <div class='ocr_carea' id='block_1_90' title="bbox 1968 3493 3562 3586">
    <p class='ocr_par' dir='ltr' id='par_1_90' title="bbox 1968 3493 3562 3586">
     <span class='ocr_line' id='line_1_90' title="bbox 1968 3493 3562 3586; baseline 0.022 -46"><span class='ocrx_word' id='word_1_655' title='bbox 1968 3507 2088 3542; x_wconf 84' lang='lat' dir='ltr'><strong>cum</strong></span> <span class='ocrx_word' id='word_1_656' title='bbox 2144 3493 2202 3544; x_wconf 82' lang='lat' dir='ltr'><strong>in</strong></span> <span class='ocrx_word' id='word_1_657' title='bbox 2241 3499 2553 3551; x_wconf 84' lang='lat' dir='ltr'><strong>tentationes</strong></span> <span class='ocrx_word' id='word_1_658' title='bbox 2584 3501 2762 3554; x_wconf 76' lang='lat' dir='ltr'><strong>uarias</strong></span> <span class='ocrx_word' id='word_1_659' title='bbox 2800 3505 3092 3561; x_wconf 54' lang='lat' dir='ltr'><strong>inciderit“</strong></span> <span class='ocrx_word' id='word_1_660' title='bbox 3141 3510 3281 3578; x_wconf 80' lang='lat' dir='ltr'><strong>(Jac.</strong></span> <span class='ocrx_word' id='word_1_661' title='bbox 3309 3512 3371 3586; x_wconf 73' lang='lat'><strong>1).</strong></span> <span class='ocrx_word' id='word_1_662' title='bbox 3408 3493 3562 3576; x_wconf 80' lang='lat' dir='ltr'><strong>Unde</strong></span> 
     </span>
    </p>
   </div>
   <div class='ocr_carea' id='block_1_91' title="bbox 1969 3586 3557 3680">
    <p class='ocr_par' dir='ltr' id='par_1_91' title="bbox 1969 3586 3557 3680">
     <span class='ocr_line' id='line_1_91' title="bbox 1969 3586 3557 3680; baseline 0.02 -46"><span class='ocrx_word' id='word_1_663' title='bbox 1969 3590 2152 3636; x_wconf 87' lang='lat' dir='ltr'><strong>autem</strong></span> <span class='ocrx_word' id='word_1_664' title='bbox 2200 3591 2353 3640; x_wconf 88' lang='lat' dir='ltr'><strong>tanta</strong></span> <span class='ocrx_word' id='word_1_665' title='bbox 2382 3586 2436 3642; x_wconf 90' lang='lat' dir='ltr'><strong>in</strong></span> <span class='ocrx_word' id='word_1_666' title='bbox 2459 3588 2542 3643; x_wconf 89' lang='lat' dir='ltr'><strong>eis</strong></span> <span class='ocrx_word' id='word_1_667' title='bbox 2563 3590 2636 3645; x_wconf 90' lang='lat' dir='ltr'><strong>sit</strong></span> <span class='ocrx_word' id='word_1_668' title='bbox 2662 3591 2992 3650; x_wconf 80' lang='lat' dir='ltr'><strong>abundantia</strong></span> <span class='ocrx_word' id='word_1_669' title='bbox 3021 3599 3306 3660; x_wconf 68' lang='lat' dir='ltr'><strong>c‘haritatis</strong></span> <span class='ocrx_word' id='word_1_670' title='bbox 3332 3606 3557 3680; x_wconf 82' lang='lat' dir='ltr'><strong>Christi,</strong></span> 
     </span>
    </p>
   </div>
   <div class='ocr_carea' id='block_1_92' title="bbox 1967 3673 3558 3765">
    <p class='ocr_par' dir='ltr' id='par_1_92' title="bbox 1967 3673 3558 3765">
     <span class='ocr_line' id='line_1_92' title="bbox 1967 3673 3558 3765; baseline 0.02 -40"><span class='ocrx_word' id='word_1_671' title='bbox 1967 3673 2259 3743; x_wconf 78' lang='lat' dir='ltr'><strong>exponitur</strong></span> <span class='ocrx_word' id='word_1_672' title='bbox 2305 3677 2556 3749; x_wconf 82' lang='lat' dir='ltr'><strong>ﬁgurate,</strong></span> <span class='ocrx_word' id='word_1_673' title='bbox 2608 3683 2735 3737; x_wconf 87' lang='lat' dir='ltr'><strong>dum</strong></span> <span class='ocrx_word' id='word_1_674' title='bbox 2785 3688 3072 3745; x_wconf 86' lang='lat' dir='ltr'><strong>subditur:</strong></span> <span class='ocrx_word' id='word_1_675' title='bbox 3112 3691 3321 3765; x_wconf 82' lang='lat' dir='ltr'><strong>Tinguit</strong></span> <span class='ocrx_word' id='word_1_676' title='bbox 3355 3698 3411 3754; x_wconf 89' lang='lat' dir='ltr'><strong>in</strong></span> <span class='ocrx_word' id='word_1_677' title='bbox 3445 3673 3558 3758; x_wconf 79' lang='lat' dir='ltr'><strong>oleo</strong></span> 
     </span>
    </p>
   </div>
   <div class='ocr_carea' id='block_1_93' title="bbox 1965 3767 3554 3862">
    <p class='ocr_par' dir='ltr' id='par_1_93' title="bbox 1965 3767 3554 3862">
     <span class='ocr_line' id='line_1_93' title="bbox 1965 3767 3554 3862; baseline 0.02 -42"><span class='ocrx_word' id='word_1_678' title='bbox 1965 3767 2148 3837; x_wconf 76' lang='lat' dir='ltr'><strong>pedem</strong></span> <span class='ocrx_word' id='word_1_679' title='bbox 2176 3787 2332 3826; x_wconf 78' lang='lat' dir='ltr'><strong>suum</strong></span> <span class='ocrx_word' id='word_1_680' title='bbox 2394 3774 2574 3846; x_wconf 84' lang='lat' dir='ltr'><strong>(Deut.</strong></span> <span class='ocrx_word' id='word_1_681' title='bbox 2617 3778 2836 3851; x_wconf 59' lang='lat' dir='ltr'><strong>xum);</strong></span> <span class='ocrx_word' id='word_1_682' title='bbox 2897 3781 3208 3842; x_wconf 81' lang='lat' dir='ltr'><strong>Ascendens</strong></span> <span class='ocrx_word' id='word_1_683' title='bbox 3244 3792 3442 3862; x_wconf 88' lang='lat' dir='ltr'><strong>quippe</strong></span> <span class='ocrx_word' id='word_1_684' title='bbox 3498 3795 3554 3854; x_wconf 90' lang='lat' dir='ltr'><strong>in</strong></span> 
     </span>
    </p>
   </div>
   <div class='ocr_carea' id='block_1_94' title="bbox 1967 3859 3557 3943">
    <p class='ocr_par' dir='ltr' id='par_1_94' title="bbox 1967 3859 3557 3943">
     <span class='ocr_line' id='line_1_94' title="bbox 1967 3859 3557 3943; baseline 0.017 -28"><span class='ocrx_word' id='word_1_685' title='bbox 1967 3859 2168 3915; x_wconf 72' lang='lat' dir='ltr'><strong>emtum</strong></span> <span class='ocrx_word' id='word_1_686' title='bbox 2215 3872 2380 3931; x_wconf 81' lang='lat' dir='ltr'><strong>caput</strong></span> <span class='ocrx_word' id='word_1_687' title='bbox 2425 3876 2686 3919; x_wconf 84' lang='lat' dir='ltr'><strong>nostrum</strong></span> <span class='ocrx_word' id='word_1_688' title='bbox 2734 3869 2996 3928; x_wconf 89' lang='lat' dir='ltr'><strong>Dominus</strong></span> <span class='ocrx_word' id='word_1_689' title='bbox 3032 3873 3284 3935; x_wconf 89' lang='lat' dir='ltr'><strong>Christus</strong></span> <span class='ocrx_word' id='word_1_690' title='bbox 3330 3859 3557 3943; x_wconf 78' lang='lat' dir='ltr'><strong>chorum</strong></span> 
     </span>
    </p>
   </div>
   <div class='ocr_carea' id='block_1_95' title="bbox 1966 3949 3556 4036">
    <p class='ocr_par' dir='ltr' id='par_1_95' title="bbox 1966 3949 3556 4036">
     <span class='ocr_line' id='line_1_95' title="bbox 1966 3949 3556 4036; baseline 0.021 -34"><span class='ocrx_word' id='word_1_691' title='bbox 1966 3949 2348 4019; x_wconf 84' lang='lat' dir='ltr'><strong>apostolicum,</strong></span> <span class='ocrx_word' id='word_1_692' title='bbox 2375 3952 2530 4022; x_wconf 81' lang='lat' dir='ltr'><strong>cujus</strong></span> <span class='ocrx_word' id='word_1_693' title='bbox 2555 3971 2789 4013; x_wconf 89' lang='lat' dir='ltr'><strong>consona</strong></span> <span class='ocrx_word' id='word_1_694' title='bbox 2812 3963 3196 4030; x_wconf 63' lang='lat' dir='ltr'><strong>praedicatione</strong></span> <span class='ocrx_word' id='word_1_695' title='bbox 3241 3975 3556 4036; x_wconf 87' lang='lat' dir='ltr'><strong>universum</strong></span> 
     </span>
    </p>
   </div>
   <div class='ocr_carea' id='block_1_96' title="bbox 1967 4045 3554 4128">
    <p class='ocr_par' dir='ltr' id='par_1_96' title="bbox 1967 4045 3554 4128">
     <span class='ocr_line' id='line_1_96' title="bbox 1967 4045 3554 4128; baseline 0.019 -31"><span class='ocrx_word' id='word_1_696' title='bbox 1967 4045 2230 4098; x_wconf 87' lang='lat' dir='ltr'><strong>mundum</strong></span> <span class='ocrx_word' id='word_1_697' title='bbox 2260 4052 2382 4099; x_wconf 87' lang='lat' dir='ltr'><strong>erat</strong></span> <span class='ocrx_word' id='word_1_698' title='bbox 2425 4057 2832 4118; x_wconf 84' lang='lat' dir='ltr'><strong>peragraturus,</strong></span> <span class='ocrx_word' id='word_1_699' title='bbox 2876 4057 3030 4124; x_wconf 85' lang='lat' dir='ltr'><strong>quasi</strong></span> <span class='ocrx_word' id='word_1_700' title='bbox 3079 4061 3270 4128; x_wconf 84' lang='lat' dir='ltr'><strong>pedem</strong></span> <span class='ocrx_word' id='word_1_701' title='bbox 3302 4065 3357 4120; x_wconf 87' lang='lat' dir='ltr'><strong>in</strong></span> <span class='ocrx_word' id='word_1_702' title='bbox 3405 4076 3554 4126; x_wconf 88' lang='lat' dir='ltr'><strong>terra</strong></span> 
     </span>
    </p>
   </div>
   <div class='ocr_carea' id='block_1_97' title="bbox 1966 4136 3552 4224">
    <p class='ocr_par' dir='ltr' id='par_1_97' title="bbox 1966 4136 3552 4224">
     <span class='ocr_line' id='line_1_97' title="bbox 1966 4136 3552 4224; baseline 0.018 -34"><span class='ocrx_word' id='word_1_703' title='bbox 1966 4136 2154 4191; x_wconf 83' lang='lat' dir='ltr'><strong>adhuc</strong></span> <span class='ocrx_word' id='word_1_704' title='bbox 2169 4137 2558 4194; x_wconf 84' lang='lat' dir='ltr'><strong>consistentem</strong></span> <span class='ocrx_word' id='word_1_705' title='bbox 2581 4140 2701 4197; x_wconf 86' lang='lat' dir='ltr'><strong>oleo</strong></span> <span class='ocrx_word' id='word_1_706' title='bbox 2728 4136 2965 4213; x_wconf 74' lang='lat' dir='ltr'><strong>Spiritus</strong></span> <span class='ocrx_word' id='word_1_707' title='bbox 2979 4152 3148 4205; x_wconf 82' lang='lat' dir='ltr'><strong>sancti</strong></span> <span class='ocrx_word' id='word_1_708' title='bbox 3180 4156 3552 4224; x_wconf 80' lang='lat' dir='ltr'><strong>capiosissime</strong></span> 
     </span>
    </p>
   </div>
   <div class='ocr_carea' id='block_1_98' title="bbox 1964 4228 3552 4311">
    <p class='ocr_par' dir='ltr' id='par_1_98' title="bbox 1964 4228 3552 4311">
     <span class='ocr_line' id='line_1_98' title="bbox 1964 4228 3552 4311; baseline 0.019 -30"><span class='ocrx_word' id='word_1_709' title='bbox 1964 4228 2156 4294; x_wconf 71' lang='lat' dir='ltr'><strong>unxit;</strong></span> <span class='ocrx_word' id='word_1_710' title='bbox 2203 4243 2270 4284; x_wconf 78' lang='lat' dir='ltr'><strong>ex</strong></span> <span class='ocrx_word' id='word_1_711' title='bbox 2325 4244 2434 4300; x_wconf 88' lang='lat' dir='ltr'><strong>quo</strong></span> <span class='ocrx_word' id='word_1_712' title='bbox 2458 4241 2720 4304; x_wconf 85' lang='lat' dir='ltr'><strong>concepta</strong></span> <span class='ocrx_word' id='word_1_713' title='bbox 2749 4237 2953 4292; x_wconf 85' lang='lat' dir='ltr'><strong>virtute</strong></span> <span class='ocrx_word' id='word_1_714' title='bbox 2993 4239 3144 4299; x_wconf 84' lang='lat' dir='ltr'><strong>nullo</strong></span> <span class='ocrx_word' id='word_1_715' title='bbox 3183 4244 3368 4306; x_wconf 87' lang='lat' dir='ltr'><strong>labore</strong></span> <span class='ocrx_word' id='word_1_716' title='bbox 3419 4251 3552 4311; x_wconf 82' lang='lat' dir='ltr'><strong>defl-</strong></span> 
     </span>
    </p>
   </div>
   <div class='ocr_carea' id='block_1_99' title="bbox 1965 4323 3550 4409">
    <p class='ocr_par' dir='ltr' id='par_1_99' title="bbox 1965 4323 3550 4409">
     <span class='ocr_line' id='line_1_99' title="bbox 1965 4323 3550 4409; baseline 0.02 -35"><span class='ocrx_word' id='word_1_717' title='bbox 1965 4329 2138 4387; x_wconf 85' lang='lat' dir='ltr'><strong>ceret,</strong></span> <span class='ocrx_word' id='word_1_718' title='bbox 2170 4323 2266 4378; x_wconf 90' lang='lat' dir='ltr'><strong>sed</strong></span> <span class='ocrx_word' id='word_1_719' title='bbox 2293 4323 2768 4385; x_wconf 81' lang='lat' dir='ltr'><strong>immarcescihilis</strong></span> <span class='ocrx_word' id='word_1_720' title='bbox 2813 4339 3028 4405; x_wconf 84' lang='lat' dir='ltr'><strong>semper</strong></span> <span class='ocrx_word' id='word_1_721' title='bbox 3059 4340 3240 4409; x_wconf 88' lang='lat' dir='ltr'><strong>gaudii</strong></span> <span class='ocrx_word' id='word_1_722' title='bbox 3268 4337 3550 4406; x_wconf 88' lang='lat' dir='ltr'><strong>alacritate</strong></span> 
     </span>
    </p>
   </div>
   <div class='ocr_carea' id='block_1_100' title="bbox 1961 4415 3547 4511">
    <p class='ocr_par' dir='ltr' id='par_1_100' title="bbox 1961 4415 3547 4511">
     <span class='ocr_line' id='line_1_100' title="bbox 1961 4415 3547 4511; baseline 0.02 -45"><span class='ocrx_word' id='word_1_723' title='bbox 1961 4415 2211 4484; x_wconf 84' lang='lat' dir='ltr'><strong>polleret,</strong></span> <span class='ocrx_word' id='word_1_724' title='bbox 2241 4418 2327 4472; x_wconf 91' lang='lat' dir='ltr'><strong>cui</strong></span> <span class='ocrx_word' id='word_1_725' title='bbox 2362 4419 2528 4475; x_wconf 87' lang='lat' dir='ltr'><strong>etiam</strong></span> <span class='ocrx_word' id='word_1_726' title='bbox 2577 4423 3005 4498; x_wconf 87' lang='lat' dir='ltr'><strong>incorruptibilis</strong></span> <span class='ocrx_word' id='word_1_727' title='bbox 3031 4433 3372 4494; x_wconf 89' lang='lat' dir='ltr'><strong>calciamenti</strong></span> <span class='ocrx_word' id='word_1_728' title='bbox 3408 4457 3547 4511; x_wconf 73' lang='lat' dir='ltr'><strong>prae-</strong></span> 
     </span>
    </p>
   </div>
   <div class='ocr_carea' id='block_1_101' title="bbox 1962 4507 3546 4592">
    <p class='ocr_par' dir='ltr' id='par_1_101' title="bbox 1962 4507 3546 4592">
     <span class='ocr_line' id='line_1_101' title="bbox 1962 4507 3546 4592; baseline 0.02 -34"><span class='ocrx_word' id='word_1_729' title='bbox 1962 4507 2648 4581; x_wconf 48' lang='lat' dir='ltr'><strong>stitirmunimentutnrde&#39;</strong></span> <span class='ocrx_word' id='word_1_730' title='bbox 2681 4517 2790 4589; x_wconf 68' lang='lat' dir='ltr'><strong>quo</strong></span> <span class='ocrx_word' id='word_1_731' title='bbox 2816 4519 3078 4592; x_wconf 60' lang='lat' dir='ltr'><strong>sequnt-</strong></span> <span class='ocrx_word' id='word_1_732' title='bbox 3103 4543 3116 4580; x_wconf 75' lang='grc' dir='ltr'><strong>ε</strong></span> <span class='ocrx_word' id='word_1_733' title='bbox 3139 4526 3370 4586; x_wconf 70' lang='lat' dir='ltr'><strong>Ferrum</strong></span> <span class='ocrx_word' id='word_1_734' title='bbox 3394 4507 3443 4587; x_wconf 70' lang='grc' dir='ltr'><strong>ἐι</strong></span> <span class='ocrx_word' id='word_1_735' title='bbox 3473 4552 3546 4589; x_wconf 75' lang='lat' dir='ltr'><strong>(es</strong></span> 
     </span>
    </p>
   </div>
   <div class='ocr_carea' id='block_1_102' title="bbox 1963 4597 3542 4698">
    <p class='ocr_par' dir='ltr' id='par_1_102' title="bbox 1963 4597 3542 4698">
     <span class='ocr_line' id='line_1_102' title="bbox 1963 4597 3542 4698; baseline 0.02 -49"><span class='ocrx_word' id='word_1_736' title='bbox 1963 4597 2365 4655; x_wconf 80' lang='lat' dir='ltr'><strong>calciamentum</strong></span> <span class='ocrx_word' id='word_1_737' title='bbox 2403 4604 2536 4674; x_wconf 76' lang='lat' dir='ltr'><strong>ejus;</strong></span> <span class='ocrx_word' id='word_1_738' title='bbox 2585 4597 2751 4677; x_wconf 66' lang='lat' dir='ltr'><strong>Guyus</strong></span> <span class='ocrx_word' id='word_1_739' title='bbox 2796 4609 3237 4682; x_wconf 71' lang='lat' dir='ltr'><strong>diesjtiventutis</strong></span> <span class='ocrx_word' id='word_1_740' title='bbox 3275 4622 3351 4677; x_wconf 89' lang='lat' dir='ltr'><strong>ita</strong></span> <span class='ocrx_word' id='word_1_741' title='bbox 3387 4624 3542 4698; x_wconf 87' lang='lat' dir='ltr'><strong>ﬁunt,</strong></span> 
     </span>
    </p>
   </div>
   <div class='ocr_carea' id='block_1_103' title="bbox 1938 4693 3543 4790">
    <p class='ocr_par' dir='ltr' id='par_1_103' title="bbox 1938 4693 3543 4790">
     <span class='ocr_line' id='line_1_103' title="bbox 1938 4693 3543 4790; baseline 0.022 -51"><span class='ocrx_word' id='word_1_742' title='bbox 1938 4696 2032 4748; x_wconf 80' lang='lat' dir='ltr'><strong>ut</strong></span> <span class='ocrx_word' id='word_1_743' title='bbox 2057 4693 2383 4758; x_wconf 86' lang='lat' dir='ltr'><strong>senectutis;</strong></span> <span class='ocrx_word' id='word_1_744' title='bbox 2424 4696 2552 4765; x_wconf 90' lang='lat' dir='ltr'><strong>quia</strong></span> <span class='ocrx_word' id='word_1_745' title='bbox 2586 4707 2781 4770; x_wconf 82' lang='lat' dir='ltr'><strong>corpus</strong></span> <span class='ocrx_word' id='word_1_746' title='bbox 2809 4701 2943 4772; x_wconf 73' lang='lat' dir='ltr'><strong>ejus&quot;,</strong></span> <span class='ocrx_word' id='word_1_747' title='bbox 2973 4708 3126 4775; x_wconf 85' lang='lat' dir='ltr'><strong>q‘u‘od</strong></span> <span class='ocrx_word' id='word_1_748' title='bbox 3151 4717 3233 4764; x_wconf 89' lang='lat' dir='ltr'><strong>est</strong></span> <span class='ocrx_word' id='word_1_749' title='bbox 3279 4693 3543 4790; x_wconf 79' lang='lat' dir='ltr'><strong>Ecclesia,</strong></span> 
     </span>
    </p>
   </div>
   <div class='ocr_carea' id='block_1_104' title="bbox 1963 4780 3542 4884">
    <p class='ocr_par' dir='ltr' id='par_1_104' title="bbox 1963 4780 3542 4884">
     <span class='ocr_line' id='line_1_104' title="bbox 1963 4780 3542 4884; baseline 0.022 -50"><span class='ocrx_word' id='word_1_750' title='bbox 1963 4780 2018 4834; x_wconf 92' lang='lat' dir='ltr'><strong>in</strong></span> <span class='ocrx_word' id='word_1_751' title='bbox 2041 4782 2339 4852; x_wconf 87' lang='lat' dir='ltr'><strong>primordio</strong></span> <span class='ocrx_word' id='word_1_752' title='bbox 2361 4783 2485 4841; x_wconf 80' lang='lat' dir='ltr'><strong>ﬁdei</strong></span> <span class='ocrx_word' id='word_1_753' title='bbox 2514 4786 2696 4843; x_wconf 83' lang='lat' dir='ltr'><strong>ﬂoruit</strong></span> <span class='ocrx_word' id='word_1_754' title='bbox 2723 4789 3031 4864; x_wconf 70' lang='lat' dir='ltr'><strong>virtutibus,</strong></span> <span class='ocrx_word' id='word_1_755' title='bbox 3064 4799 3327 4870; x_wconf 87' lang='lat' dir='ltr'><strong>sapientia</strong></span> <span class='ocrx_word' id='word_1_756' title='bbox 3353 4780 3542 4884; x_wconf 70' lang='lat' dir='ltr'><strong>viguit,</strong></span> 
     </span>
    </p>
   </div>
   <div class='ocr_carea' id='block_1_105' title="bbox 1964 4876 3543 4962">
    <p class='ocr_par' dir='ltr' id='par_1_105' title="bbox 1964 4876 3543 4962">
     <span class='ocr_line' id='line_1_105' title="bbox 1964 4876 3543 4962; baseline 0.022 -34"><span class='ocrx_word' id='word_1_757' title='bbox 1964 4876 2244 4933; x_wconf 85' lang='lat' dir='ltr'><strong>miraculis</strong></span> <span class='ocrx_word' id='word_1_758' title='bbox 2261 4882 2584 4937; x_wconf 78' lang='lat' dir='ltr'><strong>coruscavit.</strong></span> <span class='ocrx_word' id='word_1_759' title='bbox 2619 4881 2710 4940; x_wconf 87' lang='lat' dir='ltr'><strong>Sic</strong></span> <span class='ocrx_word' id='word_1_760' title='bbox 2742 4889 2798 4941; x_wconf 88' lang='lat' dir='ltr'><strong>et</strong></span> <span class='ocrx_word' id='word_1_761' title='bbox 2825 4885 2886 4942; x_wconf 67' lang='lat' dir='ltr'><strong>in&#39;</strong></span> <span class='ocrx_word' id='word_1_762' title='bbox 2903 4886 3008 4944; x_wconf 88' lang='lat' dir='ltr'><strong>ﬁne</strong></span> <span class='ocrx_word' id='word_1_763' title='bbox 3049 4895 3230 4951; x_wconf 73' lang='lat' dir='ltr'><strong>saeculi</strong></span> <span class='ocrx_word' id='word_1_764' title='bbox 3264 4897 3319 4955; x_wconf 92' lang='lat' dir='ltr'><strong>in</strong></span> <span class='ocrx_word' id='word_1_765' title='bbox 3354 4876 3543 4962; x_wconf 77' lang='lat' dir='ltr'><strong>electis</strong></span> 
     </span>
    </p>
   </div>
   <div class='ocr_carea' id='block_1_106' title="bbox 1963 4967 3543 5065">
    <p class='ocr_par' dir='ltr' id='par_1_106' title="bbox 1963 4967 3543 5065">
     <span class='ocr_line' id='line_1_106' title="bbox 1963 4967 3543 5065; baseline 0.023 -46"><span class='ocrx_word' id='word_1_766' title='bbox 1963 4978 2277 5065; x_wconf 71' lang='lat' dir='ltr'><strong>perseverat</strong></span> <span class='ocrx_word' id='word_1_767' title='bbox 2303 4971 2459 5043; x_wconf 81' lang='lat' dir='ltr'><strong>vigor</strong></span> <span class='ocrx_word' id='word_1_768' title='bbox 2481 4967 2624 5041; x_wconf 86' lang='lat' dir='ltr'><strong>ﬁdei,</strong></span> <span class='ocrx_word' id='word_1_769' title='bbox 2658 4984 2714 5032; x_wconf 88' lang='lat' dir='ltr'><strong>et</strong></span> <span class='ocrx_word' id='word_1_770' title='bbox 2765 4979 2934 5034; x_wconf 84' lang='lat' dir='ltr'><strong>ardor</strong></span> <span class='ocrx_word' id='word_1_771' title='bbox 2966 4979 3252 5044; x_wconf 86' lang='lat' dir='ltr'><strong>charitatis</strong></span> <span class='ocrx_word' id='word_1_772' title='bbox 3287 5006 3458 5065; x_wconf 88' lang='lat' dir='ltr'><strong>usque</strong></span> <span class='ocrx_word' id='word_1_773' title='bbox 3485 4997 3543 5054; x_wconf 89' lang='lat' dir='ltr'><strong>in</strong></span> 
     </span>
    </p>
   </div>
   <div class='ocr_carea' id='block_1_107' title="bbox 1962 5053 3541 5152">
    <p class='ocr_par' dir='ltr' id='par_1_107' title="bbox 1962 5053 3541 5152">
     <span class='ocr_line' id='line_1_107' title="bbox 1962 5053 3541 5152; baseline 0.022 -42"><span class='ocrx_word' id='word_1_774' title='bbox 1962 5056 2145 5113; x_wconf 89' lang='lat' dir='ltr'><strong>ﬁnem.</strong></span> <span class='ocrx_word' id='word_1_775' title='bbox 2201 5053 2301 5117; x_wconf 81' lang='lat' dir='ltr'><strong>Hic</strong></span> <span class='ocrx_word' id='word_1_776' title='bbox 2340 5061 2676 5123; x_wconf 83' lang='lat' dir='ltr'><strong>rectissimus</strong></span> <span class='ocrx_word' id='word_1_777' title='bbox 2702 5077 2786 5124; x_wconf 91' lang='lat' dir='ltr'><strong>est</strong></span> <span class='ocrx_word' id='word_1_778' title='bbox 2806 5083 3063 5130; x_wconf 89' lang='lat' dir='ltr'><strong>ascensor</strong></span> <span class='ocrx_word' id='word_1_779' title='bbox 3093 5078 3240 5148; x_wconf 66' lang='lat' dir='ltr'><strong>coeli,</strong></span> <span class='ocrx_word' id='word_1_780' title='bbox 3272 5053 3400 5152; x_wconf 74' lang='lat' dir='ltr'><strong>quia</strong></span> <span class='ocrx_word' id='word_1_781' title='bbox 3444 5101 3541 5144; x_wconf 89' lang='lat' dir='ltr'><strong>su-</strong></span> 
     </span>
    </p>
   </div>
   <div class='ocr_carea' id='block_1_108' title="bbox 1961 5157 3543 5246">
    <p class='ocr_par' dir='ltr' id='par_1_108' title="bbox 1961 5157 3543 5246">
     <span class='ocr_line' id='line_1_108' title="bbox 1961 5157 3543 5246; baseline 0.021 -41"><span class='ocrx_word' id='word_1_782' title='bbox 1961 5167 2061 5224; x_wconf 83' lang='lat' dir='ltr'><strong>per</strong></span> <span class='ocrx_word' id='word_1_783' title='bbox 2093 5167 2284 5211; x_wconf 85' lang='lat' dir='ltr'><strong>omnes</strong></span> <span class='ocrx_word' id='word_1_784' title='bbox 2303 5157 2542 5215; x_wconf 78' lang='lat' dir='ltr'><strong>virtutes</strong></span> <span class='ocrx_word' id='word_1_785' title='bbox 2559 5159 2815 5217; x_wconf 74' lang='lat' dir='ltr'><strong>caelestes</strong></span> <span class='ocrx_word' id='word_1_786' title='bbox 2833 5172 2886 5220; x_wconf 88' lang='lat' dir='ltr'><strong>et</strong></span> <span class='ocrx_word' id='word_1_787' title='bbox 2923 5175 3224 5237; x_wconf 87' lang='lat' dir='ltr'><strong>potestates</strong></span> <span class='ocrx_word' id='word_1_788' title='bbox 3267 5173 3543 5246; x_wconf 86' lang='lat' dir='ltr'><strong>angelicas</strong></span> 
     </span>
    </p>
   </div>
   <div class='ocr_carea' id='block_1_109' title="bbox 1960 5252 3544 5328">
    <p class='ocr_par' dir='ltr' id='par_1_109' title="bbox 1960 5252 3544 5328">
     <span class='ocr_line' id='line_1_109' title="bbox 1960 5252 3544 5328; baseline 0.015 -24"><span class='ocrx_word' id='word_1_789' title='bbox 1960 5256 2082 5318; x_wconf 77' lang='lat' dir='ltr'><strong>post</strong></span> <span class='ocrx_word' id='word_1_790' title='bbox 2098 5252 2562 5308; x_wconf 86' lang='lat' dir='ltr'><strong>resurrectionem</strong></span> <span class='ocrx_word' id='word_1_791' title='bbox 2574 5259 2740 5309; x_wconf 80' lang='lat' dir='ltr'><strong>suam&#39;</strong></span> <span class='ocrx_word' id='word_1_792' title='bbox 2757 5261 2998 5314; x_wconf 75' lang='lat' dir='ltr'><strong>ascendit</strong></span> <span class='ocrx_word' id='word_1_793' title='bbox 3013 5259 3067 5315; x_wconf 74' lang='lat' dir='ltr'><strong>et</strong></span> <span class='ocrx_word' id='word_1_794' title='bbox 3085 5263 3238 5318; x_wconf 78' lang='lat' dir='ltr'><strong>sedet</strong></span> <span class='ocrx_word' id='word_1_795' title='bbox 3264 5265 3333 5322; x_wconf 86' lang='lat' dir='ltr'><strong>ad</strong></span> <span class='ocrx_word' id='word_1_796' title='bbox 3355 5268 3544 5328; x_wconf 78' lang='lat' dir='ltr'><strong>dexte-</strong></span> 
     </span>
    </p>
   </div>
   <div class='ocr_carea' id='block_1_110' title="bbox 1961 5339 3544 5420">
    <p class='ocr_par' dir='ltr' id='par_1_110' title="bbox 1961 5339 3544 5420">
     <span class='ocr_line' id='line_1_110' title="bbox 1961 5339 3544 5420; baseline 0.009 -28"><span class='ocrx_word' id='word_1_797' title='bbox 1961 5351 2080 5393; x_wconf 86' lang='lat' dir='ltr'><strong>ram</strong></span> <span class='ocrx_word' id='word_1_798' title='bbox 2102 5339 2462 5413; x_wconf 56' lang='lat' dir='ltr'><strong>Patrist(EpIt.</strong></span> <span class='ocrx_word' id='word_1_799' title='bbox 2486 5342 2549 5413; x_wconf 83' lang='grc' dir='ltr'><strong>ι).</strong></span> <span class='ocrx_word' id='word_1_800' title='bbox 2575 5343 2968 5414; x_wconf 73' lang='lat' dir='ltr'><strong>Magni-licentia</strong></span> <span class='ocrx_word' id='word_1_801' title='bbox 2988 5345 3102 5420; x_wconf 79' lang='lat' dir='ltr'><strong>ejus</strong></span> <span class='ocrx_word' id='word_1_802' title='bbox 3124 5345 3430 5415; x_wconf 79' lang='lat' dir='ltr'><strong>discurrunt</strong></span> <span class='ocrx_word' id='word_1_803' title='bbox 3444 5354 3544 5418; x_wconf 78' lang='lat' dir='ltr'><strong>n&#39;u.</strong></span> 
     </span>
    </p>
   </div>
   <div class='ocr_carea' id='block_1_111' title="bbox 1961 5432 3543 5518">
    <p class='ocr_par' dir='ltr' id='par_1_111' title="bbox 1961 5432 3543 5518">
     <span class='ocr_line' id='line_1_111' title="bbox 1961 5432 3543 5518; baseline 0.016 -32"><span class='ocrx_word' id='word_1_804' title='bbox 1961 5433 2047 5487; x_wconf 83' lang='lat' dir='ltr'><strong>bes</strong></span> <span class='ocrx_word' id='word_1_805' title='bbox 2074 5432 2251 5506; x_wconf 70' lang='lat' dir='ltr'><strong>(Bentt</strong></span> <span class='ocrx_word' id='word_1_806' title='bbox 2284 5436 2500 5506; x_wconf 67' lang='lat' dir='ltr'><strong>xm“).</strong></span> <span class='ocrx_word' id='word_1_807' title='bbox 2529 5437 3058 5498; x_wconf 73' lang='lat' dir='ltr'><strong>Doctoresvid’clicct</strong></span> <span class='ocrx_word' id='word_1_808' title='bbox 3085 5455 3138 5499; x_wconf 89' lang='lat' dir='ltr'><strong>et</strong></span> <span class='ocrx_word' id='word_1_809' title='bbox 3158 5449 3543 5518; x_wconf 56' lang='lat' dir='ltr'><strong>praedicatores</strong></span> 
     </span>
    </p>
   </div>
   <div class='ocr_carea' id='block_1_112' title="bbox 1959 5519 3541 5600">
    <p class='ocr_par' dir='ltr' id='par_1_112' title="bbox 1959 5519 3541 5600">
     <span class='ocr_line' id='line_1_112' title="bbox 1959 5519 3541 5600; baseline 0.013 -22"><span class='ocrx_word' id='word_1_810' title='bbox 1959 5519 2252 5596; x_wconf 75' lang='lat' dir='ltr'><strong>Evangelii“</strong></span> <span class='ocrx_word' id='word_1_811' title='bbox 2270 5527 2322 5578; x_wconf 87' lang='lat' dir='ltr'><strong>in</strong></span> <span class='ocrx_word' id='word_1_812' title='bbox 2351 5527 3002 5587; x_wconf 72' lang='lat' dir='ltr'><strong>toto‘orhe‘-disscminant‘</strong></span> <span class='ocrx_word' id='word_1_813' title='bbox 3023 5529 3240 5590; x_wconf 80' lang='lat' dir='ltr'><strong>verbum</strong></span> <span class='ocrx_word' id='word_1_814' title='bbox 3268 5538 3381 5596; x_wconf 90' lang='lat' dir='ltr'><strong>Dei.</strong></span> <span class='ocrx_word' id='word_1_815' title='bbox 3435 5541 3541 5600; x_wconf 86' lang='lat' dir='ltr'><strong>Cu-</strong></span> 
     </span>
    </p>
   </div>
   <div class='ocr_carea' id='block_1_113' title="bbox 285 5607 3536 5699">
    <p class='ocr_par' dir='ltr' id='par_1_113' title="bbox 285 5607 3536 5699">
     <span class='ocr_line' id='line_1_113' title="bbox 285 5607 3536 5699; baseline 0.009 -37"><span class='ocrx_word' id='word_1_816' title='bbox 285 5607 562 5667; x_wconf 76' lang='lat' dir='ltr'><strong>latitudine</strong></span> <span class='ocrx_word' id='word_1_817' title='bbox 577 5613 896 5670; x_wconf 87' lang='lat' dir='ltr'><strong>benedictus</strong></span> <span class='ocrx_word' id='word_1_818' title='bbox 920 5622 1021 5681; x_wconf 85' lang='lat' dir='ltr'><strong>est,</strong></span> <span class='ocrx_word' id='word_1_819' title='bbox 1065 5629 1186 5670; x_wconf 91' lang='lat' dir='ltr'><strong>cum</strong></span> <span class='ocrx_word' id='word_1_820' title='bbox 1211 5629 1320 5668; x_wconf 89' lang='lat' dir='ltr'><strong>non</strong></span> <span class='ocrx_word' id='word_1_821' title='bbox 1349 5614 1520 5668; x_wconf 85' lang='lat' dir='ltr'><strong>solum</strong></span> <span class='ocrx_word' id='word_1_822' title='bbox 1545 5630 1611 5669; x_wconf 74' lang='lat' dir='ltr'><strong>ex</strong></span> <span class='ocrx_word' id='word_1_823' title='bbox 1632 5613 1849 5678; x_wconf 69' lang='lat' dir='ltr'><strong>Judtnis,</strong></span> <span class='ocrx_word' id='word_1_824' title='bbox 1899 5677 1918 5699; x_wconf 55' lang='lat'><strong>.</strong></span> <span class='ocrx_word' id='word_1_825' title='bbox 1945 5619 2044 5688; x_wconf 83' lang='lat' dir='ltr'><strong>jus</strong></span> <span class='ocrx_word' id='word_1_826' title='bbox 2072 5620 2423 5674; x_wconf 75' lang='lat' dir='ltr'><strong>suntbrachia</strong></span> <span class='ocrx_word' id='word_1_827' title='bbox 2451 5623 2763 5692; x_wconf 79' lang='lat' dir='ltr'><strong>sempiterna</strong></span> <span class='ocrx_word' id='word_1_828' title='bbox 2788 5623 2838 5694; x_wconf 90' lang='lat' dir='ltr'><strong>(I</strong></span> <span class='ocrx_word' id='word_1_829' title='bbox 2845 5621 2975 5695; x_wconf 84' lang='lat' dir='ltr'><strong>bid.)</strong></span> <span class='ocrx_word' id='word_1_830' title='bbox 3002 5644 3012 5678; x_wconf 92' lang='lat'><strong>:</strong></span> <span class='ocrx_word' id='word_1_831' title='bbox 3043 5628 3167 5696; x_wconf 85' lang='lat' dir='ltr'><strong>quia</strong></span> <span class='ocrx_word' id='word_1_832' title='bbox 3195 5634 3406 5689; x_wconf 90' lang='lat' dir='ltr'><strong>cunctis</strong></span> <span class='ocrx_word' id='word_1_833' title='bbox 3438 5637 3536 5691; x_wconf 77' lang='lat' dir='ltr'><strong>lio-</strong></span> 
     </span>
    </p>
   </div>
   <div class='ocr_carea' id='block_1_114' title="bbox 285 5704 1853 5776">
    <p class='ocr_par' dir='ltr' id='par_1_114' title="bbox 285 5704 1853 5776">
     <span class='ocr_line' id='line_1_114' title="bbox 285 5704 1853 5776; baseline 0.003 -19"><span class='ocrx_word' id='word_1_834' title='bbox 285 5704 384 5758; x_wconf 84' lang='lat' dir='ltr'><strong>sed&#39;</strong></span> <span class='ocrx_word' id='word_1_835' title='bbox 428 5721 497 5760; x_wconf 69' lang='lat' dir='ltr'><strong>en</strong></span> <span class='ocrx_word' id='word_1_836' title='bbox 536 5707 786 5762; x_wconf 75' lang='lat' dir='ltr'><strong>omnibus</strong></span> <span class='ocrx_word' id='word_1_837' title='bbox 829 5707 992 5762; x_wconf 73' lang='lat' dir='ltr'><strong>etiam</strong></span> <span class='ocrx_word' id='word_1_838' title='bbox 1041 5708 1352 5764; x_wconf 85' lang='lat' dir='ltr'><strong>nationibus</strong></span> <span class='ocrx_word' id='word_1_839' title='bbox 1390 5707 1781 5776; x_wconf 88' lang='lat' dir='ltr'><strong>amplissimum</strong></span> <span class='ocrx_word' id='word_1_840' title='bbox 1822 5721 1853 5762; x_wconf 90' lang='lat' dir='ltr'><strong>a</strong></span> 
     </span>
    </p>
   </div>
   <div class='ocr_carea' id='block_1_115' title="bbox 287 5795 1852 5873">
    <p class='ocr_par' dir='ltr' id='par_1_115' title="bbox 287 5795 1852 5873">
     <span class='ocr_line' id='line_1_115' title="bbox 287 5795 1852 5873; baseline 0.003 -21"><span class='ocrx_word' id='word_1_841' title='bbox 287 5795 446 5854; x_wconf 71' lang='lat' dir='ltr'><strong>Patre</strong></span> <span class='ocrx_word' id='word_1_842' title='bbox 471 5807 587 5857; x_wconf 80' lang='lat' dir='ltr'><strong>toto</strong></span> <span class='ocrx_word' id='word_1_843' title='bbox 612 5802 744 5860; x_wconf 73' lang='lat' dir='ltr'><strong>orbe</strong></span> <span class='ocrx_word' id='word_1_844' title='bbox 792 5817 1015 5873; x_wconf 88' lang='lat' dir='ltr'><strong>regnum</strong></span> <span class='ocrx_word' id='word_1_845' title='bbox 1042 5802 1269 5871; x_wconf 84' lang='lat' dir='ltr'><strong>accepit,</strong></span> <span class='ocrx_word' id='word_1_846' title='bbox 1303 5799 1524 5868; x_wconf 88' lang='lat' dir='ltr'><strong>impleto</strong></span> <span class='ocrx_word' id='word_1_847' title='bbox 1551 5801 1693 5870; x_wconf 87' lang='lat' dir='ltr'><strong>quod</strong></span> <span class='ocrx_word' id='word_1_848' title='bbox 1720 5800 1852 5856; x_wconf 89' lang='lat' dir='ltr'><strong>Pro-</strong></span> 
     </span>
    </p>
   </div>
   <div class='ocr_carea' id='block_1_116' title="bbox 1957 5709 3538 5793">
    <p class='ocr_par' dir='ltr' id='par_1_116' title="bbox 1957 5709 3538 5793">
     <span class='ocr_line' id='line_1_116' title="bbox 1957 5709 3538 5793; baseline 0.01 -29"><span class='ocrx_word' id='word_1_849' title='bbox 1957 5709 2130 5764; x_wconf 87' lang='lat' dir='ltr'><strong>stihus</strong></span> <span class='ocrx_word' id='word_1_850' title='bbox 2161 5711 2395 5765; x_wconf 79' lang='lat' dir='ltr'><strong>victoria</strong></span> <span class='ocrx_word' id='word_1_851' title='bbox 2425 5713 2540 5780; x_wconf 82' lang='lat' dir='ltr'><strong>ejus</strong></span> <span class='ocrx_word' id='word_1_852' title='bbox 2573 5714 2631 5767; x_wconf 90' lang='lat' dir='ltr'><strong>ﬁt</strong></span> <span class='ocrx_word' id='word_1_853' title='bbox 2690 5723 2967 5785; x_wconf 86' lang='lat' dir='ltr'><strong>perpetua.</strong></span> <span class='ocrx_word' id='word_1_854' title='bbox 3005 5716 3109 5782; x_wconf 83' lang='lat' dir='ltr'><strong>Qui</strong></span> <span class='ocrx_word' id='word_1_855' title='bbox 3168 5720 3336 5790; x_wconf 85' lang='lat' dir='ltr'><strong>ejiciet</strong></span> <span class='ocrx_word' id='word_1_856' title='bbox 3385 5742 3416 5777; x_wconf 88' lang='lat' dir='ltr'><strong>a</strong></span> <span class='ocrx_word' id='word_1_857' title='bbox 3453 5726 3538 5793; x_wconf 66' lang='grc' dir='ltr'><strong>[αη-</strong></span> 
     </span>
    </p>
   </div>
   <div class='ocr_carea' id='block_1_117' title="bbox 1955 5801 3530 5882">
    <p class='ocr_par' dir='ltr' id='par_1_117' title="bbox 1955 5801 3530 5882">
     <span class='ocr_line' id='line_1_117' title="bbox 1955 5801 3530 5882; baseline 0.011 -30"><span class='ocrx_word' id='word_1_858' title='bbox 1955 5801 2033 5855; x_wconf 83' lang='lat' dir='ltr'><strong>cie</strong></span> <span class='ocrx_word' id='word_1_859' title='bbox 2097 5809 2202 5854; x_wconf 72' lang='lat' dir='ltr'><strong>sua</strong></span> <span class='ocrx_word' id='word_1_860' title='bbox 2247 5803 2515 5856; x_wconf 79' lang='lat' dir='ltr'><strong>inimicum</strong></span> <span class='ocrx_word' id='word_1_861' title='bbox 2575 5805 2879 5871; x_wconf 81' lang='lat' dir='ltr'><strong>diabolum,</strong></span> <span class='ocrx_word' id='word_1_862' title='bbox 2937 5813 2984 5860; x_wconf 79' lang='lat' dir='ltr'><strong>et</strong></span> <span class='ocrx_word' id='word_1_863' title='bbox 3031 5808 3162 5862; x_wconf 83' lang='lat' dir='ltr'><strong>dicit</strong></span> <span class='ocrx_word' id='word_1_864' title='bbox 3215 5828 3232 5864; x_wconf 84' lang='lat'><strong><em>:</em></strong></span> <span class='ocrx_word' id='word_1_865' title='bbox 3291 5809 3530 5882; x_wconf 78' lang='lat' dir='ltr'><strong>Comere,</strong></span> 
     </span>
    </p>
   </div>
  </div>
