4074 6316
328 414 392 468 ts
1303 408 1396 464 nr:
1438 405 1785 488 UNIVEBSO
1829 405 2010 464 LIBRI
2049 404 2212 472 xxii.
2255 437 2324 448 -
2362 405 2489 470 Lm.
2531 405 2641 486 in,

3524 407 3592 462 54

330 491 522 578 cruore.
557 519 1188 590 uictimarumpopulupi
1224 521 1502 590 expiabat,
1541 520 1613 580 ita
1655 530 1711 587 et
1737 520 1899 586 Chri;
1925 521 1978 591 Α
2006 518 2365 588 gDuodecim
2405 517 2771 600 exploratores
2813 517 3116 600 scribarum
3170 534 3231 574 ac
3294 521 3593 584 Pharisa‘o-

323 625 444 678 stus
478 611 743 668 sacriﬁcio
778 611 1056 682 sanguinis
1092 611 1174 666 sui
1219 619 1443 682 peccata
1483 611 1642 678 diluit
1690 613 1895 688 mundi.

333 708 460 773 Nam
494 707 645 776 vim
669 705 854 770 Aaron
881 705 1120 766 abscissa
1157 704 1402 768 reﬂoruit
1447 721 1512 762 ac
1540 705 1746 775 trusum
1771 721 1899 777 ιιι-ο-
1931 689 1936 694 ’

329 800 446 860 sulit
475 816 488 850 :
529 797 611 853 sic
638 804 692 852 et
725 797 889 851 arbor
923 797 1102 860 crucis
1129 795 1332 860 Christi
1368 804 1587 863 aeterna:
1613 796 1920 864 viridilalls

325 901 377 947 et
422 889 657 952 fructum
712 889 836 943 vita:
884 897 1156 958 perpetuae
1204 904 1300 958 per
1345 888 1650 958 passionem
1700 888 1901 956 Christi

329 984 573 1046 universo
613 979 840 1051 protulit
886 980 1107 1048 mundo,
1157 981 1654 1052 demonstravimus
1697 981 1898 1049 Christi

326 1071 682 1136 Sacerdotium
724 1077 989 1141 perpetuo
1017 1085 1136 1130 esse
1168 1086 1506 1137 mansurum,
1537 1079 1593 1138 et
1633 1072 1900 1142 credenti-

321 1167 417 1220 bus
441 1165 492 1227 in
523 1179 648 1227 eum
675 1179 798 1222 esse
823 1163 1144 1233 proﬁcuum.

391 1253 558 1308 Maria
582 1269 737 1310 soror
765 1253 945 1316 Aaron
972 1251 1271 1324 Synagogtc
1302 1253 1536 1324 speciem
1567 1252 1821 1323 prmtulit.

392 1341 540 1402 Uxor
583 1343 752 1417 Moysi
796 1343 1130 1414 IELbiopissa
1187 1343 1436 1412 ﬁguravit
1491 1344 1787 1400 Ecclesiam
1831 1360 1898 1400 ex

317 1431 606 1504 gentilibus
629 1432 842 1494 Christo
863 1433 1228 1505 conjunctam,
1260 1434 1410 1504 cujus
1436 1435 1505 1490 ob
1534 1444 1751 1494 causam
1783 1436 1898 1498 zelo

320 1524 600 1600 Synagoga
635 1526 954 1590 obtrectans
986 1527 1247 1583 adversus
1277 1526 1553 1594 Christum
1593 1528 1737 1592 illico
1763 1544 1896 1600 om»

321 1615 532 1686 tagione
559 1614 719 1688 lepra:
741 1616 1105 1687 perfunditur.
1191 1686 1205 1697 _

381 1706 609 1768 Eleazar
634 1708 1023 1778 interpretatur
1047 1709 1190 1766 Deus
1220 1727 1365 1766 meus
1392 1711 1629 1782 adjicitur,
1661 1713 1780 1779 sive
1803 1712 1898 1775 Dei

308 1798 661 1870 .adjutorium.
699 1801 800 1868 ilic
839 1813 1024 1873 typum
1055 1811 1200 1864 tenet
1235 1815 1546 1868 sanctorum
1574 1807 1859 1870 doctorum
1881 1849 1895 1873 ,

2007 623 2126 664 rum
2159 608 2446 678 imaginem
2470 595 2799 672 tenuerunt,
2839 609 2930 680 qui
2957 595 3308 680 lsraelitit-iiiii
3332 612 3591 686 poliulum

2005 687 2359 763 averterunt,
2403 715 2472 754 ne
2514 698 2848 754 conﬁderent
2895 702 3124 770 gratiam
3176 701 3370 771 divina:
3407 687 3591 773 repro-

1985 842 1987 844 .
1999 789 2277 856 missionis
2301 789 2524 866 adipisci
2551 804 2711 872 posse
2735 804 2833 860 per
2862 789 3158 860 Christum.

2073 883 2189 950 Duo
2229 882 2519 967 portitores
2549 923 2563 950 ,
2595 883 2685 964 qui
2711 883 2777 944 de
2815 893 2958 954 terra
3009 883 3445 962 repromissionis
3492 885 3612 960 bo-_

2004 983 2146 1038 trum
2173 974 2229 1036 in
2264 973 2408 1044 ligno
2436 973 2674 1044 lipmeris
2704 981 3079 1043 gestavcrunt,
3113 975 3340 1040 duorum
3363 976 3594 1054 populo-

2005 1081 2125 1130 rum
2176 1065 2622 1138 signiﬁcationem
2677 1075 3079 1137 expresserunt.
3153 1068 3394 1136 Quorum
3442 1067 3592 1137 prior

2001 1153 2258 1218 Iudaicus
2309 1156 2565 1230 gradiens
2621 1158 2878 1222 adversus
2929 1156 3203 1226 Christum
3253 1158 3348 1218 dat
3400 1167 3589 1230 terga;

2000 1247 2267 1320 posterior
2301 1246 2644 1304 Christianus
2673 1264 2818 1319 eum,
2841 1259 2964 1320 post
2996 1265 3156 1320 quem
3181 1250 3346 1318 vehit,
3375 1250 3594 1321 inspicit

1982 1348 2055 1408 et
2083 1339 2326 1413 sequitur
2353 1339 2649 1395 Christum.

2070 1429 2233 1486 Josue
2271 1430 2433 1493 enim,
2468 1432 2557 1502 qui
2589 1433 2983 1502 interpretatur
3009 1433 3266 1500 salvator,
3297 1435 3411 1506 ipse
3439 1435 3491 1488 in
3525 1434 3590 1489 ﬁ-

1999 1534 2191 1590 guram
2227 1518 2427 1582 Christi
2453 1520 2708 1590 populum
2739 1537 2768 1575 a
2799 1523 3014 1590 deserto
3041 1524 3288 1590 salvavit,
3314 1534 3368 1586 et
3399 1527 3454 1580 in
3483 1534 3592 1581 ter-

2000 1623 2116 1674 ram
2159 1612 2594 1682 repromissionis
2640 1612 2869 1680 induxit.
2909 1615 3016 1670 Iste
3048 1615 3204 1684 Jesus
3248 1618 3413 1672 mittit
3455 1618 3591 1680 duos

1999 1698 2368 1769 exploratores
2414 1701 2482 1754 ad
2521 1700 2737 1756 Jericbo
2764 1703 2954 1756 urbem
2979 1744 2994 1770 ,
3041 1705 3132 1773 qui
3169 1705 3537 1776 suscipiuntur
3559 1722 3590 1759 a

1999 1791 2284 1852 meretrice
2315 1791 2488 1847 Raab.
2537 1791 2694 1847 Jesus
2739 1793 2826 1847 ille
2862 1795 2968 1848 dux
3001 1797 3180 1864 pepuli
3221 1797 3274 1851 in
3301 1797 3590 1868 semetipso

297 1890 404 1960 'qui
441 1893 605 1952 verbo
631 1902 682 1948 ct
705 1895 951 1964 exetanO
983 1905 1232 1958 sanctam
1269 1897 1528 1966 adjuvant
1563 1899 1894 1968 Ecclesia“;
1925 1883 1973 1948 B
2003 1883 2291 1940 Dominum
2321 1884 2598 1940 Christum
2649 1892 2703 1940 ct
2746 1885 3008 1940 vocabulo
3044 1887 3278 1942 ostendit
3323 1896 3377 1941 et
3425 1885 3587 1942 facto.

313 1998 540 2054 quorum
572 2002 710 2044 unus
734 1987 811 2042 ait
840 2005 854 2042 :
885 1989 984 2044 Dei
1013 2007 1192 2046 surptus
1219 1992 1510 2061 adjutores,
1547 1993 1647 2054 Dei
1671 1995 1899 2065 agricul-

309 2082 426 2130 tura
446 2077 594 2144 estis,
625 2077 723 2140 Dei
753 2079 1034 2148 a’diﬁcatio
1054 2083 1176 2137 estis
1198 2081 1248 2154 (Ι
1275 2082 1398 2141 Cor.
1427 2084 1531 2159 tu).

373 2167 618 2235 Amalec,
657 2171 750 2239 qui
796 2171 1192 2241 interpretatur
1220 2177 1444 2246 populus
1473 2176 1728 2244 lambens,
1781 2179 1897 2239 sive

313 2257 509 2330 (ingens
549 2277 669 2322 cum
693 2265 923 2318 exercitu
949 2281 1065 2324 suo.
1103 2266 1203 2333 Qui
1232 2267 1527 2326 humanam
1559 2285 1774 2339 semper
1802 2271 1897 2329 de-

294 2352 514 2410 siderat
548 2356 939 2424 perditionem,
965 2370 1020 2414 et
1041 2375 1140 2429 per
1160 2359 1268 2417 doli
1303 2363 1760 2422 machinationem
1800 2349 1922 2436 po-l

307 2445 491 2512 pulum
536 2445 632 2503 Dei
668 2448 918 2519 decipere
953 2451 1134 2522 gestit,
1167 2452 1441 2510 diabolum
1475 2455 1762 2526 signiﬁcat.
1798 2457 1894 2514 Hic

309 2533 498 2591 obvius
523 2536 620 2594 Dei
643 2538 840 2609 populo
873 2541 1163 2610 resistens,
1195 2543 1262 2598 ad
1294 2543 1506 2616 signum
1533 2547 1710 2602 crucis
1739 2547 1891 2603 evin-

305 2627 468 2685 citur.

380 2719 526 2778 Seon
553 2738 766 2794 quoque
793 2739 890 2781 rex
923 2726 1386 2797 Amorl'hmorum,
1420 2731 1511 2802 qui
1545 2732 1600 2788 in
1641 2732 1894 2794 Latinum

311 2814 528 2869 tentatio
554 2815 779 2872 venitur
804 2817 1074 2874 oculorum
1093 2862 1107 2887 ,
1143 2823 1391 2876 eumdem
1421 2822 1695 2879 diabolum
1727 2827 1893 2897 signi-

312 2899 460 2968 ﬁcat,
489 2905 587 2976 qui
621 2907 900 2964 mendacio
921 2908 1137 2968 fallendi
1161 2927 1220 2967 se
1250 2912 1394 2968 velut
1423 2914 1676 2984 angelum
1704 2923 1889 2972 trans-

301 2990 585 3064 ﬁguravit.

377 3087 458 3156 0g
477 3103 579 3144 rex
607 3090 805 3164 Busan,
831 3091 927 3164 qui
951 3095 1342 3166 interpretatur
1362 3099 1649 3153 conclusio.
1679 3097 1778 3154 Hic
1803 3099 1890 3154 in-

307 3179 611 3237 tercludere
653 3185 876 3244 molitur
915 3187 1227 3246 dillicuitate
1273 3189 1526 3244 vitiorum
1574 3192 1714 3246 viam
1764 3190 1888 3247 ﬁdei

305 3279 507 3326 nostra:
529 3312 545 3339 ,
590 3289 658 3330 ne
691 3285 876 3345 pateat
913 3279 1070 3336 nobis
1096 3281 1364 3338 transitus
1396 3284 1465 3338 ad
1511 3298 1737 3354 regnum
1765 3299 1892 3354 pno-

305 3363 537 3425 missum
571 3367 700 3422 vitae
721 3377 959 3425 aeternae.

306 3510 317 3524 ,
373 3454 734 3527 Septuaginta
761 3460 864 3514 viri
905 3461 1172 3527 seniores,
1203 3480 1366 3535 super
1386 3481 1527 3535 quos
1555 3465 1752 3528 cecidit
1789 3466 1897 3537 spi-

303 3549 447 3604 ritus
473 3549 596 3617 Dei,
633 3555 969 3626 septuaginta
997 3558 1405 3628 generationum
1455 3557 1668 3630 linguas
1705 3559 1761 3612 in
1792 3559 1896 3616 hoc

301 3641 514 3695 mundo
545 3641 765 3699 dili‘usas
791 3646 1063 3712 ostendit,
1095 3663 1162 3702 ex
1194 3650 1390 3718 quibus
1434 3649 1587 3704 multi
1616 3650 1900 3713 credentes

299 3728 546 3798 gratiam
583 3729 815 3798 Spiritus
841 3737 1015 3789 sancti
1038 3747 1378 3807 acceperunt.

380 3818 601 3873 Datban
627 3828 685 3874 et
709 3821 909 3877 Abiron
936 3865 948 3886 ,
1003 3835 1058 3879 et
1108 3831 1286 3882 ueteri
1333 3831 1426 3898 qui
1471 3846 1529 3885 se
1573 3848 1604 3885 a
1631 3831 1815 3903 Moyse
1846 3842 1902 3888 et

307 3908 496 3964 Aaron
528 3922 896 3982 segregantes,
919 3917 1250 3974 sacriﬁcium
1270 3934 1533 3990 usurpare
1557 3923 1737 3976 conati
1754 3934 1897 3989 sunt,

309 4001 694 4058 baeretiwrum
745 4005 1066 4075 pravitatem
1119 4010 1445 4080 designant,
1497 4011 1903 4083 perniciemque

301 4107 501 4148 eorum
539 4093 720 4162 quise
771 4111 808 4149 a
861 4099 1230 4160 sacerdotibus
1285 4099 1488 4156 Christi
1533 4110 1587 4158 et
1640 4104 1902 4159 societate

313 4181 572 4238 Ecclesia:
590 4182 869 4252 dividunt,
897 4196 952 4241 et
983 4190 1245 4245 sacriﬁcia
1277 4191 1509 4260 profana
1541 4195 1834 4265 accipiunt.

383 4272 606 4328 Balaam
628 4275 720 4344 qui
749 4275 1134 4346 interpretatur
1155 4296 1320 4336 vanus
1347 4281 1588 4352 populus,
1621 4293 1675 4337 et
1700 4285 1900 4340 cadens

315 4376 534 4435 apertos
562 4366 760 4422 habuit
784 4368 992 4436 oculos,
1015 4379 1200 4441 typum
1229 4387 1418 4429 eorum
1451 4375 1643 4442 tenuit,
1672 4375 1764 4445 qui
1800 4391 1899 4446 per

315 4457 478 4514 ﬁdem
507 4459 867 4528 cognitionem
901 4461 1001 4518 Dei
1029 4464 1267 4531 haunt,
1297 4467 1392 4522 sed
1419 4468 1694 4526 obscurati
1724 4469 1902 4539 operi-

313 4548 419 4604 bus
454 4560 735 4606 corruunt.

388 4639 624 4697 Pbinees
658 4643 739 4694 ori
772 4659 988 4712 parem
1006 4644 1420 4715 intrepretatur.
1455 4646 1752 4706 'l‘ransﬁxit
1777 4666 1901 4706 cum

319 4732 551 4804 pugione
595 4731 818 4790 Zambri
857 4748 987 4789 cum
1033 4744 1216 4792 scorto
1265 4736 1643 4804 Madianitide;
1675 4740 1732 4794 id
1782 4749 1898 4806 est,

323 4822 535 4878 bonum
583 4823 824 4880 furorem
863 4824 1100 4896 placavit
1125 4867 1140 4893 ,
1195 4835 1259 4880 ut
1307 4837 1575 4898 parceret.
1617 4826 1755 4882 Nam
1793 4830 1902 4886 iste

321 4913 576 4979 Pliinees,
599 4914 691 4983 qui
708 4910 927 4969 Zambri
943 4924 1001 4970 .et
1023 4926 1268 4972 scortum
1287 4918 1350 4972 in
1381 4919 1647 4975 miseria
1671 4921 1901 4984 conver—

318 5013 505 5060 santes
537 5004 722 5059 taliter
751 5005 1058 5070 interemit,
1100 5005 1326 5078 ﬁguram
1369 5007 1544 5062 tenuit
1589 5015 1919 5062 sanctorum

323 5093 605 5149 doctorum
635 5095 728 5166 qui
749 5092 965 5149 Judmos
987 5103 1050 5150 et
1069 5094 1355 5151 imreticos
1378 5095 1610 5166 spiritali
1639 5111 1902 5152 mucrone

323 5184 475 5238 uerbi
517 5184 610 5239 Dei
639 5185 694 5239 in
731 5184 980 5255 amplexu
1017 5183 1165 5240 falsae
1203 5185 1464 5244 doctrinae
1515 5193 1570 5240 et
1613 5184 1903 5242 conuitium

325 5275 732 5331 interfecerunt.

398 5365 613 5423 Zamhri
641 5369 1023 5439 interpretatur
1035 5365 1192 5421 stella
1201 5367 1462 5421 metuens
1481 5367 1568 5422 vel
1581 5370 1878 5424 madeant
1887 5408 1900 5421 .

332 5457 552 5528 Proprie
598 5461 739 5514 enim
795 5474 993 5514 nomen
1051 5458 1119 5511 ab
1169 5457 1532 5512 amaritudine
1583 5459 1899 5529 ﬁguratum,

335 5552 472 5622 quod
487 5557 490 5562 '
506 5554 775 5621 peccando
799 5552 1176 5606 amaricaverit
1201 5551 1475 5622 populum.

400 5647 492 5702 Ille
531 5662 776 5718 quoque,
805 5647 907 5716 qui
942 5647 1166 5700 sabbato
1192 5641 1333 5715 ligna
1361 5643 1610 5715 collegit,
1639 5646 1904 5717 signiﬁcat

333 5753 457 5796 eum
489 5755 650 5811 quem
672 5753 800 5795 cum
826 5747 1049 5810 peccato
1073 5737 1258 5806 iudicii
1287 5737 1401 5792 dies
1427 5739 1694 5812 invenerit
1719 5779 1734 5805 ,
1764 5739 1905 5794 unde

339 5833 525 5894 πιεΜὶ
550 5833 759 5893 sabbati
783 5832 1028 5905 requiem
1053 5843 1158 5885 non
1185 5835 1424 5885 meretur
1453 5830 1697 5902 accipere

1998 1969 2218 2029 Iericho
2261 1983 2444 2030 autem
2483 1976 2682 2038 civitas
2711 1977 2944 2036 mundus
2975 1985 3058 2040 est
3085 2019 3098 2041 ,
3158 1978 3224 2040 ad
3272 1993 3434 2048 quem
3480 1978 3590 2033 Do-

1997 2064 2176 2122 minus
2221 2064 2470 2123 Christus
2524 2069 2592 2129 ad
2635 2068 3054 2137 perscrutandos
3091 2083 3271 2134 mores
3310 2068 3590 2122 hominum

1997 2155 2106 2216 duo
2137 2165 2463 2230 testamenta
2513 2159 2732 2222 direxit.
2772 2159 2904 2218 Nam
2951 2161 3006 2213 in
3053 2175 3118 2216 eo
3154 2168 3211 2218 ut
3254 2161 3589 2230 credentium

1995 2247 2160 2304 ﬁdem
2191 2257 2287 2302 aut
2313 2249 2596 2314 rebellium
2623 2252 2985 2320 pervicaciam
3031 2251 3242 2321 plenius
3273 2251 3590 2322 comproba-

1995 2347 2098 2404 ret,
2132 2349 2257 2395 ante
2299 2341 2592 2402 adrentum
2637 2341 2830 2408 judieii
2873 2343 2975 2405 sui,
3033 2344 3186 2411 quasi
3215 2343 3589 2416 exploratores

1995 2432 2152 2498 duos,
2187 2431 2387 2506 Legem
2419 2442 2472 2488 et
2505 2433 2855 2506 Evangelium
2885 2435 3194 2498 destinavit.
3229 2434 3380 2495 Raab
3418 2448 3548 2489 vero
3572 2474 3586 2498 ,

1990 2540 2114 2596 quae
2145 2526 2532 2595 interpretatur
2551 2526 2799 2591 latitudo,
2842 2525 2925 2581 vel
2963 2527 3148 2596 fontes,
3181 2527 3295 2582 sive
3321 2529 3544 2596 impetus
3572 2568 3586 2592 ,

1997 2623 2180 2686 typum
2198 2624 2356 2676 tenet
2373 2616 2651 2682 Ecclesiae,
2672 2632 2792 2688 quae
2822 2617 2887 2676 de
2914 2618 3188 2676 extraneis
3215 2626 3375 2689 atque
3398 2617 3588 2671 alienis

1991 2710 2244 2786 gentibus
2273 2719 2600 2780 congregata
2625 2719 2709 2766 est
2738 2727 2752 2777 ;
2787 2725 2906 2790 quae
2936 2718 3092 2770 antea
3138 2710 3322 2776 vivens
3369 2710 3420 2762 in
3451 2709 3591 2764 desi—

1993 2801 2161 2862 deriis
2181 2802 2363 2864 carnis
2403 2801 2779 2866 fornicabatur
2814 2801 2869 2856 in
2911 2800 3084 2860 idolis.
3118 2800 3194 2858 De
3227 2799 3475 2870 qualibus
3514 2800 3590 2852 ait

1990 2891 2256 2952 Dominus
2275 2890 2342 2944 ad
2372 2887 2606 2958 Judieos,
2631 2891 2774 2960 quod
2797 2890 3168 2958 praecederent
3197 2889 3247 2942 in
3280 2903 3447 2959 regno
3477 2902 3587 2943 cte-

1993 2982 2189 3040 lorum.
2222 2982 2348 3042 Haec
2379 2983 2550 3054 igitur
2591 2991 2910 3042 testamenta
2939 2981 3151 3046 Domini
3183 2981 3294 3037 sola
3321 2981 3546 3050 suscipit
3571 3022 3586 3046 ,

1991 3080 2050 3130 et
2091 3087 2152 3128 ca
2181 3057 2415 3132 ﬁdeliter
2443 3082 2760 3137 conservat;
2791 3073 3032 3136 inimicis
3075 3072 3296 3140 omnino
3331 3087 3439 3126 non
3473 3080 3586 3126 tra-

1999 3164 2097 3229 dit,
2127 3163 2241 3233 ipsa
2273 3164 2567 3233 periclitari
2594 3172 2810 3238 optans,
2835 3163 3128 3228 dummodo
3157 3161 3319 3226 illaesa
3347 3176 3411 3216 ac
3440 3159 3589 3216 salva

1921 3246 1964 3309 Ε
1991 3264 2261 3316 servaret.
2288 3255 2412 3322 Haec
2434 3271 2688 3314 casurum
2721 3255 3001 3320 mundum,
3027 3254 3174 3323 sicut
3197 3255 3286 3322 illa
3314 3253 3588 3314 civitatem

1997 3351 2230 3408 ﬁrmiter
2251 3351 2507 3412 credidit.
2539 3350 2665 3408 Haec
2690 3365 2786 3426 pro
2821 3364 2880 3408 se
2904 3365 2979 3405 ac
3004 3363 3225 3416 suorum
3253 3347 3429 3416 salute
3472 3363 3587 3402 om-

1993 3442 2148 3504 nium
2195 3452 2415 3516 pactum
2459 3458 2582 3502 eum
2626 3443 2968 3504 testamentis
3003 3442 3214 3506 Domini
3255 3441 3428 3506 fecit;
3472 3441 3588 3496 haec

1995 3537 2055 3593 in
2077 3539 2236 3598 domo
2262 3554 2358 3596 sua
2385 3554 2644 3604 coccum,
2676 3539 2730 3592 id
2766 3547 2870 3605 est,
2913 3539 3133 3612 signum
3170 3535 3446 3608 sanguinis
3487 3545 3584 3604 po-

1999 3630 2140 3694 suit;
2195 3639 2351 3686 extra
2407 3631 2546 3686 hanc
2577 3631 2624 3686 si
2655 3631 2777 3702 quis
2814 3629 2979 3686 fuerit
3033 3629 3322 3693 inventus,
3374 3625 3584 3680 ruinam

1999 3720 2183 3778 Steculi
2213 3731 2376 3791 atque
2409 3722 2718 3783 incendium
2742 3721 2927 3778 mundi
2960 3720 3103 3776 nulla
3136 3718 3345 3774 ratione
3373 3716 3582 3770 vitabit.

2066 3811 2280 3879 Achaia,
2312 3812 2403 3881 qui
2453 3813 2518 3869 de
2567 3811 2788 3870 Iericho
2839 3809 3184 3870 anathemate
3235 3805 3584 3882 concupivit,

1997 3904 2274 3974 signiﬁcat
2311 3919 2550 3972 nequam
2574 3903 2942 3962 Christianum
2962 3941 2976 3970 ,
3009 3900 3098 3969 qui
3121 3908 3249 3972 post
3268 3906 3585 3969 ,perceptam

1999 3991 2164 4050 ﬁdem
2197 3991 2483 4048 saeculares
2505 4006 2692 4050 mores
2718 3990 2803 4044 vel
2841 3990 3024 4052 mundi
3053 3989 3337 4050 illecebras
3363 3987 3584 4057 appetit.

2075 4082 2240 4140 Caleb
2267 4096 2415 4150 vero,
2443 4082 2536 4151 qui
2573 4082 2962 4151 interpretatur
2979 4082 3136 4150 quasi
3152 4097 3267 4146 cor,
3294 4089 3388 4138 aut
3418 4080 3584 4144 canis,

2003 4174 2276 4244 signiﬁcat
2301 4173 2579 4232 doctorem
2619 4169 2944 4234 catholicum
2989 4171 3283 4248 sapientem
3323 4172 3485 4227 corde
3532 4180 3588 4225 et

1999 4266 2200 4325 fortem
2249 4281 2313 4320 ac
2357 4274 2636 4326 Strenuum
2666 4264 2718 4320 in
2749 4263 3008 4324 exercith
3036 4262 3313 4321 virtutum.
3360 4261 3463 4322 [ste
3498 4263 3589 4342 de—

2001 4359 2178 4431 poscit
2208 4358 2309 4420 sibi
2349 4374 2380 4413 a
2403 4357 2572 4414 .Josue
2613 4356 2854 4427 permitti
2904 4354 3212 4416 tacultatem
3263 4363 3321 4408 ut
3361 4352 3589 4427 congre-

2004 4459 2186 4514 diatur
2223 4473 2347 4516 cum
2379 4457 2672 4514 dialecticis
2715 4455 2918 4522 saeculi,
2949 4470 3072 4516 cum
3095 4455 3187 4516 his
3209 4454 3300 4530 qui
3321 4470 3424 4532 pro
3446 4457 3590 4514 veris

2007 4549 2144 4606 falsa
2165 4552 2512 4615 conﬁrmant,
2541 4557 2600 4606 ut
2623 4565 2718 4605 eos
2741 4547 2989 4608 confutet
3018 4555 3070 4616 et
3087 4557 3344 4620 superet,
3371 4556 3425 4602 et
3466 4546 3591 4602 sub—

2010 4653 2184 4700 vertet
2208 4644 2388 4698 omnia
2407 4657 2527 4711 quae
2553 4642 2658 4698 illis
2682 4642 2832 4698 falsis
2858 4642 3246 4699 assertionibus
3273 4649 3590 4696 construxe-

2007 4739 2152 4790 runt.
2185 4731 2310 4788 ideo
2340 4731 2570 4799 denique
2622 4731 2809 4785 videns
2852 4729 3186 4800 alacritatem
3237 4727 3351 4795 ejus
3391 4727 3546 4804 Iesus
3575 4771 3589 4794 ,

2000 4821 2300 4886 benedixit,
2364 4820 2558 4890 inquit,
2587 4825 2711 4879 eum
2740 4820 2974 4891 scilicet,
2993 4820 3143 4893 quod
3172 4819 3296 4876 talia
3339 4821 3591 4891 deposcat

1997 4924 2062 4972 et
2093 4914 2295 4974 audiat.
2327 4913 2434 4976 Sed
2471 4923 2526 4976 et
2557 4921 2614 4968 tu
2653 4913 2697 4974 si
2741 4912 2822 4970 vis
2859 4913 2988 4974 dare
3004 4927 3231 4987 operam
3267 4913 3460 4970 studiis
3483 4954 3497 4978 ,
3537 4923 3592 4968 et

2005 5006 2180 5077 legem
2214 5008 2512 5077 pmdentu-
2532 5006 2822 5076 meditari,
2855 5004 3074 5068 et
3103 5006 3358 5063 cordatus
3389 5007 3441 5062 in
3474 5001 3590 5082 lege

2011 5097 2131 5166 Dei,
2161 5107 2316 5169 potes
2345 5100 2475 5155 istas
2500 5097 2816 5169 magniﬁcas
2846 5103 2899 5149 et
2926 5098 3157 5167 munitas
3183 5099 3366 5164 urbes,
3402 5097 3455 5154 id
3484 5085 3587 5164 est,

2005 5189 2342 5252 .assectiones
2376 5190 2698 5246 subvertere
2734 5185 2986 5244 falsitatis
3013 5227 3028 5254 ,
3075 5195 3214 5246 utet
3244 5195 3299 5242 tu
3332 5189 3591 5244 merearis

2009 5280 2254 5338 benedici
2281 5282 2352 5336 ab
2373 5280 2499 5336 Jesu
2519 5321 2532 5344 ,
2567 5288 2621 5334 et
2662 5279 2906 5350 accipere
2936 5277 3171 5334 Hebron.
3204 5279 3592 5348 interpretatur

2009 5383 2190 5428 autem
2217 5371 2438 5428 Heli-ron
2465 5371 2764 5439 conjunctio
2784 5410 2799 5436 ,
2846 5370 2929 5425 vel
2950 5371 3280 5440 .conjugium.
3309 5369 3415 5425 Per
3443 5373 3592 5442 .quod

2011 5462 2243 5517 fortasse
2273 5469 2449 5532 potest
2496 5460 2622 5514 illud
2661 5462 2887 5524 ostendi,
2921 5462 3062 5535 quod
3109 5461 3361 5530 spelunca
3394 5462 3592 5532 duplex

2010 5563 2322 5624 comparata
2348 5555 2416 5610 ab
2447 5553 2719 5610 Abraham
2749 5553 3058 5625 patriarcha
3085 5554 3138 5631 in
3170 5569 3233 5609 ea
3259 5561 3361 5619 est,
3402 5555 3454 5609 in
3487 5571 3590 5626 qua

2003 5655 2222 5716 patrum
2257 5645 2496 5716 reliquiae
2514 5645 2720 5714 iacent,
2755 5644 2807 5698 id
2831 5652 2943 5711 est,
2974 5645 3247 5700 Abraham
3273 5660 3395 5700 cum
3433 5644 3588 5710 Sara,

2009 5736 2159 5790 Isaac
2175 5750 2300 5790 cum
2325 5733 2594 5804 Rebecca,
2617 5733 2787 5787 Jacob
2815 5748 2937 5788 cum
2961 5731 3078 5787 Lia.
3106 5731 3227 5802 Ipse
3247 5747 3376 5802 ergo
3398 5734 3453 5786 in
3479 5745 3593 5785 me-

2011 5825 2200 5886 moriis
2228 5837 2442 5899 patrum
2475 5825 2841 5882 bzercditatem
2871 5825 3014 5896 capit
3041 5823 3277 5895 prudens
3297 5830 3352 5878 ot
3371 5817 3589 5900 sapiens
