4074 6316
280 408 347 466 57
1035 431 1040 434 .
1197 443 1204 450 .
1275 399 1364 456 ne
1403 391 1968 457 UNIVERSOLIBRI
2007 391 2170 446 xxu.
2207 421 2276 431 -
2315 392 2442 448 LIB.
2484 394 2572 452 ιιι.
2755 465 2758 468 δ
3472 401 3548 458 ss

277 517 950 588 meruerunt.-Abimelccb
971 531 1104 582 vero
1120 516 1266 574 filius
1292 516 1500 573 ancillae
1533 522 1717 586 typum
1743 513 1857 566 An-
1885 511 1940 572 A
1963 512 2154 569 effecta
2187 520 2289 578 est,
2321 513 2577 572 Ecclesiae
2605 516 2807 574 Christi
2843 528 3025 590 typum
3060 526 3222 585 tenet,
3251 535 3372 592 qum
3395 519 3548 592 prius

284 615 777 684 tiebristivpertasse
811 611 1154 681 intelligitur,
1185 612 1278 681 qui
1313 609 1658 681 congregatis
1682 605 1864 676 perdi-

284 709 356 770 tis
378 703 682 772 naualibus
714 717 943 774 regnum
978 701 1085 757 sibi
1119 701 1366 773 improbe
1412 696 1718 768 usurpabit,
1747 709 1866 749 om-

283 811 476 868 nesque
500 803 719 852 sanctos
745 795 798 849 vi
821 803 878 850 et
918 792 1326 864 persecutione,
1375 789 1633 860 omnique
1674 787 1868 842 crude-

283 887 768 960 litatetrucidabit.
795 885 1070 944 Jonathan
1101 900 1232 942 vero
1251 883 1437 955 junior
1452 883 1631 954 figura
1651 888 1870 937 sancto-

261 971 406 1040 lrum
445 977 568 1035 fuit.
618 975 774 1033 Sicut
806 975 964 1032 enim
997 973 1272 1032 Jonathan
1291 971 1592 1045 perfugam
1618 969 1876 1035 recessit,

254 1079 340 1132 ret'
362 1070 551 1140 reliqui
595 1067 874 1124 interfecti
909 1075 1036 1123 sunt
1062 1065 1282 1130 fratres,
1327 1065 1405 1120 sic
1443 1078 1603 1120 nemo
1636 1060 1865 1130 evadere

278 1159 920 1232 potoritparsecutionem
943 1157 1290 1222 Antichristi,
1306 1155 1412 1211 nisi
1438 1155 1530 1224 qui
1555 1168 1652 1226 per
1681 1151 1862 1222 fugam

281 1251 586 1319 recesserit,
618 1249 768 1310 etin
799 1257 1051 1324 montem
1097 1246 1490 1310 benedictionis
1535 1241 1861 1302 ascenderit.

279 1345 374 1404 llic
395 1352 482 1410 est
504 1359 661 1408 mons
683 1383 703 1411 ,
738 1359 901 1415 quem
943 1344 1120 1399 sancti
1152 1341 1590 1406 circumdabant,
1619 1353 1782 1409 quem
1810 1345 1866 1392 et

279 1443 492 1502 sanctus
535 1434 836 1506 Moyses-in
863 1434 1355 1501 benedictionibus,
1401 1432 1543 1488 sicut
1561 1430 1676 1501 jam
1699 1443 1859 1498 supe-

279 1528 388 1595 rius
407 1527 618 1606 dictum
635 1533 740 1591 est,
773 1526 830 1582 in
851 1526 1276 1582 Denteronomio
1299 1523 1500 1594 posuit.

307 1617 535 1687 :gThola,
556 1617 660 1688 qui
677 1617 1068 1687 interpretatur
1086 1615 1444 1680 uermiculum,
1460 1615 1546 1671 vel
1569 1614 1858 1676 coccinum,

277 1710 544 1782 significat
565 1723 664 1766 eos
683 1708 784 1779 qui
822 1709 1054 1779 gemina
1097 1707 1378 1771 charitatis
1416 1706 1614 1761 ardore
1643 1702 1858 1758 accensi

277 1805 410 1862 bene
431 1802 692 1862 ducatum
728 1799 912 1871 populi
938 1799 1231 1856 Christiani
1255 1805 1468 1870 gerunt.

1968 607 2024 662 in
2059 606 2308 675 gentibus
2336 616 2453 662 erat
2487 608 2718 677 sterilis,
2775 626 2919 665 nunc
2971 610 3193 681 largiter
3238 613 3402 682 pollet
3451 629 3550 686 per

1965 697 2279 753 universam
2306 705 2507 753 terram
2535 700 2687 770 prole
2713 701 3074 757 innumerosse
3111 701 3476 760 fecunditatis.

2026 788 2156 859 Heli
2184 789 2574 861 interpretatur
2611 791 2753 848 Deus
2777 807 2942 848 meus.
2967 793 3067 848 llic
3089 792 3342 850 sacerdos
3363 808 3551 865 repro-

1965 879 2126 949 batus
2151 878 2508 950 abjectionem
2537 883 2825 940 sacerdotii
2847 884 3047 939 veteris
3076 884 3384 940 testamenti
3416 898 3562 955 prata

1967 969 2248 1042 ﬁguravit;
2281 973 2408 1044 quia
2438 974 2563 1028 licet
2592 974 2721 1030 illud
2755 991 2786 1030 a
2815 976 2927 1031 Deo
2955 988 3052 1048 per
3092 975 3313 1048 Moysen
3361 989 3555 1052 secunf-

1967 1063 2096 1118 dum
2139 1072 2350 1136 tempus
2377 1068 2686 1123 ordinatum
2712 1068 2924 1135 fuisset,
2953 1077 3132 1124 tamen
3168 1084 3275 1126 non
3303 1061 3556 1141 pcrman-'

1966 1155 2079 1221 sit,
2107 1155 2234 1226 quia
2261 1156 2407 1212 aliud
2433 1158 2628 1213 melius
2673 1157 2916 1214 futurum
2956 1172 3080 1236 erat
3104 1169 3164 1215 ut
3193 1160 3248 1215 in
3289 1169 3554 1217 aeternum

1965 1258 2309 1319 permaneret
2335 1268 2347 1303 :
2373 1249 2586 1305 Domini
2616 1250 2866 1306 videlicet
2887 1252 3058 1307 nostri
3080 1250 3208 1308 Jesu
3237 1250 3464 1318 Christi,
3489 1251 3556 1308 de

1966 1353 2075 1410 quo
2103 1339 2365 1408 scriptum
2394 1349 2478 1394 est
2504 1359 2517 1394 :
2552 1339 2630 1394 Tu
2651 1358 2704 1396 es
2731 1342 2975 1396 sacerdos
2998 1343 3054 1397 in
3092 1352 3346 1398 (eternum
3370 1360 3555 1399 secun-

1965 1429 2091 1484 dum
2123 1430 2357 1484 ordinem
2380 1414 2761 1486 Melchisedech
2786 1430 2960 1504 (Psal.
2991 1432 3125 1505 crx).
3486 1425 3488 1428 ’

2033 1519 2230 1591 Opimi,
2266 1520 2626 1588 discalciatus,
2665 1521 2806 1577 ﬁlius
2847 1522 2992 1577 enim
3019 1521 3136 1577 Heli
3176 1523 3300 1589 fuit,
3347 1522 3555 1579 electus

1964 1612 2018 1666 in
2075 1611 2438 1667 ministerium
2477 1611 2800 1677 sacerdotii;
2849 1610 3000 1680 cujus
3049 1612 3397 1668 amissionem
3456 1627 3556 1668 suo

1963 1705 2232 1776 expressit
2266 1704 2544 1761 vocabulo.
2601 1703 2893 1776 Apostolus
2940 1703 3087 1760 enim
3139 1705 3216 1759 ait
3262 1722 3275 1759 :
3328 1703 3554 1760 Calciati

1960 1797 2114 1867 pedes
2145 1797 2201 1850 in
2239 1795 2625 1867 prazparatione
2653 1793 2928 1866 Evangelii
2960 1796 3107 1866 pacis
3176 1794 3337 1867 (Eph.
3383 1794 3445 1866 ι).
3486 1793 3556 1849 Et

305 1894 595 1966 alain-qui
626 1895 1016 1964 interpretatur
1054 1892 1361 1948 illuminans
1391 1932 1407 1958 ,
1456 1891 1546 1947 hic
1591 1878 1938 1961 signiﬁcat]!
1966 1887 2238 1956 Propheta
2281 1901 2295 1940 :
2345 1884 2520 1951 Quam
2572 1886 2794 1956 speciosi
2851 1885 3044 1958 pedes,
3098 1888 3187 1956 qui
3236 1886 3555 1940 annuntiant

277 1987 685 2056 Redemptoretn
713 1985 1104 2055 nosti-tumqui
1150 1985 1259 2041 dux
1289 1993 1346 2040 et
1393 1997 1490 2041 rex
1542 1991 1622 2039 est
1677 1981 1860 2052 populi

276 2076 600 2150 Christiani.-
643 2076 798 2144 Quod
840 2077 980 2134 bene
1027 2077 1142 2146 ipsa
1191 2077 1568 2134 demonstrant
1614 2073 1857 2130 nomina.

275 2167 383 2228 hit
403 2169 558 2226 enim
583 2169 970 2238 interpretatur
996 2168 1323 2234 illuminant,
1346 2167 1620 2228 etGalaad
1647 2184 1862 2223 acervus

275 2261 574 2328 testim-ii.
591 2259 919 2318 :lllumin‘ans
956 2260 1093 2317 bene
1117 2259 1314 2316 dicitur
1349 2259 1609 2314 Dominus
1633 2268 1818 2314 noster
1840 2297 1856 2326 ,

273 2352 478 2426 dequo‘
499 2352 762 2422 scriptum
807 2359 892 2408 est
934 2351 990 2407 in
1038 2351 1328 2418 Evangelio
1357 2369 1370 2405 :
1403 2349 1536 2404 Erat
1563 2350 1658 2404 tua:
1691 2365 1810 2404 vera
1839 2389 1856 2416 ,

1962 1977 2186 2048 pacem!
2213 1974 2366 2049 (lsai.
2409 1975 2526 2048 ιιι.)
2568 1976 2674 2032 Iste
2725 1990 2854 2047 ergo
2903 1975 3262 2032 discalceatus
3291 1975 3556 2044 interpre-

1965 2078 2132 2135 tatur,
2173 2077 2236 2123 ut
2263 2067 2379 2138 ejus
2429 2069 2647 2124 nomine
2693 2067 2896 2124 veteris
2939 2068 3251 2124 testamenti
3297 2065 3553 2126 sacerdo-

1963 2161 2097 2216 tium
2123 2175 2153 2214 a
2179 2159 2351 2216 veteri
2382 2159 2579 2230 populo
2601 2159 3001 2231 signiﬁcaretur
3022 2159 3280 2215 ablatum.

2031 2251 2263 2306 Phinees
2322 2266 2484 2320 super
2528 2249 2706 2321 Ophni
2756 2269 2812 2306 os
2870 2260 3074 2306 mutum
3124 2252 3552 2322 interpretatur;

1961 2335 2068 2418 quo
2105 2347 2444 2419 signiﬁcatur
2469 2347 2760 2403 sacerdotii
2793 2347 2993 2404 veteris
3018 2356 3075 2402 et
3100 2348 3359 2402 doctrina:
3385 2346 3553 2404 silen-

271 2461 386 2516 ipse
428 2447 701 2504 illum
729 2463 944 2503 omnem
979 2447 1244 2502 nominem
1283 2447 1568 2502 venientem
1615 2447 1672 2502 in
1720 2446 1859 2512 hunc
1963 2441 2120 2496 tium.
2142 2438 2206 2493 Hi
2230 2455 2359 2511 ergo
2383 2439 2720 2504 sacerdotes,
2748 2438 2842 2510 qui
2867 2445 3025 2509 capta
3051 2452 3119 2493 ex
3143 2439 3396 2508 gentibus
3423 2451 3551 2493 arca

271 2533 727 2607 ωκηάιινηιψααιιλ
760 2535 834 2606 ι);
859 2542 914 2591 et
944 2535 1014 2591 ad
1055 2547 1218 2606 quem
1250 2533 1562 2605 in-psalmis
1585 2533 1865 2603 Propheta
1959 2537 2223 2608 perempti
2254 2545 2400 2602 sunt,
2430 2537 2649 2608 signant
2684 2535 3064 2606 posteritatem
3091 2533 3378 2589 sacerdotii
3402 2533 3549 2604 prio-

272 2624 756 2684 aiezdluumlnans,
790 2634 857 2701 tu
903 2625 1229 2686 mirabiliter;
1266 2642 1300 2688 (ι
1346 2624 1610 2686 montibus
1649 2624 1858 2679 (uternis
1960 2629 2055 2701 ris.
2085 2627 2250 2698 fuisse
2299 2628 2648 2694 exstinctam.
2697 2635 2753 2683 et
2790 2625 2928 2699 legis
2984 2631 3369 2706 testamentum
3424 2637 3548 2681 esse

272 2713 795 2788 (Περινωψιιισ
827 2730 963 2787 ergo
986 2715 1304 2792 .ex-Galaad
1330 2723 1433 2781 est,
1463 2715 1591 2785 quia
1618 2730 1688 2772 ex
1712 2714 1864 2801 Scrij
1961 2720 2281 2776 translatum
2311 2720 2380 2776 ad
2410 2719 2614 2777 cultum
2642 2719 2909 2791 gentium.

268 2805 450 2873 putris.
483 2807 669 2864 sacris.
687 2806 806 2877 ejus
852 2807 1054 2864 notitia.
1078 2807 1380 2878 percipitur
1407 2824 1420 2860 :
1445 2820 1615 2876 quem
1643 2805 1737 2876 qui
1783 2804 1858 2864 ibi

268 2900 436 2954 corde
453 2898 679 2955 credulo
701 2899 918 2970 quaerit,
939 2899 1246 2958 sinedubie
1270 2898 1498 2956 invenit.

291 2988 540 3062 «Iephte
553 2991 656 3059 qui
675 2991 1063 3061 interpretatur
1084 2990 1342 3061 aperiens,
1372 2988 1460 3046 vel
1483 2998 1720 3060 apertum
1757 2997 1854 3044 est.

267 3078 532 3150 ilicspost
561 3081 846 3138 victoriam
883 3081 1052 3138 filiam
1092 3081 1432 3146 immolavit,
1480 3078 1859 3153 Redemptoris

267 3173 568 3230 ostendens
583 3173 846 3244 ﬁguram,
881 3175 974 3244 qui
999 3173 1195 3230 afacie
1221 3174 1449 3232 fratrum
1487 3189 1709 3231 suorum
1732 3216 1747 3240 ,
1801 3175 1856 3232 id

1975 2877 1978 2880 ξ
2031 2810 2251 2866 Samuel
2294 2811 2685 2879 interpretatur
2713 2825 2907 2874 nomen
2939 2808 3054 2879 ejus
3105 2807 3270 2864 Deus.
3315 2798 3434 2865 Hic'
3461 2821 3552 2878 ree

1957 2903 2186 2973 probato
2235 2901 2352 2958 [leti
2397 2902 2454 2957 in
2515 2902 2820 2958 ministerio
2893 2901 3213 2959 sacerdotali
3268 2902 3552 2958 successit.

1959 2992 2095 3060 Novi
2129 2993 2418 3048 sacerdotii
2455 2993 2854 3066 successionem
2889 2991 3101 3064 abjecto
3147 2993 3320 3050 veteri
3371 3007 3554 3051 sacer-

1958 3085 2108 3159 dotio
2136 3084 2540 3156 praenuntiavit.
2861 3131 2864 3133 Α
3511 3157 3540 3168 ψ,

2029 3179 2154 3247 lsai,
2183 3179 2275 3250 qui
2312 3179 2700 3252 interpretatur
2733 3179 2920 3236 insula:
2965 3180 3319 3251 sacriﬁcium,
3351 3177 3439 3236 vel
3468 3178 3552 3252 in:

267 3242 722 3331 estg'Judsornm
739 3242 1041 3326 abscedens
1071 3310 1087 3336 ,
1119 3269 1174 3326 in
1214 3270 1467 3342 gentibus
1490 3271 1854 3342 principatum
1881 3242 1936 3309 θ
1959 3242 2217 3336 ceruum;
2247 3242 2502 3341 populum
2541 3242 2820 3343 significat
2857 3242 3126 3340 priorem,
3155 3269 3247 3340 qui
3275 3242 3374 3338 per
3396 3242 3549 3325 mare

267 3357 508 3427 sempit;
535 3357 630 3427 qui
653 3358 1118 3415 omnia'hnmana‘.
1137 3358 1332 3415 salutis
1372 3369 1710 3420 sacramenta
1742 3369 1860 3417 tan-

266 3447 682 3518 qnam-iuratus
700 3449 963 3520 explevit,
1015 3457 1071 3506 et
1099 3450 1253 3520 quasi
1283 3449 1450 3508 filiam
1471 3451 1618 3516 ,..ita
1638 3465 1862 3520 carnem

263 3537 676 3608 propriampro
704 3539 879 3594 salute
901 3539 1068 3595 Israel
1098 3539 1326 3600 Domino
1357 3540 1588 3598 obtulit.
1638 3539 1861 3598 Jurasse

262 3626 780 3698 Patrinnigenitum
805 3629 1031 3700 legimus
1049 3631 1261 3700 psalmo
1289 3631 1502 3692 dicente
1535 3649 1555 3684 ς
1578 3630 1745 3698 ,δὶεαι
1769 3631 1861 3700 jus

263 3719 876 3783 γαιῦοζυοωὶωςιυοιαηι
911 3724 1047 3777 nouit
1077 3723 1190 3778 Deo.
1227 3724 1394 3780 Iacob
1424 3722 1596 3794 (Psal.
1626 3723 1814 3795 cum)
1839 3739 1856 3790 ;

263 3811 482 3866 scilicet
497 3817 562 3863 ut
584 3818 984 3866 sacramentum
999 3812 1286 3883 "religionis
1313 3814 1368 3867 in
1395 3815 1576 3870 carnis
1602 3828 1712 3872 suae
1735 3829 1862 3884 pas-

265 3904 418 3960 sione
443 3901 753 3974 prosalute
781 3903 996 3973 generis
1021 3903 1245 3962 humani
1270 3903 1527 3974 expleret.
1637 3955 1642 3964 .

271 3995 575 4050 d’Samson
595 3994 989 4064 interpretatur
1005 3994 1085 4050 sol
1102 4011 1304 4060 eorum,
1320 3995 1404 4051 vel
1424 3996 1552 4050 solis
1581 3997 1858 4066 fortitudo.

268 4086 568 4146 Momm
593 4085 809 4141 virtute
824 4087 1025 4153 clarus,
1057 4094 1118 4142 et
1141 4086 1386 4144 liberavit
1406 4086 1574 4144 Israel
1598 4089 1665 4142 de
1686 4089 1862 4147 hosti-

268 4180 414 4240 lium
445 4175 949 4233 Salvatorisnostri
981 4186 1212 4234 mortem
1248 4185 1302 4234 et
1347 4177 1632 4236 victoriam
1661 4179 1860 4248 ﬁgura-

268 4269 509 4333 rit,isive_
533 4267 760 4338 quiade
780 4267 1029 4324 faucibus
1056 4267 1254 4326 diaboli
1283 4275 1472 4341 gentes
1491 4269 1646 4338 quasi
1675 4269 1860 4326 favum

270 4358 456 4415 abiere
485 4359 746 4429 praecepti
761 4359 934 4416 leonis
956 4360 1240 4425 abstraxit,
1272 4361 1386 4424 sive
1411 4361 1539 4432 quia
1559 4369 1686 4431 post
1713 4377 1859 4419 mor-

273 4459 398 4506 tem.
414 4451 624 4520 plures.
649 4450 895 4516 literatur
918 4491 934 4519 ,
981 4450 1358 4524 plurimosque.
1405 4454 1666 4522 moriens;
1681 4469 1858 4525 quam

271 4543 505 4597 ﬁlms-ex
513 4542 727 4600 stituit.
751 4593 756 4595 Α
803 4595 806 4597 λ
1377 4595 1392 4607 ν,
1539 4571 1542 4576 -

339 4633 528 4699 Dalila,
562 4647 680 4702 quze
708 4633 1097 4703 interpretatur
1118 4634 1456 4705 paupercula,
1485 4636 1574 4692 vel
1595 4637 1860 4702 situla,-et

276 4720 498 4778 Samon
531 4721 815 4778 .verticem
845 4723 1162 4788 decalvavit,
1195 4723 1543 4795 ὅμωςοΜ
1565 4725 1853 4796 significat,

274 4828 388 4882 quis
412 4812 690 4870 Christum
715 4812 770 4870 in
795 4812 1209 4873 locoﬂalvariae
1246 4814 1544 4872 cruciﬁxit.
1578 4853 1585 4868 ς
1678 4838 1687 4864 τ
1767 4863 1771 4868 .
1845 4851 1848 4858 .

293 4905 478 4961 ςωΒοαι
501 4945 517 4970 ,
543 4905 1054 4974 (ιυίνίυίθφτοιδιυι-
1079 4906 1132 4959 in
1158 4906 1468 4975 fortitudine
1487 4946 1503 4969 ,
1527 4907 1730 4964 sive'in
1749 4924 1858 4978 quo

277 4995 448 5061 ωιτν,
469 4995 750 5052 Christum
779 5010 976 5052 verum
999 4995 1254 5054 Ecclesiae
1281 5011 1538 5067 sponsum
1563 4999 1853 5076 expressit.

289 5086 487 5142 diutis
516 5087 903 5157 interpretatur
925 5089 1212 5158 festinantis
1231 5088 1545 5160 Alienigena
1571 5091 1718 5148 enim
1735 5100 1854 5148 erat

276 5177 830 5248 urgendi-populo;
859 5192 983 5248 qum
1009 5219 1032 5246 ,_
1069 5178 1275 5235 relicta.
1307 5180 1486 5249 patria
1508 5221 1523 5245 ,
1579 5179 1854 5238 festinavit

277 5271 630 5326 tru’i'sillreina
648 5271 1050 5326 terramhrael
1064 5312 1079 5337 ,
1096 5272 1291 5328 dicens
1313 5271 1492 5329 socrui
1520 5287 1634 5328 sure
1661 5287 1678 5326 :
1709 5271 1854 5339 Quo-

277 5371 470 5430 cunque
481 5363 778 5432 perrmris
805 5375 1016 5430 pergam
1038 5359 1224 5432 (Ruth.
1258 5360 1321 5430 ι).
1346 5360 1474 5418 Haec
1502 5361 1802 5433 alienigena
1831 5403 1850 5430 ,

279 5462 390 5516 qua:
429 5451 723 5506 Israelitico
751 5451 870 5506 viro
897 5450 1100 5520 nupsit,
1138 5449 1436 5506 Ecclesiam
1479 5451 1850 5508 ad.Christum

278 5538 855 5596 whatemzostendit.
915 5575 921 5592 ι
1097 5575 1100 5582 -
1537 5585 1540 5588 .

290 5629 494 5688 ΝΛΜ
515 5667 517 5670 ‹
542 5636 730 5704 gratia
751 5635 871 5704 ejus
896 5636 1331 5704 interpretatur.
1386 5634 1675 5703 Qtuedum
1697 5637 1855 5706 prius

277 5729 414 5780 esset
437 5726 1195 5795 sterilismtttmg'postremo
1219 5729 1322 5785 Dei
1358 5729 1528 5799 gratia
1568 5729 1852 5784 fecundata

278 5817 375 5868 est.
420 5813 541 5871 Haec
583 5827 705 5886 quae
731 5811 842 5870 fuit
861 5815 1061 5872 sterilis
1089 5857 1106 5885 ,
1148 5825 1207 5871 et
1239 5819 1577 5889 postmodum
1621 5818 1850 5882 fecunda

1879 4597 1935 4660 D

1959 3361 2204 3418 Rubrum
2247 3376 2345 3432 per
2372 3362 2593 3433 Moysen
2624 3362 2950 3429 translatus,
2997 3360 3552 3426 sacriﬁciumsecun:

1959 3451 2088 3518 dum
2117 3453 2292 3524 legem
2323 3451 2436 3508 Deo
2458 3452 2703 3508 exhibuit
2746 3453 2803 3508 in
2848 3451 3083 3509 deserto.
3116 3451 3193 3506 De
3221 3465 3327 3521 quo
3351 3464 3548 3510 secun-

1961 3544 2088 3604 dum
2119 3558 2353 3616 carnem,
2378 3551 2537 3609 natus
2555 3551 2643 3618 est
2670 3542 2840 3600 David
2865 3550 3082 3614 noster,
3110 3541 3376 3618 Dominus
3397 3537 3546 3620 vide-1

1960 3637 2086 3698 licet
2109 3636 2264 3693 Jesus
2313 3623 2586 3708 Christus,
2615 3635 2709 3708 qui
2746 3644 2831 3704 est
2854 3635 2971 3692 Rex
2999 3648 3190 3710 regum
3212 3641 3267 3689 et
3290 3630 3554 3690 Dominus

1963 3726 2375 3790 dominantium.
2793 3777 2796 3782 .
2938 3775 2942 3780 .
3046 3783 3051 3790 .
3101 3785 3107 3796 .
3481 3737 3505 3798 ιῘ

1980 3848 1996 3868 τ,
2034 3815 2164 3878 Saul
2209 3819 2388 3886 petitio
2423 3817 2832 3888 interpretatur.
2881 3814 3082 3872 Notum
3112 3813 3364 3872 estenim
3397 3813 3545 3892 quod

1960 3907 2311 3975 Hebraeorum
2335 3907 2564 3976 populus
2591 3921 2714 3962 eum
2738 3906 2842 3971 sibi
2876 3919 3060 3976 regem
3085 3910 3296 3974 peteret
3316 3909 3372 3958 et
3399 3916 3555 3957 acce—

1962 4000 2061 4070 pit,
2093 4013 2198 4053 non
2221 3999 2516 4064 secundum
2558 3998 2749 4063 Deum,
2794 3997 2891 4052 sed
2920 3995 3218 4053 secundum
3265 4008 3420 4049 suam
3456 3983 3553 4047 vn-

1962 4090 2246 4154 lentatem.
2290 4087 2389 4145 Hic
2431 4103 2528 4143 rex
2557 4086 2766 4142 Iudaici
2797 4087 2978 4156 populi
3013 4086 3254 4142 insinuat
3287 4075 3551 4156 reprobaé

1962 4180 2163 4236 tionem
2193 4219 2210 4245 ,
2253 4179 2371 4233 sive
2425 4178 2667 4250 ejusdem
2708 4176 2890 4248 pepuli
2956 4175 3354 4232 mmulationem
3386 4215 3402 4240 ,
3456 4173 3549 4246 qui

1963 4273 2166 4337 David,
2208 4272 2399 4337 idest,
2427 4271 2704 4327 Christum
2746 4267 2949 4339 injuste
2983 4267 3188 4340 judicio
3211 4275 3440 4342 conatus
3466 4275 3552 4344 est

1960 4361 2208 4432 perdere.
2671 4417 2675 4426 .
2768 4425 2770 4428 ,
3489 4431 3492 4436 ,
3533 4427 3541 4436 ,.

2005 4451 2201 4510 David
2227 4451 2616 4522 interpretatur
2641 4450 2794 4520 fortis
2827 4467 3022 4516 manu,
3046 4444 3246 4522 utique
3275 4449 3402 4522 quia
3443 4447 3550 4506 for-

1959 4544 2201 4608 tissimus
2225 4545 2280 4600 in
2310 4545 2509 4615 prmliis
2538 4543 2662 4611 fuit,
2691 4545 2806 4614 ipse
2824 4552 2884 4599 et
2903 4543 3266 4600 desiderabilis
3296 4544 3351 4599 in
3381 4542 3549 4614 stirpe

1960 4635 2170 4704 scilicet
2204 4651 2302 4694 sua
2331 4673 2348 4700 ,
2391 4636 2458 4692 de
2491 4651 2598 4705 qua
2650 4635 2977 4705 praedixerat
3017 4635 3282 4704 propheta
3312 4650 3326 4686 :
3364 4623 3548 4712 Veniet

1958 4727 2285 4794 desideratus
2318 4727 2517 4782 cunctis
2542 4724 2969 4796 gentibuslAgg.
3003 4722 3087 4792 ιι).
3115 4722 3214 4775 Hic
3247 4711 3548 4774 Salvattiris

1957 4815 2129 4878 nostri
2176 4813 2444 4884 expressit
2490 4812 2798 4882 imaginem,
2830 4811 2946 4865 sive
2973 4809 3117 4879 quod
3155 4807 3209 4864 in
3248 4803 3545 4888 sectatione

1957 4904 2264 4966 Iudaeorum
2315 4901 2567 4972 injustam
2619 4901 3046 4972 persecutionem
3093 4899 3385 4965 sustinuit,
3433 4899 3546 4954 sive

1959 4997 2102 5076 quod
2141 5011 2308 5058 manu
2358 4996 2517 5051 fortis
2549 4993 2747 5049 fortem
2779 4993 2910 5047 vicit
2937 4991 3210 5046 diabolum
3239 4999 3401 5064 atque
3427 4987 3546 5045 alli-’

1961 5089 2130 5161 gavit,
2165 5087 2387 5157 ejusque
2413 5087 2584 5158 spolia
2612 5086 2665 5139 in
2695 5093 2809 5140 toto
2834 5083 2964 5139 orbe
2985 5081 3276 5142 distribuit.

1969 5225 1972 5234 .
2000 5181 2242 5236 .Goliath
2266 5180 2512 5252 designat
2539 5177 2840 5245 diabolum;
2864 5175 3019 5246 cujus
3044 5176 3357 5256 superbiam
3379 5169 3540 5232 Chri-

1956 5274 2028 5332 sti
2047 5273 2348 5344 prostravit
2377 5270 2676 5326 humilitas.
2965 5345 2968 5348 ῃ

2025 5365 2294 5424 Ionathan
2319 5363 2705 5434 interpretatur
2730 5361 2981 5417 columba:
3001 5361 3218 5415 donum.
3257 5357 3542 5431 Signiﬁcat

1954 5472 2050 5514 eos
2073 5496 2088 5520 ,
2132 5455 2224 5525 qui
2252 5452 2607 5530 pergratiam
2635 5449 2866 5522 Spiritus
2910 5452 3084 5506 sancti
3112 5465 3256 5506 verat
3283 5448 3408 5505 ﬁdei
3440 5449 3539 5504 do-

1954 5561 2084 5600 num
2121 5552 2180 5598 et
2213 5541 2552 5608 devotionem
2578 5556 2705 5612 erga
2745 5541 2910 5595 David
2942 5549 3186 5596 nostrum
3212 5538 3536 5609 percipiunt.

2028 5635 2188 5702 Urias
2229 5633 2612 5706 interpretatur
2661 5631 2752 5685 lux
2805 5648 2917 5686 mea
2965 5629 3066 5685 Dei
3109 5638 3204 5684 est.
3262 5627 3541 5708 Significat

1956 5725 2226 5796 diabolum
2251 5765 2267 5790 ,
2315 5723 2406 5796 qui
2453 5739 2511 5778 se
2558 5739 2656 5794 per
2695 5722 2966 5777 fictionem
3022 5721 3077 5776 in
3113 5705 3362 5791 angelum
3403 5705 3539 5772 lueis

1958 5793 2255 5885 transtulit.
2283 5793 2448 5884 Cujus
2471 5793 2722 5884 conjugio
2749 5813 2901 5884 prius
2926 5820 3045 5867 crat
3067 5811 3314 5881 copulata
3349 5805 3538 5864 Eccle«
