4074 6316
275 341 346 396 69
1284 325 1373 378 DE
1414 321 1758 377 UNlVEllSU
1802 321 1857 372 ii

1965 318 1977 371 Ι
2018 321 2180 375 Χέἐη.
2223 355 2292 362 —
2333 325 2460 378 LIB.
2503 325 2589 378 lll.
3477 329 3546 384 70

277 455 420 524 facta
448 455 568 503 sunt
600 447 775 501 omnia
806 459 934 498 nova
967 433 1050 513 (11
1065 438 1184 494 Cor.
1210 433 1283 508 ν).
1316 435 1663 506 PrOphetavit
1689 442 1862 488 autem
1892 437 1943 495 Α
1968 436 2141 504 phetze
2189 437 2412 506 figuram
2447 447 3147 508 gestavcrtmt'sanctomm,
3181 443 3272 511 qui
3314 443 3369 498 in
3392 444 3548 500 nobis

277 545 380 600 sub
405 541 536 598 Ozia
579 548 702 607 rege
738 533 895 600 Iuda,
948 533 1162 602 quando
1212 539 1266 586 et
1316 529 1453 586 Osee
1491 538 1545 584 et
1591 529 1755 582 Amos
1808 535 1863 581 ct

279 637 449 692 Isaias
476 631 949 703 proplielaverunt.

357 723 607 783 Micheas,
634 718 723 789 qui
745 718 1127 786 interpretatur
1154 716 1269 787 quis
1317 715 1421 779 hic,
1459 711 1546 768 vel
1578 711 1694 783 quis
1744 711 1858 776 iste,

281 824 373 870 aut
410 810 699 872 humilitas,
728 806 996 877 signiﬁcat
1021 800 1172 859 illum
1206 804 1296 874 qui
1344 805 1399 857 in
1427 800 1718 872 Evangelia
1742 801 1816 856 ait
1843 818 1859 855 :

281 905 476 959 Discite
506 919 537 954 a
563 916 642 953 me
670 900 791 969 quia
833 899 973 951 mitis
1003 907 1115 950 sum
1146 895 1433 953 eLhumilis
1469 895 1620 948 corde
1643 890 1857 964 (Matth.

282 995 356 1066 xi)
379 1035 392 1060 ,
419 1000 475 1046 et
505 983 576 1044 de
597 996 703 1059 quo
731 981 996 1059 Propheta
1043 987 1180 1042 dixit
1207 1005 1218 1040 :
1253 985 1647 1040 Generationem
1689 995 1860 1039 autem

280 1089 394 1157 ejus
422 1086 534 1156 quis
566 1081 1005 1153 enarrabit(1sai.
1037 1081 1192 1152 Lm)?
1223 1081 1292 1135 ad
1319 1091 1478 1151 quem
1508 1081 1729 1135 verbum
1767 1079 1861 1134 Dei

279 1177 485 1232 factum
512 1177 614 1240 est,
643 1173 768 1243 quia
826 1171 1043 1226 Verbum
1071 1183 1193 1227 caro
1224 1173 1418 1242 factum
1446 1182 1541 1237 est,
1576 1182 1623 1226 et
1660 1171 1862 1225 Itabila-

281 1268 349 1320 rit
394 1267 445 1319 in
475 1265 617 1318 nobis
655 1262 836 1334 (Joan.
867 1261 938 1334 t);
970 1273 1068 1332 per
1097 1263 1246 1331 cujus
1275 1261 1725 1333 dispensationem
1755 1263 1864 1331 pri-

283 1363 427 1410 mum
477 1353 754 1423 propheta:
800 1359 854 1406 et
892 1359 1075 1423 pustea
1104 1353 1326 1422 apostoli
1371 1353 1437 1407 ad
1466 1353 1862 1422 praedicandum

282 1447 506 1501 verbum
536 1443 629 1499 Dei
660 1443 809 1498 mis‘si
854 1447 994 1498 sunt.
1027 1445 1296 1511 Quantum
1326 1455 1452 1514 ergo
1492 1439 1559 1497 ad
1585 1441 1862 1497 historiam

282 1533 514 1609 pertinet
563 1533 857 1588 secundum
906 1535 1148 1588 ordinem
1188 1531 1541 1602 captivitatis,
1591 1532 1713 1600 quia
1753 1531 1864 1600 pri-

283 1649 428 1688 mum
484 1632 568 1686 est
616 1637 772 1700 capta
816 1630 1058 1686 Samaria
1111 1627 1416 1698 metropolis
1458 1625 1641 1691 lsrael,
1678 1633 1865 1694 postea

286 1717 620 1778 Hierosalem
650 1724 780 1776 urbs
801 1719 971 1786 Judze,
993 1721 1285 1791 prophetim
1307 1719 1490 1772 titulus
1515 1718 1734 1787 ponitur
1755 1715 1864 1786 pri-

1963 526 2120 593 lmjus
2147 530 2594 600 peregrinationis
2621 532 2732 586 vita
2772 531 3016 588 futurum
3043 541 3259 606 tempus
3277 537 3550 594 liberatio-

1962 619 2046 674 nis
2074 620 2383 677 decantant.

2034 710 2326 768 Malaehias
2376 715 2758 784 interpretatur
2803 717 3022 787 angelus
3063 717 3302 786 Domini,
3347 719 3402 774 id
3444 732 3546 786 est,

1964 804 2196 856 nuntius.
2229 804 2496 873 Quidquid
2521 806 2667 860 enim
2688 806 3038 876 loquebatur,
3068 809 3223 878 quasi
3259 825 3290 862 a
3324 808 3552 865 Domino

1964 897 2141 948 essent
2169 895 2440 960 mandata,
2474 896 2550 949 ita
2579 897 2936 952 credebantur
2961 916 2972 950 :
2999 906 3054 953 et
3091 895 3217 954 inde
3243 900 3317 954 ita
3349 911 3545 955 nomen

1963 983 2078 1054 ejus
2110 984 2456 1056 Septuaginta
2481 988 2804 1060 interpretes
2825 991 3238 1058 transtulerunt,
3265 993 3506 1049 dicentes
3534 1013 3547 1048 :

1965 1075 2266 1148 Assumptio
2304 1081 2444 1134 verbi
2482 1082 2704 1137 Domini
2725 1099 2883 1154 super
2905 1084 3076 1140 Israel
3102 1087 3160 1140 in
3196 1101 3357 1142 manu
3379 1088 3554 1159 angeli

1966 1171 2097 1240 ejus.
2130 1170 2232 1226 iste
2263 1174 2407 1228 enim
2451 1182 2632 1245 typum
2678 1176 2978 1234 Salvatoris
3015 1179 3188 1235 nostri
3231 1180 3423 1249 tenuit,
3458 1181 3552 1252 qui

1969 1263 2184 1332 angelus
2205 1266 2380 1334 magni
2403 1266 2610 1320 consilii
2641 1267 2857 1323 dicitur.

2035 1353 2235 1408 Esdras
2263 1354 2654 1425 interpretatur
2680 1359 2910 1429 adjutor.

2039 1441 2327 1496 Nebemias
2348 1444 2736 1515 interpretatur
2760 1450 3057 1505 consolator
3076 1466 3108 1505 a
3133 1451 3379 1507 Domino.
3411 1451 3553 1520 Quo-

1967 1531 2090 1585 dam
2121 1533 2262 1586 enim
2297 1536 2560 1605 praesagio
2595 1536 2897 1594 futurorum
2947 1540 3168 1596 nomina
3211 1543 3312 1598 ista
3360 1545 3551 1598 sortita

1968 1633 2109 1680 sunt.
2144 1623 2382 1682 Fuerunt
2413 1630 2556 1683 enim
2600 1631 2653 1684 in
2689 1631 3018 1699 adiutorium
3046 1639 3101 1688 et
3129 1633 3552 1690 consolationem

1967 1718 2114 1771 omni
2148 1718 2221 1772 illi
2253 1718 2448 1788 populo
2477 1721 2723 1776 redeunti
2765 1723 2830 1777 ad
2871 1722 3124 1793 patriam.
3157 1724 3296 1780 Nam
3323 1732 3379 1782 et
3421 1735 3556 1782 tem-

285 1817 433 1868 inu'm
467 1813 528 1868 de
560 1811 829 1877 Samaria,
862 1811 1097 1866 secundo
1123 1809 1186 1864 de
1215 1802 1566 1864 liierttsalem.
1596 1807 1864 1874 Quantum
1892 1799 1942 1859 B
1968 1808 2114 1880 pium
2156 1810 2368 1865 Domini
2398 1813 2561 1866 iidem
2604 1813 3084 1881 resediiicaverunt,
3112 1823 3167 1873 et
3190 1831 3468 1874 murorum
3501 1827 3556 1873 et

283 1913 416 1963 vero
447 1907 514 1960 ad
549 1905 804 1977 mysticos
847 1904 1166 1967 intellectus,
1213 1901 1336 1971 quia
1383 1899 1626 1955 Samaria
1657 1909 1867 1968 semper

285 1999 338 2052 in
366 1997 662 2053 lnc‘reSibtis
685 1997 966 2066 accipitur.
1002 1993 1330 2048 Hierosalem
1356 1993 1406 2046 in
1441 2001 1564 2062 typo
1591 1991 1862 2058 Ecclesize,

284 2085 511 2142 dicimus
558 2088 780 2141 verbum
807 2086 1020 2140 Domini
1066 2085 1178 2139 ﬁeri
1230 2085 1294 2139 ad
1333 2081 1589 2139 humilem
1619 2083 1868 2139 etcohae-

283 2181 464 2235 redem
491 2175 691 2235 Christi
727 2177 791 2232 de
827 2175 1051 2233 diversis
1073 2175 1411 2248 dogmatibus
1438 2175 1708 2241 Ecclesize,
1740 2177 1866 2246 quia

285 2271 422 2329 forte
457 2276 737 2343 peccatum
775 2271 1136 2336 commiserat,
1178 2277 1231 2325 et
1275 2269 1438 2324 totius
1475 2270 1678 2325 Ordinis
1723 2269 1868 2324 volu-

284 2379 407 2418 men
437 2361 769 2416 contexerat.

355 2451 566 2509 Nah'um
615 2451 1003 2524 interpretatur
1025 2470 1250 2524 germen,
1292 2454 1404 2510 sive
1433 2453 1746 2508 consolator.
1775 2453 1863 2508 In-

285 2554 470 2616 crepat
496 2544 639 2600 enim
665 2545 932 2598 civitatem
956 2545 1294 2616 sanguinum,
1317 2543 1371 2599 et
1395 2555 1511 2615 post
1532 2544 1868 2600 eversionem

285 2634 429 2690 illius
458 2635 764 2690 consolatur
787 2634 938 2700 Sion,
963 2637 1146 2690 dicens
1176 2655 1187 2689 :
1226 2633 1359 2690 Ecce
1384 2653 1540 2706 super
1563 2643 1760 2689 montes
1781 2653 1868 2706 pe-

287 2727 376 2781 des
399 2725 792 2797 erangcﬁzanti's
814 2737 858 2780 et
883 2727 1243 2781 annuntiantis
1274 2743 1450 2796 pacem
1479 2725 1645 2797 (Na/1.
1670 2727 1730 2798 ι).
1769 2717 1868 2781 Hic

287 2833 505 2888 quoque
548 2826 854 2872 sanctorum
901 2817 1315 2887 prendicatorum
1347 2825 1528 2888 typum
1569 2821 1730 2882 tenet,
1775 2818 1866 2886 q’ui

286 2911 566 2965 civitatem
594 2909 929 2978 sanguinum,
962 2909 1062 2963 hoc
1087 2916 1187 2971 cst,
1217 2908 1543 2977 Babylonem
1569 2907 1866 2977 spiritalem

289 3003 626 3071 increpantes
658 3003 904 3071 arguunt,
936 3007 1155 3069 germen
1186 2997 1308 3052 fidei
1353 3005 1405 3053 et
1445 2998 1706 3053 bonorum
1735 3014 1862 3068 ope-

287 3109 408 3147 rum
440 3093 506 3146 ab
549 3093 624 3146 eis
661 3091 997 3161 expetentes;
1051 3092 1094 3146 'si
1140 3091 1509 3160 pmnitentiam
1553 3091 1760 3160 egerint
1799 3092 1863 3146 de

1969 1900 2198 1954 turrium
2225 1915 2359 1972 opus
2403 1903 2503 1972 ipsi
2547 1911 3006 1962 restauraverunt.
3039 1904 3250 1978 Typnm
3284 1921 3414 1979 ergo
3463 1909 3552 1964 isti

1967 1992 2166 2048 habent
2214 2000 2269 2048 et
2315 1995 2681 2064 apostolorum
2726 2005 2780 2052 et
2817 1997 3234 2068 praedicatorum
3278 1997 3555 2070 Evangelii

1968 2084 2190 2150 Christi,
2220 2086 2312 2154 qui
2352 2085 2596 2155 spiritale
2621 2087 2908 2143 aediﬁci-um
2939 2088 3032 2144 Dei
3051 2091 3174 2158 post
3194 2089 3400 2145 exitum
3425 2089 3558 2145 ﬁde-

1967 2172 2096 2227 lium
2139 2176 2204 2228 de
2246 2174 2520 2245 Babylone
2548 2177 2704 2232 istius
2729 2176 2932 2242 mundi,
2960 2184 3122 2248 utun
3155 2189 3462 2249 regressum
3501 2178 3560 2233 in

1966 2272 2170 2318 terram
2203 2266 2658 2334 repromissionis,
2682 2269 2863 2324 verbis
2909 2275 2965 2324 et
3015 2269 3276 2340 exemplis
3317 2266 3566 2340 quotidie

1967 2342 2320 2412 instaurandi)
2346 2357 2690 2423 rezetiiﬁcant,
2722 2363 2782 2415 ut
2825 2373 2944 2428 qua:
2970 2360 3124 2429 prius
3154 2373 3254 2430 per
3278 2359 3559 2431 negligen-

1969 2447 2100 2502 tiam
2153 2447 2237 2503 vel
2267 2447 2522 2504 desidiam
2553 2450 2904 2518 priStinorum
2934 2450 3300 2507 habitatorum
3343 2466 3564 2508 corrue-

1968 2547 2112 2605 rant,
2158 2541 2261 2609 ipsi
2299 2539 2521 2596 instanti
2559 2543 2678 2594 nisu
2728 2548 2780 2594 et
2815 2539 2994 2597 studio
3023 2539 3268 2612 perfecto
3290 2541 3427 2598 “cum
3465 2553 3557 2598 co-

1969 2630 2346 2698 operatoribus
2375 2631 2584 2685 devotis
2605 2637 2942 2700 recuperent.

2036 2720 2272 2775 Ananias
2303 2721 2689 2791 interpretatur
2719 2724 2890 2792 gratio
2919 2721 3037 2777 Dei.
3073 2722 3218 2779 Idem
3239 2729 3294 2779 et
3323 2723 3553 2780 Sidrach

1968 2810 2146 2883 lingua
2173 2812 2481 2878 Chaldaica,
2519 2815 2659 2883 quod
2699 2815 3085 2886 interpretatur
3114 2815 3334 2871 decorus
3378 2834 3547 2873 meus.

2035 2906 2261 2960 Azarias
2307 2906 2692 2976 interpretatur
2731 2907 2987 2962 auxilium
3036 2907 3266 2963 Domini.
3317 2906 3463 2966 idem
3498 2917 3554 2966 et

1965 2989 2278 3066 Abdenago,
2320 2995 2462 3066 quod
2494 2999 2548 3052 in
2593 2997 2838 3053 Latinum
2862 3001 3094 3054 vertitur
3126 2998 3349 3055 serviens
3388 3009 3552 3057 taceo.

2035 3085 2221 3141 Misael
2264 3087 2388 3156 quia
2429 3088 2650 3158 populus
2694 3089 2926 3144 Damiai.
2975 3085 3092 3161 ipse
3131 3097 3185 3146 et
3212 3086 3432 3159 Missae,
3462 3093 3555 3163 qui

287 3179 522 3250 peccatis
554 3182 685 3246 Suis,
721 3153 1155 3235 censolationcm-
1177 3182 1345 3236 venire
1386 3179 1490 3236 illis
1517 3153 1856 3251 promittunt.
1888 3153 1935 3218 ο
1966 3153 2356 3246 Μιενρτθιδίυι·
2401 3179 2538 3233 risus
2567 3180 2649 3234 vel
2688 3179 2958 3252 gaudium.
3007 3176 3070 3236 Hi
3097 3190 3210 3237 tres
3246 3185 3398 3253 pueri
3426 3183 3559 3255 ﬁgu-

358 3271 609 3325 Habacue
647 3269 1033 3340 interpretatur
1068 3272 1390 3342 amplexans.
1424 3271 1556 3339 Quia
1591 3273 1673 3327 vel
1703 3288 1769 3327 ex
1799 3277 1862 3327 co

287 3363 431 3433 quod
472 3361 717 3416 amabilis
758 3361 968 3416 Domini
1007 3362 1128 3428 fuit,
1161 3372 1380 3417 vocatur
1407 3363 1750 3431 amplexatio,
1781 3359 1876 3448 vel!

288 3454 429 3523 quod
460 3454 512 3507 in
535 3454 828 3508 certamine
849 3469 969 3508 cum
997 3454 1106 3510 Deo
1127 3455 1467 3526 congreditur
1485 3454 1876 3524 amplexantis,’

286 3543 342 3596 id
374 3551 482 3607 est,
511 3543 761 3595 luctantis
787 3544 1009 3598 sortitus
1031 3553 1114 3600 est
1137 3560 1351 3600 nomen.
1379 3545 1562 3600 Nullus
1582 3548 1728 3601 enim
1751 3557 1864 3602 tam

286 3633 481 3686 audaci
521 3647 652 3686 voce
690 3647 849 3686 ausus
890 3641 972 3687 est
1016 3634 1184 3688 Deum
1221 3635 1286 3689 ad
1317 3637 1758 3705 disceptationem
1778 3639 1866 3706 ju-

281 3721 450 3776 stitia:
489 3731 800 3786 provocare,
855 3735 952 3773 cur
994 3720 1049 3773 in
1095 3723 1252 3776 rebus
1301 3724 1546 3778 humanis
1589 3734 1644 3778 et
1680 3728 1863 3782 mundi

283 3815 445 3869 istius
474 3817 623 3863 tanta
646 3823 825 3863 rerum
850 3817 1092 3864 versetur
1113 3812 1386 3880 iniquitas.
1419 3812 1699 3884 Signiﬁcat
1722 3819 1865 3872 enim

277 3904 498 3959 fatalem
545 3898 802 3969 populum
846 3900 940 3968 qui
964 3938 980 3965 ,
1029 3914 1191 3970 super
1233 3900 1446 3955 excelsa
1477 3902 1723 3958 elevatus
1746 3943 1760 3969 ,
1811 3907 1865 3960 in

279 4005 446 4050 cruce
498 3989 784 4044 Dominum
829 3989 1522 4059 eontemplatur,{diceits:
1567 3991 1780 4048 Cornua
1812 3995 1866 4049 in

283 4082 525 4136 manibus
548 4081 683 4150 ejus,
731 4077 837 4134 illic
876 4080 1185 4148 conﬁrmata
1229 4090 1305 4135 est
1349 4083 1509 4136 virtus
1547 4082 1730 4154 glorite
1751 4086 1866 4155 ejus

283 4175 452 4247 (Dab.
489 4173 596 4243 tu).

359 4264 661 4334 Sophonias
701 4263 989 4335 speculum,
1033 4264 1120 4319 vel
1157 4281 1407 4321 arcanum
1445 4267 1655 4323 Domini
1691 4269 1862 4325 inter-

277 4362 552 4425 pretatur,
576 4354 716 4422 quod
750 4362 1036 4423 utrumque
1064 4356 1129 4408 ad
1156 4356 1445 4425 prophetas
1464 4358 1730 4412 convenit.
1759 4359 1863 4429 ipsi

283 4447 432 4502 enim
452 4446 630 4502 sciunt
655 4445 908 4516 mysteria
941 4446 1054 4500 Dei.
1085 4446 1236 4503 Unde
1261 4457 1315 4502 et
1337 4448 1602 4504 Ezechieli
1626 4451 1822 4506 dicitur
1845 4469 1858 4505 :

1967 3280 2082 3320 ram
2141 3270 2492 3336 praetulerunt
2549 3279 2877 3340 sanctorum,
2939 3274 3032 3342 qui
3065 3287 3261 3344 corpus
3299 3285 3453 3331 suum
3501 3277 3557 3331 in

1965 3357 2338 3427 persecutione
2380 3359 2706 3416 obtulerunt.
3235 3426 3242 3432 ,

1962 3470 1964 3473 ·
2035 3449 2215 3520 Asaph
2245 3451 2631 3521 interpretatur
2657 3461 2922 3524 synagoga
2947 3472 2959 3507 :
2994 3453 3303 3526 signiﬁcans
3334 3469 3559 3527 congre-

1965 3541 2230 3610 gationem
2265 3558 2386 3610 quae
2421 3544 2671 3610 credidit,
2705 3561 2814 3599 non
2843 3561 2966 3614 qua:
3001 3547 3274 3601 obstinata
3299 3561 3558 3616 permane

1965 3630 2056 3686 sit.
2112 3630 2245 3686 Nam
2288 3640 2408 3702 post
2453 3635 2905 3690 resurrectionem
2956 3636 3165 3690 Domini
3203 3637 3449 3693 confessa
3487 3639 3559 3693 le;

1965 3717 2138 3788 gimus
2183 3721 2352 3775 multa
2397 3722 2565 3776 millia
2612 3724 2938 3790 Judreorum,
2982 3727 3122 3782 sicut
3167 3728 3308 3783 inter
3355 3729 3458 3785 alia
3487 3737 3560 3784 te-

1961 3818 2182 3863 stantur
2218 3810 2353 3864 Acta
2399 3813 2782 3881 apostolorum.

2036 3902 2213 3955 Ethan
2263 3903 2648 3971 interpretatur
2705 3907 2969 3961 rubum.
3023 3907 3198 3963 Ethan
3238 3917 3417 3964 autem
3459 3911 3560 3965 istc

1970 3992 2108 4052 sicut
2150 4001 2206 4046 et
2241 3994 2412 4047 Eum
2435 3994 2508 4048 de
2537 3997 2848 4053 cantoribus
2879 3999 3050 4054 David
3085 4000 3236 4071 regis
3271 4009 3376 4067 est,
3425 4011 3560 4070 quos

1969 4081 2144 4137 Verba
2187 4081 2408 4136 Dierum
2442 4094 2698 4150 narrant;
2746 4085 2892 4141 ﬁlius
2935 4087 3184 4144 ﬁdelium
3223 4087 3407 4155 Clusii,
3462 4090 3559 4145 lilii

1963 4173 2126 4238 A-bdi,
2151 4176 2220 4230 de
2257 4176 2674 4245 congregatione
2705 4177 2900 4233 Morari
2928 4178 3023 4234 lilii
3049 4180 3208 4248 Levi;
3240 4181 3326 4238 vel
3351 4185 3417 4238 de
3453 4183 3560 4240 illis

1966 4270 2318 4339 sapientibus,
2363 4271 2564 4340 quibus
2587 4272 2643 4326 in
2684 4271 2825 4327 libro
2866 4270 3076 4344 ilegum
3119 4273 3433 4331 Salomonis
3475 4291 3560 4332 sa-
3639 4290 3642 4292 ·

1963 4362 2165 4431 pientia
2185 4363 2511 4432 praefertur:
2544 4363 2858 4435 Sapientior;
2898 4366 3098 4436 ineptit,r
3123 4367 3559 4426 Ethan'Enraheu

1967 4451 2059 4506 lita
2097 4462 2145 4507 et
2193 4453 2364 4508 Eman
2400 4453 2528 4525 (HI
2563 4453 2690 4526 Reg.
2718 4455 2814 4528 Iv).
2877 4453 3064 4513 Tam
3108 4459 3278 4530 igitur
3320 4461 3558 4517 scientiae

283 4527 679 4608 ερεσυιασοτεηι
710 4503 760 4590 λε
783 4537 932 4607 ροευί
953 4536 1169 4606 «Em
1200 4537 1306 4609 uo.
1338 4539 1406 4593 ει
1630 4503 1942 4621 Μίνω)
1969 4503 2071 4599 is.
2099 4503 3558 4618 z...;.".;".;;summittitz'sm:

283 4629 384 4684 ciet
428 4627 681 4682 Dominus
727 4629 1031 4699 quidquam,
1086 4630 1186 4683 nisi
1231 4630 1523 4686 revelaverit
1551 4634 1710 4686 servis
1754 4637 1864 4689 suis

283 4718 546 4788 prophetis
572 4716 772 4786 (Amos.
796 4719 900 4788 ut).
925 4718 1030 4772 iste
1061 4719 1204 4774 enim
1230 4719 1495 4790 signiﬁcat
1519 4736 1614 4776 eos
1644 4723 1736 4791 qui
1768 4735 1865 4792 per

283 4807 754 4877 contemplationis
775 4825 1034 4866 arcanum
1055 4810 1124 4867 ad
1138 4811 1444 4880 profectum
1466 4812 1686 4868 veniunt
1704 4814 1866 4869 meri-

285 4908 486 4956 torum.
1177 4915 1186 4924 '

351 4989 584 5060 Aggteus
611 4991 999 5061 interpretatur
1024 4992 1077 5048 in
1107 4991 1357 5048 Latinum
1391 4993 1600 5062 festivus
1633 5004 1685 5050 et
1708 4995 1857 5051 latus

283 5090 514 5134 resonat.
537 5080 877 5137 Destructum
900 5083 1046 5138 enim
1074 5084 1326 5152 templum
1344 5085 1717 5142 aediﬁcandum
1738 5102 1863 5156 pro-

279 5172 492 5241 phetat,
527 5181 582 5225 et
605 5180 734 5242 post
749 5171 950 5228 luctum
987 5173 1315 5242 captivitatis
1343 5177 1703 5244 regressionis
1729 5177 1857 5234 laet-i-

281 5261 416 5316 tiam
446 5262 724 5330 prtedicat.

353 5349 646 5406 Zacharias
675 5352 1054 5421 interpretatur
1090 5355 1338 5408 memoria
1367 5353 1597 5412 Domini.
1633 5355 1860 5427 Septua-

278 5441 488 5510 gesimo
517 5442 661 5496 enim
703 5457 842 5498 anno
866 5441 1212 5498 desolationis
1237 5443 1422 5512 templi
1449 5444 1734 5514 completo,
1764 5446 1861 5500 Za-

281 5529 473 5586 charia
515 5534 863 5602 praedicante,
907 5543 1237 5590 memoratus
1277 5544 1361 5590 est
1390 5537 1648 5591 Dominus
1682 5540 1860 5608 populi

280 5619 388 5684 sui,
430 5635 689 5690 iussuque
738 5622 861 5693 Cyri
912 5640 1158 5680 reversus
1210 5636 1293 5680 est
1351 5626 1444 5680 Dei
1498 5629 1759 5697 populus,
1808 5638 1861 5683 et

280 5707 671 5766 mdiﬁcatum
691 5722 774 5767 est
801 5716 927 5770 urbs
954 5725 1006 5770 et
1037 5717 1306 5786 templum.
1331 5717 1420 5772 lsti
1442 5719 1586 5772 enim
1610 5719 1712 5774 duo
1736 5736 1860 5790 pro-

1969 4644 2192 4689 mantur
2229 4637 2448 4691 ascribi.

2037 4725 2206 4778 Eman
2262 4726 2405 4781 ﬁlius
2447 4727 2556 4782 fuit
2587 4729 2764 4795 Johcl,
2796 4725 2896 4785 ﬁlii
2947 4731 3189 4799 Samuel,
3231 4734 3306 4788 'th
3354 4733 3558 4792 familia

1967 4813 2137 4869 Cantia
2167 4815 2263 4870 ﬁlii
2305 4817 2458 4884 Levi,
2503 4831 2642 4873 unus
2677 4820 2744 4874 de
2770 4821 3083 4877 autem
3124 4833 3262 4892 quos
3291 4824 3459 4880 David
3502 4827 3557 4881 in

1963 4906 2252 4963 collatione
2319 4923 2462 4966 arcte
2529 4909 2774 4981 praefecit
2829 4913 3052 4984 reliquis
3110 4915 3179 4970 ad
3226 4919 3549 4973 canendum.

1963 4996 2136 5052 Eman
2198 5000 2584 5070 immatur
2661 5003 2826 5073 frater
2886 5008 3021 5074 ejus.
3099 5006 3216 5075 Quo
3293 5009 3554 5066 vocabulo

1963 5087 2223 5145 Dominus
2269 5091 2516 5148 Clusinus
2561 5096 2792 5165 appellat
2833 5107 2947 5161 eos,
2996 5099 3087 5168 Qui
3116 5098 3232 5168 ejus
3275 5101 3555 5171 praeceptis

1963 5180 2320 5250 specillum
2367 5183 2545 5239 devoti
2601 5195 2744 5251 sum.
2815 5187 2955 5243 sicut
2997 5190 3076 5244 ait
3120 5190 3173 5245 ln
3221 5189 3550 5260 Evangelio:

1962 5270 2070 5336 ιω,
2110 5272 2266 5327 dicite
2303 5274 2556 5342 fratribus
2597 5280 2724 5331 meis
2763 5279 2977 5351 (Mona.
3015 5283 3135 5354 xu).
3185 5282 3454 5348 lsraelitae,
3499 5285 3556 5341 id

1962 5371 2068 5428 est,-
2114 5363 2281 5418 Deum
2306 5366 2563 5430 Mures;
2602 5371 2955 5442 Quod-utique
2976 5372 3080 5428 ills
3107 5375 3354 5429 acctdere
3381 5376 3555 5429 mania

1962 5452 2161 5508 testim
2185 5464 2298 5518 est,
2325 5457 2416 5523 qui
2453 5468 2552 5525 per
2595 5461 2918 5519 obediemtse
2961 5465 3319 5519 ministerium
3363 5476 3549 5520 sancta

1960 5543 2174 5598 Domini
2223 5545 2342 5600 luce
2385 5546 2677 5604 radientur.

2035 5635 2246 5690 ldithun
2297 5637 2681 5708 interpretatur
2721 5643 3020 5698 transiliens
3069 5660 3154 5699 eos
3194 5643 3560 5714 :signiﬂcans'

1963 5740 2085 5781 cum
2117 5728 2205 5796 qui
2237 5737 2416 5783 mente
2463 5741 2671 5787 terrena
2713 5736 3043 5789 transcendit
3091 5736 3426 5804 transituque
3458 5745 3552 5787 eos
