4074 6316
501 397 565 452 71
1145 391 1207 446 Β.
1246 388 1500 446 ΒΑΒΑΝΙ
1535 385 1756 446 ΜΔΟῙΠ
1788 379 2111 446 ΛΒΩΗΙΕΡΑ

2210 375 2455 438 ΟΩΟΝΤ.
2493 373 2780 437 OPERUM
2815 370 2995 430 PARS
3028 372 3094 429 ll.
3715 371 3792 426 72

498 511 588 584 qui
627 514 955 570 inhaerentes
1002 511 1186 575 humo,
1255 490 1311 566 et
1356 505 1622 564 iueurvati
1675 504 1731 558 in
1785 511 1982 567 terra,-
2023 515 2091 572 ea
2112 500 2165 562 Α
2191 493 2343 566 (Gen.
2374 494 2532 564 xxu);
2565 492 2951 590 stud-samum
2970 492 3032 590 in
3057 490 3187 546 via:
3219 489 3405 559 Saule,
3441 491 3626 559 Saule,
3656 494 3782 563 quid
3813 497 3818 501 '

497 616 616 670 quae
673 599 782 656 ima
839 608 965 658 sunt
1013 599 1250 670 cogitant
1305 606 1464 666 atque
1523 596 1576 650 in
1633 593 1846 650 excelso
1895 590 2092 646 mentis

497 694 764 761 habitant,
813 693 880 748 de
930 693 1132 747 virtute
1182 687 1280 746 Dci
1334 687 1505 742 libero
1563 682 1804 741 carmine
1849 681 2090 752 philoso-

503 787 916 944 .Chore,
946 875 1086 932 sicut
1132 881 1187 928 et
1235 831 1655 936 Eman,Ecban,
1701 866 1885 936 Asaph
1907 863 2092 920 etldi-

504 968 658 1032 thun,
693 981 798 1022 non
827 961 1244 1036 psalmograpbi,
1273 959 1366 1016 sed
1395 965 1653 1016 cantores.
1674 955 1828 1011 fuere
1862 969 1893 1008 a
1926 951 2095 1012 David

503 1057 724 1128 quidem
753 1056 823 1112 ob
849 1053 1201 1128 psalmodiam
1247 1051 1433 1118 electi;
1468 1048 1563 1105 sed
1581 1049 1653 1102 ob
1680 1042 2095 1117 significantiam
2146 1101 2148 1104 _

503 1148 782 1204 nominum
831 1145 1002 1201 titulis
1053 1143 1386 1214 psalmorum
1430 1144 1789 1208 congruenter
1833 1134 1995 1188 ailixi.

573 1234 750 1293 Chore
775 1250 902 1307 ergo
926 1234 1120 1290 dicitur
1165 1231 1413 1286 calvaria.
1447 1229 1505 1284 In
1530 1227 1683 1298 cujus
1721 1223 1954 1282 nominis
1975 1223 2094 1278 loco

504 1329 762 1384 Dominus
794 1335 876 1382 est
912 1326 1228 1389 cruciﬁxus;
1270 1332 1325 1378 et
1378 1323 1498 1378 ideo
1544 1319 1640 1374 filii
1680 1318 1854 1382 Chore
1899 1315 2096 1372 merito

505 1420 776 1483 dicuntur,
815 1416 908 1487 qui
953 1414 1218 1487 passionis
1272 1409 1416 1468 illius
1466 1414 1954 1467 sacramento-tota
2001 1403 2093 1460 de-

507 1509 721 1563 votione
776 1505 1122 1562 famulantur.

578 1598 870 1654 Zacharias
901 1598 1288 1668 interpretatur
1329 1593 1578 1649 memoria
1610 1590 1846 1656 Domini,
1896 1589 1966 1645 ob
1990 1587 2097 1648 hoc

507 1692 650 1762 quod
693 1691 839 1747 canit
874 1683 1163 1744 memorari
1193 1686 1500 1743 testamenti
1537 1684 1710 1740 sancti
1755 1683 1858 1739 sui.

2189 601 2274 638 me
2307 583 2678 654 persequeris?
2716 581 2860 654 (Act.
2887 581 2990 653 ιχ.)

2265 675 2489 732 Sextum
2527 688 2695 746 genus
2745 681 2957 744 accepta
3002 673 3288 742 parabota;
3318 673 3462 728 sicut
3483 673 3644 744 apud
3690 674 3792 728 Sa-

2193 761 2460 820 lomonem
2483 763 2544 817 in
2565 761 2878 818 Proverbiis
2907 778 2920 814 :
2949 769 3007 815 et
3021 760 3173 830 apud
3198 759 3422 818 Balaam
3449 777 3574 819 cum
3595 775 3790 820 evoca-

2194 859 2344 912 retur
2389 852 2458 908 ad
2497 850 2659 906 Baiae
2703 849 2896 936 (Num:
2927 849 3086 920 mi).
3555 879 3557 882 -

2264 943 2566 1014 Septimum
2590 956 2759 1014 genus
2783 939 2993 1011 repletio
3015 938 3248 1012 Spiritus
3271 943 3479 1009 sancti;
3499 943 3642 1001 sicut
3652 955 3796 1015 pene

2203 1035 2346 1105 apud
2392 1047 2581 1089 omnes
2620 1021 2934 1102 prophetas.
2991 1077 2993 1080 .
3077 1077 3080 1082 .

2264 1124 2370 1180 Alii
2419 1124 2525 1180 tria
2554 1136 2754 1194 genera
2800 1122 3068 1186 visionum
3115 1137 3237 1181 esse
3279 1123 3553 1180 dixerunt.
3588 1123 3790 1190 Unum,

2195 1213 2491 1270 secundum
2538 1212 2723 1268 oculos
2778 1211 3024 1281 corporis
3062 1229 3078 1278 ;
3133 1212 3276 1270 sicut
3333 1212 3469 1268 vidit
3515 1212 3794 1268 Abraham

2197 1311 2305 1360 tres
2352 1301 2498 1358 viros
2545 1301 2646 1356 sub
2693 1300 2816 1360 ilice
2866 1300 3136 1368 Mambre;
3185 1310 3244 1358 et
3272 1301 3494 1374 Moyses
3529 1302 3708 1375 ignem
3737 1303 3795 1359 in

2194 1394 2358 1459 rubo;
2385 1402 2440 1448 et
2463 1391 2710 1462 discipuli
2751 1390 3162 1464 tranﬁguratum
3210 1392 3500 1449 Dominum
3525 1392 3583 1448 in
3610 1401 3796 1450 monte

2193 1485 2336 1542 inter
2365 1484 2584 1555 Moysen
2630 1491 2686 1539 et
2707 1483 2914 1550 Eliam;
2955 1492 3012 1540 et
3042 1491 3239 1540 caetera
3265 1483 3612 1554 huiusmodi.
3643 1485 3797 1541 Alte-

2193 1591 2335 1644 rum,
2387 1575 2685 1632 secundum
2708 1574 2978 1644 spiritum,
3031 1590 3140 1645 quo
3181 1575 3542 1645 imaginamur
3583 1590 3647 1634 ea
3674 1590 3798 1645 qua:

2190 1683 2289 1739 per
2342 1682 2537 1737 corpus
2600 1666 2899 1734 sentimus;
2951 1667 3093 1723 sicut
3144 1667 3281 1722 vidit
3326 1666 3522 1723 Petrus
3581 1667 3797 1723 discum

576 1781 810 1838 Joannes
853 1779 1093 1850 Baptista
1131 1780 1513 1850 interpretatur
1537 1775 1746 1832 Domini
1786 1773 1981 1846 gratia,
2025 1785 2092 1826 eo
2189 1759 2344 1826 illum
2386 1756 2644 1850 _Submil_ii
2694 1758 2760 1850 άβ
2796 1756 2940 1850 οαθιοί
2980 1773 3110 1850 cuni
3131 1757 3300 1850 Variis
3347 1757 3704 1825 animalibus;
3733 1766 3796 1814 ει

512 1873 657 1943 quod
686 1873 756 1928 sit
803 1847 959 1928 limes
1003 1847 1316 1942 prophetiae,
1368 1867 1700 1941 praenuntius
1741 1867 1943 1938 gratiae,
1981 1865 2098 1922 sive
2119 1856 2169 1916 B
2195 1850 2364 1943 Sicut__
2384 1848 2551 1904 Isaias
2589 1848 2985 1943 Dominum-in
3019 1847 3149 1943 sede
3192 1849 3456 1943 altissima
3505 1866 3618 1943 non
3667 1867 3795 1908 eor-

510 1963 722 2018 initium
772 1964 1135 2034 baptismatis,
1188 1978 1286 2033 per
1337 1963 1482 2034 quod
1521 1961 1692 2035 gratia
1734 1959 2094 2018 ministratur.

513 2053 579 2110 Hi
605 2064 729 2110 sunt
770 2056 1047 2127 prophetae
1090 2056 1288 2112 veteris
1329 2055 1636 2114 testamenti
1677 2051 1929 2122 novique,
1969 2063 2099 2120 quo-

513 2159 636 2199 rum
687 2144 810 2201 finis
852 2143 1122 2212 Christus,
1174 2145 1260 2201 cui
1316 2145 1512 2200 dicitur
1557 2158 1589 2197 a
1617 2141 1814 2198 Patre:
1845 2139 1912 2194 Et
1956 2137 2095 2194 Pro-

512 2237 718 2306 phetam
761 2237 818 2292 in
857 2237 1094 2308 gentibus
1133 2237 1285 2307 posui
1307 2245 1354 2290 te
1386 2234 1539 2306 (Isai.
1563 2235 1675 2305 ιχ).

584 2323 726 2391 Quot
775 2333 899 2381 sunt
954 2339 1149 2396 genera
1198 2324 1533 2396 prophetiae?
1574 2322 1876 2395 Prophetia:
1920 2329 2102 2378 autem

515 2430 712 2488 genera
752 2422 956 2486 septem
1005 2423 1150 2472 sunt.
1190 2415 1430 2470 Primum
1478 2429 1665 2485 genus,
1715 2413 1929 2478 extasis,
1959 2410 2104 2482 quod

513 2514 600 2562 est
637 2505 835 2561 mentis
872 2520 1156 2572 excessus;
1189 2505 1328 2561 sicut
1355 2503 1567 2560 videtur
1619 2502 1812 2560 Petrus
1847 2516 1943 2558 vas
1974 2499 2104 2558 illud

517 2598 847 2654 submissum
871 2598 928 2654 in
957 2606 1174 2668 stupore
1204 2598 1399 2654 mentis
1414 2597 1553 2668 (Act.
1572 2596 1651 2668 x).

591 2689 901 2746 Secundum
935 2704 1100 2760 genus
1136 2691 1300 2756 visio;
1332 2690 1472 2744 sicut
1495 2688 1636 2758 apud
1659 2688 1851 2746 Isaiam
1875 2688 2103 2758 legitur:

529 2777 654 2833 Vidi
696 2777 982 2833 Dominum
1009 2777 1266 2833 sedentem
1292 2793 1444 2847 super
1472 2774 1658 2832 solium
1689 2774 1948 2832 excelsum
1988 2791 2106 2830 cum

523 2869 684 2923 variis
731 2865 1044 2922 animalibus
1100 2865 1235 2937 (Isa.
1267 2865 1362 2936 v1).

597 2956 839 3014 Tertium
883 2971 1052 3027 genus
1091 2956 1384 3022 somnium;
1426 2956 1566 3012 sicut
1613 2951 1777 3011 Jacob
1826 2955 2107 3024 subnixam

525 3048 582 3104 in
609 3047 746 3103 coelo
797 3047 998 3103 scalam
1050 3046 1324 3104 dormiens
1372 3046 1503 3104 vidit
1544 3044 1695 3118 (Gen.
1729 3045 1941 3118 xxvnr).

595 3139 859 3208 Quartum
904 3155 1073 3210 genus
1097 3155 1189 3209 per
1233 3139 1422 3205 nubes;
1450 3139 1587 3195 sicut
1615 3140 1682 3196 ad
1706 3137 1926 3212 Moysen
1962 3147 2018 3196 et
2039 3139 2109 3196 ad

525 3232 628 3289 Job
678 3241 801 3303 post
847 3232 1059 3304 plagam
1096 3232 1332 3302 loquitur
1374 3231 1532 3288 Deus.
1857 3233 1859 3235 ’

596 3321 850 3388 Quintum
877 3337 1044 3393 genus
1084 3337 1185 3376 vox
1228 3322 1292 3376 de
1329 3321 1489 3387 coelo;
1541 3322 1682 3378 sicut
1719 3321 1786 3380 ad
1836 3321 2111 3379 Abraham

525 3412 726 3480 sonuit,
757 3411 939 3469 dicens
973 3429 986 3468 :
1016 3411 1101 3469 Ne
1139 3411 1350 3482 injicias
1390 3428 1603 3468 manuni
1639 3421 1787 3468 tuum
1812 3413 1868 3468 in
1891 3429 2115 3485 puerum

2196 1940 2476 2012 poraliter,
2544 1942 2640 1998 sed
2695 1940 3010 2012 spiritaliter
3053 1941 3208 1997 vidit.
3259 1940 3381 1998 Non
3411 1942 3573 1998 enim
3629 1943 3801 1998 Deum

2197 2031 2373 2087 forma
2411 2045 2674 2101 corporea
2701 2031 3182 2098 circumterminat,
3222 2031 3319 2087 sed
3346 2032 3800 2101 quemadmodum

2199 2120 2426 2192 ﬁgurate
2465 2134 2576 2176 non
2606 2121 2828 2191 proprie
2856 2121 3111 2177 dicuntur
3149 2120 3340 2188 multa,
3373 2121 3448 2176 ita
3475 2121 3644 2178 etiam
3669 2122 3800 2194 figu-

2201 2220 2317 2266 rate
2363 2210 2534 2266 multa
2582 2218 2973 2267 monstrantur.
3026 2211 3271 2268 Tertium
3300 2219 3482 2270 autem
3523 2227 3693 2284 genus
3717 2221 3805 2268 est

2199 2300 2425 2358 visionis
2469 2301 2612 2371 quod
2642 2317 2819 2375 neque
2858 2303 3135 2374 corporeis
3177 2303 3446 2370 sensibus,
3485 2319 3662 2374 neque
3690 2304 3800 2360 ulla

2201 2400 2355 2463 parte
2399 2391 2593 2447 animae
2637 2406 2743 2462 qua
2783 2391 3144 2463 corporalium
3183 2407 3366 2450 rerum
3411 2393 3678 2466 imagines
3703 2409 3801 2451 ca-

2202 2483 2442 2555 piuntur,
2465 2483 2560 2540 sed
2585 2497 2684 2554 per
2712 2483 2964 2538 intuitum
3005 2483 3220 2552 mentis,
3249 2498 3360 2556 quo
3382 2484 3654 2542 intellecta
3671 2500 3806 2542 con-

2203 2576 2430 2648 spicitur
2474 2577 2707 2644 veritas;
2757 2578 2897 2634 sicut
2944 2578 3131 2636 Daniel
3157 2579 3418 2650 praeditus
3459 2591 3640 2639 mente
3669 2581 3808 2638 vidit

2205 2655 2352 2741 quod
2401 2668 2688 2724 Balthasar
2731 2669 2938 2727 viderat
2982 2685 3249 2742 corpore:
3294 2672 3412 2730 sine
3462 2687 3569 2743 quo
3602 2687 3808 2743 genere

2206 2759 2298 2818 illa
2349 2761 2455 2817 duo
2481 2759 2568 2815 vel
2595 2758 2932 2818 infructuosa
2969 2770 3117 2830 sunt,
3171 2762 3258 2819 vel
3286 2763 3450 2820 etiam
3474 2762 3532 2819 in
3557 2776 3806 2820 errorem

2213 2851 2456 2906 mittunt.
3504 2903 3505 2908 η

2280 2941 2474 2999 Omnia
2515 2948 2699 2997 tamen
2739 2941 2855 3000 hzec
2884 2959 3082 3016 genera
3112 2942 3344 3014 Spiritus
3367 2949 3590 3000 sanctus
3623 2943 3811 2999 mode-

2209 3041 2380 3088 ratur.
2427 3031 2640 3090 Habcre
2669 3041 2849 3090 autem
2879 3035 3219 3105 prophetiam
3259 3049 3368 3090 non
3398 3033 3571 3090 solum
3604 3033 3807 3100 bonus,

2212 3123 2308 3179 sed
2341 3121 2507 3179 etiam
2549 3124 2724 3180 malus
2768 3133 2962 3195 potest.
3036 3125 3174 3182 Nam
3229 3126 3534 3184 invenimus
3585 3124 3807 3182 Saulem

2131 3205 2181 3272 Ο
2213 3229 2398 3287 regem
2455 3216 2829 3288 prophetasse.
2877 3217 3308 3288 Persequebatur
3356 3217 3499 3274 enim
3557 3224 3810 3274 sanetum

2209 3309 2398 3378 David,
2473 3319 2528 3368 et
2593 3311 2845 3386 impletus
2909 3312 3135 3383 spiritu,
3189 3312 3514 3384 prophetare
3566 3310 3807 3381 incaepit.

1704 3602 2004 3764 LIBER
2077 3648 2581 3747 QUARTUS.

1059 3886 1288 3946 CAPUT
1309 3887 1597 3950 PRIMUM.

527 3978 607 4036 De
618 3977 699 4034 his
710 3979 942 4050 personis
954 3996 1071 4054 qua:
1097 3981 1166 4036 ad
1192 3982 1402 4040 Novum
1426 3984 1809 4043 Testamentum
1838 3989 2112 4058 pertinent.

602 4071 664 4125 ln
682 4072 873 4140 primis
893 4073 1060 4145 igitur
1080 4077 1375 4132 notandum
1400 4088 1500 4143 est,
1536 4080 1678 4150 quod
1695 4089 1928 4152 quatuor
1949 4098 2113 4139 evan-

531 4159 735 4231 gelistae
754 4161 1040 4219 Dominum
1060 4173 1307 4221 nostrum
1326 4167 1512 4224 Iesum
1550 4169 1824 4226 Christum
1849 4172 1948 4227 sub
1986 4187 2119 4242 qua-

531 4259 657 4306 tuor
688 4251 1003 4307 animalium
1033 4254 1268 4312 vultibus
1294 4256 1590 4327 figuraliter
1621 4261 1950 4331 exprimunt.
1974 4261 2116 4316 Mat-

533 4343 711 4397 thzeus
736 4343 899 4408 ;enim
941 4345 1188 4401 eumdem
1226 4347 1638 4420 Redemptorem
1687 4360 1874 4406 natum
1903 4360 1959 4407 et
1994 4368 2118 4422 pas-

533 4447 654 4488 sum
678 4432 1026 4500 annuntians,
1060 4435 1116 4491 in
1141 4436 1545 4495 similitudinem
1562 4440 1794 4496 hominis
1814 4450 2110 4510 comparat.

2217 3909 2369 3967 rotae,
2400 3899 2467 3957 de
2490 3899 2684 3971 quibus
2707 3899 2851 3957 idem
2893 3898 3154 3971 propheta
3192 3905 3402 3967 narrat,
3425 3895 3586 3970 'quod
3625 3908 3811 3955 essent

2212 3990 2369 4060 juxta
2394 3989 2665 4057 animalia,
2694 3999 2750 4046 et
2775 4005 2873 4061 per
2897 3998 3128 4061 quatuor
3171 3998 3352 4060 partes
3397 3987 3560 4055 irent,
3603 3995 3658 4043 et
3694 4002 3807 4044 non

2219 4092 2643 4150 reverterentur,
2672 4098 2797 4139 cum
2840 4082 3196 4148 ambularent,
3238 4081 3486 4137 eamdem
3540 4078 3811 4152 signiﬁca-

2221 4176 2427 4232 tionem
2447 4175 2670 4231 babent.
2710 4173 2821 4229 Nec
2845 4187 2954 4228 non
2977 4181 3031 4228 et
3061 4180 3290 4243 quatuor
3315 4171 3501 4239 facies,
3529 4173 3595 4228 de
3613 4171 3809 4242 quibus

2220 4269 2481 4337 scriptum
2507 4275 2610 4332 est,
2633 4266 2778 4337 quod
2806 4275 2950 4322 esset
2975 4282 3085 4320 una
3115 4265 3282 4321 facies
3327 4264 3549 4329 cherub,
3602 4270 3655 4320 et
3702 4261 3807 4318 alia

2220 4359 2388 4414 facies
2415 4357 2670 4424 hominis,
2693 4364 2748 4413 et
2768 4357 2928 4411 tertia
2954 4355 3117 4413 facies
3151 4355 3343 4420 leonis,
3358 4362 3413 4410 et
3436 4361 3627 4426 quarta
3639 4351 3808 4424 facies

2220 4449 2436 4518 aquilae,
2503 4449 2644 4505 idem
2711 4449 3065 4504 demonstrat.
3147 4447 3391 4513 Quatuor
3448 4451 3627 4499 autem
3685 4451 3811 4498 sunt

531 4522 745 4580 Marcus
773 4540 804 4579 a
830 4525 1118 4583 solitudine
1137 4544 1365 4586 exorsus
1390 4529 1561 4587 leonis
1585 4531 1814 4603 figuram
1833 4533 2025 4601 induit,
2053 4544 2112 4590 et
2213 4539 2384 4609 plagae
2437 4539 2611 4603 orbis;
2664 4545 2720 4593 et
2755 4545 2985 4607 quatuor
3044 4535 3441 4593 vicissitudines
3509 4543 3808 4604 temporum

531 4615 736 4673 Christi
763 4632 988 4688 regnum
1021 4620 1303 4688 invictum,
1349 4623 1752 4696 potentiamque
1790 4625 2110 4696 proclamat.

532 4706 714 4763 Lucas
769 4722 982 4779 quoque
1038 4724 1136 4780 per
1177 4710 1329 4766 vituli
1373 4712 1661 4784 mysticum
1706 4714 1914 4772 vultum
1962 4715 2126 4774 Chri—

530 4804 675 4852 stum
695 4813 795 4868 pro
809 4799 963 4855 nobis
979 4799 1234 4872 praedicat
1253 4799 1661 4860 immolandum.
1683 4803 1917 4862 Joannes
1937 4814 2116 4864 autem

533 4898 631 4952 per
655 4884 882 4956 ﬁguram
907 4885 1100 4956 aquila:
1118 4887 1363 4946 eumdem
1389 4889 1668 4946 Christum
1709 4900 1832 4964 post
1877 4909 2116 4950 resurre.

534 4976 770 5032 etionem
794 4979 978 5035 carnis
1003 4980 1336 5036 demonstrat
1359 4982 1732 5048 revolasserin
1763 4984 1948 5040 caelos.
2007 4983 2120 5041 Hos

535 5083 664 5138 ergo
694 5077 926 5138 quatuor
969 5071 1347 5142 evangelistas,
1384 5072 1498 5128 sive
1538 5085 1789 5145 quatuor,
1833 5091 1953 5146 quas
1989 5090 2119 5133 con-

532 5159 799 5229 scripsere
831 5160 1120 5232 Evangelia
1146 5177 1244 5232 per
1288 5161 1515 5233 figuram
1563 5175 1947 5237 expresserunt
1981 5181 2130 5237 qua-

533 5257 654 5304 tuor
679 5251 914 5320 paradisi
937 5251 1157 5308 flumina
1179 5253 1246 5307 de
1288 5268 1394 5310 uno
1431 5254 1580 5314 fonte
1624 5259 1962 5328 prodeuntia,
1999 5275 2120 5331 quae

535 5339 759 5411 irrigant
785 5355 996 5397 omnem
1025 5340 1364 5410 superficiem
1383 5353 1560 5402 terrae.
1622 5346 1882 5405 Similiter
1902 5357 1958 5406 et
1987 5364 2121 5420 qua-

537 5436 660 5484 tuor
694 5430 969 5496 animalia,
997 5445 1116 5498 quae
1141 5429 1390 5487 Ezechiel
1427 5438 1689 5507 propheta
1737 5438 1792 5494 in
1842 5439 1982 5495 libro
2019 5455 2119 5497 suo

535 5528 944 5586 commemorat,
979 5519 1164 5575 dicens
1194 5537 1207 5574 :
1240 5519 1482 5587 Quatuor
1510 5525 1670 5594 facies
1714 5539 1860 5583 erant
1909 5530 2021 5596 uni,
2070 5540 2120 5586 et

535 5618 763 5678 quatuor
789 5623 971 5678 penna:
993 5609 1104 5673 uni,
1137 5619 1182 5663 et
1204 5626 1389 5665 manus
1427 5614 1651 5670 hominis
1677 5618 1770 5672 sub
1800 5619 1981 5688 pennis
2026 5635 2116 5674 eo-

536 5715 653 5754 rum
675 5699 897 5771 (Ezech.
927 5695 1012 5766 ι),
1036 5698 1090 5751 in
1118 5706 1349 5768 quatuor
1376 5705 1620 5772 partibus
1644 5721 1741 5774 per
1767 5707 2117 5777 significatio-

535 5804 663 5848 nem
690 5785 1355 5865 cosdemrdemonstrabat.
1405 5791 1500 5856 Sic
1525 5809 1738 5868 quoque
1788 5806 1842 5854 et
1889 5807 2118 5869 quatuor

2219 4643 2427 4685 annuos
2471 4629 2679 4685 fructus
2730 4627 3038 4684 hominibus
3068 4629 3351 4699 praebent:
3380 4625 3458 4682 sic
3506 4633 3563 4679 et
3622 4633 3810 4681 sancta

2217 4720 2460 4777 Ecclesia
2505 4719 2706 4776 Christi
2760 4720 2817 4775 in
2861 4728 3095 4790 quatuor
3119 4719 3366 4790 partibus
3404 4715 3590 4772 mundi
3645 4713 3809 4771 dilata

2216 4827 2314 4884 per
2353 4820 2536 4868 totum
2587 4820 2799 4881 tempus
2838 4809 2999 4880 hujus
3024 4810 3206 4867 saeculi
3229 4810 3473 4866 doctrina
3500 4806 3808 4876 evangelica

2219 4903 2455 4958 nutritur
2495 4909 2552 4956 et
2580 4901 2884 4957 roboratur.
2913 4900 3068 4957 Unde
3099 4900 3274 4958 sancti
3299 4901 3573 4965 doctores,
3595 4898 3684 4969 qui
3715 4911 3810 4968 per

2219 5001 2451 5065 quatuor
2496 4992 2783 5065 Evangelia
2806 4999 2978 5048 totum
3017 4994 3205 5049 orbem
3224 4992 3547 5058 illuminant,
3579 4996 3810 5061 quatuor

2218 5083 2492 5153 praecipue
2543 5084 2796 5150 virtutes,
2837 5084 2942 5139 hoc
2979 5083 3468 5154 est'prudentiam,
3521 5081 3787 5153 justitiam

2218 5169 2614 5239 fortitudinem,
2637 5173 3049 5244 temperantiam
3072 5174 3228 5229 nobis
3255 5173 3652 5239 commendant,
3675 5183 3736 5228 ut
3755 5173 3808 5228 in

2220 5264 2311 5320 his
2337 5272 2739 5331 conversantes,
2789 5265 2901 5320 Deo
2926 5265 3177 5334 placitam
3206 5263 3558 5320 exhibeamus
3581 5264 3810 5319 servitu-

2222 5362 2348 5410 tem.
2397 5353 2531 5410 ltem
2579 5363 2812 5424 quatuor
2835 5355 3003 5410 millia
3049 5356 3244 5412 satiata
3263 5371 3329 5411 ex
3346 5363 3552 5426 septem
3579 5356 3808 5426 panibus

2218 5442 2466 5516 leguntur
2509 5443 2565 5498 in
2613 5443 2902 5516 Evangelio
2941 5461 2970 5500 a
3012 5446 3270 5512 Domino;
3317 5455 3372 5502 et
3408 5447 3741 5517 paralyticus
3773 5460 3804 5500 a

2221 5543 2450 5604 quatuor
2490 5534 2626 5589 viris
2671 5537 2738 5590 ad
2773 5535 3076 5590 sanandum
3096 5535 3313 5592 Christo
3333 5535 3578 5592 offertur.
3606 5535 3808 5592 Praeter

2220 5623 2334 5680 hinc
2388 5639 2598 5692 quoque
2654 5623 2708 5677 in
2776 5624 2894 5679 aliis
2939 5625 3182 5694 plurimis
3242 5626 3377 5682 locis
3415 5635 3614 5683 sanctae
3658 5627 3807 5683 Scri-

2220 5721 2389 5781 pturae
2435 5712 2814 5780 quaternarius
2863 5725 3116 5768 numerus
3164 5713 3356 5769 horum
3386 5715 3612 5785 ﬁguram
3653 5715 3810 5771 nobis

2223 5801 2478 5867 insinuat,
2499 5809 2554 5856 et
2567 5799 2895 5870 superﬂuum
2912 5810 2995 5860 est
3019 5802 3084 5861 de
3096 5802 3182 5865 his
3195 5805 3442 5866 omnibus
3462 5803 3551 5868 hic
3561 5819 3806 5867 narrare.
