4074 6316
301 423 374 480 75

1311 424 1398 480 DE
1439 423 1785 481 UNIVERSO
1821 418 2001 478 LIBRI
2042 419 2202 474 XXII.
2242 449 2310 459 —-
2350 414 2474 474 LIB.
2515 414 2602 473 IV.

3453 398 3575 470 ’74

381 547 627 619 Apostoli
665 561 880 619 quoque
929 559 1121 602 omnes
1171 546 1336 601 totius
1372 544 1628 601 Ecclesiae
1671 549 1893 614 portant
1916 540 1972 601 Α
1994 537 2255 593 stolarum
2280 547 2504 592 tenuere
2530 536 2780 606 ﬁguram,
2829 536 2921 605 qui
2952 534 3006 588 in
3050 536 3205 589 sacro
3251 524 3577 619 baptismate

301 651 508 715 typum,
557 640 682 709 quia
723 638 887 694 iidem
930 637 985 692 in
1017 636 1349 693 dimittendis
1375 635 1611 706 peccatis
1653 633 1886 691 similem

300 740 628 803 acceperunt
651 738 996 801 potestatem.
1029 727 1241 784 Habent
1266 728 1483 799 quidem
1528 725 1759 783 formam
1787 739 1886 796 pa-

303 824 690 888 triarcharum,
712 821 839 892 quia
863 834 962 891 per
987 819 1212 875 verbum
1232 817 1632 891 praedicationis
1674 817 1732 873 in
1776 824 1889 891 toto

298 918 432 975 orbe
462 924 732 973 terrarum
757 915 1013 985 populum
1053 914 1150 969 Dei
1200 912 1519 984 spiritaliter
1562 922 1883 985 genuerunt.

292 1008 534 1067 Proinde
561 1007 1015 1064 considerandum
1056 1013 1145 1062 est
1178 1007 1295 1076 ipse
1337 1006 1599 1079 mysticus
1630 1021 1889 1061 numerus

299 1100 583 1157 duodecim
611 1097 999 1171 apostolorum,
1030 1096 1227 1168 quibus
1280 1096 1470 1170 ﬁguris
1516 1097 1571 1152 in
1608 1095 1887 1168 Scriptura

244 1207 458 1255 ,saera
478 1190 709 1262 insignis
735 1196 963 1245 constet.
1016 1188 1149 1243 Nam
1204 1190 1343 1245 sicut
1388 1188 1533 1246 Deus
1575 1188 1742 1245 Pater
1791 1203 1890 1260 per

295 1285 638 1357 unigenitum
660 1282 860 1339 Filium
881 1298 1039 1338 suum
1073 1283 1129 1336 in
1179 1281 1383 1339 virtute
1434 1280 1669 1352 Spiritus
1714 1280 1888 1336 sancti

294 1377 528 1448 primam
576 1374 762 1430 mundi
799 1373 1126 1429 creationem
1173 1389 1269 1429 sex
1312 1373 1524 1428 diemm
1577 1371 1889 1442 operatione

293 1465 602 1536 complevit,
632 1466 706 1520 ita
731 1465 895 1520 etiam
916 1464 1389 1535 duplicatoeodem
1405 1464 1620 1519 senario
1634 1477 1887 1529 numero,

294 1559 441 1615 unde
461 1558 748 1614 duodecim
768 1554 1095 1623 eﬁiciuntur,
1120 1558 1380 1612 mundum
1404 1556 1696 1627 perditum,
1721 1554 1887 1611 etiam

293 1665 464 1721 prope
488 1649 745 1714 deletum,
770 1647 1215 1704 Dominus-Iesus
1234 1647 1480 1703 Christus
1496 1661 1596 1718 per
1606 1660 1735 1701 suos
1756 1645 1889 1701 duo-

254 1740 471 1795 ..decim
520 1740 803 1794 renovavit
825 1738 1118 1808 apostolos.
1146 1737 1212 1792 Et
1235 1738 1373 1793 sicut
1401 1737 1687 1793 duodecim
1736 1752 1888 1792 men-

258 1832 446 1888 :sihus
467 1831 527 1886 in
553 1829 760 1885 circulo
801 1830 928 1884 anni
952 1829 1185 1885 diversis
1214 1827 1657 1900 temperamentis
1700 1827 1887 1883 mundi

1991 628 2150 684 otiicii
2178 629 2260 684 sui
2291 636 2490 699 tropaea
2516 626 2771 692 ﬁxerunt,
2799 633 2851 681 et
2876 622 3275 696 pncdicationis
3304 616 3423 679 suae
3461 640 3578 678 cre-
3642 636 3649 637 ί

1992 719 2242 775 dentibus
2287 719 2518 790 insignia
2548 718 2900 790 reliquerunt.
2946 714 3247 771 Hi'tautum
3297 716 3578 771 duodecim

1989 810 2092 864 viri
2120 808 2188 865 ad
2212 809 2612 881 praedicandum
2650 808 3016 865 testimonium
3068 806 3578 878 sempiternum,"id

1988 907 2073 955 est
2098 899 2443 974 Evangelium
2474 900 2625 972 regni
2650 899 2769 967 Dei,
2799 892 3049 956 omnibus
3078 914 3176 971 per
3203 890 3391 955 orbem
3416 906 3575 955 terra:

1990 972 2299 1045 nationibus
2330 991 2480 1047 missi
2504 999 2650 1057 sunt,
2680 992 2772 1061 qui
2798 992 2963 1046 etiam
3010 990 3066 1046 in
3099 998 3284 1045 sancta
3334 972 3576 1045 Ecclesia

1988 1085 2243 1141 omnibus
2263 1093 2388 1140 sunt
2411 1085 2756 1141 eredentihus
2782 1084 2933 1141 missi
2959 1086 3012 1139 in
3034 1078 3427 1148 testimonium,
3449 1085 3575 1154 quia

1989 1177 2233 1246 quisquis
2256 1177 2324 1232 ad
2353 1187 2569 1233 aeterna:
2601 1170 2729 1233 vitae
2766 1177 2963 1250 gaudia
3002 1177 3287 1247 pervenire
3312 1162 3577 1259 voluerit,

1988 1286 2178 1328 eorum
2217 1273 2657 1343 praedicationem
2680 1280 2736 1328 et
2761 1272 3061 1328 doctrinam
3100 1272 3157 1326 in
3196 1272 3447 1327 omnibus
3494 1286 3578 1333 se—

1988 1366 2081 1437 qui
2108 1380 2329 1422 necesse
2379 1374 2496 1433 est;
2548 1376 2887 1436 quorumque
2930 1380 3270 1420 successores
3321 1379 3465 1419 nunc
3526 1365 3579 1417 in

1954 1464 2178 1512 'Sancta
2206 1455 2450 1512 Ecclesia
2472 1466 2597 1510 sunt
2651 1470 2839 1510 omnes
2894 1456 3138 1509 veritatis
3195 1454 3581 1527 praedicatores

1988 1546 2374 1604 annuntiantes
2401 1555 2458 1601 et
2480 1547 2836 1617 praedicantes
2862 1547 3085 1601 verbum
3124 1544 3314 1602 salutis
3363 1554 3582 1605 aeternae

1988 1638 2045 1694 in
2070 1636 2285 1694 Christo
2313 1634 2439 1693 Iesu
2470 1637 2698 1693 Domino
2721 1644 2924 1713 nostro.
2976 1636 3113 1691 Nam
3160 1652 3252 1709 rex
3299 1630 3579 1709 Salomon,

1988 1732 2081 1801 qui
2114 1720 2369 1801 paciﬁcus
2392 1726 2802 1800 interpretatur,
2831 1744 2979 1787 mare
3004 1718 3237 1795 aeneum,
3280 1712 3333 1782 id
3361 1736 3466 1805 est.
3500 1724 3581 1781 iu-

1958 1832 1965 1841 ”
1990 1832 2161 1879 terem
2184 1836 2346 1893 super
2372 1821 2653 1877 duodecim
2695 1810 2861 1877 boves
2884 1806 3065 1877 amcos
3095 1808 3277 1891 posuit
3301 1830 3428 1897 ante
3448 1829 3581 1895 tern-

292 1921 505 1978 fmctus
532 1920 600 1976 ad
624 1935 786 1976 usum
807 1919 1031 1975 humani
1069 1920 1286 1991 generis
1308 1935 1408 1992 per
1452 1919 1548 1974 Dei
1576 1918 1884 1990 largitatem
1910 1900 1963 1960 Β
1991 1914 2166 1985 plum,
2188 1912 2278 1969 ubi
2331 1912 2644 1969 sacerdotes
2684 1920 2741 1967 et
2791 1910 3026 1967 ministri
3088 1910 3274 1967 altaris
3326 1912 3583 1979 lavabant

293 2014 680 2085 omnipotentis
706 2021 1019 2079 renovatur,
1044 2013 1118 2069 ita
1156 2028 1253 2084 per
1281 2012 1563 2069 duodecim
1616 2011 1889 2082 apostolo-

262 2120 414 2161 .rum
436 2104 737 2161 doctrinam
764 2102 1000 2160 fmctum
1028 2105 1293 2159 bonorum
1318 2117 1543 2174 operum
1564 2103 1676 2159 Deo
1694 2101 1891 2159 aﬁ'erre

294 2198 594 2255 humanum
632 2211 804 2268 genus
858 2195 1089 2265 ﬁdeliter
1140 2195 1432 2251 inchoavit.
1483 2195 1583 2250 Hic
1600 2202 1685 2251 est
1729 2209 1890 2251 verus

292 2288 596 2355 λίποι-θαι,
624 2289 679 2344 id
696 2274 804 2354 est,
850 2280 1093 2360 signifer,
1171 2302 1271 2359 per
1317 2302 1479 2359 quem
1533 2287 1615 2344 sol
1663 2285 1891 2357 iustitia:

292 2378 547 2435 Christus
566 2377 716 2433 omni
746 2385 986 2448 tempore
1018 2384 1191 2432 totum
1237 2375 1507 2432 illuminat
1553 2377 1761 2433 orbem.
1821 2376 1891 2432 Et

296 2474 443 2531 sicut
469 2475 586 2531 dies
616 2472 900 2530 duodecim
946 2474 1100 2529 horis
1120 2473 1188 2529 ab
1209 2482 1332 2529 ortu
1357 2474 1489 2530 solis
1512 2490 1685 2546 usque
1711 2475 1778 2530 ad
1799 2488 1890 2530 oc-

293 2581 481 2623 casum
510 2565 765 2633 velvitur,
790 2566 866 2621 ita
891 2565 1008 2621 dies
1044 2581 1209 2621 verus
1260 2564 1507 2622 Christus
1551 2582 1650 2636 per
1689 2565 1891 2621 duode-

276 2660 402 2715 'cim
447 2659 719 2730 apostolos
743 2673 871 2714 suos
889 2658 957 2713 ad
980 2652 1379 2715 inchoationem
1418 2666 1580 2714 recta:
1600 2674 1890 2715 conversa-

270 2749 481 2816 -tiouis,
510 2749 657 2820 quod
684 2763 782 2819 per
808 2757 989 2805 crtum
1029 2748 1160 2805 solis
1209 2749 1550 2819 intelligitur,
1590 2764 1718 2805 suos
1769 2750 1891 2805 illu—

296 2849 441 2897 strat
467 2841 685 2906 ﬁdeles;
718 2840 773 2895 in
793 2855 902 2911 qua
926 2841 1019 2911 qui
1048 2855 1221 2912 usque
1241 2840 1309 2896 ad
1347 2852 1628 2907 occasum,
1683 2840 1736 2895 id
1781 2845 1883 2905 est,

295 2947 475 3002 usque
490 2932 556 2986 ad
569 2931 726 2987 ﬁnem
741 2931 869 2987 vitae
889 2931 1338 3003 perseveraverit,
1355 2932 1410 2986 in
1430 2940 1691 2990 tetanum
1711 2930 1890 2987 salvus

294 3023 430 3079 erit.
454 3022 524 3078 Et
543 3021 681 3078 sicut
707 3020 893 3087 Iacob,
926 3023 1020 3092 qui
1049 3022 1416 3094 supplantator
1437 3022 1658 3090 dicitur,
1689 3022 1889 3079 duode-

299 3114 408 3169 cim
448 3112 591 3169 ﬁlios
608 3113 794 3183 genuit
820 3113 887 3168 ad
913 3112 1295 3184 possidendam
1317 3112 1753 3185 repromissionis
1781 3121 1891 3170 ter-

296 3220 436 3271 ram,
469 3200 541 3260 ita
568 3205 840 3272 Christus,
871 3205 964 3275 qui
990 3204 1352 3276 supplantavit
1374 3205 1663 3269 diabolum,
1688 3203 1889 3261 duode-

1992 2018 2207 2072 manus,
2237 2023 2360 2062 cum
2388 2006 2805 2077 ingrederentur
2832 2006 3200 2062 sanctuarium
3233 2005 3446 2063 Domini
3474 2008 3581 2071 :ita

1991 2097 2242 2154 Christus
2268 2113 2421 2153 mare
2451 2112 2682 2161 aeneum,
2742 2096 2799 2152 id
2849 2104 2955 2164 est,
2996 2096 3390 2173 confessionem
3440 2112 3583 2171 verte

1992 2189 2116 2244 ﬁdei
2162 2189 2250 2244 vel
2297 2190 2461 2242 etiam
2522 2185 2917 2243 confessionem
2976 2187 3180 2255 delicti,
3246 2189 3360 2244 sive
3412 2203 3584 2261 sacrae

1993 2278 2286 2351 Scriptum
2335 2280 2636 2336 doctrinam
2665 2294 2828 2353 super
2865 2281 3122 2335 humeros
3150 2279 3439 2337 duodecim
3488 2294 3583 2349 po-

1990 2372 2100 2429 suit
2125 2374 2513 2443 apostolorum,
2549 2392 2782 2447 quorum
2804 2375 3051 2432 doctrina
3078 2388 3270 2457 omnes
3299 2373 3493 2427 imbuti
3518 2372 3583 2431 ﬁ-

1992 2465 2138 2521 deles
2171 2482 2268 2537 per
2317 2467 2713 2547 confessionem
2743 2483 2885 2524 verae
2927 2466 3053 2525 ﬁdei
3102 2475 3156 2547 et
3207 2467 3581 2537 paenitentiam

1992 2555 2315 2611 delictorum
2345 2558 2414 2612 ab
2434 2540 2698 2615 omnibus
2725 2559 3053 2615 mundentur
3088 2540 3357 2623 sordibus,
3412 2566 3470 2612 et
3504 2557 3585 2635 di—

1989 2648 2081 2718 gni
2108 2645 2409 2705 eiiiciantur
2437 2653 2505 2706 ad
2531 2660 2732 2706 aeterna
2769 2660 2959 2707 sancta
2996 2650 3207 2706 Domini
3247 2650 3330 2707 sui
3359 2650 3583 2705 introire

1989 2746 2047 2792 et
2082 2740 2235 2810 regni
2263 2741 2499 2797 cmlestis
2525 2744 2723 2814 gaudia
2742 2742 3042 2812 possidere.
3082 2742 3373 2798 Duodecim
3427 2758 3583 2799 nam-

1990 2846 2095 2902 que
2123 2842 2294 2903 portae
2320 2843 2519 2890 sanctae
2556 2845 2713 2891 erant
2740 2837 2793 2891 in
2823 2836 3044 2892 civitate
3074 2834 3435 2901 Hierusalem,
3486 2850 3585 2905 per

1989 2939 2125 2995 quas
2153 2925 2451 2982 introibant
2481 2937 2536 2989 et
2579 2928 2997 3001 egrediebantur
3052 2944 3243 2987 omnes
3306 2938 3587 2984 manentes

1976 3025 2045 3071 et
2070 3016 2346 3073 venientes
2393 3019 2447 3073 in
2494 3034 2636 3075 eam.
2693 3018 2821 3077 Haec
2872 3021 3161 3077 duodecim
3218 3022 3583 3092 apostolorum

1991 3105 2219 3178 ﬁguram
2246 3121 2651 3180 eXpresserunt,
2677 3112 2772 3183 qui
2797 3127 2926 3168 vere
2949 3122 3121 3183 porta:
3143 3122 3272 3169 sunt
3324 3115 3585 3184 spiritalis

1993 3196 2326 3256 Hierusalem
2357 3220 2371 3255 ;
2398 3215 2497 3272 per
2521 3219 2753 3275 quorum
2800 3205 3240 3283 przedicationem
3288 3213 3346 3261 et
3393 3207 3589 3262 doctri-

288 3262 435 3352 cim'
457 3295 623 3368 elegit
649 3262 941 3367 apostolos,
968 3262 1164 3367 quibus
1184 3303 1384 3351 terram
1430 3297 1888 3369 repromissionis,
1912 3262 1961 3326 Ο
1992 3311 2116 3350 nam
2139 3262 2657 3367 omnibus-undique
2684 3262 3025 3353 venientibus
3077 3297 3132 3351 in
3180 3278 3426 3352 sanctam
3476 3296 3581 3353 Ec—

296 3386 354 3442 id
377 3394 465 3455 est
487 3386 637 3457 regni
662 3384 900 3444 cmlestis
928 3386 1379 3452 benedictionem,
1412 3386 1657 3453 tradidit,
1700 3392 1759 3442 et
1792 3394 1891 3457 po“-
1991 3385 2207 3441 clesiam
2236 3386 2521 3457 patefactae
2574 3395 2700 3442 sunt
2740 3394 2911 3457 portat
2957 3387 3111 3465 regni
3152 3386 3408 3469 cmlestis,
3470 3387 3589 3457 qui-

298 3483 551 3533 testatem
580 3477 663 3533 eis
685 3476 878 3532 tribuit
897 3475 1142 3533 calcandi
1173 3491 1335 3547 super
1357 3476 1673 3547 scorpiones
1698 3484 1754 3531 et
1776 3491 1891 3531 ser-
1990 3476 2092 3532 bus
2119 3478 2284 3533 etiam
2306 3479 2431 3533 data
2457 3486 2542 3533 est
2565 3488 2810 3549 potestas
2836 3486 2893 3533 et
2935 3477 3585 3561 successoribusﬁmi

3306 3539 3567 3563 ......_.._——-&

293 3575 507 3643 peutcs,
539 3576 596 3624 et
621 3567 1315 3643 supergomnemlirtutem
1337 3566 1567 3624 'uiilnici.
1589 3566 1723 3622 Item
1748 3568 1902 3622 sicut
1928 3594 1937 3597 -
1986 3566 2319 3623 irrEcclesia
2344 3563 2567 3640 ligandi
2577 3574 2645 3621 et
2660 3566 2915 3622 solvendi
2918 3565 2995 3621 in"
3006 3559 3209 3620 ‘éu‘zfo’
3221 3556 3583 3629 armant,

468 3632 475 3635 .
493 3632 500 3635 .

294 3656 509 3730 Moyses
538 3658 773 3726 undique
798 3673 866 3713 ex
884 3658 1031 3712 omni
1060 3666 1238 3727 parte,
1298 3658 1351 3711 id
1380 3665 1485 3724 est,
1516 3659 1585 3714 ab
1605 3658 1815 3719 oriente
1836 3667 1893 3715 et

294 3749 606 3811 occidente,
637 3748 706 3801 ab
734 3747 985 3817 aquilone
1010 3756 1059 3802 et
1087 3756 1272 3803 austro
1316 3764 1413 3818 per
1460 3742 1743 3805 duddecim
1796 3740 1937 3804 tri-"

294 3841 400 3896 bus
427 3844 860 3893 metaturcastra
873 3837 1020 3891 circa
1049 3837 1457 3892 tabernaculum
1478 3838 1596 3904 Dei,
1627 3840 1703 3893 ita
1726 3839 1890 3894 Chri«
1916 3854 1925 3857 "

296 3941 416 4011 stus
446 3942 545 3998 per
569 3926 851 3983 duodecim
893 3925 1164 3995 apostolos
1201 3934 1523 3996 quaternum
1544 3927 1894 3999 Evangelium

296 4035 401 4093 per
431 4025 665 4089 quatuor
689 4016 841 4073 orbis
862 4017 1421 4088 partesannuntiaus,
1471 4017 1538 4072 ad
1566 4024 1769 4073 eterna
1816 4025 1897 4071 ta-

298 4107 597 4179 bernacula
636 4122 827 4165 omnes
876 4107 979 4163 sibi
1025 4108 1307 4163 credentes
1364 4106 1632 4174 invitavit,
1663 4108 1892 4165 dicens:

306 4190 497 4258 Venite
525 4202 596 4257 ad
624 4217 724 4266 me,
754 4216 930 4256 omnes
949 4200 1040 4272 qui
1059 4199 1311 4255 laboratis
1340 4210 1389 4255 et
1419 4201 1623 4256 onerati
1650 4201 1792 4266 estis,
1847 4209 1896 4256 et

302 4310 399 4365 ego
429 4291 664 4361 reﬁciam
687 4308 778 4348 vos
799 4290 1025 4363 (Matth.
1052 4291 1143 4363 ιι)
1160 4332 1177 4358 ,
1201 4300 1257 4348 et
1282 4292 1538 4363 recipiam
1591 4292 1644 4347 in
1683 4299 1897 4348 aeternae

300 4380 432 4440 vitae
461 4382 824 4439 tabernacula.
848 4382 916 4438 Et
939 4383 1080 4439 sicut
1109 4381 1393 4438 duodecim
1421 4382 1599 4438 fontes
1623 4384 1677 4437 in
1702 4382 1896 4450 Celim,

302 4474 451 4533 unde
470 4476 701 4533 lassatus
723 4475 880 4532 valde
904 4474 1080 4531 valida
1111 4476 1201 4531 siti
1245 4475 1473 4546 populus
1524 4485 1741 4547 potatus
1791 4486 1897 4543 est,

306 4568 384 4622 ita
408 4578 507 4636 per
528 4562 811 4621 duodecim
834 4564 1107 4637 apostolos
1124 4566 1301 4621 omnis
1323 4566 1479 4621 turba
1524 4565 1759 4622 ﬁdelium
1804 4582 1894 4622 sa-

306 4672 418 4739 crae
447 4654 572 4711 ﬁdei
596 4656 838 4712 doctrina
863 4665 1100 4726 potatur,
1126 4664 1182 4712 et
1200 4657 1270 4710 ad
1293 4664 1508 4712 aeternae
1539 4656 1663 4711 vita:
1696 4658 1891 4729 gaudia

308 4734 502 4802 sancta
527 4747 911 4818 praedicatione
937 4755 1181 4802 vocatur.
1210 4744 1373 4802 Iosue
1404 4761 1640 4817 quoque,
1690 4748 1783 4815 qui
1829 4747 1897 4802 ﬁ-

308 4820 503 4909 guram
531 4824 734 4893 Christi
761 4845 817 4890 et
851 4835 1069 4893 nomine
1092 4843 1149 4890 et
1184 4844 1306 4891 actu
1355 4835 1643 4905 expressit,
1695 4834 1900 4890 duode-

312 4929 426 4986 cim
474 4929 845 4999 exploratores
868 4927 1016 4983 misit
1035 4927 1104 4983 ad
1143 4925 1529 4995 explorandum
1580 4935 1777 4982 terram
1813 4942 1901 4983 re-

309 5004 713 5101 promissionis,
739 5035 899 5091 quam
922 5021 1065 5077 Deus
1083 5019 1315 5075 Abrahae
1334 5018 1530 5075 dilecto
1548 5034 1647 5075 suo
1666 5029 1723 5074 et
1742 5019 1902 5075 semi-

308 5092 366 5185 ni
382 5092 513 5185 eius
560 5114 813 5169 daturum
837 5112 1087 5183 promisit
1113 5129 1125 5163 :
1151 5111 1230 5166 sic
1252 5119 1309 5166 et
1337 5109 1587 5173 Christus
1611 5112 1895 5179 duodecim

310 5184 465 5285 misit
500 5206 772 5278 apostolos
801 5206 944 5260 inter
982 5205 1428 5261 numerositatem
1476 5206 1717 5261 omnium
1769 5220 1900 5275 gen-

313 5296 452 5357 tium
472 5299 851 5369 evangelizare
870 5314 1096 5369 regnum
1128 5298 1246 5365 Dei,
1273 5305 1332 5352 ut
1354 5298 1419 5353 de
1460 5297 1566 5353 illis
1613 5296 1898 5354 Psalmista

314 5372 394 5446 ait
425 5408 438 5444 :
478 5389 545 5444 In
572 5405 775 5447 omnem
802 5399 995 5445 terram
1024 5387 1177 5444 edicit
1224 5405 1385 5444 sonus
1427 5405 1629 5455 eorum,
1660 5390 1795 5444 etin
1830 5390 1901 5459 fi-

314 5476 408 5547 nes
449 5479 590 5536 orbis
608 5488 761 5535 terra:
788 5480 944 5536 verba
973 5496 1154 5535 eorum
1182 5477 1204 5551 (
1221 5478 1370 5534 Psal.
1396 5479 1578 5551 mu).
1617 5479 1731 5535 Viri
1770 5495 1904 5551 quo-

315 5552 426 5645 qiie
451 5569 737 5641 duodecim
779 5585 849 5626 ex
898 5569 1181 5626 duodecim
1224 5568 1471 5625 tribubus
1522 5569 1687 5625 Israel
1739 5570 1900 5626 siccis

316 5660 546 5733 pedibus
588 5659 877 5717 Iordanem
924 5669 1285 5727 transeuntes,
1365 5661 1650 5718 duodecim
1697 5662 1903 5734 lapides

317 5742 612 5835 elevantes,
649 5767 752 5824 pro
769 5752 924 5824 signo
971 5752 1166 5809 ibidem
1214 5760 1509 5822 posuerunt
1550 5752 1608 5808 in
1655 5754 1904 5810 testimo-

320 5832 472 5901 nium
500 5832 899 5917 sempiternum
933 5845 1166 5915 posteris
1182 5845 1316 5900 suis.
1357 5844 1421 5899 Hi
1443 5843 1724 5901 duodecim
1772 5861 1901 5917 apo-

379 5938 397 5945 "
424 5940 431 5943 '
690 5932 966 5996 Panos.
1011 5933 1176 5995 CXI.

1968 3666 2055 3733 .ut
2080 3672 2432 3730 quoscunque
2459 3674 2556 3728 per
2581 3660 2794 3730 culpam
2824 3658 3111 3730 ligaverint
3138 3659 3191 3712 in
3219 3664 3389 3723 terra,
3438 3657 3585 3729 ligati

1994 3748 2101 3801 sint
2122 3747 2401 3804 ili’aaterna
2424 3756 2710 3815 tormenta,
2740 3763 3092 3819 quoscunque
3113 3756 3293 3803 autem
3330 3748 3592 3803 solverint

1976 3836 2313 3892 conﬁtcntes
2339 3845 2395 3891 et
2420 3839 2744 3907 pmnitentes
2773 3846 2994 3923 peccata
3021 3854 3142 3903 sua,
3172 3838 3333 3893 soluti
3364 3839 3473 3893 sint
3528 3839 3581 3891 iu

1995 3925 2156 3990 ctelu,
2184 3926 2425 3980 omnium
2449 3927 2541 3981 hic
2568 3916 2899 3983 rémiSsionei
2934 3916 3279 4011 peccatorum
3335 3938 3586 4011 perceng

1996 4016 2065 4071 ad
2091 4023 2310 4070 aeternae
2335 4017 2680 4072 beatitudinis
2730 4016 2920 4088 gaudia
2982 4032 3167 4074 eorum
3219 4020 3469 4089 precibus
3501 4012 3592 4077 ad-

1990 4106 2093 4176 juti
2118 4120 2222 4176 per
2250 4106 2343 4161 Dei
2370 4108 2599 4178 gratiam
2646 4109 2930 4178 pervenire
2962 4119 3292 4167 mereantur.
3332 4100 3474 4189 Haec
3524 4116 3592 4171 de

1998 4196 2257 4267 qiostolis
2281 4196 2480 4252 Christi
2510 4198 2835 4270 generaliter
2884 4191 3045 4256 modo
3103 4201 3247 4257 dicta
3300 4201 3588 4277 suﬁiciant,

1996 4305 2227 4361 quorum
2252 4290 2381 4361 quid
2426 4291 2730 4361 specialiter
2781 4288 3085 4363 signiﬁcent
3134 4297 3377 4367 nomina,
3420 4300 3591 4370 paulo

1994 4393 2119 4454 post
2145 4384 2199 4439 in
2221 4384 2567 4455 sequentibus
2594 4384 2852 4457 dicemus.
3168 4456 3171 4463 _
3306 4466 3311 4469 ι
3510 4442 3581 4467 ,δέ

2073 4476 2425 4548 Septuaginta
2450 4477 2555 4533 duo
2576 4476 2820 4550 discipuli
2845 4480 3151 4559 signiﬁcant
3171 4466 3586 4561 illustratioueql

2001 4569 2168 4623 totius
2200 4569 2349 4623 orbis
2384 4583 2483 4638 per
2511 4568 2859 4639 Evangeli'um
2912 4564 3197 4645 trinitatis;
3220 4574 3425 4647 ,viginti
3456 4592 3592 4647 qua-ﬁ

1996 4668 2121 4715 tuor
2162 4660 2308 4714 enim
2344 4660 2494 4715 horis
2539 4663 2770 4715 mundus
2804 4656 2989 4717 omnis
3004 4663 3297 4739 peragitur,
3332 4644 3457 4743 Qui
3482 4681 3592 4745 nui

1993 4766 2179 4806 merus
2200 4751 2501 4820 triplicatus
2528 4760 2747 4821 propter
2770 4752 3015 4821 eamdem
3034 4744 3336 4831 Atriuitatem
3371 4754 3429 4827 in
3460 4770 3591 4831 sepe,

1999 4842 2280 4913 ptimginta
2330 4842 2435 4897 duo
2466 4841 2769 4923 deducitur.
2826 4828 3037 4929 Idcirco"
3064 4826 3249 4921 autem
3294 4826 3595 4925 mittunturl

2000 4931 2110 4987 bi”;
2141 4942 2359 5003 propter
2396 4932 2795 5004 praedicandum
2836 4935 2929 4989 Dei
2959 4949 3197 5011 amore!!!
3229 4944 3287 4993 ⁸⁸⁵
3323 4934 3599 5012 Ρωχίωίίι

2002 5024 2095 5078 vel'
2136 5024 2451 5096 mysterium
2498 5026 2696 5097 gemini
2744 5024 3081 5099 testamenti.
3300 5076 3327 5087 ,.
3594 5074 3599 5095 ι

2073 5115 2385 5182 Zacharias,
2448 5125 2509 5171 ut
2564 5130 2725 5187 supra
2793 5116 2995 5197 dictum
3043 5126 3146 5188 est,
3202 5120 3597 5201 interpretatur

2001 5209 2254 5262 memoria
2299 5206 2529 5263 Domini.
2900 5192 2987 5287 .l
3176 5252 3261 5281 .
3400 5192 3607 5293 πλη

2073 5297 2347 5355 Elisabeth
2392 5298 2492 5354 Dei
2535 5302 2636 5355 mei
2688 5298 2958 5377 saturitas,
3026 5301 3113 5373 vel
3154 5302 3255 5365 Dei
3292 5306 3396 5363 mei
3424 5305 3605 5378 jura-v.

2002 5394 2234 5445 mentum
2286 5391 2689 5461 interpretatur.
2734 5386 3010 5467 Elisabeth
3058 5405 3245 5469 typum
3293 5405 3443 5461 tenet
3494 5414 3586 5461 ver

2004 5481 2138 5538 teris
2162 5480 2297 5554 legis
2330 5496 2425 5536 seu
2469 5482 2791 5552 prophetiae;
2842 5484 2984 5559 sicut
3028 5483 3321 5549 Zacharias
3363 5489 3593 5547 maritus

2003 5571 2122 5643 ejus
2146 5571 2348 5628 veteris
2388 5571 2522 5642 legis
2568 5574 2876 5629 sacerdotii.
2915 5572 3068 5630 Unde
3115 5576 3251 5647 sicut
3290 5576 3599 5647 Zacharias,

2004 5673 2187 5721 mutus
2222 5663 2446 5720 Ioannis
2488 5665 2771 5723 scribendo
2800 5681 2997 5722 nomen
3026 5667 3226 5735 edidit;
3271 5667 3410 5733 sicut
3432 5676 3611 5735 vetus.

2005 5755 2367 5813 sacerdotium
2393 5759 2494 5813 sub
2512 5766 2637 5831 typo
2663 5756 3026 5829 sacerdotium
3058 5756 3261 5819 Christi
3274 5766 3341 5837 et
3352 5757 3615 5837 gratiam.

2005 5847 2129 5903 novi
2152 5848 2463 5903 testamenti
2495 5849 2792 5919 expressit;
2843 5850 2898 5902 et
2931 5842 3071 5903 sicut
3116 5832 3592 5903 Elisabetli'llarim
