4074 6316
475 383 544 439 ’19
1153 372 1214 424 Β.
1253 365 1507 424 RABANI
1545 365 1763 422 MAUR]
1799 358 2119 419 ARCHIEP.
2163 358 2474 417 MOGUNT.
2514 357 2799 416 OPERUM
2836 356 3017 412 PARS
3054 354 3120 411 ll.
3673 353 3746 411 80

542 491 660 546 Duo
688 489 982 551 debitores,
1013 502 1078 541 ex
1106 485 1301 555 quibus
1334 499 1473 538 unus
1500 481 1732 537 debebat
1768 476 2054 534 feneratori
2082 479 2136 538 Α
2231 475 2404 531 Homo
2431 476 2523 546 qui
2563 472 2922 531 descendebat
2947 472 3016 526 ab
3039 468 3374 524 Hierusalem
3407 468 3463 523 in
3500 467 3743 535 Iericho,

472 583 727 644 denarios
754 581 1098 651 quingentos,
1137 576 1273 630 alter
1293 574 1702 645 quinquaginta,
1733 568 2059 642 signiﬁcavit

468 675 725 750 populum
752 672 1060 729 Iudaeorum
1101 678 1155 722 et
1199 669 1462 737 gentium,
1500 682 1568 721 ex
1599 665 1794 736 quibus
1821 663 1930 728 ille,
1963 663 2056 731 qui

469 767 864 841 quinquaginta
896 762 1149 819 denarios
1173 761 1378 823 debuit,
1403 757 1709 813 Iudaeorum
1739 765 1921 828 typum
1963 756 2057 808 ha-

472 860 623 925 buit;
658 859 746 913 ille
772 870 902 910 vero
944 854 1034 924 qui
1067 853 1411 923 quingentos,
1447 849 1686 922 gentium
1707 846 1974 917 expressit
2003 845 2059 898 ﬁ-

473 964 688 1021 guram,
714 946 806 1017 qui
830 945 898 998 ab
927 943 1082 997 initio
1112 942 1294 996 mundi
1339 940 1548 994 debitor
1577 954 1789 1008 semper
1816 937 2058 991 existens

471 1037 894 1106 chirographum
924 1032 1128 1104 peccati
1151 1047 1249 1102 per
1267 1029 1638 1100 paenitentiam
1666 1045 1772 1084 non
1803 1027 2054 1082 exsolvit.

473 1129 806 1184 Adveniente
833 1126 1016 1194 itaque
1049 1123 1288 1187 Christo,
1333 1121 1546 1176 tandem
1593 1119 1842 1182 credidit,
1896 1127 2058 1186 atque

389 1265 397 1289 ,.
473 1222 783 1280 uberiorem
809 1216 1193 1275 misericordia:
1233 1214 1466 1268 fructum
1495 1213 1721 1283 accepit.
1757 1210 1910 1266 Unde
1932 1211 2058 1279 quia

459 1317 593 1384 "plus
641 1314 714 1368 illi
764 1324 1080 1368 concessum
1117 1315 1200 1361 est
1251 1321 1280 1358 a
1315 1305 1554 1367 Christo,
1605 1302 1833 1372 amplius
1885 1301 2060 1370 diligit

472 1407 772 1468 Christum,
821 1401 960 1456 sicut
1003 1398 1262 1468 scriptum
1293 1402 1379 1450 est
1425 1413 1439 1447 :
1485 1392 1584 1448 Cui
1609 1391 1725 1463 plus
1754 1393 2057 1457 dimittitur,

470 1496 587 1566 plus
617 1494 789 1564 diligit
821 1491 972 1563 (Luc.
1000 1488 1121 1558 vn).

545 1585 767 1654 Septem
802 1582 1019 1646 fratres,
1070 1580 1160 1648 qui
1191 1593 1356 1634 unam
1397 1577 1678 1632 mulierem
1727 1576 2053 1639 habuerunt,

472 1687 530 1732 et
566 1676 684 1732 sine
715 1673 841 1728 ﬁliis
893 1671 1091 1726 mortui
1121 1679 1264 1734 sunt,
1295 1668 1540 1722 homines
1569 1666 1814 1721 infideles
1859 1666 2059 1720 intelli-

473 1773 692 1839 guntur,
717 1764 808 1835 qui
837 1763 890 1817 in
915 1761 1166 1831 praesenti
1190 1761 1322 1824 vita,
1347 1775 1467 1828 quae
1494 1771 1592 1828 per
1619 1766 1825 1826 septem
1850 1758 2056 1811 dierum

2157 578 2214 622 et
2231 568 2422 622 incidit
2444 567 2500 620 in
2537 565 2798 629 latrones,
2823 563 2936 632 ipse
2966 560 3138 616 Adam
3170 559 3436 631 ﬁguratur
3461 559 3518 612 in
3547 574 3751 630 genere

2158 674 2278 724 suo,
2327 659 2421 728 qui
2468 658 2597 712 dum
2646 655 2999 710 descenderet
3053 653 3119 707 de
3159 652 3411 722 paradiso
3440 650 3650 707 caelesti
3693 652 3752 709 in
3814 691 3832 712 .

2157 751 2438 815 mundum,
2465 749 2652 804 incidit
2677 749 2728 802 in
2753 745 2972 816 angelos
2996 745 3368 800 tenebrarum.

2230 841 2608 897 Samaritanus
2629 839 2982 903 descendens,
3002 837 3098 907 qui
3123 836 3349 892 vulnera
3374 835 3492 906 ejus
3511 837 3753 898 curavit,

2157 930 2408 986 Christus
2431 939 2514 984 est
2539 937 2728 984 custos
2769 937 2976 992 noster,
3006 926 3101 997 qui
3151 927 3218 982 de
3254 925 3394 981 coelo
3431 927 3749 991 descendit,

2157 1029 2214 1076 et
2254 1037 2425 1092 genus
2477 1021 2775 1074 humanum
2819 1034 2853 1073 a
2896 1017 3208 1073 vulneribus
3251 1024 3596 1088 peccatorum
3648 1033 3750 1072 cu—

2160 1114 2318 1168 ravit.

2231 1205 2570 1261 Stabularius
2600 1204 2825 1274 apostoli
2856 1213 2998 1271 sunt,
3029 1203 3115 1259 vel
3147 1216 3488 1259 successores
3513 1217 3705 1258 eorum
3734 1244 3752 1269 ,

2159 1298 2250 1370 qui
2300 1298 2670 1353 inﬁrmitatem
2715 1307 2958 1353 nostram
3008 1297 3394 1368 pnedicatione
3435 1297 3750 1368 evangelica

2161 1400 2431 1446 recreant.

2231 1481 2476 1548 Martha,
2513 1497 2636 1552 quae
2671 1483 2884 1552 excepit
2930 1481 3206 1538 Christum
3253 1481 3307 1536 in
3355 1481 3516 1535 domo
3551 1497 3648 1536 sua
3695 1491 3753 1535 et

2161 1573 2527 1640 ministrabat,
2575 1573 2844 1646 signiﬁcat
2870 1573 3170 1629 Ecclesiam
3220 1572 3275 1626 in
3309 1573 3414 1626 hac
3438 1572 3550 1625 vita
3586 1570 3749 1626 Chri-

2161 1675 2303 1722 stum
2332 1667 2387 1721 in
2435 1667 2598 1723 corde
2629 1682 2728 1722 suo
2752 1666 3115 1736 excipientem
3142 1673 3198 1720 et
3225 1678 3390 1734 opere
3415 1662 3644 1732 iustitia:
3673 1662 3752 1717 la-

2160 1762 2460 1816 borantem.

471 1854 732 1910 circulum
785 1852 1057 1915 decurrit,
1106 1860 1274 1905 totam
1317 1850 1484 1904 vitam
1534 1865 1686 1905 suam
1731 1849 1848 1903 sine
1875 1847 2052 1903 fructu
2085 1851 2130 1908 B
2229 1854 2417 1918 Maria,
2442 1869 2599 1909 soror
2625 1869 2760 1923 ejus,
2789 1869 2911 1925 qnte
2939 1853 3160 1908 sedebat
3183 1867 3338 1909 secus
3362 1849 3565 1907 Christi
3587 1849 3753 1920 pedes

466 1949 695 2018 iustitiae
722 1954 1195 2017 consumpserunt.

544 2040 660 2093 Duo
688 2038 742 2092 in
775 2037 934 2099 lecto,
969 2036 1044 2090 illi
1073 2035 1448 2105 signiﬁcantur
1476 2034 1566 2103 qui
1596 2033 1790 2089 remoti
1824 2048 1856 2087 a
1887 2032 2061 2088 turbis

471 2135 528 2187 in
555 2132 668 2187 otio
693 2131 926 2200 quodam
943 2129 1066 2183 vitae
1095 2143 1290 2183 vacare
1320 2127 1591 2182 videntur.

546 2222 672 2275 Dum
713 2217 976 2273 molentes
1010 2217 1064 2271 in
1109 2216 1270 2282 mola,
1313 2217 1405 2285 qui
1433 2216 1659 2286 negotiis
1686 2216 2060 2287 temporalium

473 2325 654 2364 rerum
693 2307 1167 2364 circumferuntur.

543 2400 660 2456 Duo
690 2401 744 2454 in
769 2415 919 2470 agro,
950 2399 1041 2467 qui
1092 2398 1148 2452 in
1176 2398 1476 2452 ministerio
1500 2397 1754 2453 Ecclesiae
1799 2407 2059 2466 tanquam

470 2511 526 2548 tn
563 2508 693 2564 agro
716 2491 997 2546 Dominico
1017 2497 1314 2560 operantur
1348 2507 1359 2542 :
1395 2505 1460 2544 ex
1491 2489 1708 2558 quibus,
1739 2489 2060 2543 adveniente

469 2585 654 2640 eteculi
684 2583 1030 2647 adversitate,
1061 2581 1115 2636 id
1139 2589 1223 2636 est
1264 2589 1442 2645 nocte,
1487 2581 1708 2651 quidam
1739 2589 2061 2651 permanent

472 2677 526 2728 in
551 2674 672 2736 ﬁde,
708 2682 763 2727 et
789 2680 1138 2726 assumuntur
1177 2671 1244 2725 ad
1288 2671 1479 2736 vitam,
1518 2670 1735 2740 quidam
1768 2671 2056 2736 decedunt,

473 2774 529 2818 et
558 2763 934 2833 relinquuntur
966 2761 1036 2816 ad
1065 2774 1303 2830 poenam.

543 2855 792 2924 Quinque
815 2852 1056 2922 virgines
1083 2851 1375 2922 sapientes,
1406 2865 1597 2906 omnes
1634 2852 1828 2906 animae
1854 2862 2057 2908 sanctae

470 2947 878 3018 intelliguntur;
910 2959 1030 3014 quae
1055 2944 1310 3012 quoniam
1337 2959 1434 3014 per
1457 2943 1696 3015 quinque
1724 2960 1916 3000 sensus
1942 2961 2057 3000 cor-

471 3041 619 3113 poris
649 3038 861 3095 nullam
879 3037 1169 3094 admittunt
1195 3037 1375 3092 cordis
1395 3037 1822 3108 corruptionem,
1854 3036 2055 3092 idcirco

471 3133 738 3206 quinario-
755 3146 997 3186 numero
1014 3137 1417 3199 computantur.
1441 3127 1689 3198 Quinque
1711 3129 1948 3199 virgines
1975 3126 2054 3182 fa-

2163 1958 2220 2004 et
2259 1947 2513 2003 audiebat
2565 1948 2823 2010 verbum,
2883 1947 3219 2000 demonstrat
3257 1943 3504 1998 eamdem
3559 1941 3748 1997 Eccle-

2164 2039 2301 2094 siam
2341 2039 2396 2093 in
2430 2037 2614 2092 futuro
2634 2037 2831 2094 saeculo
2859 2037 2928 2092 ab
2957 2036 3103 2092 omni
3129 2049 3294 2105 opere
3321 2042 3624 2089 cessantem
3651 2073 3666 2095 ,
3695 2039 3753 2084 et

2167 2132 2220 2186 in
2246 2129 2358 2186 sola
2383 2127 2836 2199 mntemplatione
2865 2127 3142 2197 sapientiae
3166 2123 3368 2182 Christi
3399 2123 3748 2193 requiescen-

2167 2231 2292 2278 tem.

2235 2311 2408 2367 Homo
2451 2312 2543 2381 qui
2578 2325 2759 2366 menta
2791 2317 2950 2366 nocte
2988 2306 3295 2380 postulabat
3333 2320 3402 2361 an
3437 2305 3616 2361 amico
3653 2320 3752 2360 suo

2166 2413 2276 2458 tres
2303 2417 2490 2473 panes,
2521 2401 2930 2457 similitudinem
2961 2399 3218 2469 exprimit
3244 2395 3504 2467 cujusque
3534 2396 3590 2450 in
3634 2412 3750 2452 me—

2164 2495 2251 2548 dia
2276 2492 2622 2547 tribulatione
2643 2491 2967 2561 postulantis
2978 2489 3287 2554 Dominum,
3311 2496 3374 2543 ut
3401 2490 3491 2544 det
3513 2488 3562 2543 ei
3576 2488 3752 2543 scien-

2168 2583 2296 2635 tiam
2323 2581 2624 2635 Trinitatis.

2236 2673 2398 2728 Dives
2435 2671 2586 2743 cujus
2615 2671 2811 2727 uberes
2849 2670 3058 2726 fructus
3083 2686 3215 2742 ager
3246 2668 3449 2734 attulit,
3478 2668 3754 2740 signiﬁcat

2164 2765 2438 2822 hominem
2467 2763 2693 2818 luxuriis
2720 2763 2983 2826 deditum,
3012 2771 3066 2816 et
3097 2762 3458 2817 abundantem
3486 2762 3750 2830 peccatis,

2163 2874 2325 2930 quem
2351 2858 2704 2913 immoderato
2739 2855 2882 2911 ﬂuxu
2919 2855 3151 2926 amplius
3174 2869 3401 2925 peccare
3437 2855 3752 2911 desideran-

2163 2960 2274 3005 tem
2304 2951 2484 3021 arguit
2505 2950 2784 3013 Dominus,
2812 2950 2998 3004 dicens
3025 2966 3037 3001 :
3069 2947 3262 3014 Stulte,
3287 2948 3386 3002 hac
3422 2957 3570 3001 nocte
3595 2947 3748 3016 aufe—

2163 3049 2307 3096 retur
2320 3057 2353 3094 a
2383 3049 2431 3094 te
2449 3039 2629 3093 anima
2654 3049 2747 3093 tua
2771 3054 2787 3090 :
2813 3048 2860 3092 et
2885 3056 3002 3110 qua:
3027 3037 3362 3109 prwparaati,
3386 3038 3542 3109 cujus
3558 3047 3708 3092 erunt
3725 3037 3752 3090 .’

2166 3131 2319 3205 (Luc.
2357 3130 2479 3205 xu).

477 3238 603 3292 tuae,
635 3240 756 3295 quae
782 3238 888 3280 non
938 3223 1138 3278 habent
1161 3221 1215 3276 in
1244 3220 1391 3276 vasis
1417 3220 1532 3275 suis
1561 3219 1760 3285 oleum,
1807 3219 1910 3274 illae
1939 3220 2057 3274 ani-
2086 3215 2129 3278 C
2233 3223 2485 3294 Quinque
2533 3221 2610 3276 illi
2652 3222 2707 3277 in
2738 3222 2897 3277 domo
2937 3237 3070 3289 una,
3097 3222 3152 3278 id
3178 3230 3281 3287 est,
3328 3229 3503 3292 pater,
3553 3227 3750 3283 mater,

475 3337 574 3376 mae
603 3329 729 3375 sunt
749 3334 871 3388 quae
891 3318 1094 3372 habent
1113 3316 1332 3386 quidem
1359 3315 1722 3386 integritatem
1744 3330 2052 3384 corporum,

471 3413 568 3469 sed
598 3428 704 3467 non
733 3419 955 3467 servant
981 3410 1122 3464 intra
1149 3407 1542 3464 conscientiam
1582 3408 1708 3464 boni
1756 3409 1938 3479 Operis
1982 3417 2061 3462 te-

474 3504 816 3569 stimonium,
865 3503 992 3558 dum
1032 3502 1088 3556 in
1115 3501 1252 3558 facie
1281 3501 1584 3573 gloriantur
1606 3501 1748 3570 apud
1789 3500 2059 3564 homines,

475 3605 532 3650 et
575 3610 684 3650 non
732 3594 787 3648 in
839 3592 1005 3648 corde
1056 3591 1195 3662 apud
1242 3590 1459 3646 Deum:
1498 3590 1621 3646 ideo
1644 3591 1788 3660 quod
1832 3591 1958 3659 quia
2007 3591 2061 3646 in

475 3687 618 3740 vasis
649 3692 931 3754 pectorum
959 3696 1178 3738 suorum
1215 3681 1416 3736 mentis
1450 3680 1790 3751 splendorem
1826 3697 1934 3736 non
1965 3695 2061 3752 ge-

473 3784 624 3840 runt,
653 3773 972 3830 adveniente
999 3772 1229 3828 Domino
1256 3786 1289 3826 a
1317 3773 1470 3844 regni
1497 3771 1618 3842 ejus
1667 3772 1863 3843 gaudio
1888 3773 2063 3827 reclu-

476 3867 698 3919 duntur.

545 3956 719 4013 Homo
743 3970 970 4028 peregre
993 3954 1367 4024 proﬁciscens,
1393 3953 1485 4024 qui
1515 3954 1737 4010 tradidit
1780 3955 1923 4010 bona
1967 3970 2064 4011 sua

475 4051 648 4106 servis
685 4051 820 4116 suis,
867 4048 1118 4105 Christus
1146 4055 1248 4114 est,
1300 4048 1393 4119 qui
1440 4055 1565 4118 post
1610 4049 2063 4105 resurrectionem

473 4156 630 4195 suam
659 4142 729 4196 ad
747 4140 918 4197 caios
943 4140 1275 4212 regrediens,
1303 4139 1530 4193 tradidit
1547 4138 1916 4208 evangelicam
1942 4154 2066 4209 gra-

477 4233 606 4286 tiam
658 4230 984 4302 evangelicis
1041 4228 1470 4300 negotiatoribus
1515 4226 1886 4282 fenerandam.
1957 4227 2064 4284 Sed

441 4369 444 4372 .
474 4323 688 4391 primus
725 4335 918 4375 servus
945 4319 998 4372 in
1027 4319 1265 4388 quinque
1295 4318 1512 4373 talentis
1539 4319 1643 4374 sibi
1664 4319 1806 4374 datis
1827 4319 2066 4389 quinque

475 4412 646 4466 libros
680 4409 816 4479 legis
844 4409 1073 4478 accepit,
1120 4422 1258 4478 quos
1294 4407 1543 4463 doctrina
1572 4407 1659 4462 vel
1683 4423 1849 4479 opere
1879 4411 2066 4464 decem

473 4509 867 4573 praeceptorum
896 4499 1191 4570 ampliavit.
1217 4499 1371 4555 Alter
1398 4501 1454 4554 in
1476 4499 1688 4557 duobus
1711 4502 1927 4558 talentis
1959 4505 2067 4560 duo

473 4602 801 4652 testamenta
853 4594 1192 4664 promeruit,
1250 4609 1424 4664 eaque
1478 4595 1670 4652 morali
1720 4611 1786 4651 ac
1835 4598 2064 4668 mystico
2093 4573 2145 4632 D

475 4701 639 4741 sensu
670 4685 759 4756 pie
786 4686 1151 4756 dispensanda
1177 4685 1486 4756 duplicavit.
1520 4687 1739 4744 Tertius
1766 4690 1865 4743 sub
1892 4689 2060 4762 ﬁgura

476 4777 637 4830 unius
662 4776 848 4830 talenti
875 4776 1063 4848 gratiae
1089 4777 1290 4832 donum
1312 4786 1592 4847 acceptum
1619 4779 1675 4833 in
1708 4780 1941 4834 terrenis
1964 4795 2060 4835 vo-

473 4866 772 4934 luptatibus
799 4868 1126 4930 obscuravit,
1178 4869 1406 4937 ideoque
1433 4869 1709 4938 projectus
1753 4877 1834 4923 est
1883 4870 1936 4924 in
1983 4870 2065 4924 in-

477 4957 717 5022 fernum,
745 4957 871 5026 quia
901 4957 1106 5011 nullum
1134 4957 1260 5011 inde
1286 4965 1542 5026 operatus
1567 4969 1650 5014 est
1677 4958 1935 5015 fructum.
1958 4961 2063 5015 Alii

478 5052 533 5105 in
583 5049 757 5120 primo
807 5063 965 5104 servo
1007 5049 1243 5120 quinque
1286 5063 1479 5104 sensus
1515 5051 1696 5106 cordis
1723 5060 1778 5107 et
1817 5053 2061 5123 corporis

477 5149 760 5209 acceptos,
791 5139 846 5194 in
885 5139 1122 5194 secundo
1149 5138 1559 5210 intelligentiam
1585 5152 1640 5197 et
1666 5158 1802 5213 opus
1824 5185 1840 5210 ,
1870 5144 1925 5198 in
1955 5159 2062 5198 uno

480 5235 746 5289 rationem
774 5231 1174 5288 intellexerunt.

547 5325 770 5381 Iuvenis
825 5324 966 5380 ﬁlius
1009 5323 1184 5379 viduae
1208 5364 1223 5390 ,
1278 5340 1439 5394 quem
1485 5326 1750 5383 Dominus
1789 5336 2063 5383 mortuum

479 5425 637 5472 extra
661 5424 845 5487 portas
863 5415 1015 5469 urbis
1040 5415 1344 5482 suscitavit,
1385 5415 1657 5488 signiﬁcat
1691 5433 1814 5472 eum
1842 5419 1934 5488 qui
1963 5433 2063 5487 pa-

480 5508 587 5561 lam
614 5507 890 5576 quodlibet
916 5504 1249 5560 mortil‘erum
1274 5508 1480 5562 crimen
1509 5508 1767 5573 admittit,
1802 5519 1856 5563 et
1880 5509 2065 5563 audito

481 5598 648 5653 verbo
678 5596 888 5651 Domini
918 5612 948 5650 a
971 5606 1146 5650 morte
1173 5599 1381 5666 peccati
1412 5600 1664 5668 resurgit,
1692 5609 1745 5652 et
1771 5616 1868 5667 per
1892 5603 2065 5670 pumi-

481 5689 706 5745 tentiam
734 5689 789 5744 in
816 5687 1032 5745 Christo
1061 5691 1243 5742 vivere
1271 5690 1483 5758 incipit,
1518 5692 1862 5759 redditurque
1896 5694 2062 5748 vidum

482 5784 641 5838 mat-ri
665 5800 794 5847 sum,
835 5783 882 5834 id
914 5792 1016 5841 est.
1047 5783 1410 5837 communioni
1434 5782 1703 5836 Each-sim.
1827 5775 1832 5780 ’

2166 3317 2327 3381 ﬁlius,
2353 3316 2482 3382 ﬁlia,
2513 3331 2699 3378 nurus,
2727 3316 2944 3384 quibus,
2973 3316 3079 3371 duo
3108 3317 3163 3370 in
3193 3323 3324 3380 tres,
3349 3323 3408 3370 et
3427 3323 3540 3369 tres
3563 3314 3616 3368 in
3645 3313 3753 3367 duo

2164 3409 2502 3473 dividuntur,
2541 3406 2849 3478 signiﬁcant
2877 3407 3172 3462 humanum
3197 3422 3369 3479 genus
3394 3405 3501 3462 ﬁde
3526 3415 3581 3461 et
3627 3405 3754 3460 reli-

2165 3501 2324 3570 gione
2349 3499 2417 3553 ab
2446 3497 2680 3552 invicem
2726 3505 3055 3566 separatum,
3089 3497 3287 3565 partim
3333 3496 3389 3550 in
3434 3495 3756 3550 discissione

2167 3588 2494 3654 schismatis,
2524 3588 2665 3656 quod
2697 3587 2803 3642 duo
2833 3586 3162 3658 signiﬁcant,
3189 3587 3389 3656 partim
3419 3585 3473 3639 in
3523 3599 3755 3640 numero

2166 3681 2471 3746 Trinitatis,
2490 3682 2632 3751 quod
2657 3681 2758 3735 tria
2781 3680 3173 3734 demonstrant.
3205 3677 3421 3733 Divisus
3433 3675 3581 3732 enim
3608 3676 3757 3733 filius

2165 3782 2250 3829 est
2278 3773 2537 3828 adversus
2562 3781 2770 3843 patrem
2799 3786 2976 3835 suum,
3012 3769 3063 3824 id
3089 3778 3195 3834 est,
3219 3767 3450 3839 populus
3475 3783 3544 3823 ex
3569 3768 3752 3839 genti-

2167 3869 2268 3923 bus
2291 3868 2514 3922 veniens
2544 3867 2802 3922 adversus
2831 3865 3128 3930 diabolum,
3159 3879 3282 3919 cum
3329 3878 3439 3933 quo
3466 3874 3594 3917 ante
3639 3862 3757 3918 fue-

2167 3969 2254 4016 rat
2283 3961 2541 4016 sociatus.
2593 3959 2775 4015 Divisa
2821 3967 2908 4013 est
2954 3968 3008 4012 et
3060 3957 3171 4012 ﬁlia
3217 3957 3477 4013 adversus
3522 3964 3753 4010 matrem

2167 4068 2344 4118 suam,
2372 4052 2426 4107 id
2450 4060 2557 4118 est,
2579 4051 2732 4122 plebs
2759 4066 2825 4106 ex
2855 4049 3054 4105 Judaeis
3080 4049 3330 4111 credens,
3358 4049 3620 4104 adversus
3649 4047 3753 4101 im-

2167 4142 2312 4213 piam
2364 4156 2711 4212 synagogam.
2767 4140 2949 4196 Divisa
2977 4149 3061 4196 est
3089 4148 3144 4194 et
3171 4154 3342 4193 nurus
3371 4139 3634 4194 adversus
3662 4153 3753 4193 so-

2166 4252 2320 4292 crum
2358 4250 2532 4302 suam,
2583 4234 2826 4290 Ecclesia
2859 4232 3068 4290 scilicet
3119 4248 3186 4288 ex
3215 4232 3467 4303 gentibus
3495 4233 3757 4292 adversus

2166 4337 2396 4385 matrem
2426 4330 2604 4400 sponsi
2663 4328 2767 4393 sui,
2804 4342 3148 4399 synagogam,
3195 4326 3263 4380 de
3315 4339 3422 4395 qua
3461 4325 3755 4380 secundum

2169 4436 2385 4476 carnem
2417 4419 2664 4475 Christus
2704 4417 2882 4474 fuerat
2909 4425 3248 4488 procreatus.
3299 4415 3402 4482 Qui
3436 4429 3627 4470 omnes
3671 4429 3758 4468 se-

2168 4521 2449 4582 parantur,
2473 4513 2575 4567 sibi
2617 4512 2847 4566 invicem
2889 4511 3287 4573 renuntiantes,
3335 4507 3427 4562 alii
3456 4515 3752 4576 terrenam,

2173 4603 2262 4658 alii
2289 4603 2562 4659 caelestem
2592 4603 2819 4670 gloriam
2852 4610 3183 4671 appetentes.
3712 4637 3716 4662 τ

2241 4693 2446 4749 6³ΙὶΙωὶ
2474 4695 2660 4748 decem
2683 4701 2739 4746 et
2763 4707 2976 4757 novem,
3010 4707 3172 4761 super
3200 4706 3335 4761 quos
3367 4687 3564 4745 cecidit
3593 4687 3756 4752 turris

2175 4789 2227 4842 in
2261 4786 2427 4852 Siloa,
2469 4795 2524 4842 et
2548 4786 2744 4842 occidit
2769 4801 2883 4846 eos,
2917 4785 3197 4839 interitum
3225 4784 3398 4854 plebis
3445 4780 3752 4848 Judazorum

2172 4879 2467 4934 insinuant.
2503 4880 2702 4933 Decem
2731 4886 2787 4932 et
2838 4891 3032 4933 novem
3061 4877 3205 4932 enim
3247 4875 3390 4946 apud
3418 4875 3638 4930 Graecos
3687 4889 3751 4925 ex

2172 4975 2280 5026 iota
2302 4981 2357 5026 et
2383 4971 2523 5026 theta
2555 4971 2746 5027 litteris
2773 4969 3153 5041 exprimuntur
3181 4988 3195 5024 :
3226 4969 3422 5038 quibus
3448 4966 3634 5040 ﬁguris
3657 4980 3756 5040 gno-

2169 5077 2293 5117 men
2317 5061 2444 5118 Jesu
2484 5062 2740 5118 scribitur
2772 5080 2784 5115 :
2813 5061 2870 5116 in
2915 5075 3076 5132 quem
3122 5060 3195 5114 illi
3244 5059 3469 5115 credere
3512 5056 3757 5122 nolentes

2168 5156 2373 5226 pariter
2395 5171 2424 5208 a
2448 5152 2710 5208 Romanis
2730 5168 2855 5208 cum
2884 5168 2981 5207 sua
3005 5150 3140 5206 urbe
3173 5148 3580 5221 prostratisunt

2241 5247 2414 5302 Homo
2446 5247 2536 5316 qui
2585 5245 2838 5301 arborem
2892 5244 2980 5299 ﬁci
3024 5244 3082 5299 in
3125 5243 3281 5297 vinea
3327 5256 3423 5297 sua
3470 5239 3754 5311 plantavit,

2169 5338 2418 5394 Christus
2455 5348 2555 5402 est,
2595 5337 2686 5408 qui
2718 5351 3045 5410 synagogam
3077 5335 3303 5394 Iudaico
3351 5334 3546 5406 populo
3573 5332 3755 5396 condi-

2172 5431 2272 5485 dit.
2291 5429 2463 5496 Quam
2483 5442 2606 5482 cum
2621 5427 2882 5483 Dominus
2909 5426 3064 5495 quasi
3092 5425 3336 5480 inutilem
3359 5423 3612 5494 jussisset
3639 5422 3758 5494 abs-

2173 5524 2300 5587 cidi,
2349 5521 2408 5575 ﬁt
2459 5521 2533 5575 illi
2584 5537 2615 5574 a
2665 5520 2874 5577 colonis
2915 5519 3172 5589 apostolis
3219 5518 3360 5573 fossa
3412 5514 3751 5570 humilitatis.

2171 5614 2470 5668 Adhibetur
2493 5621 2546 5667 et
2577 5618 2808 5675 stercus,
2841 5611 2896 5664 id
2923 5617 3025 5674 est,
3058 5607 3328 5664 confessio
3363 5613 3710 5676 peccatorum
3737 5618 3753 5657 :

2171 5705 2356 5772 sicque
2385 5704 2435 5756 in
2468 5703 2762 5757 novissimo
2790 5701 3057 5755 medendo
3095 5699 3518 5755 commutabitur
3543 5697 3602 5754 in
3638 5708 3754 5750 me-

2173 5796 2292 5857 lius,
2324 5793 2578 5863 dabitqne
2606 5791 3062 5859 fructusjustitite
3091 5789 3355 5859 copiosos.
