4074 6316
327 486 402 542 81
1328 484 1414 540 DE
1453 483 1800 541 UNlVERSO
1837 484 2016 544 LIBRI
2055 484 2217 540 ΧΧΙΙ.
2260 515 2329 526 ——
2367 487 2494 542 LIB.
2535 488 2622 544 IV.
3530 484 3598 539 82

411 591 600 656 Mulier
635 612 754 669 quae
779 598 966 655 decem
1009 608 1063 654 et
1095 607 1218 654 octo
1240 616 1410 655 annos
1441 599 1774 655 inﬁrmitatis
1815 600 1916 653 ha-
1942 623 1994 682 Α
2021 601 2379 667 superbiendo
2410 607 2634 656 recessit
2656 616 2764 656 non
2781 600 3110 670 justiﬁcatus
3135 638 3150 665 ,
3183 599 3319 654 alter
3348 596 3598 653 lnnnilia~

251 703 256 712 ‘
329 683 473 750 lbens
493 709 523 748 a
548 691 775 748 Domino
799 704 979 748 erecta
1027 703 1133 757 est,
1159 693 1414 748 Ecclesia}
1462 701 1620 764 typus
1662 702 1764 753 est,
1797 706 1916 761 quae

339 786 394 840 in
438 783 546 839 ﬁne
592 792 899 854 temporum
925 784 1154 840 salutem
1192 785 1316 839 ﬁdei
1343 793 1633 840 consecuta
1676 792 1774 839 est.
1810 783 1914 838 sex

333 875 480 930 enim
508 874 759 929 aetatibus
785 875 1021 930 mundus
1047 875 1152 931 iste
1179 876 1498 946 completur,
1532 876 1686 945 cujus
1734 883 1914 929 tamen

318 973 548 1032 tempus
580 962 745 1018 habet
766 964 1096 1033 tripertitam
1131 965 1536 1030 discretionem,
1583 979 1745 1019 unam
1791 975 1915 1018 ante

331 1054 526 1125 legem,
579 1054 806 1110 alteram
830 1055 886 1109 in
918 1054 1059 1125 lege,
1085 1056 1305 1111 tertiam
1350 1055 1450 1110 sub
1475 1055 1670 1126 gratia.
1726 1053 1915 1109 Sexies

328 1160 460 1216 ergo
484 1147 625 1201 terni
651 1147 839 1202 decem
862 1155 916 1201 et
942 1157 1066 1203 octo
1096 1147 1356 1204 efﬁciunt.
1387 1147 1504 1215 Quo
1534 1163 1761 1203 numero
1785 1141 1917 1202 tem-

325 1254 427 1309 pus
457 1238 564 1293 hoc
593 1247 795 1294 nostrae
815 1239 1004 1294 salutis
1037 1241 1363 1306 insinuatur,
1394 1241 1610 1310 quando
1637 1256 1667 1294 a
1697 1239 1916 1295 Satanae

323 1330 580 1396 vinculis,
604 1330 801 1401 quibus
825 1330 1188 1387 curvabamur
1237 1333 1426 1398 erecti,
1477 1334 1678 1388 donum
1725 1332 1917 1387 salutis

324 1427 377 1473 et
407 1435 563 1489 spem
595 1436 842 1490 supernae
864 1421 1337 1490 contemplationis
1378 1423 1694 1492 accipimus.

317 1505 322 1520 '
395 1509 766 1580 Hydropicus,
792 1525 954 1580 quem
995 1513 1255 1568 Dominus
1301 1513 1539 1576 curavit,
1581 1516 1916 1571 demonstrat

321 1616 412 1656 eos
439 1617 582 1670 quos
603 1602 780 1660 ﬂuxus
802 1603 1103 1659 carnalium
1127 1605 1464 1676 voluptatum
1493 1607 1799 1663 exuberans
1821 1624 1914 1679 ag-

319 1701 534 1763 gravat.

386 1786 567 1844 Homo
603 1788 812 1845 habens
839 1791 974 1846 duos
1013 1790 1176 1856 ﬁlios,
1208 1790 1351 1848 Deus
1376 1802 1462 1848 est
1498 1793 1874 1865 intelligendus
1894 1836 1910 1862 ,

317 1879 530 1934 habens
576 1879 710 1934 duos
754 1881 1030 1951 populos:
1073 1898 1304 1952 quorum
1357 1884 1533 1952 major
1569 1886 1795 1955 ﬁguram
1833 1896 1913 1942 te-

317 1970 431 2024 nuit
457 1969 672 2025 Judaici
701 1973 884 2041 populi
912 1975 1003 2042 qui
1028 1975 1330 2044 permansit
1350 1976 1405 2030 in
1435 1976 1529 2031 Dei
1559 1977 1703 2032 cultu
1729 1995 1743 2043 ;
1773 1978 1911 2032 alter

312 2055 492 2116 ‘minor
521 2063 915 2132 gentium,qui,
935 2064 1226 2120 Conditore
1254 2064 1489 2129 deserto,
1515 2083 1708 2122 servus
1732 2067 1908 2123 factus

311 2159 394 2204 est
417 2151 711 2216 idolorum,
739 2168 901 2222 quem
930 2169 1028 2223 per
1054 2164 1354 2223 egestatem
1388 2155 1512 2211 ﬁdei
1542 2165 1906 2213 revertentem

311 2244 616 2299 clementer
645 2246 871 2316 suscipit
911 2246 1053 2303 Deus
1083 2247 1248 2304 Pater
1272 2289 1287 2314 ,
1324 2259 1379 2304 et
1423 2265 1523 2319 pro
1553 2253 1909 2307 conversione

310 2335 425 2405 ejus
449 2336 561 2390 sub
590 2335 744 2390 vituli
779 2344 904 2408 typo
933 2335 1132 2393 Filium
1159 2339 1407 2395 immolat
1432 2342 1686 2407 unicum;
1718 2344 1909 2398 tribuit

310 2431 471 2485 etiam
503 2431 770 2485 annulum
822 2431 982 2499 ﬁdei,
1026 2441 1082 2488 et
1111 2434 1250 2489 stola
1279 2435 1703 2492 immortalitatis
1732 2437 1910 2493 induit

309 2536 449 2577 eum.
485 2521 812 2595 Quanquam
864 2524 1083 2582 Judaaus
1128 2525 1300 2582 frater
1345 2528 1531 2584 livoris
1591 2539 1909 2600 torqueatur

312 2614 539 2680 invidia,
568 2631 669 2684 pro
700 2615 874 2672 salute
904 2625 1086 2673 tamen
1117 2619 1235 2689 ejus
1260 2620 1459 2690 gaudio
1487 2622 1724 2676 concinit
1750 2638 1909 2693 ange-

305 2705 481 2761 lorum
511 2710 854 2778 symphonia.

375 2796 739 2870 Dispensator
771 2804 1032 2874 prodigus
1060 2845 1074 2869 ,
1113 2819 1273 2875 quem
1314 2806 1568 2862 dominus
1594 2823 1627 2862 a
1665 2809 1906 2864 villicatu

309 2892 555 2946 amoveri
584 2896 866 2964 praecepit,
915 2904 972 2951 et
1022 2896 1267 2952 fraudem
1316 2898 1520 2955 faciens
1549 2901 1766 2955 domino
1808 2917 1908 2958 suo

311 2983 581 3037 relaxavit
607 2984 939 3044 debitoribus
979 2988 1093 3043 suis
1128 2999 1338 3059 partem
1364 3032 1378 3055 ,
1409 3000 1468 3046 ut
1515 2993 1740 3048 haberet
1765 2995 1906 3049 unde

309 3072 362 3125 in
388 3080 673 3142 posterum
693 3077 929 3141 viveret,
961 3078 1077 3133 haec
1119 3082 1455 3150 comparatio
1497 3083 1564 3137 ad
1597 3085 1906 3154 exemplum

309 3165 480 3218 nostri
530 3167 809 3236 proposita
851 3177 953 3223 est.
996 3169 1127 3224 Nam
1154 3172 1197 3226 si
1232 3172 1324 3228 ille
1349 3189 1378 3227 a
1407 3175 1628 3232 domino
1659 3193 1757 3233 suo
1791 3179 1908 3235 lau-

307 3255 423 3308 dari
468 3259 796 3326 promeruit,
838 3260 930 3330 qui
974 3261 1224 3317 fraudem
1247 3265 1296 3320 ei
1325 3263 1526 3322 faciens
1549 3269 1602 3323 in
1627 3279 1906 3339 posterum

2020 699 2104 744 tus
2137 691 2442 747 conﬁtendo
2473 693 2892 763 appropinquari
2921 691 3123 746 meruit
3145 689 3434 746 exaltatus.

2087 781 2272 836 Caecus
2319 783 2510 837 sedens
2554 779 2711 838 secus
2755 783 2918 848 viam,
2970 781 3224 852 pepulum
3266 779 3600 834 demonstrat

2016 869 2267 938 gentilem
2287 912 2302 935 ,
2327 873 2418 940 qui
2448 887 2547 942 per
2572 872 2775 928 Christi
2807 873 3040 943 gratiam
3084 870 3211 925 ﬁdei
3251 868 3449 927 meruit
3484 867 3598 924 cla-

2017 961 2250 1015 ῆωωω.

2085 1051 2472 1122 Zachaeus,qui
2496 1054 2884 1124 interpretatur
2897 1055 3094 1125 justus,
3126 1055 3239 1109 sive
3246 1052 3596 1124 justi/iactus,

2014 1150 2106 1194 aut
2129 1143 2527 1210 justiﬁcandus,
2555 1145 2774 1214 gentilis
2799 1153 2884 1200 est
2909 1145 3140 1216 populus
3165 1187 3179 1210 ,
3211 1147 3386 1217 gratia
3433 1141 3602 1198 meri-

2013 1240 2192 1286 torum
2220 1233 2479 1302 pusillus,
2507 1236 2600 1305 qui
2639 1245 2818 1291 tamen
2841 1252 2873 1290 a
2903 1239 3135 1292 terrenis
3163 1237 3376 1292 actibus
3417 1233 3597 1289 suble-

2012 1331 2169 1377 vatus
2209 1338 2306 1393 per
2341 1324 2543 1396 lignum
2597 1327 2890 1382 Dominicaa
2935 1328 3114 1382 crucis
3156 1325 3358 1382 Christi
3396 1329 3603 1394 myste-

2013 1414 2153 1468 rium
2183 1419 2596 1487 contemplatur.

2084 1505 2257 1560 Homo
2290 1508 2507 1574 nobilis,
2540 1511 2633 1580 qui
2663 1512 2716 1565 in
2744 1510 3094 1581 longinquam
3121 1509 3254 1564 abiit
3284 1508 3558 1577 regionem
3583 1546 3598 1571 ,

2013 1600 2261 1669 accipere
2286 1601 2387 1656 sibi
2421 1618 2645 1673 regnum
2664 1644 2678 1668 ,
2711 1603 3124 1672 Redemptorem
3154 1613 3397 1656 nostrum
3430 1599 3600 1668 signi-

2013 1685 2163 1754 ﬁcat,
2195 1691 2286 1758 qui
2325 1706 2496 1760 usque
2552 1693 2619 1747 ad
2674 1691 2811 1747 ﬁnes
2853 1702 3013 1747 terra:
3065 1691 3312 1762 pervenit
3358 1689 3604 1758 accipere

2012 1797 2237 1853 regnum
2266 1786 2320 1839 in
2351 1786 2565 1855 populis
2594 1787 2855 1856 gentium.

2083 1877 2240 1933 Cives
2265 1920 2279 1944 ,
2321 1881 2413 1948 qui
2452 1879 2742 1934 noluerunt
2765 1894 2890 1935 eum
2913 1892 3141 1949 regnare
3165 1917 3181 1942 ,
3207 1873 3376 1930 Judaei
3406 1870 3603 1927 intelli—

1936 2004 1985 2065 Β
2012 1980 2212 2040 guntur
2232 2012 2246 2035 ,
2281 1971 2371 2040 qui
2401 1972 2678 2026 Christum
2705 1985 2890 2042 regem
2918 1978 3258 2040 spreverunt.

2085 2062 2288 2118 Servus
2336 2078 2466 2118 vero
2512 2064 2604 2132 qui
2651 2079 2835 2120 mnam
2884 2077 3050 2118 unam
3099 2061 3371 2130 accipiens
3415 2059 3600 2113 decem

2010 2157 2335 2225 acquisivit,
2365 2156 2635 2228 signiﬁcat
2662 2156 2914 2211 doctores
2939 2197 2953 2220 ,
2996 2155 3124 2224 qui,
3174 2159 3394 2221 accepta
3429 2147 3602 2219 gratia

2008 2247 2305 2318 Evangelii,
2340 2250 2394 2302 in
2433 2249 2619 2303 decem
2660 2249 2948 2302 verborum
2978 2241 3412 2316 praedicamentis
3439 2241 3603 2295 bene-

2009 2342 2135 2398 dicti
2168 2353 2326 2407 sunt,
2359 2352 2414 2396 et
2443 2343 2683 2398 docendo
2712 2342 2910 2396 multos
2941 2342 2995 2394 in
3027 2339 3130 2394 ﬁde
3151 2337 3555 2408 acquisiverunt
3583 2349 3600 2397 ;

2008 2435 2213 2490 idcirco
2239 2435 2557 2490 adveniente
2605 2433 2833 2488 Domino
2875 2431 3094 2486 Christo
3137 2429 3446 2491 laudantur,
3472 2423 3603 2494 quia

2010 2525 2207 2579 lucrati
2257 2533 2404 2579 sunt.
2444 2524 2547 2591 Qui
2586 2539 2718 2576 vero
2743 2537 2810 2575 ex
2842 2538 2948 2575 una
2995 2521 3234 2590 quinque
3268 2515 3600 2586 acquisivit,

2009 2615 2128 2670 illos
2156 2615 2513 2678 demonstrat,
2551 2613 2643 2683 qui
2678 2613 2930 2666 mandata
2959 2611 3053 2664 Dei
3088 2615 3387 2670 servantes,
3404 2619 3597 2660 conse-

2008 2718 2248 2776 quuntur
2289 2707 2571 2762 scientiam
2621 2704 2754 2773 legis
2810 2703 2865 2756 in
2912 2702 3150 2770 quinque
3212 2699 3365 2753 libris
3432 2695 3603 2766 Moysi

2009 2797 2267 2866 scriptam
2289 2837 2302 2859 ,
2346 2810 2576 2866 eantque
2615 2793 2889 2848 edocendo
2917 2790 2983 2845 ad
3011 2805 3170 2846 usum
3199 2789 3387 2844 salutis
3415 2799 3603 2841 necest

2008 2888 2209 2943 sariam
2254 2889 2520 2943 l'enerant.
2570 2885 2671 2953 Qui
2715 2900 2846 2940 vero
2894 2899 3076 2938 mnam
3124 2897 3288 2937 unam
3330 2882 3504 2952 ipsam
3547 2879 3601 2934 in

2008 2979 2229 3033 sudario
2283 2977 2667 3042 conservavit,
2719 2975 2958 3031 ostendit
3004 2989 3126 3028 eum
3184 2972 3277 3042 qui
3333 2971 3600 3027 creditum

2009 3070 2111 3125 sibi
2139 3071 2325 3142 gratiae
2343 3069 2544 3124 donum
2581 3068 2808 3123 delicate
2832 3067 3113 3134 otioseque
3139 3063 3413 3118 tractavit.
3446 3060 3601 3117 Unde

2007 3169 2062 3214 et
2085 3169 2231 3216 recte
2259 3161 2473 3214 amittet
2500 3157 2751 3214 collatam
2780 3157 3008 3228 gratiam
3034 3195 3048 3220 ,
3081 3154 3174 3224 qui
3199 3169 3296 3223 per
3323 3151 3604 3220 negligen-

2008 3255 2139 3308 tiam
2184 3253 2483 3324 praedicare
2523 3250 2881 3322 contempsit,
2909 3257 2968 3303 ut
2996 3248 3047 3304 ei
3073 3255 3330 3317 augeatur
3353 3243 3447 3315 qui
3476 3242 3601 3298 inde

308 3348 408 3401 sibi
437 3349 507 3403 de
539 3349 731 3405 alienis
761 3353 923 3408 rebus
950 3357 1188 3423 providit
1213 3399 1228 3422 ,
1258 3369 1460 3427 quanto
1488 3363 1660 3432 magis
1687 3363 1907 3422 Christo
1933 3376 1978 3438 ρ
2010 3348 2296 3404 laboram-

306 3438 526 3507 placere
551 3456 863 3510 possumus,
888 3446 935 3500 si
955 3461 1022 3500 ex
1052 3448 1214 3503 rebus
1244 3451 1447 3506 nostris
1473 3454 1903 3512 misericordiam

305 3528 682 3601 indigentibus
708 3531 974 3590 faciamus
998 3576 1013 3602 ,
1045 3553 1077 3592 a
1121 3539 1320 3608 quibus
1357 3543 1522 3613 recipi
1554 3544 1608 3598 in
1658 3547 1907 3602 tabema-

303 3620 428 3675 cula
458 3629 664 3676 aeterna
690 3625 1004 3692 possimus?

281 3719 287 3724 '
378 3709 576 3774 Dives,
602 3713 693 3778 qui
714 3713 1041 3769 induebatur
1074 3734 1341 3788 purpura,
1391 3723 1661 3793 signiﬁcat
1694 3725 1904 3782 Judaeu-

303 3817 431 3856 rum
462 3803 776 3871 superbiam
808 3802 1090 3862 florentem
1117 3812 1385 3879 quondam
1421 3814 1630 3884 imperii
1661 3817 1906 3875 claritate

305 3895 391 3949 vel
424 3895 652 3949 honoris
679 3896 1018 3954 excellentia.

378 3987 661 4043 Mendicus
691 3990 968 4047 ulcerosus
1001 3993 1340 4051 demonstrat
1367 4001 1620 4068 gentilem
1653 4002 1906 4071 populum

309 4079 747 4136 confessionibus
815 4093 1162 4152 peccatorum
1223 4090 1585 4147 lmmiliatum.
1658 4094 1906 4166 Quinque

309 4171 510 4228 fratres
539 4173 720 4228 divitis
755 4175 930 4243 illius,
963 4179 1055 4248 qui
1083 4182 1222 4249 apud
1259 4181 1463 4240 inferos
1505 4188 1858 4255 torquebatur
1889 4230 1904 4255 ,

309 4261 476 4318 Judaei
509 4264 902 4336 intelliguntur,
931 4271 1025 4339 qui
1054 4273 1154 4327 sub
1181 4274 1416 4344 quinque
1456 4277 1611 4335 libris
1645 4279 1780 4352 legis
1804 4296 1904 4351 po-

287 4355 398 4409 ‘siti
426 4364 575 4411 sunt.

380 4449 579 4505 Decem
612 4452 808 4523 leprosi
840 4456 930 4524 qui
963 4457 1293 4512 mundantur
1320 4476 1347 4512 a
1376 4460 1607 4516 Domino
1633 4503 1646 4527 ,
1683 4464 1902 4518 haereti-

313 4554 403 4596 cos
429 4544 756 4614 signiﬁcant,
773 4547 863 4615 qui
890 4547 943 4601 in
972 4549 1234 4604 varietate
1260 4551 1500 4606 colorum
1533 4553 1905 4612 diversitatem

314 4632 514 4690 habent
561 4635 947 4705 scbismatum;
997 4641 1088 4710 qui
1135 4642 1256 4696 ideo
1286 4645 1354 4698 ad
1391 4647 1727 4700 sacerdotem
1773 4647 1900 4701 mit-

2081 3441 2253 3497 Vidua
2282 3455 2401 3510 qua:
2436 3440 2491 3493 in
2541 3438 2985 3510 gazophylacium
3022 3436 3128 3490 duo
3177 3433 3385 3486 minuta
3428 3427 3562 3499 jecit
3585 3465 3601 3490 ,

2008 3533 2245 3586 animam
2270 3530 2482 3585 ﬁdelem
2513 3529 2872 3594 demonstrat,
2903 3541 3024 3596 quae
3049 3526 3104 3580 in
3132 3525 3392 3579 thesauro
3420 3515 3601 3574 cordis

2007 3623 2245 3678 fructum
2287 3622 2595 3678 dilectionis
2638 3621 2733 3676 Dei
2765 3628 2821 3675 et
2848 3618 3085 3690 proximi
3113 3623 3312 3671 servat.
3652 3696 3654 3698 ν

2081 3713 2325 3783 Sponsus
2353 3713 2603 3768 Christus
2649 3720 2761 3778 est,
2795 3712 2950 3779 cujus
2974 3710 3176 3780 nuptiae
3203 3723 3327 3763 cum
3360 3703 3602 3760 Ecclesia

2009 3805 2384 3869 celebrantur;
2435 3806 2488 3859 in
2520 3804 2678 3875 cujus
2718 3804 3098 3875 conjunctione
3142 3815 3281 3870 aqua
3319 3799 3370 3852 in
3413 3797 3599 3852 vinum

2009 3905 2270 3961 mutatur,
2309 3897 2433 3964 quia
2455 3896 2739 3951 credentes
2779 3908 2878 3963 per
2912 3893 3114 3948 lavacri
3159 3891 3390 3961 gratiam
3417 3897 3596 3942 trans-

2008 3997 2139 4040 eunt
2176 3987 2242 4039 ad
2271 3985 2538 4054 passionis
2561 3999 2837 4038 coronam.

2080 4076 2502 4134 Architriclinus
2527 4116 2540 4140 ,
2569 4074 2782 4145 Moyses
2822 4073 3142 4144 intelligitur
3165 4111 3180 4136 ,
3229 4070 3322 4139 qui
3368 4069 3602 4123 miratur

2007 4171 2289 4227 meliorem
2313 4179 2367 4224 et
2388 4169 2716 4224 sanctiorem
2743 4166 3000 4236 p0pulum
3019 4179 3116 4234 per
3135 4162 3320 4218 Jesum
3345 4161 3400 4216 in
3431 4161 3602 4215 Evan-

2008 4263 2148 4334 gelio
2172 4269 2581 4332 congregatum,
2608 4274 2774 4328 quam
2806 4257 2956 4312 illum
2989 4257 3224 4327 priorem
3266 4254 3334 4308 ab
3361 4252 3600 4324 Egypto

2007 4354 2281 4409 eductum.
2317 4351 2556 4406 Finitum
2606 4351 2753 4405 enim
2800 4348 2987 4404 vinum
3045 4344 3285 4401 ostendit
3331 4343 3601 4398 sublatam

2005 4458 2124 4500 esse
2153 4445 2382 4516 gratiam
2417 4441 2652 4514 Spiritus
2677 4441 2850 4496 sancti
2879 4455 2911 4494 a
2939 4435 3163 4503 Iudaeis,
3186 4444 3241 4492 et
3263 4451 3359 4506 per
3377 4443 3597 4506 aposto-

2005 4539 2086 4594 los
2111 4539 2163 4592 in
2191 4538 2441 4607 gentibus
2473 4535 2864 4591 contributam.

2075 4628 2265 4682 Mulier
2294 4627 2635 4681 Samaritana
2671 4624 2899 4695 mystice
2938 4619 3259 4690 intelligitur
3290 4618 3593 4688 Synagoga,

289 4725 498 4781 'tuntur
521 4736 614 4792 ut,
643 4729 867 4784 detonsa
905 4731 1052 4786 omni
1077 4733 1340 4789 varietate
1369 4748 1614 4790 errorum
1635 4775 1650 4802 ,
1673 4737 1898 4793 unitatis

2008 4720 2242 4790 quinque
2263 4719 2416 4772 libris
2441 4717 2607 4788 legis,
2640 4715 2795 4784 quasi
2827 4713 3068 4783 quinque
3101 4710 3266 4772 viris,
3293 4708 3594 4762 secundum

295 4811 615 4890 percipiant
650 4831 1075 4878 sacramentum.

383 4912 554 4968 Iudex
582 4915 821 4984 iniquus,
850 4917 941 4986 qui
971 4917 1257 4973 Dominum
1296 4934 1404 4976 non
1441 4903 1710 4989 timebat,
1759 4923 1899 4979 assi-

313 5001 416 5057 ’due
448 5014 630 5060 tamen
662 5006 1040 5077 deprecantem
1089 5009 1305 5064 viduam
1337 5013 1651 5079 exaudivit,
1703 5015 1899 5070 simili-

320 5097 442 5148 tudo
478 5105 564 5151 est
597 5112 701 5166 qua
752 5099 1156 5155 demonstratur
1197 5111 1456 5171 quantam
1503 5121 1652 5175 spem
1695 5106 1900 5162 habere

321 5185 473 5242 debet
506 5189 599 5259 qui
649 5189 820 5246 Deum
859 5192 1226 5248 indesinenter
1267 5196 1538 5265 exposcit,
1582 5212 1707 5250 cum
1735 5198 1901 5251 etiam

322 5278 454 5344 apud
480 5295 640 5335 aures
670 5279 853 5348 injusti
879 5282 1080 5354 judicis
1100 5285 1326 5340 valuerit
1352 5285 1608 5356 frequens
1644 5288 1901 5343 instantia

321 5367 488 5424 viduae
539 5371 901 5441 deprecantis.
957 5375 1075 5445 Ipsa
1135 5386 1312 5432 autem
1370 5378 1534 5432 vidua
1595 5379 1902 5449 signiﬁcare

321 5467 492 5525 potest
534 5461 834 5519 Ecclesiam
876 5477 1290 5536 perseveranter
1323 5469 1406 5524 sui
1443 5478 1716 5538 petentem
1745 5471 1901 5526 ultio-

328 5565 442 5605 nem
467 5555 532 5611 de
556 5557 791 5613 inimicis
816 5560 929 5615 suis
954 5601 969 5625 ,
1005 5561 1107 5616 hoc
1131 5571 1234 5628 est,
1275 5563 1488 5617 diabolo
1518 5575 1573 5618 et
1607 5565 1896 5619 haereticis.

393 5642 692 5703 Pharisaeus
719 5665 883 5706 orans
910 5651 962 5706 in
995 5653 1216 5723 templo,
1253 5629 1560 5709 Judzeorum
1608 5663 1692 5710 est
1731 5670 1901 5725 pOpu-

327 5735 423 5802 lus,
451 5742 542 5810 qui
569 5757 636 5797 ex
655 5741 1133 5810 justiﬁeationibus
1163 5745 1295 5816 legis
1325 5745 1535 5801 extollit
1557 5747 1749 5802 merita
1779 5761 1894 5800 sua.

327 5830 642 5893 Publicanus
679 5852 810 5892 vero
839 5838 1054 5908 gentilis
1084 5845 1169 5893 est
1218 5837 1446 5909 populus
1476 5878 1492 5905 ,
1531 5837 1625 5907 qui
1676 5837 1834 5909 longe
1867 5853 1898 5892 a

329 5929 438 5987 Deo
462 5935 667 6003 positus
692 5937 982 5994 conﬁtetur
1017 5941 1238 6004 peccata
1279 5947 1375 5988 sua
1421 5949 1434 5986 :
1479 5946 1710 6002 quorum
1758 5945 1900 5986 unus

2005 4826 2224 4869 sensum
2261 4810 2445 4866 carnis
2480 4806 2768 4874 subjecta;
2820 4817 2985 4873 quam
3019 4797 3448 4854 misericorditer
3485 4798 3594 4852 Do-

2003 4905 2186 4960 minus
2222 4908 2481 4974 provocat
2517 4897 2738 4954 haurire
2784 4907 2982 4966 aquam
3026 4890 3228 4956 vivam,
3260 4889 3461 4945 lavacri
3491 4889 3593 4944 sci-

2001 4998 2131 5053 licet
2161 4994 2442 5066 percipere
2467 4990 2697 5065 gratiam
2721 5029 2737 5055 ,
2777 4986 2867 5042 vel
2915 4991 3184 5041 secretam
3219 4982 3351 5054 legis
3389 4981 3593 5038 intelli—

2003 5093 2260 5166 gentiam.

2077 5187 2268 5242 Mulier
2302 5184 2545 5240 adultera
2568 5221 2584 5246 ,
2623 5192 2745 5248 quae
2774 5172 2999 5230 oﬁ‘ertur
3045 5173 3276 5230 Domino
3314 5185 3345 5224 a
3393 5168 3595 5227 Judaeis

2008 5281 2315 5353 lapidanda,
2361 5274 2601 5332 Ecclesia
2630 5278 2749 5334 est;
2789 5283 2909 5338 quae
2947 5267 3118 5336 prius,
3151 5264 3341 5319 relicto
3367 5262 3502 5353 Deo,
3537 5262 3592 5316 in

2007 5351 2166 5426 idolis
2187 5369 2360 5423 fuerat
2382 5367 2668 5425 fornicata,
2685 5373 2844 5432 quam
2864 5357 3080 5413 volebat
3106 5355 3387 5427 Synagoga
3408 5351 3594 5408 zelans

2006 5463 2311 5518 interﬁcere
2344 5477 2356 5512 :
2382 5456 2633 5513 Christus
2655 5451 2827 5509 salvat
2860 5468 2958 5524 per
2980 5447 3357 5504 remissionem
3386 5442 3589 5507 delicti,

2005 5570 2106 5610 nec
2153 5552 2284 5608 sinit
2319 5564 2439 5604 eam
2468 5549 2647 5619 perire
2673 5589 2687 5614 ,
2719 5546 2810 5617 qui
2851 5543 3000 5600 novit
3037 5539 3250 5594 veniam
3281 5533 3591 5589 condonare

2007 5644 2375 5716 peccantibus.

2073 5741 2260 5795 Simon
2285 5737 2530 5807 leprosus
2555 5732 2772 5806 gentilis
2791 5739 2877 5787 est
2895 5726 3144 5801 populus,
3174 5721 3265 5791 qui
3291 5726 3376 5774 est
3414 5732 3445 5769 a
3473 5715 3586 5769 Be-

1999 5837 2278 5904 demptore
2301 5829 2616 5885 mundatus.
3126 5908 3135 5910 _
3184 5904 3194 5910 -
3361 5899 3372 5910 .

2068 5895 2260 5981 Mulier
2311 5938 2432 5994 qua:
2465 5925 2738 5989 unguento
2771 5921 2930 5984 caput
2984 5904 3197 5967 Domini
3245 5899 3423 5966 unxit,
3477 5895 3579 5951 Ec-
