4074 6316
459 399 528 467 ss
1106 402 1167 458 B.
1213 403 1471 475 eamut
1506 401 1729 474 MAURI
1768 401 2087 459 ARCHIEP.
2130 400 2442 476 uocum,
2482 400 2771 459 omnum
2803 400 2984 458 PARS
3019 402 3083 459 ιι.
3659 405 3731 460 84

459 518 622 577 clesia
650 530 754 584 est,
798 534 917 592 quzvc
959 520 1192 583 fructum
1217 520 1299 574 sui
1326 520 1504 591 operis
1524 561 1539 583 ,
1568 521 1796 595 ﬁdeique
1823 521 2042 576 odorem
2070 523 2123 583 A
2147 531 2403 591 suerunt,
2449 523 2679 595 populus
2723 524 3037 596 gentilitatis
3074 524 3387 600 intelligitur
3407 568 3421 593 ,
3453 533 3546 600 qui
3570 546 3730 603 pere-

459 612 529 666 ad
550 609 762 665 laudem
793 609 887 681 Dei
920 617 976 664 et
1002 609 1202 665 Christi
1232 612 1458 682 gloriam
1490 611 1676 667 refert.
1699 611 1935 685 Angelus
1956 612 2045 667 ille

459 702 527 773 ad
554 698 706 783 cujus
732 702 1054 767 descensum
1079 701 1399 758 movebatur
1429 716 1569 773 aqua
1606 704 1845 774 quinque
1873 703 2044 774 porti-

458 795 610 869 cibus
632 795 829 863 cincta,
853 794 1101 852 Christus
1124 808 1225 871 est,
1266 798 1319 852 in
1351 799 1504 875 cujus
1534 798 1765 854 adventu
1796 800 2042 854 turbatus

456 899 539 945 est
562 887 871 944 Judaaorum
894 892 1125 962 populus
1143 893 1381 963 quinque
1402 893 1555 947 libris
1576 893 1706 964 legis
1730 894 2037 951 conclusus.

456 981 830 1053 Descendente
868 983 1011 1055 enim
1049 983 1239 1063 angelo
1284 986 1731 1041 commovebatur
1773 1002 1931 1055 aqua,
1987 996 2041 1042 et

456 1073 748 1143 satiabatur
790 1073 1067 1145 inﬁrmus;
1097 1075 1456 1143 descendente
1484 1078 1550 1131 de
1590 1078 1742 1141 caelis
1776 1077 1990 1134 Christo
2020 1120 2033 1143 ,

454 1168 866 1227 conpnotus’est
891 1167 948 1221 in
992 1169 1244 1243 passione
1273 1168 1388 1255 ejus
1413 1171 1555 1235 idem
1581 1171 1836 1247 populus,
1865 1182 1919 1225 et
1952 1186 2039 1225 sa-

447 1264 612 1329 natus
642 1265 724 1311 est
756 1258 1006 1329 mundus,
1588 1258 1593 1263 ’
1706 1258 1709 1261 ’

524 1352 711 1408 Caecus
736 1356 1073 1411 anativitate
1098 1397 1112 1422 ,
1144 1373 1306 1428 quem
1340 1359 1601 1427 Dominus
1636 1360 1817 1414 unctis
1863 1359 2036 1425 oculis

451 1444 517 1511 ad
545 1444 808 1525 piscinam
844 1445 990 1513 Siloe
1023 1448 1171 1514 misit
1205 1449 1513 1514 lavandum,
1558 1450 1829 1521 signiﬁcat
1864 1468 2037 1523 genus

448 1537 745 1607 humanum
775 1556 806 1601 a
841 1542 1122 1607 nativitate
1148 1583 1163 1611 ,
1194 1542 1247 1597 id
1279 1552 1361 1598 est
1385 1583 1400 1608 ,
1441 1559 1471 1597 a
1496 1544 1676 1617 primo
1704 1546 1923 1607 homine
1949 1562 2036 1608 er-

447 1644 571 1687 rore
599 1629 890 1707 [errorum]
926 1632 1159 1703 tenebris
1200 1632 1469 1688 vitiatum.
1516 1634 1680 1706 Cujus
1719 1635 1904 1691 oculos
1939 1636 2037 1691 Do-

446 1722 628 1777 minus
652 1724 721 1778 de
745 1733 903 1794 sputo
923 1732 980 1779 et
1004 1725 1116 1779 luto
1141 1725 1334 1792 linivit,
1361 1726 1486 1801 quia
1523 1725 1746 1783 Verbum
1789 1744 1911 1782 caro
1955 1728 2035 1800 fa-

448 1826 587 1868 ctum
614 1824 690 1869 est
719 1814 901 1887 (loqu.
929 1816 968 1885 ι)
986 1833 1004 1889 ⁴;
1033 1824 1087 1881 et
1109 1817 1483 1891 Lavarioculqs
1511 1817 1561 1871 in
1586 1818 1794 1907 piscina
1823 1816 1986 1887 jussit
2017 1860 2031 1885 ,

445 1915 507 1957 ut
534 1884 837 1975 baptizatus
879 1884 953 1961 in
982 1884 1200 1975 Christo
1248 1884 1519 1980 acciperet
1559 1884 1730 1969 lucem
1776 1884 1899 1966 ﬁdei
1925 1953 1938 1979 ,
1980 1921 2035 1979 et
2063 1884 2109 1945 Β

445 1996 690 2063 crederet
718 1996 771 2053 in
803 2012 924 2061 cum
952 1999 1040 2068 qui
1066 1999 1351 2065 visibiliter
1374 2000 1427 2054 in
1455 2003 1655 2070 mundo
1686 2005 1956 2075 apparuit.

519 2088 785 2167 Lazarus,
848 2091 940 2160 qui
987 2092 1376 2161 interpretatur
1425 2094 1679 2171 adjutus,
1731 2111 1892 2165 quem
1931 2097 2035 2152 Do-

442 2183 622 2241 minus
651 2183 1085 2257 quadriduanum
1132 2186 1389 2251 fetentem
1422 2190 1487 2251 de
1530 2199 1881 2255 monumento
1917 2208 2036 2257 sus—

444 2273 673 2341 citavit,
723 2274 994 2349 significat
1026 2278 1309 2345 mundum,
1346 2294 1506 2351 quem
1548 2281 1868 2353 gravissima
1912 2299 2036 2357 pec.-

443 2366 550 2422 cati
591 2369 922 2435 consuetudo
962 2382 1299 2440 corruperat.
1353 2372 1455 2449 Qui
1504 2381 1685 2439 tamen
1714 2384 1910 2455 quarto
1948 2377 2037 2437 die

441 2456 633 2515 mortis
659 2458 969 2531 suscitatur.
1002 2458 1184 2514 Prima
1215 2461 1359 2527 enim
1391 2462 1506 2525 dies
1532 2466 1723 2531 mortis
1754 2473 1837 2520 est
1864 2474 2036 2535 tracta

441 2545 508 2605 de
552 2544 723 2610 Adam
770 2563 1010 2627 propago
1054 2552 1268 2619 inertis.
1320 2551 1503 2607 Altera
1557 2555 1671 2617 dies
1716 2558 1908 2618 mortis
1955 2569 2039 2614 est

441 2639 803 2709 transgressio
830 2639 965 2715 legis
992 2643 1271 2715 naturalis.
1304 2645 1483 2709 Tertia
1510 2648 1626 2713 dies
1655 2653 1865 2717 mortis,
1896 2669 2034 2725 prae-

441 2730 705 2787 varicatio
750 2732 887 2791 datae
938 2733 1090 2809 legis.
1138 2735 1342 2809 Quarta
1386 2739 1503 2807 dies
1545 2743 1735 2809 mortis
1773 2754 1857 2804 est
1902 2761 2033 2808 con-

445 2829 683 2899 temptus
708 2825 1030 2896 evangelica:
1059 2828 1478 2907 praedicationis,
1512 2833 1566 2895 in
1600 2849 1704 2913 qua
1737 2835 1823 2899 die
1854 2835 2037 2898 Domi-

445 2928 551 2973 nus
597 2930 753 2985 suum
795 2933 931 2991 onus
982 2922 1278 2989 respiciens
1320 2923 1743 2995 misericorditer
1773 2929 2037 2993 suscitare

444 3006 693 3078 dignatus
721 3018 827 3069 est.
1384 3004 1391 3009 ’

515 3097 715 3169 Servus
740 3104 999 3175 principis
1028 3109 1369 3175 sacerdotum
1400 3150 1415 3175 ,
1448 3109 1602 3183 cujus
1631 3112 1852 3179 dextera
1885 3130 2034 3183 auri-

438 3195 563 3253 cula
587 3206 927 3269 amputatur,
958 3200 1286 3269 Israeliticus
1316 3213 1400 3269 est
1426 3205 1655 3277 populus
1680 3246 1695 3273 ,
1741 3208 1830 3275 qui
1863 3208 1919 3261 in
1951 3209 2034 3273 iu-

440 3291 761 3345 credulitate
791 3307 977 3346 servus
1006 3293 1229 3347 eﬁ‘cctus
1258 3305 1361 3349 est.
1404 3296 1501 3350 llic
1530 3299 1810 3363 dexteram
1850 3316 2035 3367 aurem

440 3381 662 3447 amittit,
691 3383 814 3445 dum
849 3385 916 3437 ad
948 3384 1225 3449 sinistrum
1267 3385 1603 3451 intellectum
1634 3388 1827 3454 littera:
1854 3398 2036 3455 trans-

440 3472 556 3529 ivit.
602 3472 701 3529 Cui
742 3474 999 3539 Dominus
1045 3476 1100 3531 in
1131 3477 1216 3543 his
1249 3478 1340 3551 qui
1385 3478 1611 3541 credunt
1660 3482 1903 3553 auditum
1948 3499 2035 3541 re-

440 3577 649 3622 staural
679 3569 821 3637 ﬁdei.
850 3578 908 3624 et
933 3570 1271 3641 obedientem
1301 3572 1577 3649 Evangelii
1600 3572 2034 3651 fecittnautlatis.

441 3659 672 3731 Caiphas
718 3661 1056 3731 inuestigatar
1077 3702 1089 3725 ,
1122 3671 1216 3721 aut
1238 3679 1438 3739 sagas,
1472 3674 1801 3729 antromeus
1822 3670 2036 3735 preﬁn-

444 3762 791 3821 terpretatur,
823 3753 1009 3822 inique
1033 3755 1181 3821 enim
1201 3771 1296 3823 ore
1322 3772 1419 3822 suo
1457 3755 1665 3831 justum
1710 3760 2038 3829 condemna-

440 3844 541 3911 vit.
569 3845 819 3913 quamvis
849 3846 950 3901 hoc
980 3847 1241 3916 mysteria
1270 3848 1574 3923 prophetali
1618 3854 2030 3921 atawnuassct;

441 3951 565 3989 nam
619 3935 759 3990 idem
809 3937 1061 4007 princeps
1094 3942 1471 4006 sacerdotum,
1522 3942 1613 4015 qui
1657 3945 1817 4011 scidit
1866 3946 2033 4011 vesti:

439 4037 683 4095 utentum
713 4044 867 4089 suum
900 4028 953 4093 in
986 4030 1197 4097 Domini
1225 4032 1497 4100 passione.
1535 4034 1739 4101 iudicat
1780 4035 2036 4103 Hebr-aio-

442 4135 563 4183 τωο
612 4120 863 4190 populum
927 4121 1189 4191 nudatum
1243 4124 1549 4187 sacerdotio
1606 4134 1660 4179 et
1715 4136 2034 4205 evacuatum

439 4228 606 4287 meno
637 4214 826 4275 δείδεο,
855 4212 1148 4279 βηιῃωηιε,
1179 4215 1268 4287 qui
1300 4214 1500 4281 Judteis
1528 4212 1836 4284 dimittitur,
1864 4217 2033 4295 signi-

440 4306 569 4367 ﬁcat
594 4305 1009 4372 Antichristuw,
1041 4322 1200 4378 quem
1228 4308 1305 4371 illi
1334 4316 1583 4375 errantes
1611 4312 1887 4383 suscipere
1916 4329 2032 4381 me,

440 4407 668 4457 ruerunt
716 4411 816 4465 pro
866 4396 1103 4465 Christo,
1136 4398 1411 4465 Barabbas
1445 4401 1601 4465 enim,
1646 4402 2035 4475 interpretatur

440 4489 585 4558 ﬁlius
616 4488 876 4558 magistri,
913 4504 1103 4542 eorum
1138 4489 1341 4561 abstitit:
1370 4491 1533 4559 dubia
1567 4492 1875 4559 Judteorum
1916 4510 2034 4559 ma-

442 4581 632 4651 gister,
658 4581 749 4650 qui
782 4588 867 4635 est
896 4581 1142 4649 «bubulus
1164 4623 1181 4647 ,
1229 4584 1642 4647 homicidiorum
1682 4596 1871 4643 auctor
1896 4627 1910 4651 ,
1939 4588 2031 4658 qui
2060 4612 2112 4671 Β

441 4686 614 4740 usque
668 4672 829 4739 hodie
871 4672 1167 4739 damnatur
1202 4675 1257 4741 iu
1285 4676 1389 4743 eisi
1419 4676 1658 4747 Heliades
1680 4688 1749 4747 et
1784 4680 2030 4749 PilatuS.

444 4767 538 4837 qui
576 4782 697 4828 cum
724 4777 909 4829 essent
932 4766 1231 4835 discentes.
1266 4769 1318 4841 in
1340 4772 1596 4840 Bessique
1641 4773 1855 4837 Domini
1893 4774 2032 4841 ami-

446 4859 573 4911 citia
612 4856 978 4924 ﬁndet-antur,
1039 4861 1280 4927 indicant
1324 4864 1563 4931 primum
1611 4864 1814 4928 divisos
1868 4864 2035 4927 fuisse

443 4960 709 5017 utrosque
734 4949 960 5019 populos
984 4989 999 5015 ,
1052 4949 1480 5025 circumcisiauis
1512 4961 1572 5015 et
1614 4954 1854 5025 gentium
1885 4971 1898 5019 ;
1940 4956 2033 5025 qui

444 5053 627 5098 tamen
674 5042 766 5111 per
804 5042 1106 5109 passionem
1151 5042 1364 5098 Domini
1409 5045 1460 5098 in
1515 5044 1619 5099 ﬁde
1675 5044 2028 5115 concordare-

445 5142 591 5195 runt.

521 5224 758 5281 Herodes
787 5224 1169 5295 interpretatur
1193 5226 1452 5297 pellicias.
1483 5225 1831 5296 Versipcllem
1861 5229 2028 5299 signi-

446 5317 575 5373 ﬁcat
593 5316 1020 5383 AuthIU'istmn;
1050 5327 1103 5383 et
1128 5318 1353 5383 l’outius
1374 5317 1578 5373 Pilatus
1609 5317 1875 5375 declinans
1903 5336 2027 5372 cou-

445 5408 645 5474 silium,
696 5411 878 5479 utique
921 5408 1250 5477 ludzeorum.
1296 5412 1535 5487 Accepta
1557 5408 1703 5467 enim
1730 5426 1871 5483 aqua
1900 5411 2032 5471 lavit

445 5518 640 5560 niauus
686 5520 833 5570 suas,
864 5507 1050 5565 dicens
1077 5526 1088 5559 :
1119 5506 1377 5569 Innocenti
1407 5524 1498 5579 ego
1528 5525 1644 5571 sum
1694 5526 1727 5563 α
1778 5508 2033 5578 sanguine

438 5594 572 5664 justi
610 5596 765 5666 hujus
789 5595 1002 5668 (Matth.
1030 5596 1220 5666 xxvn).
1245 5595 1377 5649 Nam
1406 5581 1609 5653 Pilatus
1648 5600 2036 5673 interpretatur

447 5701 503 5738 os
542 5684 863 5743 malleatoris
892 5703 909 5740 :
938 5687 1208 5756 signiﬁcat
1233 5687 1526 5757 diabolum,
1561 5692 1655 5765 qui
1701 5701 1783 5751 est
1810 5691 2035 5748 malleus

446 5779 713 5834 universae
736 5787 908 5833 terrae.

517 5870 705 5925 Simon
750 5866 1057 5939 Cyrenaeas,
1092 5871 1177 5943 cui
1227 5876 1547 5951 gestamen}
1598 5891 1815 5945 crucem
1862 5877 2034 5957 impo-

2146 615 2333 684 grinus
2382 615 2437 669 in
2486 614 2605 686 lege
2635 614 2892 672 obediens
2926 614 3157 672 eﬁicitur
3193 618 3471 690 evangelio
3508 623 3689 683 crucis
3711 639 3732 681 :

2143 706 2262 778 ipse
2287 707 2489 764 Christi
2511 708 2687 765 victor
2713 717 2768 765 et
2794 709 2922 765 ﬁdei
2942 708 3156 780 baiulus
3176 709 3371 768 factus.
3409 713 3526 771 Duo
3561 714 3735 785 latro-

2144 816 2241 857 nes
2264 803 2517 873 populum
2546 803 2856 874 exprimunt
2888 801 3196 859 Judteorum
3225 820 3289 860 ac
3318 807 3579 876 gentium,
3601 822 3738 881 quo-

2142 909 2264 949 rum
2293 910 2433 950 unus
2472 896 2780 951 incredulus
2821 895 3159 967 blasphemat
3189 896 3464 963 Christum
3488 900 3542 954 in
3569 914 3733 959 cruce

2141 986 2465 1057 pendentem
2492 1029 2508 1056 ,
2539 988 2678 1045 alter
2720 988 2894 1049 ﬁdelis
2936 988 3148 1048 Judzeos
3198 990 3446 1073 increpat
3477 992 3734 1073 blasphe-

2142 1087 2375 1133 mantes.

2212 1168 2454 1235 Quatuor
2490 1172 2723 1240 milites,
2754 1174 2847 1245 qui
2876 1183 3111 1247 quatuor
3146 1186 3329 1251 partes
3364 1180 3466 1235 sibi
3510 1182 3575 1237 de
3602 1178 3733 1237 Iesu

2139 1264 2475 1323 vestimentis
2501 1265 2766 1332 fecerunt,
2782 1268 3270 1341 praeﬁguraverunt
3290 1282 3524 1355 quatuor
3549 1284 3734 1355 partes

2139 1355 2369 1422 mundi,
2421 1372 2540 1433 quae
2586 1358 2887 1427 diviserunt
2925 1362 3027 1423 sibi
3060 1362 3273 1439 eloquia
3303 1364 3505 1431 Christi
3528 1408 3547 1439 ,ν
3592 1367 3734 1433 sicut

2140 1447 2402 1521 scriptum
2439 1458 2523 1513 est
2560 1468 2572 1503 :
2607 1448 2851 1505 Laztabor
2889 1469 2980 1524 ego
3015 1471 3172 1524 super
3196 1453 3403 1526 eloquia
3432 1465 3558 1529 tuq,
3597 1459 3733 1525 ξὶσιιε

2138 1538 2229 1607 qui
2256 1539 2447 1593 invenit
2473 1540 2639 1612 spolia
2664 1542 2831 1596 multa
2863 1542 3035 1616 (Psal.
3068 1545 3277 1617 cxvm).

2211 1628 2425 1685 Sanctae
2457 1632 2744 1699 mulieres,
2784 1650 2904 1705 qua:
2950 1646 3149 1692 secutae
3187 1647 3311 1693 sunt
3354 1636 3537 1695 Jesum
3569 1656 3600 1695 a
3625 1639 3731 1710 Ga-

2138 1719 2275 1787 lilaaa
2303 1763 2315 1787 ,
2343 1723 2713 1783 ministrantes
2743 1727 2791 1780 ei
2820 1728 2888 1793 de
2918 1729 3234 1795 substantiis
3254 1731 3391 1797 suis,
3421 1748 3541 1819 qua:
3567 1733 3730 1797 etiam

2140 1813 2501 1871 interfuerunt
2536 1817 2592 1871 in
2620 1820 2871 1889 passione
2904 1818 3021 1891 ejus
3056 1830 3325 1889 astantes,
3376 1813 3447 1878 et.
3483 1832 3607 1895 post
3650 1840 3736 1889 se-

2137 1903 2408 1988 pulturam
2453 1906 2569 1981 ejus
2594 1947 2609 1973 ,
2655 1910 2868 1965 caeteris
2913 1912 3291 1973 recedentibus
3314 1954 3328 1980 ,
3382 1916 3734 1975 remanebant

2138 1995 2386 2057 sedentes
2427 2007 2616 2051 contra
2656 2000 2962 2069 sepulcrum
2993 2019 3004 2055 :
3035 2003 3141 2058 hoc
3173 2012 3288 2069 est,
3321 2002 3488 2064 Maria
3518 2003 3731 2072 Magda-

2137 2084 2257 2140 lene
2285 2127 2299 2151 ,
2342 2096 2397 2142 et
2440 2087 2609 2144 Maria
2639 2100 2815 2145 mater
2843 2090 3031 2147 Jacobi
3062 2100 3115 2148 et
3145 2093 3363 2164 Ioseph,
3402 2110 3522 2167 qua:
3566 2095 3731 2159 etiam

2139 2194 2292 2234 soror
2336 2180 2439 2235 fuit
2480 2181 2662 2237 Mariae
2693 2184 2883 2239 matris
2928 2186 3173 2254 Domini,
3215 2193 3270 2240 et
3299 2195 3471 2241 mater
3496 2185 3729 2245 ﬁliorum

2140 2273 2424 2342 Zebedaei,
2484 2291 2645 2347 quam
2708 2276 2920 2337 Marcus
2970 2278 3201 2361 appellat
3252 2278 3470 2349 Salome
3532 2280 3727 2353 (Marc.

2137 2371 2250 2444 xvx)
2272 2412 2287 2437 ,
2316 2380 2372 2427 et
2401 2371 2522 2429 aliae
2557 2372 2812 2430 mulieres
2838 2415 2853 2443 ,
2904 2392 3041 2459 quas
3096 2376 3149 2432 in
3199 2377 3410 2435 caeteris
3436 2378 3732 2447 evangeliis

2138 2460 2397 2536 legimus;
2458 2466 2541 2521 hae
2598 2468 2850 2539 videlicet
2898 2466 3128 2543 ﬁguram
3179 2472 3378 2535 habent
3443 2472 3728 2541 humilium

2139 2556 2441 2615 animarum
2476 2573 2540 2614 ac
2571 2558 2895 2617 devotarmn.
2923 2561 3150 2625 Domino
3187 2579 3199 2615 :
3238 2577 3358 2633 qua:
3385 2577 3492 2643 quo
3526 2560 3732 2630 majore

2140 2648 2242 2702 sibi
2282 2650 2618 2704 conscientia
2647 2648 2957 2719 fragilitatis
2981 2652 3394 2721 pertimescunt,
3430 2666 3495 2706 eo
3524 2651 3732 2720 majore

2142 2740 2440 2803 Salvatoris
2470 2759 2657 2801 amore
2708 2744 2981 2805 ferventes
3023 2745 3291 2817 passionis
3331 2745 3446 2815 ejus
3490 2744 3734 2816 vestigiis

2140 2832 2195 2887 in
2227 2832 2329 2887 hoc
2358 2832 2555 2893 saeculo
2579 2873 2594 2898 ,
2624 2848 2732 2905 quo
2754 2835 2974 2911 requies
3012 2843 3096 2893 est
3124 2819 3477 2907 praeparanda
3505 2831 3689 2904 futura
3716 2874 3731 2900 ,

2140 2925 2426 3001 diligenter
2475 2927 2885 2997 obsequuntur;
2917 2937 2974 2983 et
3014 2928 3059 2983 si
3092 2928 3229 2985 forte
3275 2928 3493 2985 valeant
3529 2927 3732 2987 imitari

2139 3015 2226 3084 pia
2275 3016 2593 3077 curiositate
2622 3058 2637 3083 ,
2691 3033 2799 3095 quo
2829 3018 3019 3074 ordine
3059 3019 3131 3077 sit
3157 3019 3351 3088 eadem,
3375 3019 3556 3101 passio
3587 3033 3734 3083 eom-

2138 3106 2311 3176 pleta,
2354 3111 2714 3181 perpendunt.

2214 3200 2467 3258 Mulieres
2493 3218 2613 3275 quae
2637 3203 2893 3275 apostolis
2916 3204 3129 3265 Domini
3155 3206 3609 3274 resurrectionem
3637 3217 3735 3258 an-

2144 3294 2422 3361 nuntiant,
2458 3295 2545 3359 lex
2578 3306 2633 3352 et
2665 3298 2950 3371 prophetia
2992 3299 3364 3375 intelliguntur
3389 3340 3403 3367 ,
3451 3311 3570 3369 quae
3618 3293 3736 3367 glo—

2141 3380 2277 3445 riam
2305 3387 2720 3448 resurrectionis
2748 3385 2980 3457 Christi,
3014 3396 3303 3459 antequam
3352 3386 3689 3457 revelaretur
3714 3425 3729 3455 ,

2141 3476 2297 3545 quasi
2322 3491 2689 3545 praecursores
2718 3476 3170 3546 praedicaverunt.

2211 3566 2379 3621 Maria
2420 3582 2550 3638 ergo
2600 3567 2911 3639 Magdalene
2962 3567 3076 3637 ipsa
3127 3575 3213 3621 est
3249 3582 3404 3621 soror
3446 3566 3639 3623 Lazari
3679 3575 3736 3622 et

2140 3657 2381 3724 Marthze,
2421 3658 2487 3712 de
2518 3674 2625 3730 qua
2670 3659 2930 3714 Dominus
2980 3658 3140 3731 ejecit
3187 3666 3391 3730 septem
3443 3656 3730 3723 daemonia.

2138 3750 2257 3819 Ipsa
2288 3758 2372 3805 est
2404 3756 2585 3805 autem
2615 3765 2722 3807 non
2756 3749 2861 3805 alia
2891 3790 2906 3819 ,
2964 3765 3083 3821 quae
3132 3749 3439 3825 quandam,
3471 3756 3531 3803 ut
3556 3745 3733 3802 Lucas

2139 3841 2361 3907 scribit,
2395 3840 2666 3911 peccatrix
2697 3840 2873 3897 adhuc
2896 3883 2908 3907 ,
2937 3840 3158 3897 veniens
3187 3840 3352 3911 pedes
3384 3838 3599 3893 Domini
3647 3837 3733 3895 la-

2139 3935 2340 4005 crymis
2378 3935 2708 4005 poenitentia:
2743 3934 2972 4009 rigavit,
3011 3942 3066 3991 et
3108 3940 3345 4003 ungento
3385 3932 3487 4002 piae
3521 3929 3733 3993 confes—

2139 4026 2307 4080 sionis
2328 4025 2537 4091 linivit;
2568 4034 2625 4079 et
2653 4025 2777 4095 quia
2819 4024 3045 4079 multum
3077 4023 3284 4090 dilexit,
3316 4022 3612 4081 multorum
3640 4037 3729 4077 ve-

2139 4118 2280 4172 niam
2312 4134 2341 4170 a
2368 4117 2456 4187 pio
2477 4114 2659 4184 judice
2686 4112 3290 4185 promeruit(Luc.vu).
3322 4112 3526 4172 Eadem
3548 4111 3727 4167 vicina

2137 4210 2389 4282 passione
2419 4208 2535 4276 ejus
2554 4206 2849 4278 iustiﬁcata
2870 4248 2884 4274 ,
2911 4215 2967 4262 et
2999 4204 3284 4261 familiaris
3326 4203 3520 4263 effecta
3546 4200 3730 4263 Domi-

2137 4318 2227 4367 no,
2262 4315 2367 4355 non
2398 4306 2605 4353 tantum
2636 4297 2801 4368 pedes
2825 4298 2941 4369 ejus
2967 4337 2982 4363 ,
3012 4303 3071 4349 ut
3093 4293 3235 4349 idem
3259 4291 3496 4348 Joannes
3518 4302 3727 4354 narrat,

2136 4409 2327 4450 verum
2350 4393 2513 4449 etiam
2540 4398 2704 4460 caput
2727 4431 2741 4456 ,
2781 4397 2842 4443 ut
2884 4387 3169 4442 Matthaaus
3197 4385 3517 4452 Marcusque
3550 4380 3731 4451 perhi-

2137 4486 2304 4546 bent,
2352 4484 2472 4539 oleo
2515 4491 2704 4538 sancto
2751 4478 3007 4550 perfudit.
3064 4477 3191 4532 llaec
3243 4491 3271 4529 a
3318 4474 3437 4529 loco
3484 4470 3727 4543 Magdalo

2138 4575 2453 4648 Magdalene
2499 4574 2716 4629 dicitur.
2764 4570 3157 4641 interpretatur
3214 4565 3359 4621 enim
3413 4561 3727 4634 Magdalene

2137 4670 2319 4727 turris.
2355 4667 2579 4740 Mystice
2631 4673 2810 4719 autem
2870 4660 3138 4735 signiﬁcat
3187 4657 3345 4713 ﬁdem
3378 4670 3442 4710 ac
3467 4654 3726 4724 pietatem

2139 4755 2342 4820 sanctae
2377 4758 2651 4823 Ecclesiae,
2686 4772 2807 4827 quae
2836 4740 3059 4810 odorem
3106 4748 3313 4807 notitiae
3357 4744 3558 4803 Christi
3586 4756 3726 4817 pra:-

2138 4854 2368 4915 dicando
2397 4853 2452 4907 in
2477 4852 2731 4905 universo
2758 4847 2963 4918 spargit
2985 4845 3207 4900 mundo.

2210 4945 2303 4999 Sic
2322 4953 2377 4997 et
2397 4941 2629 5003 Martha,
2652 4955 2773 5009 qua:
2794 4939 3007 4993 irritam
3033 4935 3116 4990 vel
3142 4949 3430 5007 provocans
3456 4933 3725 5001 interpre-

2139 5046 2305 5102 tatur,
2346 5046 2532 5107 typum
2570 5042 2714 5089 tenet
2761 5032 3059 5088 Ecclesiae:
3093 5046 3213 5101 quae
3267 5028 3425 5084 bonis
3472 5026 3728 5097 operibus

2141 5135 2378 5208 quotidie
2404 5135 2662 5190 insudans
2695 5128 2869 5185 irritat
2902 5126 3172 5183 diabolum
3218 5134 3272 5179 et
3301 5122 3543 5178 membra
3563 5118 3679 5187 ejus
3705 5158 3725 5185 ,

2139 5238 2193 5281 et
2223 5234 2477 5297 provocat
2497 5224 2599 5299 piis
2624 5219 2924 5281 actionibus
2944 5234 3006 5274 ac
3034 5216 3212 5273 verbis
3238 5215 3306 5270 ad
3333 5213 3493 5268 ﬁdem
3523 5213 3725 5267 electos

2138 5319 2254 5373 Dei.

2212 5409 2428 5480 Septem
2454 5404 2726 5477 discipuli,
2776 5418 2900 5459 cum
2941 5401 3136 5472 quibus
3179 5396 3440 5452 Dominus
3475 5402 3598 5466 post
3639 5406 3725 5449 re-

2139 5500 2530 5556 surrectionem
2557 5497 2873 5553 convivassc
2917 5493 3239 5549 describitur
3263 5533 3276 5556 ,
3310 5491 3593 5561 septimam
3639 5484 3724 5543 i'l-

2140 5595 2321 5649 dicant
2356 5588 2770 5647 resurrectionis
2801 5586 3041 5657 requiem
3061 5624 3075 5647 ,
3108 5584 3161 5638 in
3190 5598 3293 5651 qua
3329 5594 3518 5636 onmes
3549 5573 3722 5633 sancti

2138 5702 2233 5758 per
2264 5685 2539 5741 Christum
2569 5690 2789 5738 aeternae
2826 5675 3177 5734 beatitudinis
3226 5673 3533 5730 refectione
3571 5676 3723 5726 satu-

2142 5778 2422 5832 rabuntur.

2212 5870 2490 5961 Principes
2520 5865 2862 5923 sacerdotum
2886 5862 2998 5961 qui,
3031 5862 3097 5918 ab
3134 5860 3448 5939 custodibus
3490 5850 3723 5931 sepulcri
