4074 6316
366 367 436 424 85
1344 338 1436 428 οε
1470 358 1815 417 ιιιιιιγιῑιιεο
1851 357 1958 414 LIB

2068 356 2229 420 XXII.
2273 385 2338 395 —-
2376 355 2507 413 LIB.
2545 355 2632 420 iV.
3541 357 3611 420 86

367 479 636 536 veraciter
674 485 947 550 comperta
973 476 1367 545 resurrectione
1394 475 1636 539 Domini,
1672 473 1935 527 dederunt
1962 473 2014 532 Α
2037 469 2358 538 scriptorum
2389 467 2520 520 vitio
2549 465 2897 534 depravatum
2926 505 2938 527 ,
2991 472 3047 516 ut
3090 479 3188 534 pro
3235 467 3328 517 bar
3356 465 3568 528 Joanna
3596 507 3609 529 ,

373 573 501 644 ipsis
533 571 818 641 pecuniam
854 570 1161 640 copiosam,
1214 576 1271 630 ut
1317 568 1672 633 mentirentur
1698 564 1940 618 dicentes

375 677 565 730 Corpus
594 660 804 714 Domini
839 674 870 712 a
902 658 1176 727 discipulis
1214 659 1329 726 ejus
1359 656 1595 709 furatum
1622 694 1637 719 ,
1689 652 1937 724 praeﬁgu-

372 755 561 809 rabant
582 767 675 806 eos
706 752 796 822 qui
822 759 1041 824 propter
1070 749 1349 812 avaritiam
1396 755 1667 810 terrenam
1704 744 1944 804 vendunt

369 849 648 918 veritatem
677 889 690 912 ,
716 854 954 914 ementes
983 845 1339 913 iniquitatem,
1375 841 1481 912 Sed
1503 848 1556 898 et
1584 855 1771 904 omnes
1799 879 1813 905 ,
1851 837 1942 908 qui

370 941 507 1009 stipe
556 938 775 1010 templi,
825 944 879 998 et
927 937 1010 990 his
1047 925 1164 1004 quae
1189 933 1543 1000 conferuntur
1567 934 1634 994 ad
1665 945 1820 996 usum
1848 929 1944 994 Ec-

371 1033 566 1094 clesia',
600 1031 889 1094 abutuntur
936 1027 989 1080 in
1033 1027 1150 1086 aliis
1203 1026 1383 1090 rebus,
1428 1025 1620 1094 quibus
1669 1037 1818 1083 suam
1853 1035 1946 1076 ex-

370 1123 550 1192 pleant
578 1121 925 1198 voluptatem,
956 1117 1156 1186 similes
1190 1126 1311 1182 sunt
1344 1116 1643 1182 scribarum
1680 1123 1733 1168 et
1769 1127 1947 1176 sacer-

373 1215 557 1276 dotum
605 1211 981 1274 redimendum
1025 1208 1366 1274 mendacium
1405 1225 1504 1280 pro
1540 1207 1796 1276 sanguine
1832 1204 1948 1260 Sal-

371 1304 572 1368 vatoris

444 1395 594 1462 Quod
640 1401 820 1459 autem
885 1395 1133 1459 undecim
1186 1392 1462 1463 discipulis
1527 1391 1776 1456 Salvator
1827 1399 1951 1459 post

375 1481 828 1551 resurrectionem
872 1503 1021 1550 suam
1059 1487 1112 1544 in
1142 1484 1358 1546 Galilzea
1389 1485 1441 1538 in
1475 1493 1656 1538 monte
1680 1482 1947 1552 apparuit,

373 1596 478 1634 non
509 1588 660 1640 vacat
712 1595 741 1632 a
792 1581 1071 1650 mysterio,
1129 1579 1219 1634 sed
1263 1576 1528 1648 significat
1570 1576 1692 1646 quia
1720 1589 1947 1642 corpus,

377 1671 519 1741 quod
567 1671 631 1736 de
678 1672 949 1737 comnmni
980 1671 1199 1733 humani
1238 1669 1450 1739 generis
1498 1677 1642 1722 terra
1685 1666 1952 1730 nascendo

376 1768 701 1842 susceperat,
732 1761 1056 1831 resurgendo
1078 1759 1188 1828 jam
1213 1775 1372 1828 super
1395 1769 1604 1826 terrena
1630 1759 1811 1826 omnia
1837 1757 1955 1812 sub-

376 1849 627 1916 levatum,
660 1851 866 1914 cmlcsti
892 1852 1089 1914 virtute
1120 1851 1370 1907 induerit.

448 1943 500 1995 in
532 1950 710 2010 monte
738 1942 1007 2012 apparuit,
1042 1951 1101 1996 ut
1138 1943 1454 2002 admoneret
1499 1939 1716 2006 fideles,
1759 1939 1804 1993 si
1851 1937 1957 1994 illic

385 2034 758 2089 celsitudinem
786 2035 1196 2088 resurrectionis
1237 2034 1352 2103 ejus
1378 2033 1599 2102 cupiunt
1625 2031 1824 2098 videre,
1872 2030 1960 2095 hic

376 2126 444 2177 ab
492 2124 694 2196 infimis
725 2123 1110 2196 cupiditatibus
1152 2125 1219 2188 ad
1255 2138 1489 2196 superna
1536 2123 1788 2189 studeant
1828 2121 1963 2186 desi-

379 2216 527 2270 deria
555 2201 809 2274 transire.
847 2215 1049 2284 Nomen
1080 2229 1208 2270 vero
1251 2214 1481 2280 Galilaege
1525 2213 1916 2281 transmigratio
1939 2251 1955 2280 ,

377 2308 459 2361 vel
511 2307 748 2362 revelatio
791 2307 1192 2378 interpretatur.
1241 2307 1392 2372 Tunc
1427 2305 1574 2371 enim
1613 2304 1846 2366 revelata
1887 2303 1961 2356 fa-

384 2403 485 2464 cie,
519 2401 656 2454 sicut
687 2387 972 2470 Apostolus
1001 2409 1246 2470 testatur,
1274 2400 1505 2472 gloriam
1536 2396 1746 2466 Domini
1780 2412 1963 2466 spectt-

378 2490 570 2554 lantes,
605 2491 656 2544 in
689 2492 931 2560 eamdem
972 2491 1259 2560 imaginem
1284 2477 1814 2554 'trausl‘ormabimut‘
1843 2485 1961 2567 qui-

380 2598 588 2651 cunque
637 2584 796 2636 modo
853 2583 1153 2646 revelamus
1208 2581 1275 2634 ad
1326 2596 1446 2634 eum
1490 2579 1630 2643 viam
1678 2583 1955 2640 nostram,

379 2670 600 2746 ejusque
632 2671 854 2742 vestigia
893 2671 1170 2742 sequimur
1200 2670 1302 2726 fide
1329 2685 1432 2732 non
1467 2668 1586 2721 ﬁcta
1605 2665 1652 2739 (I
1661 2666 1686 2718 1
1704 2665 1824 2719 Cor.
1856 2665 1957 2738 ιιι).

454 2757 690 2826 Apostoli
717 2759 859 2824 enim
884 2756 1110 2830 Christi,
1147 2758 1274 2826 quid
1321 2754 1765 2825 interpretatione
1791 2753 1962 2807 uomi-

381 2866 512 2904 num
553 2865 769 2904 suorum
797 2850 881 2904 vel
912 2865 1134 2919 operum
1165 2858 1314 2920 gestu
1360 2847 1689 2918 significent,
1729 2844 1843 2912 jam
1890 2844 1964 2900 di-

385 2942 616 2996 cendum
648 2951 748 2996 est.
798 2941 1039 3011 Denique
1081 2940 1307 3011 apostoli
1341 2940 1487 3006 missi
1514 2939 1958 3008 interpretantur.

382 3033 496 3088 Hoc
527 3036 668 3088 enim
699 3049 885 3089 eorum
933 3019 1134 3096 nomen
1168 3033 1392 3092 indicat.
1440 3030 1576 3096 Nam
1617 3027 1961 3086 sicutGrmce

383 3125 573 3195 angeli,
589 3125 778 3191 Latine
803 3127 970 3180 nuntii
1001 3135 1401 3195 nuncupantur,
1421 3124 1492 3178 ita
1511 3122 1698 3177 Graece
1720 3121 1957 3192 apostoli,

2041 559 2143 612 hoc
2187 566 2272 622 est
2304 555 2409 608 filio
2436 553 2654 608 Joannis
2679 593 2691 616 ,
2738 553 2831 604 bar
2878 553 3020 620 Jona.
3061 553 3317 620 scriptum
3363 555 3469 620 sit,
3506 570 3612 608 una

2041 650 2283 711 detracta
2304 647 2506 724 syllaba
2524 644 2747 716 (Joauna
2771 646 3154 714 interpretatur
3173 645 3379 698 Domini
3395 648 3610 716 gratia);

2042 749 2095 796 et
2145 741 2362 794 Petrum
2406 738 2569 792 fuisse
2613 736 2950 802 trinomium,
2984 735 3208 803 Petrus,
3255 734 3464 805 Cephas
3495 778 3508 803 ,
3563 748 3616 792 et

2045 831 2230 892 Simon
2276 829 2523 900 Barjona.
2577 828 2761 884 Simon
2834 837 3011 892 autem
3080 829 3475 898 interpretatur
3511 829 3614 884 He-

2043 926 2226 980 braice
2268 923 2506 988 audiens,
2556 933 2609 978 et
2641 924 2898 990 obezliens,
2958 923 3150 980 Petrus
3205 931 3384 980 autem
3435 940 3618 998 uerso:

2045 1032 2174 1081 nam,
2201 1024 2371 1094 gestat
2402 1015 2694 1080 Ecclesia),
2726 1030 2844 1090 quas
2881 1015 3044 1069 habet
3077 1023 3397 1086 potestatem
3438 1015 3620 1085 dimit-

2048 1111 2190 1168 tendi
2225 1117 2445 1184 peccata
2476 1117 2636 1178 atque
2666 1107 2955 1176 reducendi
2977 1109 3044 1170 ab
3073 1107 3258 1176 inferis
3282 1109 3527 1179 homines
3552 1108 3618 1162 ad

2050 1202 2286 1258 coelestia
2317 1216 2498 1270 regna.

2123 1292 2314 1352 Saulus
2361 1292 2586 1346 llebrzeo
2636 1306 2883 1352 sermone
2941 1293 3156 1345 tentatio
3197 1290 3372 1345 dictus
3397 1298 3516 1359 est,
3562 1303 3626 1350 eo

2053 1385 2193 1453 quod
2222 1384 2368 1454 prius
2409 1384 2463 1437 in
2506 1385 2800 1444 nentatione
2823 1384 3074 1450 Ecclesia:
3108 1384 3178 1438 sit
3201 1394 3469 1440 versatus.
3494 1383 3626 1438 Per-

2055 1485 2267 1532 secutor
2309 1476 2452 1528 enim
2474 1484 2625 1539 erat;
2665 1475 2787 1530 inde
2825 1489 3016 1530 norueu
3049 1475 3279 1529 habebat
3309 1475 3470 1540 istud,
3500 1475 3622 1545 quia

2055 1566 2474 1636 persequebatur
2503 1565 2852 1622 Christianos.
2877 1565 3072 1620 Postea
3095 1576 3298 1620 mutato
3322 1567 3539 1621 nomine
3569 1568 3630 1622 de

2059 1657 2221 1712 Sauli)
2254 1657 2425 1722 factus
2464 1665 2545 1712 est
2594 1657 2812 1723 Paulus,
2865 1658 3006 1727 quod
3057 1659 3441 1728 interpretatur
3474 1661 3633 1714 mira-

2060 1747 2203 1813 bilis,
2260 1747 2371 1814 sive
2416 1745 2623 1804 electus.
2670 1746 2965 1809 Mirabilis,
2998 1748 3080 1800 vel
3113 1748 3238 1816 quia
3269 1749 3432 1802 multa
3479 1749 3629 1818 signa

1982 1843 2030 1902 B
2060 1841 2186 1896 fecit
2213 1857 2224 1904 ;
2262 1841 2341 1894 vel
2373 1841 2493 1909 quia
2528 1841 2595 1893 ab
2625 1838 2842 1895 Oriente
2871 1854 3038 1908 usque
3066 1843 3136 1894 ad
3173 1840 3435 1898 Occasum
3464 1841 3636 1898 Evan-

2060 1930 2252 2000 gelium
2309 1929 2506 1984 Christi
2563 1930 2616 1996 in
2687 1930 2934 1986 omnibus
2995 1932 3242 2000 gentibus
3303 1932 3632 2002 prazdicavit.

2059 2023 2292 2086 Electus,
2325 2022 2463 2076 sicut
2511 2022 2562 2074 in
2609 2021 2830 2079 Actibus
2857 2021 3218 2090 apostolorum
3251 2020 3484 2092 Spiritus
3515 2038 3637 2086 san-

2059 2123 2178 2178 ctus
2206 2113 2334 2168 dicit
2363 2130 2375 2164 :
2407 2112 2683 2182 Segregate
2713 2106 2838 2168 mihi
2867 2113 3170 2176 Barnabam
3204 2124 3249 2168 et
3288 2113 3517 2180 Paulum
3569 2117 3637 2180 ad

2060 2221 2187 2278 opus
2227 2205 2294 2258 ad
2325 2204 2461 2273 quod
2491 2205 2620 2274 elegi
2645 2221 2729 2260 eos
2763 2205 2898 2274 (Act,
2927 2206 3067 2274 xui).
3100 2204 3293 2264 Latino
3320 2215 3502 2266 autem
3529 2223 3640 2262 ser-

2060 2310 2219 2348 mone
2243 2294 2442 2348 Paulus
2482 2312 2513 2347 a
2544 2295 2745 2348 modico
2774 2296 2950 2351 dictus
2984 2303 3084 2351 est.
3119 2297 3272 2357 Unde
3301 2307 3356 2353 et
3383 2299 3495 2372 ipse
3517 2301 3594 2354 ait
3626 2319 3636 2353 :

2061 2386 2175 2460 Ego
2204 2405 2319 2442 sum
2352 2387 2594 2446 minimus
2643 2387 2993 2457 apostolorum
3022 2387 3082 2457 (Ι
3116 2388 3235 2442 Cor.
3275 2390 3386 2461 xv).
3419 2389 3641 2458 Quando

2063 2478 2205 2530 enim
2253 2478 2446 2540 Saulus
2474 2518 2488 2541 ,
2525 2477 2787 2546 superbus
2815 2519 2828 2541 ,
2883 2478 3089 2543 elatus;
3146 2480 3359 2546 quando
3407 2480 3640 2544 Paulus,

2063 2570 2283 2634 humilis
2305 2579 2358 2623 et
2384 2570 2646 2624 modicus.
2682 2568 2803 2623 Ideo
2837 2569 2915 2624 sic
2957 2569 3228 2639 loquimur
3257 2585 3272 2624 :
3311 2570 3485 2632 Paulo.
3531 2582 3640 2641 post

2063 2662 2242 2716 uidebo
2272 2672 2339 2727 te,
2373 2663 2423 2726 id
2455 2672 2570 2727 est,
2609 2670 2721 2731 post
2752 2661 3031 2715 modicum.
3066 2660 3198 2716 Nam
3228 2663 3352 2731 quia
3381 2673 3502 2733 post
3532 2680 3644 2716 mo-

2065 2754 2217 2809 dicus
2251 2753 2424 2806 factus
2455 2761 2560 2817 est,
2587 2753 2701 2824 ipse
2733 2753 2861 2808 dicit
2895 2770 2906 2804 :
2942 2752 3053 2822 Ego
3094 2754 3231 2807 enim
3269 2770 3382 2807 sum
3422 2755 3640 2808 novissi—

2064 2864 2178 2900 mus
2229 2845 2612 2916 apostolorum,
2653 2853 2700 2899 et
2758 2845 3002 2898 minimus
3063 2845 3293 2899 omnium
3343 2856 3641 2906 sanctorum

2067 2935 2274 3007 (Ibat).

2137 3027 2348 3096 Cephas
2379 3035 2556 3081 autem
2587 3036 2642 3082 et
2668 3025 2862 3084 Saulus
2885 3028 3005 3083 ideo
3041 3036 3246 3084 mutato
3275 3028 3490 3083 nomine
3521 3038 3645 3084 sunt

2066 3119 2283 3182 vocati,
2349 3127 2406 3171 ut
2457 3128 2640 3172 essent
2700 3119 2861 3172 etiam
2912 3119 3028 3188 ipso
3066 3119 3286 3176 nomine
3326 3118 3479 3184 novi,
3513 3119 3647 3174 sicut

384 3216 576 3271 Latine
605 3219 750 3270 missi
782 3216 1133 3290 appellantur.
1164 3217 1311 3287 Ipsos
1352 3215 1495 3269 enim
1533 3215 1677 3276 misit
1720 3213 1965 3268 Christus
1993 3203 2036 3277 C
2068 3212 2340 3265 Abraham
2369 3220 2421 3266 et
2464 3210 2618 3266 Sara.
2657 3210 2935 3281 Significat
2970 3223 3150 3266 autem
3194 3211 3395 3268 Paulus
3425 3228 3647 3266 conver-

383 3308 752 3390 evangelizare
777 3321 872 3377 per
892 3309 1202 3376 universum
1239 3307 1518 3372 mundum,
1548 3305 1622 3358 ita
1650 3313 1709 3358 ut
1741 3303 1963 3376 quidam

382 3413 566 3468 eorum
587 3397 778 3470 Persas
805 3400 1065 3470 ludosque
1087 3407 1454 3470 penetrarent,
1480 3398 1733 3458 docentes
1757 3405 1962 3467 gentes,

384 3500 436 3544 et
463 3491 724 3558 facientes
757 3493 808 3546 in
840 3493 1054 3548 nomine
1084 3475 1286 3548 Christi
1314 3506 1505 3564 magna
1548 3499 1603 3553 et
1628 3488 1966 3558 incredibilia

383 3582 669 3646 miracula,
704 3591 783 3647 ut,
816 3582 1192 3648 attestautibus
1221 3581 1390 3651 signis
1415 3567 1480 3634 let
1523 3578 1802 3652 prodigiis,
1851 3593 1968 3634 cre-

381 3673 608 3726 deretur
665 3673 770 3726 illis
819 3674 873 3726 in
921 3676 1006 3728 his
1043 3689 1162 3742 qua:
1202 3674 1468 3727 dicebant.
1522 3672 1736 3726 Habent
1785 3679 1967 3725 autem

380 3759 638 3830 plerique
683 3773 872 3813 eorum
918 3774 985 3823 ex
1055 3761 1139 3815 his
1200 3776 1418 3814 causam
1467 3775 1686 3814 suorum
1737 3760 1970 3828 vocabu-

385 3851 584 3903 lorum.
803 3909 814 3914 _

459 3941 651 3995 Petrus
692 3955 722 3994 a
759 3951 902 4010 petra
951 3955 1145 3996 nomen
1184 3942 1411 4010 accepit,
1444 3943 1546 3996 hoc
1569 3952 1672 4008 est,
1698 3958 1726 3995 a
1751 3942 1970 4008 Christo

385 4046 549 4102 super
581 4046 748 4102 quem,
767 4039 852 4098 est
876 4030 1094 4102 fundata
1123 4016 1379 4102 Ecclesia.
1409 4031 1522 4088 Non
1549 4050 1581 4086 ιι
1611 4033 1771 4093 Petro
1791 4044 1966 4104 petra,

385 4124 480 4176 sed
535 4123 734 4177 Petrus
772 4139 802 4177 a
835 4133 989 4194 petra
1039 4140 1233 4180 nomen
1283 4127 1504 4180 sortitus
1543 4134 1665 4180 est:
1695 4127 1835 4182 sic-ut
1863 4143 1970 4183 non

388 4213 635 4269 Christus
661 4231 690 4267 a
718 4213 1024 4272 Christiano
1050 4257 1063 4280 ,
1103 4217 1196 4282 sed
1225 4216 1565 4273 Christianus
1588 4234 1617 4284 ιι
1641 4217 1858 4282 Christo
1882 4236 1974 4274 vo-

388 4315 574 4371 catur;
609 4306 833 4375 ideoque
860 4309 934 4362 ait
962 4308 1221 4364 Dominus
1255 4327 1266 4362 :
1305 4307 1379 4361 Tu.
1410 4327 1460 4363 es
1486 4309 1677 4364 Petrus
1702 4351 1717 4376 ,
1746 4321 1793 4364 et
1817 4329 1972 4381 super

388 4396 525 4448 hanc
547 4407 745 4465 petram
769 4399 1036 4466 (edi/icabo
1063 4397 1350 4454 Ecclesiam
1376 4416 1542 4454 meam
1587 4400 1803 4472 (Matth.
1835 4402 1966 4472 XVI).

389 4487 527 4552 Quia
556 4488 765 4542 dixerat
790 4489 983 4544 Petrus
1009 4504 1022 4542 :
1056 4489 1130 4542 Tu
1155 4507 1207 4543 es
1237 4491 1475 4554 Christus
1507 4489 1676 4548 Filius
1703 4493 1799 4546 Dei
1829 4495 1924 4547 viri
1953 4508 1968 4543 :

388 4576 581 4630 deinde
621 4577 876 4632 Dominus
919 4579 967 4632 ei
1013 4596 1024 4631 :

389 4682 551 4736 quam
580 4669 859 4723 confessus
886 4683 963 4732 es,
993 4671 1259 4738 auli/icabo
1285 4669 1571 4724 Ecclesium
1600 4689 1784 4725 meum.
1813 4673 1968 4728 Petra

388 4757 529 4812 enim.
559 4756 797 4818 Christus
832 4770 965 4825 erat,
1000 4775 1161 4828 super
1200 4761 1341 4829 quod
1368 4759 1776 4814 fundamentum
1803 4764 1966 4818 etiam

392 4845 503 4914 ipse
529 4846 824 4903 {EdlﬁCﬂlllS
854 4858 937 4904 est
971 4850 1180 4904 Petrus.

460 4937 671 5008 Cephas
705 4941 881 4995 dictus
919 4956 984 4994 eo
1014 4943 1153 5011 quod
1205 4942 1255 4995 in
1313 4943 1490 5012 capite
1532 4945 1601 4996 sit
1645 4946 1969 4999 constitutus

387 5031 774 5100 apostolorum.
805 5029 1026 5102 Cep/tale
1059 5033 1242 5088 Grzcce
1279 5044 1438 5104 caput
1464 5033 1693 5101 dicitur,
1717 5046 1772 5091 et
1795 5037 1965 5106 ipsum

390 5137 584 5174 nomen
612 5121 664 5174 in
692 5121 851 5176 Petro
875 5122 1035 5176 situm
1065 5133 1166 5177 est.

461 5211 649 5268 Simon
675 5211 902 5282 Barjoua
931 5213 982 5265 in
1022 5213 1257 5284 linguam
1284 5224 1522 5278 nostram
1545 5224 1699 5284 sonat
1721 5216 1863 5285 ﬁlius
1892 5235 1972 5269 ro-

388 5303 598 5360 lumba’.
635 5304 730 5357 Est
758 5313 811 5364 et
837 5319 1028 5374 nomen
1074 5304 1267 5376 Syrum
1311 5308 1512 5377 pariter
1560 5317 1610 5362 et
1664 5306 1968 5368 Hebrzeum.

388 5393 500 5449 Bar
544 5395 740 5464 quippe
777 5393 912 5468 Syra
962 5394 1140 5464 lingua
1189 5397 1332 5465 ﬁlius
1367 5414 1384 5451 :
1406 5399 1541 5467 jona
1581 5397 1842 5452 Hebraice
1891 5415 1974 5450 co-

392 5487 570 5540 lumba
594 5503 611 5540 :
637 5497 869 5556 utroque
899 5503 1145 5543 sermone
1174 5489 1370 5542 dicitur
1392 5489 1649 5560 Bai-jona,
1699 5489 1802 5545 Alii
1847 5489 1975 5546 sim-

390 5576 604 5648 pliciter
654 5577 960 5647 accipiunt,
994 5581 1138 5648 quod
1200 5579 1384 5634 Simon
1413 5622 1427 5647 ,
1470 5581 1521 5634 id
1563 5590 1648 5635 est
1675 5622 1690 5646 ,
1735 5581 1926 5635 Petrus
1957 5621 1972 5648 ,

391 5665 534 5721 filius
581 5675 727 5722 esset
770 5665 1023 5733 Joannis;
1065 5670 1217 5742 juxta
1267 5669 1407 5723 illam
1456 5672 1968 5742 interrogationem:

393 5755 577 5816 Simon
628 5758 853 5813 Joannis
881 5801 894 5824 ,
932 5759 1105 5836 diligis
1156 5762 1280 5816 me?
1316 5761 1495 5826 (Joan.
1547 5763 1674 5834 XXI)
1705 5770 1758 5818 et
1788 5761 1975 5818 volunt

2068 3307 2273 3362 sionem
2308 3306 2558 3362 Ecclesia:
2582 3307 2645 3360 de
2668 3307 2915 3377 gentibus
2943 3306 3011 3360 ad
3049 3304 3250 3360 Christi
3285 3305 3467 3372 fidem,
3500 3304 3648 3373 cujus

2070 3396 2182 3468 ipse
2212 3396 2488 3466 apostolus
2517 3405 2570 3449 et
2600 3397 2854 3468 magister
2896 3395 3030 3462 fuit;
3066 3396 3320 3468 quoniam
3353 3396 3492 3451 sicut
3517 3397 3652 3454 Pau-

2070 3485 2153 3541 lus
2183 3489 2414 3564 primum
2442 3487 2654 3543 rebellis
2684 3490 2734 3544 in
2765 3488 3136 3552 incredulitate
3164 3488 3466 3543 consistens
3501 3488 3603 3542 fuit
3632 3531 3646 3555 ,

2071 3588 2125 3645 et
2153 3588 2337 3650 postea
2375 3595 2471 3649 per
2503 3579 2752 3648 baptismi
2783 3579 3012 3650 gratiam
3033 3577 3246 3644 ablutus
3260 3578 3640 3634 etfideChristi

2071 3671 2341 3737 imbutus,
2375 3673 2592 3727 humilis
2631 3687 2694 3726 ac
2728 3672 2956 3734 devotus,
2973 3670 3265 3745 permansit
3293 3688 3304 3724 :
3336 3670 3414 3724 sic
3435 3678 3490 3726 et
3516 3684 3641 3741 gen-

2071 3762 2239 3818 tilitas
2266 3763 2500 3834 primum
2520 3762 2842 3818 Christianis
2866 3763 3291 3832 persecutionem
3315 3761 3494 3816 intulit
3524 3770 3648 3816 ante

1990 3849 1994 3853 ’
2073 3856 2471 3923 perceptionem
2520 3856 2769 3909 videlicet
2828 3855 3101 3926 Evangelii
3155 3854 3391 3919 Christi;
3464 3862 3649 3923 postea

2072 3960 2202 3999 vero
2255 3944 2450 4007 devota
2502 3944 2614 4008 Deo
2653 3946 2892 4002 existens
2935 3946 3098 4012 etiam
3147 3945 3464 4013 sanguinem
3495 3959 3648 3998 suum

2075 4050 2172 4104 pro
2199 4049 2264 4089 eo
2301 4032 2526 4087 fundere
2551 4050 2656 4088 non
2689 4034 2970 4100 dubitavit.

2143 4124 2406 4187 Andreas,
2440 4122 2607 4176 frater
2628 4123 2793 4189 Petri,
2821 4138 2984 4190 carne
3011 4131 3064 4178 et
3091 4123 3330 4178 conteres
3358 4124 3545 4195 gratia)
3565 4139 3652 4179 se-

2075 4217 2307 4268 cundum
2358 4213 2639 4268 Hebraeum
2689 4214 3078 4286 Etymologiam
3133 4215 3520 4286 interpretatur
3567 4216 3654 4268 de-

2075 4323 2227 4359 corus
2258 4307 2368 4359 sive
2397 4307 2729 4376 respondens.
2761 4291 3022 4364 Sermone
3045 4315 3224 4362 autem
3253 4305 3441 4363 Graeco
3469 4327 3499 4363 a
3539 4309 3647 4363 viro

2075 4396 2235 4450 virilis
2263 4397 2578 4466 appellatur.
2630 4397 2729 4451 llic
2788 4400 3040 4469 exprimit
3085 4400 3339 4472 pepulum
3382 4401 3647 4460 Ecclesia~

2076 4486 2292 4552 sticum,
2318 4488 2407 4557 qui
2437 4488 2664 4542 decorus
2691 4499 2768 4543 est
2801 4479 3280 4559 in'pulchritudine
3319 4503 3480 4548 rectae
3505 4493 3649 4558 fidei,

1073 4579 1242 4656 super
1286 4581 1448 4644 hanc,
1488 4580 1660 4649 inquit.
1686 4622 1699 4657 ,
1732 4592 1931 4651 ρεινιιηι
1953 4624 1967 4647 ,
1997 4563 2049 4624 1)
2076 4585 2129 4628 et
2160 4578 2446 4644 respondet
2469 4578 2623 4631 bonis
2647 4580 2899 4646 operibus
2919 4598 2931 4643 ;
2951 4583 3077 4650 quia
3100 4584 3245 4652 quod
3271 4583 3431 4637 corde
3458 4585 3650 4649 credit,

2076 4667 2330 4734 operibus
2363 4677 2608 4731 exercet;
2640 4670 2866 4723 viriliter
2894 4687 3107 4740 quoque
3142 4673 3254 4741 ipse
3295 4673 3348 4725 in
3384 4673 3478 4727 Dei
3509 4690 3653 4728 mau-

2079 4757 2215 4811 datis
2267 4757 2409 4827 agit,
2447 4767 2499 4812 et
2537 4768 2791 4827 operatur
2829 4760 3099 4828 justitiam
3126 4800 3140 4825 ,
3193 4768 3250 4815 ut
3300 4772 3552 4836 acceptus
3603 4776 3656 4822 et

2077 4849 2306 4920 placitus
2334 4850 2425 4904 fiat
2451 4849 2729 4906 Conditori
2757 4866 2872 4905 suo.

2145 4939 2377 4996 Joannes
2403 4943 2634 5012 quodam
2665 4942 2917 4996 vaticiuio
2947 4957 3010 4996 ex
3037 4943 3229 4997 merito
3265 4959 3460 5002 nomen
3488 4962 3641 5005 acce-

2075 5031 2170 5099 pit.
2208 5031 2597 5102 Interpretatur
2647 5034 2872 5086 enim'in
2894 5050 2992 5103 quo
3019 5044 3091 5086 est
3116 5037 3307 5106 gratia,
3333 5037 3417 5091 vel
3441 5037 3653 5094 Domini

2075 5124 2266 5194 gratia.
2297 5123 2539 5194 Amplius
2580 5123 2722 5177 enim
2759 5138 2880 5176 eum
2921 5126 3133 5179 czeteris
3176 5127 3436 5196 apostolis
3468 5129 3653 5184 dilexit

2075 5211 2248 5267 Jcsus.
2287 5214 2385 5268 [lic
2415 5230 2599 5267 eorum
2632 5225 2809 5284 typum
2864 5223 3007 5278 tenet
3049 5218 3139 5286 qui
3186 5219 3653 5289 contemplationis

2076 5304 2248 5373 gratia
2280 5303 2548 5356 sublimati
2575 5303 2758 5358 scdulo
2785 5319 2881 5359 suo
2903 5307 3180 5362 adhaerent
3202 5307 3478 5364 Conditori
3507 5329 3518 5363 :
3551 5328 3650 5367 nec

2076 5395 2274 5464 aliquid
2296 5394 2511 5447 eharius
2540 5395 2652 5463 ipso
2676 5393 2875 5451 ducunt
2894 5416 2904 5450 :
2922 5399 3148 5470 quicum
3166 5399 3449 5456 Psalmista
3473 5401 3653 5457 dicere

2078 5493 2338 5557 possunt:
2374 5485 2505 5538 Mihi
2537 5495 2709 5539 autem
2740 5488 3007 5542 adluerere
3031 5488 3139 5546 Deo
3184 5489 3374 5543 bonum
3415 5501 3527 5546 est:
3554 5509 3649 5562 po-

2079 5593 2197 5630 nere
2222 5578 2272 5628 in
2302 5575 2522 5630 Domino
2548 5577 2654 5630 Deo
2676 5594 2814 5652 spem
2839 5594 3004 5631 meam
3028 5593 3044 5630 :
3070 5589 3124 5632 ut
3148 5580 3454 5634 annuntiem
3477 5597 3651 5634 omnes

2078 5667 2258 5722 Iaudes
2296 5668 2408 5736 ejus
2439 5668 2495 5722 in
2537 5670 2698 5739 portis
2727 5668 2854 5736 ﬁliw
2875 5668 3001 5722 Sion
3033 5668 3204 5739 (Psal.
3232 5668 3424 5741 xxvn).
3449 5667 3653 5723 Notan-

2077 5759 2204 5816 dum
2232 5770 2434 5823 tamen,
2457 5761 2598 5838 quod
2628 5761 2681 5814 in
2712 5761 3045 5830 expositione
3068 5759 3408 5831 Evangelica,
3431 5754 3524 5813 ubi
3551 5753 3652 5813 Pc-
