  <div class='ocr_page' id='page_1' title='image "/cluster/home/n/w/nwhite01/storage/ocr_20150623/111/hvd.32044009716333/051.png"; bbox 0 0 4074 6316; ppageno 0'>
   <div class='ocr_carea' id='block_1_1' title="bbox 436 368 2005 473">
    <p class='ocr_par' dir='ltr' id='par_1_1' title="bbox 436 368 2005 469">
     <span class='ocr_line' id='line_1_1' title="bbox 436 368 2005 469; baseline -0.003 -5"><span class='ocrx_word' id='word_1_1' title='bbox 436 409 519 469; x_wconf 80' lang='grc'><strong>87,</strong></span> <span class='ocrx_word' id='word_1_2' title='bbox 1067 409 1127 463; x_wconf 90' lang='lat' dir='ltr'><strong>B.</strong></span> <span class='ocrx_word' id='word_1_3' title='bbox 1171 408 1421 463; x_wconf 75' lang='lat' dir='ltr'><strong>RABANI</strong></span> <span class='ocrx_word' id='word_1_4' title='bbox 1462 408 1683 466; x_wconf 77' lang='lat' dir='ltr'><strong>MAURI</strong></span> <span class='ocrx_word' id='word_1_5' title='bbox 1720 368 2005 465; x_wconf 61' lang='lat' dir='ltr'><strong>Ancum!</strong></span> 
     </span>
    </p>
   </div>
   <div class='ocr_carea' id='block_1_2' title="bbox 2106 368 3713 473">
    <p class='ocr_par' dir='ltr' id='par_1_2' title="bbox 2106 401 3713 463">
     <span class='ocr_line' id='line_1_2' title="bbox 2106 401 3713 463; baseline -0.005 -1"><span class='ocrx_word' id='word_1_6' title='bbox 2106 401 2395 463; x_wconf 67' lang='lat' dir='ltr'><strong>IOGUNT.</strong></span> <span class='ocrx_word' id='word_1_7' title='bbox 2418 401 2725 463; x_wconf 75' lang='lat' dir='ltr'><strong>.OPERUM</strong></span> <span class='ocrx_word' id='word_1_8' title='bbox 2756 402 2941 459; x_wconf 78' lang='lat' dir='ltr'><strong>PARS</strong></span> <span class='ocrx_word' id='word_1_9' title='bbox 2978 403 3042 459; x_wconf 86' lang='lat' dir='ltr'><strong>ll.</strong></span> <span class='ocrx_word' id='word_1_10' title='bbox 3646 408 3713 463; x_wconf 86' lang='lat'><strong>88</strong></span> 
     </span>
    </p>
   </div>
   <div class='ocr_carea' id='block_1_3' title="bbox 430 515 3743 607">
    <p class='ocr_par' dir='ltr' id='par_1_3' title="bbox 430 515 3743 607">
     <span class='ocr_line' id='line_1_3' title="bbox 430 515 3743 607; baseline -0.001 -32"><span class='ocrx_word' id='word_1_11' title='bbox 430 535 545 585; x_wconf 74' lang='lat' dir='ltr'><strong>lrtts</strong></span> <span class='ocrx_word' id='word_1_12' title='bbox 574 526 879 581; x_wconf 71' lang='lat' dir='ltr'><strong>euentum</strong></span> <span class='ocrx_word' id='word_1_13' title='bbox 897 535 1019 589; x_wconf 84' lang='lat' dir='ltr'><strong>post</strong></span> <span class='ocrx_word' id='word_1_14' title='bbox 1054 521 1510 579; x_wconf 65' lang='lat' dir='ltr'><strong>resurrectionem</strong></span> <span class='ocrx_word' id='word_1_15' title='bbox 1552 518 1755 577; x_wconf 88' lang='lat' dir='ltr'><strong>Christi</strong></span> <span class='ocrx_word' id='word_1_16' title='bbox 1797 518 1867 573; x_wconf 83' lang='lat' dir='ltr'><strong>ad</strong></span> <span class='ocrx_word' id='word_1_17' title='bbox 1907 533 2014 572; x_wconf 89' lang='lat' dir='ltr'><strong>mo-</strong></span> <span class='ocrx_word' id='word_1_18' title='bbox 2044 520 2093 578; x_wconf 77' lang='grc' dir='ltr'><strong>Δ</strong></span> <span class='ocrx_word' id='word_1_19' title='bbox 2117 516 2207 573; x_wconf 85' lang='lat' dir='ltr'><strong>nia</strong></span> <span class='ocrx_word' id='word_1_20' title='bbox 2247 530 2262 570; x_wconf 90' lang='lat'><strong>:</strong></span> <span class='ocrx_word' id='word_1_21' title='bbox 2300 518 2430 587; x_wconf 87' lang='lat' dir='ltr'><strong>quia</strong></span> <span class='ocrx_word' id='word_1_22' title='bbox 2470 516 2853 587; x_wconf 77' lang='lat' dir='ltr'><strong>beneplacitunt</strong></span> <span class='ocrx_word' id='word_1_23' title='bbox 2890 525 2970 583; x_wconf 81' lang='lat' dir='ltr'><strong>est</strong></span> <span class='ocrx_word' id='word_1_24' title='bbox 3010 515 3435 589; x_wconf 66' lang='lat' dir='ltr'><strong>Dominosuper</strong></span> <span class='ocrx_word' id='word_1_25' title='bbox 3458 520 3743 607; x_wconf 43' lang='lat' dir='ltr'><strong>timentesL</strong></span> 
     </span>
    </p>
   </div>
   <div class='ocr_carea' id='block_1_4' title="bbox 428 606 2012 680">
    <p class='ocr_par' dir='ltr' id='par_1_4' title="bbox 428 606 2012 680">
     <span class='ocr_line' id='line_1_4' title="bbox 428 606 2012 680; baseline -0.002 -16"><span class='ocrx_word' id='word_1_26' title='bbox 428 620 735 669; x_wconf 78' lang='lat' dir='ltr'><strong>nuntentum</strong></span> <span class='ocrx_word' id='word_1_27' title='bbox 779 619 1157 676; x_wconf 77' lang='lat' dir='ltr'><strong>cucurrerunt,</strong></span> <span class='ocrx_word' id='word_1_28' title='bbox 1202 609 1348 680; x_wconf 85' lang='lat' dir='ltr'><strong>quod</strong></span> <span class='ocrx_word' id='word_1_29' title='bbox 1385 608 1621 667; x_wconf 80' lang='lat' dir='ltr'><strong>Joannes</strong></span> <span class='ocrx_word' id='word_1_30' title='bbox 1650 623 1808 678; x_wconf 87' lang='lat' dir='ltr'><strong>porro</strong></span> <span class='ocrx_word' id='word_1_31' title='bbox 1834 606 2012 663; x_wconf 82' lang='lat' dir='ltr'><strong>venit:</strong></span> 
     </span>
    </p>
   </div>
   <div class='ocr_carea' id='block_1_5' title="bbox 426 696 2049 768">
    <p class='ocr_par' dir='ltr' id='par_1_5' title="bbox 426 696 2049 768">
     <span class='ocr_line' id='line_1_5' title="bbox 426 696 2049 768; baseline -0.003 -12"><span class='ocrx_word' id='word_1_32' title='bbox 426 702 517 757; x_wconf 85' lang='lat' dir='ltr'><strong>sed</strong></span> <span class='ocrx_word' id='word_1_33' title='bbox 557 712 733 756; x_wconf 86' lang='lat' dir='ltr'><strong>tamen</strong></span> <span class='ocrx_word' id='word_1_34' title='bbox 779 717 884 756; x_wconf 89' lang='lat' dir='ltr'><strong>non</strong></span> <span class='ocrx_word' id='word_1_35' title='bbox 925 701 1181 766; x_wconf 75' lang='lat' dir='ltr'><strong>introivit,</strong></span> <span class='ocrx_word' id='word_1_36' title='bbox 1206 698 1399 763; x_wconf 80' lang='lat' dir='ltr'><strong>Petrus</strong></span> <span class='ocrx_word' id='word_1_37' title='bbox 1440 708 1615 755; x_wconf 81' lang='lat' dir='ltr'><strong>autem</strong></span> <span class='ocrx_word' id='word_1_38' title='bbox 1650 696 1906 768; x_wconf 73' lang='lat' dir='ltr'><strong>posterius</strong></span> <span class='ocrx_word' id='word_1_39' title='bbox 1932 712 2017 767; x_wconf 51' lang='lat' dir='ltr'><strong>ves</strong></span> <span class='ocrx_word' id='word_1_40' title='bbox 2046 750 2049 759; x_wconf 84' lang='grc'>,</span> 
     </span>
    </p>
   </div>
   <div class='ocr_carea' id='block_1_6' title="bbox 425 792 2010 881">
    <p class='ocr_par' dir='ltr' id='par_1_6' title="bbox 425 792 2010 881">
     <span class='ocr_line' id='line_1_6' title="bbox 425 792 2010 881; baseline -0.003 -30"><span class='ocrx_word' id='word_1_41' title='bbox 425 796 576 855; x_wconf 70' lang='lat' dir='ltr'><strong>nicas</strong></span> <span class='ocrx_word' id='word_1_42' title='bbox 596 796 775 881; x_wconf 56' lang='lat' dir='ltr'><strong>statim</strong></span> <span class='ocrx_word' id='word_1_43' title='bbox 796 794 1035 849; x_wconf 70' lang='lat' dir='ltr'><strong><em>introivit</em></strong></span> <span class='ocrx_word' id='word_1_44' title='bbox 1059 804 1108 849; x_wconf 82' lang='lat' dir='ltr'><strong>et</strong></span> <span class='ocrx_word' id='word_1_45' title='bbox 1134 793 1328 853; x_wconf 79' lang='lat' dir='ltr'><strong>invenit</strong></span> <span class='ocrx_word' id='word_1_46' title='bbox 1350 792 1659 849; x_wconf 76' lang='lat' dir='ltr'><strong>linteamina</strong></span> <span class='ocrx_word' id='word_1_47' title='bbox 1684 792 1883 862; x_wconf 80' lang='lat' dir='ltr'><strong>posita,</strong></span> <span class='ocrx_word' id='word_1_48' title='bbox 1903 798 2010 847; x_wconf 83' lang='lat' dir='ltr'><strong>etc.</strong></span> 
     </span>
    </p>
   </div>
   <div class='ocr_carea' id='block_1_7' title="bbox 426 880 2012 959">
    <p class='ocr_par' dir='ltr' id='par_1_7' title="bbox 426 880 2012 959">
     <span class='ocr_line' id='line_1_7' title="bbox 426 880 2012 959; baseline -0.003 -18"><span class='ocrx_word' id='word_1_49' title='bbox 426 886 611 959; x_wconf 83' lang='lat' dir='ltr'><strong>(Joau.</strong></span> <span class='ocrx_word' id='word_1_50' title='bbox 636 880 753 957; x_wconf 68' lang='lat' dir='ltr'><strong>iis),</strong></span> <span class='ocrx_word' id='word_1_51' title='bbox 784 901 904 955; x_wconf 75' lang='lat' dir='ltr'><strong>qua;</strong></span> <span class='ocrx_word' id='word_1_52' title='bbox 929 884 1005 941; x_wconf 85' lang='lat' dir='ltr'><strong>ibi</strong></span> <span class='ocrx_word' id='word_1_53' title='bbox 1030 894 1346 953; x_wconf 78' lang='lat' dir='ltr'><strong>narrantur.</strong></span> <span class='ocrx_word' id='word_1_54' title='bbox 1371 883 1453 939; x_wconf 85' lang='lat' dir='ltr'><strong>lbi</strong></span> <span class='ocrx_word' id='word_1_55' title='bbox 1476 897 1607 953; x_wconf 84' lang='lat' dir='ltr'><strong>ergo</strong></span> <span class='ocrx_word' id='word_1_56' title='bbox 1639 880 1878 939; x_wconf 80' lang='lat' dir='ltr'><strong>Joannes</strong></span> <span class='ocrx_word' id='word_1_57' title='bbox 1912 895 2012 952; x_wconf 89' lang='lat' dir='ltr'><strong>po-</strong></span> 
     </span>
    </p>
   </div>
   <div class='ocr_carea' id='block_1_8' title="bbox 424 974 2047 1051">
    <p class='ocr_par' dir='ltr' id='par_1_8' title="bbox 424 974 2047 1051">
     <span class='ocr_line' id='line_1_8' title="bbox 424 974 2047 1051; baseline -0.002 -17"><span class='ocrx_word' id='word_1_58' title='bbox 424 979 535 1050; x_wconf 87' lang='lat' dir='ltr'><strong>puli</strong></span> <span class='ocrx_word' id='word_1_59' title='bbox 556 978 766 1035; x_wconf 86' lang='lat' dir='ltr'><strong>Judaici</strong></span> <span class='ocrx_word' id='word_1_60' title='bbox 805 987 991 1051; x_wconf 80' lang='lat' dir='ltr'><strong>typum</strong></span> <span class='ocrx_word' id='word_1_61' title='bbox 1018 986 1208 1035; x_wconf 88' lang='lat' dir='ltr'><strong>tenet:</strong></span> <span class='ocrx_word' id='word_1_62' title='bbox 1235 977 1329 1048; x_wconf 88' lang='lat' dir='ltr'><strong>qui</strong></span> <span class='ocrx_word' id='word_1_63' title='bbox 1354 991 1517 1048; x_wconf 88' lang='lat' dir='ltr'><strong>porro</strong></span> <span class='ocrx_word' id='word_1_64' title='bbox 1540 991 1637 1048; x_wconf 87' lang='lat' dir='ltr'><strong>per</strong></span> <span class='ocrx_word' id='word_1_65' title='bbox 1663 975 1911 1031; x_wconf 77' lang='lat' dir='ltr'><strong>notitiam</strong></span> <span class='ocrx_word' id='word_1_66' title='bbox 1930 974 2011 1031; x_wconf 86' lang='lat' dir='ltr'><strong>le-</strong></span> <span class='ocrx_word' id='word_1_67' title='bbox 2042 1020 2047 1047; x_wconf 32' lang='grc' dir='ltr'>λ</span> 
     </span>
    </p>
   </div>
   <div class='ocr_carea' id='block_1_9' title="bbox 424 1067 2015 1142">
    <p class='ocr_par' dir='ltr' id='par_1_9' title="bbox 424 1067 2015 1142">
     <span class='ocr_line' id='line_1_9' title="bbox 424 1067 2015 1142; baseline -0.003 -17"><span class='ocrx_word' id='word_1_68' title='bbox 424 1072 507 1142; x_wconf 85' lang='lat' dir='ltr'><strong>gis</strong></span> <span class='ocrx_word' id='word_1_69' title='bbox 534 1072 603 1127; x_wconf 84' lang='lat' dir='ltr'><strong>ad</strong></span> <span class='ocrx_word' id='word_1_70' title='bbox 626 1070 916 1127; x_wconf 89' lang='lat' dir='ltr'><strong>Dominum</strong></span> <span class='ocrx_word' id='word_1_71' title='bbox 948 1071 1100 1128; x_wconf 82' lang='lat' dir='ltr'><strong>venit</strong></span> <span class='ocrx_word' id='word_1_72' title='bbox 1129 1087 1142 1123; x_wconf 92' lang='lat'><strong>:</strong></span> <span class='ocrx_word' id='word_1_73' title='bbox 1167 1070 1311 1126; x_wconf 93' lang='lat' dir='ltr'><strong>sicut</strong></span> <span class='ocrx_word' id='word_1_74' title='bbox 1333 1067 1571 1125; x_wconf 88' lang='lat' dir='ltr'><strong>Joannes</strong></span> <span class='ocrx_word' id='word_1_75' title='bbox 1598 1067 1666 1121; x_wconf 90' lang='lat' dir='ltr'><strong>ad</strong></span> <span class='ocrx_word' id='word_1_76' title='bbox 1692 1078 2015 1121; x_wconf 90' lang='lat' dir='ltr'><strong>monumen-</strong></span> 
     </span>
    </p>
   </div>
   <div class='ocr_carea' id='block_1_10' title="bbox 422 1156 2011 1232">
    <p class='ocr_par' dir='ltr' id='par_1_10' title="bbox 422 1156 2011 1232">
     <span class='ocr_line' id='line_1_10' title="bbox 422 1156 2011 1232; baseline -0.003 -17"><span class='ocrx_word' id='word_1_77' title='bbox 422 1171 539 1217; x_wconf 91' lang='lat' dir='ltr'><strong>tum</strong></span> <span class='ocrx_word' id='word_1_78' title='bbox 565 1180 581 1215; x_wconf 86' lang='lat'><strong>:</strong></span> <span class='ocrx_word' id='word_1_79' title='bbox 609 1162 707 1217; x_wconf 89' lang='lat' dir='ltr'><strong>sed</strong></span> <span class='ocrx_word' id='word_1_80' title='bbox 741 1177 848 1217; x_wconf 90' lang='lat' dir='ltr'><strong>non</strong></span> <span class='ocrx_word' id='word_1_81' title='bbox 879 1160 1137 1218; x_wconf 89' lang='lat' dir='ltr'><strong>intravit:</strong></span> <span class='ocrx_word' id='word_1_82' title='bbox 1168 1162 1299 1232; x_wconf 83' lang='lat' dir='ltr'><strong>quia</strong></span> <span class='ocrx_word' id='word_1_83' title='bbox 1327 1159 1461 1231; x_wconf 88' lang='lat' dir='ltr'><strong>legis</strong></span> <span class='ocrx_word' id='word_1_84' title='bbox 1498 1158 1719 1230; x_wconf 82' lang='lat' dir='ltr'><strong>quidem</strong></span> <span class='ocrx_word' id='word_1_85' title='bbox 1758 1156 2011 1212; x_wconf 86' lang='lat' dir='ltr'><strong>mandata</strong></span> 
     </span>
    </p>
   </div>
   <div class='ocr_carea' id='block_1_11' title="bbox 421 1246 2013 1323">
    <p class='ocr_par' dir='ltr' id='par_1_11' title="bbox 421 1246 2013 1323">
     <span class='ocr_line' id='line_1_11' title="bbox 421 1246 2013 1323; baseline -0.004 -18"><span class='ocrx_word' id='word_1_86' title='bbox 421 1252 668 1322; x_wconf 87' lang='lat' dir='ltr'><strong>percepit</strong></span> <span class='ocrx_word' id='word_1_87' title='bbox 688 1266 793 1322; x_wconf 89' lang='lat' dir='ltr'><strong>per</strong></span> <span class='ocrx_word' id='word_1_88' title='bbox 813 1253 1107 1323; x_wconf 81' lang='lat' dir='ltr'><strong>prophetas</strong></span> <span class='ocrx_word' id='word_1_89' title='bbox 1128 1292 1145 1321; x_wconf 94' lang='lat'><strong>,</strong></span> <span class='ocrx_word' id='word_1_90' title='bbox 1172 1251 1241 1309; x_wconf 90' lang='lat' dir='ltr'><strong>de</strong></span> <span class='ocrx_word' id='word_1_91' title='bbox 1266 1248 1642 1307; x_wconf 81' lang='lat' dir='ltr'><strong>incarnatione</strong></span> <span class='ocrx_word' id='word_1_92' title='bbox 1671 1246 1918 1309; x_wconf 90' lang='lat' dir='ltr'><strong>Domini,</strong></span> <span class='ocrx_word' id='word_1_93' title='bbox 1948 1260 2013 1300; x_wconf 91' lang='lat' dir='ltr'><strong>ac</strong></span> 
     </span>
    </p>
   </div>
   <div class='ocr_carea' id='block_1_12' title="bbox 420 1335 2014 1413">
    <p class='ocr_par' dir='ltr' id='par_1_12' title="bbox 420 1335 2014 1413">
     <span class='ocr_line' id='line_1_12' title="bbox 420 1335 2014 1413; baseline -0.001 -19"><span class='ocrx_word' id='word_1_94' title='bbox 420 1342 673 1410; x_wconf 86' lang='lat' dir='ltr'><strong>passione</strong></span> <span class='ocrx_word' id='word_1_95' title='bbox 698 1343 816 1413; x_wconf 85' lang='lat' dir='ltr'><strong>ejus</strong></span> <span class='ocrx_word' id='word_1_96' title='bbox 837 1343 1042 1398; x_wconf 81' lang='lat' dir='ltr'><strong>audivit</strong></span> <span class='ocrx_word' id='word_1_97' title='bbox 1068 1361 1081 1395; x_wconf 88' lang='lat'><strong>:</strong></span> <span class='ocrx_word' id='word_1_98' title='bbox 1107 1350 1165 1398; x_wconf 90' lang='lat' dir='ltr'><strong>et</strong></span> <span class='ocrx_word' id='word_1_99' title='bbox 1185 1357 1284 1413; x_wconf 88' lang='lat' dir='ltr'><strong>per</strong></span> <span class='ocrx_word' id='word_1_100' title='bbox 1310 1356 1483 1397; x_wconf 66' lang='lat' dir='ltr'><strong>sacrae</strong></span> <span class='ocrx_word' id='word_1_101' title='bbox 1523 1338 1823 1408; x_wconf 68' lang='lat' dir='ltr'><strong>Scriptum</strong></span> <span class='ocrx_word' id='word_1_102' title='bbox 1862 1335 2014 1393; x_wconf 86' lang='lat' dir='ltr'><strong>testi-</strong></span> 
     </span>
    </p>
   </div>
   <div class='ocr_carea' id='block_1_13' title="bbox 421 1429 2008 1502">
    <p class='ocr_par' dir='ltr' id='par_1_13' title="bbox 421 1429 2008 1502">
     <span class='ocr_line' id='line_1_13' title="bbox 421 1429 2008 1502; baseline -0.001 -18"><span class='ocrx_word' id='word_1_103' title='bbox 421 1432 603 1488; x_wconf 89' lang='lat' dir='ltr'><strong>monia</strong></span> <span class='ocrx_word' id='word_1_104' title='bbox 633 1432 700 1488; x_wconf 88' lang='lat' dir='ltr'><strong>de</strong></span> <span class='ocrx_word' id='word_1_105' title='bbox 723 1449 789 1487; x_wconf 88' lang='lat' dir='ltr'><strong>eo</strong></span> <span class='ocrx_word' id='word_1_106' title='bbox 820 1433 986 1489; x_wconf 89' lang='lat' dir='ltr'><strong>multa</strong></span> <span class='ocrx_word' id='word_1_107' title='bbox 1022 1440 1184 1489; x_wconf 88' lang='lat' dir='ltr'><strong>antea</strong></span> <span class='ocrx_word' id='word_1_108' title='bbox 1210 1432 1300 1487; x_wconf 89' lang='lat' dir='ltr'><strong>diu</strong></span> <span class='ocrx_word' id='word_1_109' title='bbox 1335 1430 1496 1502; x_wconf 89' lang='lat' dir='ltr'><strong>longe</strong></span> <span class='ocrx_word' id='word_1_110' title='bbox 1520 1430 1739 1498; x_wconf 86' lang='lat' dir='ltr'><strong>lateque</strong></span> <span class='ocrx_word' id='word_1_111' title='bbox 1766 1429 2008 1499; x_wconf 87' lang='lat' dir='ltr'><strong>prophe-</strong></span> 
     </span>
    </p>
   </div>
   <div class='ocr_carea' id='block_1_14' title="bbox 421 1518 2009 1594">
    <p class='ocr_par' dir='ltr' id='par_1_14' title="bbox 421 1518 2009 1594">
     <span class='ocr_line' id='line_1_14' title="bbox 421 1518 2009 1594; baseline -0.003 -19"><span class='ocrx_word' id='word_1_112' title='bbox 421 1522 555 1578; x_wconf 78' lang='lat' dir='ltr'><strong>tuVit</strong></span> <span class='ocrx_word' id='word_1_113' title='bbox 578 1540 593 1581; x_wconf 67' lang='grc' dir='ltr'>ξ</span> <span class='ocrx_word' id='word_1_114' title='bbox 619 1524 713 1579; x_wconf 86' lang='lat' dir='ltr'><strong>sed</strong></span> <span class='ocrx_word' id='word_1_115' title='bbox 739 1538 866 1579; x_wconf 90' lang='lat' dir='ltr'><strong>cum</strong></span> <span class='ocrx_word' id='word_1_116' title='bbox 891 1530 1215 1594; x_wconf 64' lang='lat' dir='ltr'><strong>praesentem</strong></span> <span class='ocrx_word' id='word_1_117' title='bbox 1242 1520 1395 1582; x_wconf 86' lang='lat' dir='ltr'><strong>vidit,</strong></span> <span class='ocrx_word' id='word_1_118' title='bbox 1420 1518 1635 1585; x_wconf 88' lang='lat' dir='ltr'><strong>renuit,</strong></span> <span class='ocrx_word' id='word_1_119' title='bbox 1658 1529 1714 1575; x_wconf 89' lang='lat' dir='ltr'><strong>et</strong></span> <span class='ocrx_word' id='word_1_120' title='bbox 1735 1519 2009 1574; x_wconf 85' lang='lat' dir='ltr'><strong>hominem</strong></span> 
     </span>
    </p>
   </div>
   <div class='ocr_carea' id='block_1_15' title="bbox 417 1610 2008 1683">
    <p class='ocr_par' dir='ltr' id='par_1_15' title="bbox 417 1610 2008 1683">
     <span class='ocr_line' id='line_1_15' title="bbox 417 1610 2008 1683; baseline -0.001 -17"><span class='ocrx_word' id='word_1_121' title='bbox 417 1628 536 1679; x_wconf 84' lang='lat' dir='ltr'><strong>esse</strong></span> <span class='ocrx_word' id='word_1_122' title='bbox 563 1615 826 1683; x_wconf 82' lang='lat' dir='ltr'><strong>despexit,</strong></span> <span class='ocrx_word' id='word_1_123' title='bbox 856 1625 1091 1683; x_wconf 87' lang='lat' dir='ltr'><strong>eumque</strong></span> <span class='ocrx_word' id='word_1_124' title='bbox 1114 1611 1399 1669; x_wconf 86' lang='lat' dir='ltr'><strong>mortalem</strong></span> <span class='ocrx_word' id='word_1_125' title='bbox 1424 1610 1631 1668; x_wconf 85' lang='lat' dir='ltr'><strong>factum</strong></span> <span class='ocrx_word' id='word_1_126' title='bbox 1658 1610 1880 1667; x_wconf 86' lang='lat' dir='ltr'><strong>credere</strong></span> <span class='ocrx_word' id='word_1_127' title='bbox 1908 1625 2008 1665; x_wconf 91' lang='lat' dir='ltr'><strong>no-</strong></span> 
     </span>
    </p>
   </div>
   <div class='ocr_carea' id='block_1_16' title="bbox 419 1701 2011 1774">
    <p class='ocr_par' dir='ltr' id='par_1_16' title="bbox 419 1701 2011 1774">
     <span class='ocr_line' id='line_1_16' title="bbox 419 1701 2011 1774; baseline -0.001 -17"><span class='ocrx_word' id='word_1_128' title='bbox 419 1704 518 1759; x_wconf 82' lang='lat' dir='ltr'><strong>luit</strong></span> <span class='ocrx_word' id='word_1_129' title='bbox 546 1721 559 1758; x_wconf 90' lang='lat'><strong>:</strong></span> <span class='ocrx_word' id='word_1_130' title='bbox 593 1706 735 1760; x_wconf 89' lang='lat' dir='ltr'><strong>sicut</strong></span> <span class='ocrx_word' id='word_1_131' title='bbox 762 1720 924 1774; x_wconf 85' lang='lat' dir='ltr'><strong>porro</strong></span> <span class='ocrx_word' id='word_1_132' title='bbox 958 1704 1107 1759; x_wconf 87' lang='lat' dir='ltr'><strong>venit</strong></span> <span class='ocrx_word' id='word_1_133' title='bbox 1136 1704 1203 1758; x_wconf 86' lang='lat' dir='ltr'><strong>ad</strong></span> <span class='ocrx_word' id='word_1_134' title='bbox 1232 1711 1640 1757; x_wconf 86' lang='lat' dir='ltr'><strong>monumentum</strong></span> <span class='ocrx_word' id='word_1_135' title='bbox 1668 1718 1680 1755; x_wconf 89' lang='lat'><strong>:</strong></span> <span class='ocrx_word' id='word_1_136' title='bbox 1710 1701 1786 1756; x_wconf 91' lang='lat' dir='ltr'><strong>ita</strong></span> <span class='ocrx_word' id='word_1_137' title='bbox 1810 1716 2011 1756; x_wconf 86' lang='lat' dir='ltr'><strong>vacuus</strong></span> 
     </span>
    </p>
   </div>
   <div class='ocr_carea' id='block_1_17' title="bbox 414 1791 2009 1863">
    <p class='ocr_par' dir='ltr' id='par_1_17' title="bbox 414 1791 2009 1863">
     <span class='ocr_line' id='line_1_17' title="bbox 414 1791 2009 1863; baseline -0.001 -15"><span class='ocrx_word' id='word_1_138' title='bbox 414 1802 468 1848; x_wconf 92' lang='lat' dir='ltr'><strong>et</strong></span> <span class='ocrx_word' id='word_1_139' title='bbox 496 1795 702 1849; x_wconf 87' lang='lat' dir='ltr'><strong>otiosus</strong></span> <span class='ocrx_word' id='word_1_140' title='bbox 733 1795 901 1849; x_wconf 82' lang='lat' dir='ltr'><strong>stetit.</strong></span> <span class='ocrx_word' id='word_1_141' title='bbox 933 1792 1039 1849; x_wconf 88' lang='lat' dir='ltr'><strong>Sed</strong></span> <span class='ocrx_word' id='word_1_142' title='bbox 1067 1802 1286 1849; x_wconf 87' lang='lat' dir='ltr'><strong>secutus</strong></span> <span class='ocrx_word' id='word_1_143' title='bbox 1320 1793 1593 1863; x_wconf 83' lang='lat' dir='ltr'><strong>posterior</strong></span> <span class='ocrx_word' id='word_1_144' title='bbox 1615 1791 1810 1847; x_wconf 88' lang='lat' dir='ltr'><strong>Petrus</strong></span> <span class='ocrx_word' id='word_1_145' title='bbox 1838 1792 2009 1847; x_wconf 88' lang='lat' dir='ltr'><strong>intra-</strong></span> 
     </span>
    </p>
   </div>
   <div class='ocr_carea' id='block_1_18' title="bbox 2119 608 3769 685">
    <p class='ocr_par' dir='ltr' id='par_1_18' title="bbox 2119 608 3769 685">
     <span class='ocr_line' id='line_1_18' title="bbox 2119 608 3769 685; baseline 0.005 -24"><span class='ocrx_word' id='word_1_146' title='bbox 2119 618 2338 675; x_wconf 83' lang='lat' dir='ltr'><strong>eum,.et</strong></span> <span class='ocrx_word' id='word_1_147' title='bbox 2360 666 2365 677; x_wconf 61' lang='grc'><strong><em>,</em></strong></span> <span class='ocrx_word' id='word_1_148' title='bbox 2386 609 2443 665; x_wconf 83' lang='lat' dir='ltr'><strong>in</strong></span> <span class='ocrx_word' id='word_1_149' title='bbox 2496 624 2674 681; x_wconf 76' lang='lat' dir='ltr'><strong>omnes</strong></span> <span class='ocrx_word' id='word_1_150' title='bbox 2708 608 2800 679; x_wconf 80' lang='lat' dir='ltr'><strong>qui</strong></span> <span class='ocrx_word' id='word_1_151' title='bbox 2833 617 3044 683; x_wconf 82' lang='lat' dir='ltr'><strong>sperant</strong></span> <span class='ocrx_word' id='word_1_152' title='bbox 3084 609 3144 664; x_wconf 88' lang='lat' dir='ltr'><strong>in</strong></span> <span class='ocrx_word' id='word_1_153' title='bbox 3191 609 3555 679; x_wconf 75' lang='lat' dir='ltr'><strong>misericordia</strong></span> <span class='ocrx_word' id='word_1_154' title='bbox 3594 613 3711 684; x_wconf 87' lang='lat' dir='ltr'><strong>ejus</strong></span> <span class='ocrx_word' id='word_1_155' title='bbox 3764 674 3769 685; x_wconf 39' lang='grc'><strong>,</strong></span> 
     </span>
    </p>
   </div>
   <div class='ocr_carea' id='block_1_19' title="bbox 2118 698 3765 779">
    <p class='ocr_par' dir='ltr' id='par_1_19' title="bbox 2118 698 3765 779">
     <span class='ocr_line' id='line_1_19' title="bbox 2118 698 3765 779; baseline 0.001 -26"><span class='ocrx_word' id='word_1_156' title='bbox 2118 698 2291 771; x_wconf 79' lang='lat' dir='ltr'><strong>(Psal.</strong></span> <span class='ocrx_word' id='word_1_157' title='bbox 2324 709 2529 773; x_wconf 70' lang='lat' dir='ltr'><strong>exul),</strong></span> <span class='ocrx_word' id='word_1_158' title='bbox 2780 756 2787 759; x_wconf 24' lang='grc' dir='ltr'><strong><em>Α</em></strong></span> <span class='ocrx_word' id='word_1_159' title='bbox 2862 746 2867 757; x_wconf 81' lang='grc'>,</span> <span class='ocrx_word' id='word_1_160' title='bbox 2924 772 2933 779; x_wconf 20' lang='grc' dir='ltr'><strong><em>ί</em></strong></span> <span class='ocrx_word' id='word_1_161' title='bbox 3064 760 3075 767; x_wconf 58' lang='grc'><strong><em>,</em></strong></span> <span class='ocrx_word' id='word_1_162' title='bbox 3424 760 3430 771; x_wconf 36' lang='grc' dir='ltr'><strong>θ</strong></span> <span class='ocrx_word' id='word_1_163' title='bbox 3758 748 3765 765; x_wconf 86' lang='grc'>,</span> 
     </span>
    </p>
   </div>
   <div class='ocr_carea' id='block_1_20' title="bbox 2188 789 3769 862">
    <p class='ocr_par' dir='ltr' id='par_1_20' title="bbox 2188 789 3769 862">
     <span class='ocr_line' id='line_1_20' title="bbox 2188 789 3769 862; baseline 0.006 -15"><span class='ocrx_word' id='word_1_164' title='bbox 2188 789 2379 847; x_wconf 88' lang='lat' dir='ltr'><strong>Simon</strong></span> <span class='ocrx_word' id='word_1_165' title='bbox 2424 789 2724 853; x_wconf 62' lang='lat' dir='ltr'><strong>(Sanamem</strong></span> <span class='ocrx_word' id='word_1_166' title='bbox 2750 794 2822 851; x_wconf 90' lang='lat' dir='ltr'><strong>ad</strong></span> <span class='ocrx_word' id='word_1_167' title='bbox 2863 794 3273 852; x_wconf 85' lang='lat' dir='ltr'><strong>distinctionem</strong></span> <span class='ocrx_word' id='word_1_168' title='bbox 3294 794 3537 856; x_wconf 81' lang='lat' dir='ltr'><strong>Simonis</strong></span> <span class='ocrx_word' id='word_1_169' title='bbox 3558 798 3713 862; x_wconf 77' lang='lat' dir='ltr'><strong>Petri</strong></span> <span class='ocrx_word' id='word_1_170' title='bbox 3756 848 3769 857; x_wconf 61' lang='grc' dir='ltr'><em>ρ</em></span> 
     </span>
    </p>
   </div>
   <div class='ocr_carea' id='block_1_21' title="bbox 2116 880 3710 956">
    <p class='ocr_par' dir='ltr' id='par_1_21' title="bbox 2116 880 3710 956">
     <span class='ocr_line' id='line_1_21' title="bbox 2116 880 3710 956; baseline 0.008 -19"><span class='ocrx_word' id='word_1_171' title='bbox 2116 882 2181 937; x_wconf 92' lang='lat' dir='ltr'><strong>de</strong></span> <span class='ocrx_word' id='word_1_172' title='bbox 2211 884 2332 939; x_wconf 87' lang='lat' dir='ltr'><strong>vico</strong></span> <span class='ocrx_word' id='word_1_173' title='bbox 2359 883 2613 951; x_wconf 64' lang='lat' dir='ltr'><strong>Galilaea,</strong></span> <span class='ocrx_word' id='word_1_174' title='bbox 2642 880 2791 941; x_wconf 85' lang='lat' dir='ltr'><strong>Cana</strong></span> <span class='ocrx_word' id='word_1_175' title='bbox 2818 902 2832 939; x_wconf 92' lang='lat'><strong>:</strong></span> <span class='ocrx_word' id='word_1_176' title='bbox 2862 886 2954 941; x_wconf 90' lang='lat' dir='ltr'><strong>ubi</strong></span> <span class='ocrx_word' id='word_1_177' title='bbox 2983 901 3155 956; x_wconf 86' lang='lat' dir='ltr'><strong>aquas</strong></span> <span class='ocrx_word' id='word_1_178' title='bbox 3180 887 3444 946; x_wconf 88' lang='lat' dir='ltr'><strong>Dominus</strong></span> <span class='ocrx_word' id='word_1_179' title='bbox 3474 895 3710 950; x_wconf 78' lang='lat' dir='ltr'><strong>mutavit</strong></span> 
     </span>
    </p>
   </div>
   <div class='ocr_carea' id='block_1_22' title="bbox 2115 962 3755 1052">
    <p class='ocr_par' dir='ltr' id='par_1_22' title="bbox 2115 962 3755 1052">
     <span class='ocr_line' id='line_1_22' title="bbox 2115 962 3755 1052; baseline 0.008 -26"><span class='ocrx_word' id='word_1_180' title='bbox 2115 971 2169 1026; x_wconf 90' lang='lat' dir='ltr'><strong>in</strong></span> <span class='ocrx_word' id='word_1_181' title='bbox 2200 973 2406 1031; x_wconf 89' lang='lat' dir='ltr'><strong>vinum.</strong></span> <span class='ocrx_word' id='word_1_182' title='bbox 2428 974 2549 1046; x_wconf 84' lang='lat' dir='ltr'><strong>ipse</strong></span> <span class='ocrx_word' id='word_1_183' title='bbox 2568 976 2717 1039; x_wconf 87' lang='lat' dir='ltr'><strong>enim</strong></span> <span class='ocrx_word' id='word_1_184' title='bbox 2736 985 2843 1043; x_wconf 84' lang='lat' dir='ltr'><strong>est,</strong></span> <span class='ocrx_word' id='word_1_185' title='bbox 2868 976 2963 1048; x_wconf 92' lang='lat' dir='ltr'><strong>qui</strong></span> <span class='ocrx_word' id='word_1_186' title='bbox 2989 976 3048 1033; x_wconf 90' lang='lat' dir='ltr'><strong>in</strong></span> <span class='ocrx_word' id='word_1_187' title='bbox 3074 977 3183 1033; x_wconf 91' lang='lat' dir='ltr'><strong>alio</strong></span> <span class='ocrx_word' id='word_1_188' title='bbox 3203 978 3550 1052; x_wconf 84' lang='lat' dir='ltr'><strong>Evangelista</strong></span> <span class='ocrx_word' id='word_1_189' title='bbox 3577 962 3755 1043; x_wconf 15' lang='lat' dir='ltr'><strong>seri-’7</strong></span> 
     </span>
    </p>
   </div>
   <div class='ocr_carea' id='block_1_23' title="bbox 2112 1062 3707 1140">
    <p class='ocr_par' dir='ltr' id='par_1_23' title="bbox 2112 1062 3707 1140">
     <span class='ocr_line' id='line_1_23' title="bbox 2112 1062 3707 1140; baseline 0.006 -22"><span class='ocrx_word' id='word_1_190' title='bbox 2112 1062 2261 1120; x_wconf 89' lang='lat' dir='ltr'><strong>bitur</strong></span> <span class='ocrx_word' id='word_1_191' title='bbox 2311 1064 2530 1122; x_wconf 84' lang='lat' dir='ltr'><strong>zelotes.</strong></span> <span class='ocrx_word' id='word_1_192' title='bbox 2582 1065 2730 1122; x_wconf 89' lang='lat' dir='ltr'><strong>Cana</strong></span> <span class='ocrx_word' id='word_1_193' title='bbox 2776 1068 3005 1139; x_wconf 89' lang='lat' dir='ltr'><strong>quippe,</strong></span> <span class='ocrx_word' id='word_1_194' title='bbox 3055 1067 3229 1136; x_wconf 79' lang='lat' dir='ltr'><strong>zelus,</strong></span> <span class='ocrx_word' id='word_1_195' title='bbox 3274 1070 3707 1140; x_wconf 89' lang='lat' dir='ltr'><strong>interpretatur:</strong></span> 
     </span>
    </p>
   </div>
   <div class='ocr_carea' id='block_1_24' title="bbox 2112 1156 3702 1232">
    <p class='ocr_par' dir='ltr' id='par_1_24' title="bbox 2112 1156 3702 1232">
     <span class='ocr_line' id='line_1_24' title="bbox 2112 1156 3702 1232; baseline 0.004 -23"><span class='ocrx_word' id='word_1_196' title='bbox 2112 1156 2424 1221; x_wconf 86' lang='lat' dir='ltr'><strong>ostendens,</strong></span> <span class='ocrx_word' id='word_1_197' title='bbox 2445 1157 2592 1226; x_wconf 89' lang='lat' dir='ltr'><strong>quod</strong></span> <span class='ocrx_word' id='word_1_198' title='bbox 2621 1158 2872 1228; x_wconf 90' lang='lat' dir='ltr'><strong>quisquis</strong></span> <span class='ocrx_word' id='word_1_199' title='bbox 2898 1159 3303 1227; x_wconf 69' lang='lat' dir='ltr'><strong>praedicationis</strong></span> <span class='ocrx_word' id='word_1_200' title='bbox 3328 1160 3565 1217; x_wconf 78' lang='lat' dir='ltr'><strong>cilicium</strong></span> <span class='ocrx_word' id='word_1_201' title='bbox 3600 1178 3702 1232; x_wconf 89' lang='lat' dir='ltr'><strong>per</strong></span> 
     </span>
    </p>
   </div>
   <div class='ocr_carea' id='block_1_25' title="bbox 2113 1244 3711 1322">
    <p class='ocr_par' dir='ltr' id='par_1_25' title="bbox 2113 1244 3711 1322">
     <span class='ocr_line' id='line_1_25' title="bbox 2113 1244 3711 1322; baseline 0.007 -24"><span class='ocrx_word' id='word_1_202' title='bbox 2113 1244 2574 1314; x_wconf 82' lang='lat' dir='ltr'><strong>dispensationem</strong></span> <span class='ocrx_word' id='word_1_203' title='bbox 2614 1247 2712 1303; x_wconf 88' lang='lat' dir='ltr'><strong>Dei</strong></span> <span class='ocrx_word' id='word_1_204' title='bbox 2758 1250 2988 1322; x_wconf 91' lang='lat' dir='ltr'><strong>accipit,</strong></span> <span class='ocrx_word' id='word_1_205' title='bbox 3033 1250 3211 1309; x_wconf 87' lang='lat' dir='ltr'><strong>zelum</strong></span> <span class='ocrx_word' id='word_1_206' title='bbox 3245 1251 3473 1322; x_wconf 73' lang='lat' dir='ltr'><strong>iustitia:</strong></span> <span class='ocrx_word' id='word_1_207' title='bbox 3506 1253 3711 1309; x_wconf 85' lang='lat' dir='ltr'><strong>habere</strong></span> 
     </span>
    </p>
   </div>
   <div class='ocr_carea' id='block_1_26' title="bbox 2113 1336 3707 1411">
    <p class='ocr_par' dir='ltr' id='par_1_26' title="bbox 2113 1336 3707 1411">
     <span class='ocr_line' id='line_1_26' title="bbox 2113 1336 3707 1411; baseline 0.005 -20"><span class='ocrx_word' id='word_1_208' title='bbox 2113 1336 2312 1393; x_wconf 89' lang='lat' dir='ltr'><strong>debet:</strong></span> <span class='ocrx_word' id='word_1_209' title='bbox 2339 1339 2467 1408; x_wconf 89' lang='lat' dir='ltr'><strong>quia</strong></span> <span class='ocrx_word' id='word_1_210' title='bbox 2494 1356 2645 1394; x_wconf 81' lang='lat' dir='ltr'><strong>nemo</strong></span> <span class='ocrx_word' id='word_1_211' title='bbox 2677 1342 2888 1399; x_wconf 86' lang='lat' dir='ltr'><strong>mittens</strong></span> <span class='ocrx_word' id='word_1_212' title='bbox 2925 1359 3143 1398; x_wconf 86' lang='lat' dir='ltr'><strong>manum</strong></span> <span class='ocrx_word' id='word_1_213' title='bbox 3168 1361 3321 1399; x_wconf 86' lang='lat' dir='ltr'><strong>suam</strong></span> <span class='ocrx_word' id='word_1_214' title='bbox 3347 1346 3407 1400; x_wconf 88' lang='lat' dir='ltr'><strong>in</strong></span> <span class='ocrx_word' id='word_1_215' title='bbox 3442 1354 3707 1411; x_wconf 82' lang='lat' dir='ltr'><strong>aratrum,</strong></span> 
     </span>
    </p>
   </div>
   <div class='ocr_carea' id='block_1_27' title="bbox 2111 1431 3551 1508">
    <p class='ocr_par' dir='ltr' id='par_1_27' title="bbox 2111 1431 3551 1508">
     <span class='ocr_line' id='line_1_27' title="bbox 2111 1431 3551 1508; baseline 0.008 -27"><span class='ocrx_word' id='word_1_216' title='bbox 2111 1440 2160 1482; x_wconf 86' lang='lat' dir='ltr'><strong>et</strong></span> <span class='ocrx_word' id='word_1_217' title='bbox 2184 1431 2466 1498; x_wconf 79' lang='lat' dir='ltr'><strong>respiciens</strong></span> <span class='ocrx_word' id='word_1_218' title='bbox 2490 1441 2653 1498; x_wconf 90' lang='lat' dir='ltr'><strong>retro,</strong></span> <span class='ocrx_word' id='word_1_219' title='bbox 2675 1443 2830 1503; x_wconf 87' lang='lat' dir='ltr'><strong>aptus</strong></span> <span class='ocrx_word' id='word_1_220' title='bbox 2854 1443 2931 1490; x_wconf 90' lang='lat' dir='ltr'><strong>est</strong></span> <span class='ocrx_word' id='word_1_221' title='bbox 2958 1451 3116 1505; x_wconf 86' lang='lat' dir='ltr'><strong>regno</strong></span> <span class='ocrx_word' id='word_1_222' title='bbox 3136 1434 3237 1490; x_wconf 89' lang='lat' dir='ltr'><strong>Dei</strong></span> <span class='ocrx_word' id='word_1_223' title='bbox 3268 1434 3422 1508; x_wconf 84' lang='lat' dir='ltr'><strong>(Luc.</strong></span> <span class='ocrx_word' id='word_1_224' title='bbox 3449 1436 3551 1508; x_wconf 79' lang='lat' dir='ltr'><strong>lx).</strong></span> 
     </span>
    </p>
   </div>
   <div class='ocr_carea' id='block_1_28' title="bbox 2180 1519 3706 1600">
    <p class='ocr_par' dir='ltr' id='par_1_28' title="bbox 2180 1519 3706 1600">
     <span class='ocr_line' id='line_1_28' title="bbox 2180 1519 3706 1600; baseline 0.005 -24"><span class='ocrx_word' id='word_1_225' title='bbox 2180 1519 2349 1579; x_wconf 86' lang='lat' dir='ltr'><strong>Judas</strong></span> <span class='ocrx_word' id='word_1_226' title='bbox 2374 1520 2585 1589; x_wconf 79' lang='lat' dir='ltr'><strong>Jacobi,</strong></span> <span class='ocrx_word' id='word_1_227' title='bbox 2611 1526 2706 1595; x_wconf 93' lang='lat' dir='ltr'><strong>qui</strong></span> <span class='ocrx_word' id='word_1_228' title='bbox 2729 1525 2858 1581; x_wconf 89' lang='lat' dir='ltr'><strong>alibi</strong></span> <span class='ocrx_word' id='word_1_229' title='bbox 2884 1527 3187 1596; x_wconf 89' lang='lat' dir='ltr'><strong>appellatur</strong></span> <span class='ocrx_word' id='word_1_230' title='bbox 3225 1527 3523 1594; x_wconf 71' lang='lat' dir='ltr'><strong>Lebbaaus,</strong></span> <span class='ocrx_word' id='word_1_231' title='bbox 3565 1529 3706 1600; x_wconf 85' lang='lat' dir='ltr'><strong>ﬁgu-</strong></span> 
     </span>
    </p>
   </div>
   <div class='ocr_carea' id='block_1_29' title="bbox 2109 1615 3708 1689">
    <p class='ocr_par' dir='ltr' id='par_1_29' title="bbox 2109 1615 3708 1689">
     <span class='ocr_line' id='line_1_29' title="bbox 2109 1615 3708 1689; baseline 0.006 -24"><span class='ocrx_word' id='word_1_232' title='bbox 2109 1622 2287 1668; x_wconf 87' lang='lat' dir='ltr'><strong>ratum</strong></span> <span class='ocrx_word' id='word_1_233' title='bbox 2321 1628 2517 1671; x_wconf 83' lang='lat' dir='ltr'><strong>nomen</strong></span> <span class='ocrx_word' id='word_1_234' title='bbox 2565 1615 2732 1673; x_wconf 86' lang='lat' dir='ltr'><strong>habet</strong></span> <span class='ocrx_word' id='word_1_235' title='bbox 2764 1633 2795 1672; x_wconf 89' lang='lat' dir='ltr'><strong>a</strong></span> <span class='ocrx_word' id='word_1_236' title='bbox 2835 1618 3037 1674; x_wconf 86' lang='lat' dir='ltr'><strong>corde:</strong></span> <span class='ocrx_word' id='word_1_237' title='bbox 3072 1620 3217 1689; x_wconf 89' lang='lat' dir='ltr'><strong>quod</strong></span> <span class='ocrx_word' id='word_1_238' title='bbox 3244 1636 3345 1677; x_wconf 88' lang='lat' dir='ltr'><strong>nos</strong></span> <span class='ocrx_word' id='word_1_239' title='bbox 3384 1621 3708 1677; x_wconf 81' lang='lat' dir='ltr'><strong>diminutive</strong></span> 
     </span>
    </p>
   </div>
   <div class='ocr_carea' id='block_1_30' title="bbox 2109 1702 3701 1782">
    <p class='ocr_par' dir='ltr' id='par_1_30' title="bbox 2109 1702 3701 1782">
     <span class='ocr_line' id='line_1_30' title="bbox 2109 1702 3701 1782; baseline 0.007 -27"><span class='ocrx_word' id='word_1_240' title='bbox 2109 1702 2379 1759; x_wconf 84' lang='lat' dir='ltr'><strong>corculum</strong></span> <span class='ocrx_word' id='word_1_241' title='bbox 2407 1720 2698 1774; x_wconf 86' lang='lat' dir='ltr'><strong>possumus</strong></span> <span class='ocrx_word' id='word_1_242' title='bbox 2724 1707 3014 1778; x_wconf 86' lang='lat' dir='ltr'><strong>appellare.</strong></span> <span class='ocrx_word' id='word_1_243' title='bbox 3046 1710 3166 1779; x_wconf 89' lang='lat' dir='ltr'><strong>Ipse</strong></span> <span class='ocrx_word' id='word_1_244' title='bbox 3193 1712 3248 1766; x_wconf 92' lang='lat' dir='ltr'><strong>in</strong></span> <span class='ocrx_word' id='word_1_245' title='bbox 3274 1710 3567 1782; x_wconf 81' lang='lat' dir='ltr'><strong>Evangelia</strong></span> <span class='ocrx_word' id='word_1_246' title='bbox 3592 1712 3701 1767; x_wconf 84' lang='lat' dir='ltr'><strong>alio</strong></span> 
     </span>
    </p>
   </div>
   <div class='ocr_carea' id='block_1_31' title="bbox 2112 1792 3704 1871">
    <p class='ocr_par' dir='ltr' id='par_1_31' title="bbox 2112 1792 3704 1871">
     <span class='ocr_line' id='line_1_31' title="bbox 2112 1792 3704 1871; baseline 0.008 -24"><span class='ocrx_word' id='word_1_247' title='bbox 2112 1792 2407 1851; x_wconf 79' lang='lat' dir='ltr'><strong>Thathaeus</strong></span> <span class='ocrx_word' id='word_1_248' title='bbox 2442 1797 2717 1854; x_wconf 86' lang='lat' dir='ltr'><strong>scribitur.</strong></span> <span class='ocrx_word' id='word_1_249' title='bbox 2764 1800 2835 1855; x_wconf 91' lang='lat' dir='ltr'><strong>Et</strong></span> <span class='ocrx_word' id='word_1_250' title='bbox 2872 1802 3011 1857; x_wconf 86' lang='lat' dir='ltr'><strong>bene</strong></span> <span class='ocrx_word' id='word_1_251' title='bbox 3033 1810 3149 1868; x_wconf 91' lang='lat' dir='ltr'><strong>est,</strong></span> <span class='ocrx_word' id='word_1_252' title='bbox 3176 1811 3239 1858; x_wconf 94' lang='lat' dir='ltr'><strong>ut</strong></span> <span class='ocrx_word' id='word_1_253' title='bbox 3260 1800 3416 1871; x_wconf 89' lang='lat' dir='ltr'><strong>cujus</strong></span> <span class='ocrx_word' id='word_1_254' title='bbox 3439 1818 3635 1860; x_wconf 88' lang='lat' dir='ltr'><strong>nomen</strong></span> <span class='ocrx_word' id='word_1_255' title='bbox 3671 1820 3704 1860; x_wconf 89' lang='lat' dir='ltr'><strong>a</strong></span> 
     </span>
    </p>
   </div>
   <div class='ocr_carea' id='block_1_32' title="bbox 414 1878 3701 1959">
    <p class='ocr_par' dir='ltr' id='par_1_32' title="bbox 414 1878 3701 1959">
     <span class='ocr_line' id='line_1_32' title="bbox 414 1878 3701 1959; baseline 0.005 -24"><span class='ocrx_word' id='word_1_256' title='bbox 414 1884 512 1945; x_wconf 85' lang='lat' dir='ltr'><strong>vit,</strong></span> <span class='ocrx_word' id='word_1_257' title='bbox 538 1898 638 1953; x_wconf 89' lang='lat' dir='ltr'><strong>per</strong></span> <span class='ocrx_word' id='word_1_258' title='bbox 659 1882 1081 1952; x_wconf 80' lang='lat' dir='ltr'><strong>quemEcelesia</strong></span> <span class='ocrx_word' id='word_1_259' title='bbox 1111 1883 1354 1956; x_wconf 87' lang='lat' dir='ltr'><strong>gentium</strong></span> <span class='ocrx_word' id='word_1_260' title='bbox 1376 1882 1721 1953; x_wconf 77' lang='lat' dir='ltr'><strong>designatur:</strong></span> <span class='ocrx_word' id='word_1_261' title='bbox 1747 1897 1868 1953; x_wconf 83' lang='lat' dir='ltr'><strong>quae</strong></span> <span class='ocrx_word' id='word_1_262' title='bbox 1896 1891 2005 1937; x_wconf 90' lang='lat' dir='ltr'><strong>sta-</strong></span> <span class='ocrx_word' id='word_1_263' title='bbox 2032 1878 2081 1939; x_wconf 92' lang='lat' dir='ltr'><strong>B</strong></span> <span class='ocrx_word' id='word_1_264' title='bbox 2108 1886 2271 1959; x_wconf 64' lang='lat' dir='ltr'><strong>corde</strong></span> <span class='ocrx_word' id='word_1_265' title='bbox 2294 1885 2578 1958; x_wconf 81' lang='lat' dir='ltr'><strong>ﬁguratur,</strong></span> <span class='ocrx_word' id='word_1_266' title='bbox 2611 1898 2782 1945; x_wconf 89' lang='lat' dir='ltr'><strong>totam</strong></span> <span class='ocrx_word' id='word_1_267' title='bbox 2810 1892 3168 1949; x_wconf 89' lang='lat' dir='ltr'><strong>intentionem</strong></span> <span class='ocrx_word' id='word_1_268' title='bbox 3207 1894 3408 1950; x_wconf 91' lang='lat' dir='ltr'><strong>mentis</strong></span> <span class='ocrx_word' id='word_1_269' title='bbox 3435 1893 3505 1949; x_wconf 89' lang='lat' dir='ltr'><strong>ad</strong></span> <span class='ocrx_word' id='word_1_270' title='bbox 3529 1894 3701 1951; x_wconf 80' lang='lat' dir='ltr'><strong>Deum</strong></span> 
     </span>
    </p>
   </div>
   <div class='ocr_carea' id='block_1_33' title="bbox 416 1976 1998 2041">
    <p class='ocr_par' dir='ltr' id='par_1_33' title="bbox 416 1976 1998 2041">
     <span class='ocr_line' id='line_1_33' title="bbox 416 1976 1998 2041; baseline -0.001 -10"><span class='ocrx_word' id='word_1_271' title='bbox 416 1978 509 2032; x_wconf 92' lang='lat' dir='ltr'><strong>tim</strong></span> <span class='ocrx_word' id='word_1_272' title='bbox 532 1988 593 2031; x_wconf 86' lang='lat' dir='ltr'><strong>ut</strong></span> <span class='ocrx_word' id='word_1_273' title='bbox 618 1978 826 2033; x_wconf 87' lang='lat' dir='ltr'><strong>audivit</strong></span> <span class='ocrx_word' id='word_1_274' title='bbox 850 1979 916 2032; x_wconf 90' lang='lat' dir='ltr'><strong>de</strong></span> <span class='ocrx_word' id='word_1_275' title='bbox 938 1977 1156 2033; x_wconf 87' lang='lat' dir='ltr'><strong>Christo</strong></span> <span class='ocrx_word' id='word_1_276' title='bbox 1174 1976 1478 2033; x_wconf 80' lang='lat' dir='ltr'><strong>mediatorc</strong></span> <span class='ocrx_word' id='word_1_277' title='bbox 1498 1976 1593 2032; x_wconf 81' lang='lat' dir='ltr'><strong>Dei</strong></span> <span class='ocrx_word' id='word_1_278' title='bbox 1617 1988 1675 2031; x_wconf 88' lang='lat' dir='ltr'><strong>et</strong></span> <span class='ocrx_word' id='word_1_279' title='bbox 1698 1976 1998 2041; x_wconf 89' lang='lat' dir='ltr'><strong>hominum,</strong></span> 
     </span>
    </p>
   </div>
   <div class='ocr_carea' id='block_1_34' title="bbox 412 2052 2005 2140">
    <p class='ocr_par' dir='ltr' id='par_1_34' title="bbox 412 2052 2005 2140">
     <span class='ocr_line' id='line_1_34' title="bbox 412 2052 2005 2140; baseline 0 -17"><span class='ocrx_word' id='word_1_280' title='bbox 412 2052 573 2133; x_wconf 87' lang='lat' dir='ltr'><strong>eum,</strong></span> <span class='ocrx_word' id='word_1_281' title='bbox 618 2085 781 2138; x_wconf 87' lang='lat' dir='ltr'><strong>quem</strong></span> <span class='ocrx_word' id='word_1_282' title='bbox 824 2072 1076 2140; x_wconf 84' lang='lat' dir='ltr'><strong>cognovit</strong></span> <span class='ocrx_word' id='word_1_283' title='bbox 1110 2078 1423 2134; x_wconf 91' lang='lat' dir='ltr'><strong>mortuum,</strong></span> <span class='ocrx_word' id='word_1_284' title='bbox 1462 2069 1733 2123; x_wconf 89' lang='lat' dir='ltr'><strong>viventem</strong></span> <span class='ocrx_word' id='word_1_285' title='bbox 1775 2066 2005 2124; x_wconf 89' lang='lat' dir='ltr'><strong>credidit</strong></span> 
     </span>
    </p>
   </div>
   <div class='ocr_carea' id='block_1_35' title="bbox 412 2158 2003 2230">
    <p class='ocr_par' dir='ltr' id='par_1_35' title="bbox 412 2158 2003 2230">
     <span class='ocr_line' id='line_1_35' title="bbox 412 2158 2003 2230; baseline -0.001 -16"><span class='ocrx_word' id='word_1_286' title='bbox 412 2159 604 2215; x_wconf 87' lang='lat' dir='ltr'><strong>Deum.</strong></span> <span class='ocrx_word' id='word_1_287' title='bbox 628 2158 775 2217; x_wconf 85' lang='lat' dir='ltr'><strong>Tunc</strong></span> <span class='ocrx_word' id='word_1_288' title='bbox 804 2177 925 2230; x_wconf 86' lang='lat' dir='ltr'><strong>ergo</strong></span> <span class='ocrx_word' id='word_1_289' title='bbox 952 2161 1185 2215; x_wconf 80' lang='lat' dir='ltr'><strong>introivit</strong></span> <span class='ocrx_word' id='word_1_290' title='bbox 1216 2170 1264 2214; x_wconf 89' lang='lat' dir='ltr'><strong>et</strong></span> <span class='ocrx_word' id='word_1_291' title='bbox 1293 2159 1381 2213; x_wconf 87' lang='lat' dir='ltr'><strong>ille</strong></span> <span class='ocrx_word' id='word_1_292' title='bbox 1402 2159 1540 2214; x_wconf 83' lang='lat' dir='ltr'><strong>alius</strong></span> <span class='ocrx_word' id='word_1_293' title='bbox 1565 2158 1882 2229; x_wconf 76' lang='lat' dir='ltr'><strong>discipulus,</strong></span> <span class='ocrx_word' id='word_1_294' title='bbox 1912 2159 2003 2229; x_wconf 83' lang='lat' dir='ltr'><strong>qui</strong></span> 
     </span>
    </p>
   </div>
   <div class='ocr_carea' id='block_1_36' title="bbox 410 2249 2002 2323">
    <p class='ocr_par' dir='ltr' id='par_1_36' title="bbox 410 2249 2002 2323">
     <span class='ocr_line' id='line_1_36' title="bbox 410 2249 2002 2323; baseline 0.001 -18"><span class='ocrx_word' id='word_1_295' title='bbox 410 2262 622 2311; x_wconf 78' lang='lat' dir='ltr'><strong>venerat</strong></span> <span class='ocrx_word' id='word_1_296' title='bbox 662 2254 810 2322; x_wconf 77' lang='lat' dir='ltr'><strong>prior</strong></span> <span class='ocrx_word' id='word_1_297' title='bbox 850 2253 919 2307; x_wconf 91' lang='lat' dir='ltr'><strong>ad</strong></span> <span class='ocrx_word' id='word_1_298' title='bbox 963 2262 1358 2307; x_wconf 82' lang='lat' dir='ltr'><strong>monumentum</strong></span> <span class='ocrx_word' id='word_1_299' title='bbox 1393 2250 1617 2323; x_wconf 77' lang='lat' dir='ltr'><strong>(Ibid.):</strong></span> <span class='ocrx_word' id='word_1_300' title='bbox 1652 2252 1779 2321; x_wconf 89' lang='lat' dir='ltr'><strong>quia</strong></span> <span class='ocrx_word' id='word_1_301' title='bbox 1809 2251 1863 2307; x_wconf 90' lang='lat' dir='ltr'><strong>in</strong></span> <span class='ocrx_word' id='word_1_302' title='bbox 1894 2249 2002 2307; x_wconf 84' lang='lat' dir='ltr'><strong>ﬁne</strong></span> 
     </span>
    </p>
   </div>
   <div class='ocr_carea' id='block_1_37' title="bbox 410 2344 2001 2415">
    <p class='ocr_par' dir='ltr' id='par_1_37' title="bbox 410 2344 2001 2415">
     <span class='ocr_line' id='line_1_37' title="bbox 410 2344 2001 2415; baseline 0 -17"><span class='ocrx_word' id='word_1_303' title='bbox 410 2345 598 2401; x_wconf 86' lang='lat' dir='ltr'><strong>mundi</strong></span> <span class='ocrx_word' id='word_1_304' title='bbox 638 2347 707 2401; x_wconf 88' lang='lat' dir='ltr'><strong>ad</strong></span> <span class='ocrx_word' id='word_1_305' title='bbox 752 2345 913 2401; x_wconf 82' lang='lat' dir='ltr'><strong>iidem</strong></span> <span class='ocrx_word' id='word_1_306' title='bbox 945 2344 1159 2400; x_wconf 90' lang='lat' dir='ltr'><strong>Domini</strong></span> <span class='ocrx_word' id='word_1_307' title='bbox 1186 2346 1359 2401; x_wconf 87' lang='lat' dir='ltr'><strong>nostri</strong></span> <span class='ocrx_word' id='word_1_308' title='bbox 1389 2346 1552 2399; x_wconf 84' lang='lat' dir='ltr'><strong>etiam</strong></span> <span class='ocrx_word' id='word_1_309' title='bbox 1581 2344 1764 2400; x_wconf 80' lang='lat' dir='ltr'><strong>Judaea</strong></span> <span class='ocrx_word' id='word_1_310' title='bbox 1795 2344 2001 2415; x_wconf 87' lang='lat' dir='ltr'><strong>colligi-</strong></span> 
     </span>
    </p>
   </div>
   <div class='ocr_carea' id='block_1_38' title="bbox 302 2432 1999 2505">
    <p class='ocr_par' dir='ltr' id='par_1_38' title="bbox 302 2432 1999 2505">
     <span class='ocr_line' id='line_1_38' title="bbox 302 2432 1999 2505; baseline 0.001 -17"><span class='ocrx_word' id='word_1_311' title='bbox 302 2432 308 2441; x_wconf 78' lang='grc'><em>”</em></span> <span class='ocrx_word' id='word_1_312' title='bbox 413 2443 525 2499; x_wconf 84' lang='lat' dir='ltr'><strong>tur,</strong></span> <span class='ocrx_word' id='word_1_313' title='bbox 540 2434 705 2489; x_wconf 87' lang='lat' dir='ltr'><strong>Paulo</strong></span> <span class='ocrx_word' id='word_1_314' title='bbox 730 2442 1045 2499; x_wconf 83' lang='lat' dir='ltr'><strong>attestante,</strong></span> <span class='ocrx_word' id='word_1_315' title='bbox 1063 2436 1154 2505; x_wconf 91' lang='lat' dir='ltr'><strong>qui</strong></span> <span class='ocrx_word' id='word_1_316' title='bbox 1169 2435 1275 2491; x_wconf 86' lang='lat' dir='ltr'><strong>ait:</strong></span> <span class='ocrx_word' id='word_1_317' title='bbox 1294 2434 1470 2491; x_wconf 87' lang='lat' dir='ltr'><strong>Donec</strong></span> <span class='ocrx_word' id='word_1_318' title='bbox 1484 2433 1752 2505; x_wconf 84' lang='lat' dir='ltr'><strong>plenitudo</strong></span> <span class='ocrx_word' id='word_1_319' title='bbox 1768 2436 1999 2505; x_wconf 78' lang='lat' dir='ltr'><strong>gentium</strong></span> 
     </span>
    </p>
   </div>
   <div class='ocr_carea' id='block_1_39' title="bbox 409 2526 1997 2599">
    <p class='ocr_par' dir='ltr' id='par_1_39' title="bbox 409 2526 1997 2599">
     <span class='ocr_line' id='line_1_39' title="bbox 409 2526 1997 2599; baseline 0.001 -18"><span class='ocrx_word' id='word_1_320' title='bbox 409 2526 720 2599; x_wconf 76' lang='lat' dir='ltr'><strong>intraverit,</strong></span> <span class='ocrx_word' id='word_1_321' title='bbox 757 2538 881 2582; x_wconf 86' lang='lat' dir='ltr'><strong>tunc</strong></span> <span class='ocrx_word' id='word_1_322' title='bbox 910 2530 1079 2583; x_wconf 86' lang='lat' dir='ltr'><strong>omnis</strong></span> <span class='ocrx_word' id='word_1_323' title='bbox 1122 2527 1297 2583; x_wconf 82' lang='lat' dir='ltr'><strong>Israel</strong></span> <span class='ocrx_word' id='word_1_324' title='bbox 1333 2528 1509 2583; x_wconf 79' lang='lat' dir='ltr'><strong>salvus</strong></span> <span class='ocrx_word' id='word_1_325' title='bbox 1557 2530 1655 2582; x_wconf 88' lang='lat' dir='ltr'><strong>erit</strong></span> <span class='ocrx_word' id='word_1_326' title='bbox 1682 2526 1861 2599; x_wconf 80' lang='lat' dir='ltr'><strong>(Rom.</strong></span> <span class='ocrx_word' id='word_1_327' title='bbox 1895 2528 1997 2599; x_wconf 72' lang='grc' dir='ltr'><strong>ιι).</strong></span> 
     </span>
    </p>
   </div>
   <div class='ocr_carea' id='block_1_40' title="bbox 479 2616 1999 2691">
    <p class='ocr_par' dir='ltr' id='par_1_40' title="bbox 479 2616 1999 2691">
     <span class='ocr_line' id='line_1_40' title="bbox 479 2616 1999 2691; baseline 0.001 -16"><span class='ocrx_word' id='word_1_328' title='bbox 479 2616 712 2675; x_wconf 83' lang='lat' dir='ltr'><strong>Jacobus</strong></span> <span class='ocrx_word' id='word_1_329' title='bbox 739 2620 983 2675; x_wconf 67' lang='lat' dir='ltr'><strong>Zebcdazi</strong></span> <span class='ocrx_word' id='word_1_330' title='bbox 1012 2637 1043 2676; x_wconf 91' lang='lat' dir='ltr'><strong>a</strong></span> <span class='ocrx_word' id='word_1_331' title='bbox 1072 2629 1231 2690; x_wconf 85' lang='lat' dir='ltr'><strong>patre</strong></span> <span class='ocrx_word' id='word_1_332' title='bbox 1258 2622 1699 2690; x_wconf 78' lang='lat' dir='ltr'><strong>cognominatur,</strong></span> <span class='ocrx_word' id='word_1_333' title='bbox 1723 2637 1882 2691; x_wconf 90' lang='lat' dir='ltr'><strong>quem</strong></span> <span class='ocrx_word' id='word_1_334' title='bbox 1912 2637 1999 2677; x_wconf 90' lang='lat' dir='ltr'><strong>re-</strong></span> 
     </span>
    </p>
   </div>
   <div class='ocr_carea' id='block_1_41' title="bbox 408 2708 1997 2784">
    <p class='ocr_par' dir='ltr' id='par_1_41' title="bbox 408 2708 1997 2784">
     <span class='ocr_line' id='line_1_41' title="bbox 408 2708 1997 2784; baseline 0.004 -20"><span class='ocrx_word' id='word_1_335' title='bbox 408 2708 660 2781; x_wconf 88' lang='lat' dir='ltr'><strong>linquens</strong></span> <span class='ocrx_word' id='word_1_336' title='bbox 687 2728 812 2767; x_wconf 91' lang='lat' dir='ltr'><strong>cum</strong></span> <span class='ocrx_word' id='word_1_337' title='bbox 840 2712 1051 2771; x_wconf 89' lang='lat' dir='ltr'><strong>Joanne</strong></span> <span class='ocrx_word' id='word_1_338' title='bbox 1080 2728 1270 2769; x_wconf 88' lang='lat' dir='ltr'><strong>verum</strong></span> <span class='ocrx_word' id='word_1_339' title='bbox 1315 2721 1524 2784; x_wconf 88' lang='lat' dir='ltr'><strong>patrem</strong></span> <span class='ocrx_word' id='word_1_340' title='bbox 1554 2723 1775 2773; x_wconf 85' lang='lat' dir='ltr'><strong>secutus</strong></span> <span class='ocrx_word' id='word_1_341' title='bbox 1802 2723 1902 2770; x_wconf 87' lang='lat' dir='ltr'><strong>est.</strong></span> <span class='ocrx_word' id='word_1_342' title='bbox 1930 2713 1997 2771; x_wconf 82' lang='lat' dir='ltr'><strong>Hi</strong></span> 
     </span>
    </p>
   </div>
   <div class='ocr_carea' id='block_1_42' title="bbox 410 2800 1996 2875">
    <p class='ocr_par' dir='ltr' id='par_1_42' title="bbox 410 2800 1996 2875">
     <span class='ocr_line' id='line_1_42' title="bbox 410 2800 1996 2875; baseline 0.002 -19"><span class='ocrx_word' id='word_1_343' title='bbox 410 2809 540 2875; x_wconf 79' lang='lat' dir='ltr'><strong>sunt</strong></span> <span class='ocrx_word' id='word_1_344' title='bbox 567 2800 664 2859; x_wconf 82' lang='lat' dir='ltr'><strong>lilii</strong></span> <span class='ocrx_word' id='word_1_345' title='bbox 694 2802 939 2863; x_wconf 86' lang='lat' dir='ltr'><strong>tonitrui,</strong></span> <span class='ocrx_word' id='word_1_346' title='bbox 965 2802 1056 2872; x_wconf 91' lang='lat' dir='ltr'><strong>qui</strong></span> <span class='ocrx_word' id='word_1_347' title='bbox 1085 2803 1253 2858; x_wconf 88' lang='lat' dir='ltr'><strong>etiam</strong></span> <span class='ocrx_word' id='word_1_348' title='bbox 1286 2802 1593 2873; x_wconf 88' lang='lat' dir='ltr'><strong>Boanerges</strong></span> <span class='ocrx_word' id='word_1_349' title='bbox 1633 2818 1697 2858; x_wconf 77' lang='lat' dir='ltr'><strong>ex</strong></span> <span class='ocrx_word' id='word_1_350' title='bbox 1739 2802 1996 2859; x_wconf 81' lang='lat' dir='ltr'><strong>ﬁrmitate</strong></span> 
     </span>
    </p>
   </div>
   <div class='ocr_carea' id='block_1_43' title="bbox 408 2892 1994 2961">
    <p class='ocr_par' dir='ltr' id='par_1_43' title="bbox 408 2892 1994 2961">
     <span class='ocr_line' id='line_1_43' title="bbox 408 2892 1994 2961; baseline 0.004 -16"><span class='ocrx_word' id='word_1_351' title='bbox 408 2901 463 2945; x_wconf 89' lang='lat' dir='ltr'><strong>et</strong></span> <span class='ocrx_word' id='word_1_352' title='bbox 488 2893 859 2961; x_wconf 79' lang='lat' dir='ltr'><strong>magnitudine</strong></span> <span class='ocrx_word' id='word_1_353' title='bbox 883 2893 1004 2949; x_wconf 80' lang='lat' dir='ltr'><strong>fidei</strong></span> <span class='ocrx_word' id='word_1_354' title='bbox 1028 2894 1294 2949; x_wconf 83' lang='lat' dir='ltr'><strong>nominati</strong></span> <span class='ocrx_word' id='word_1_355' title='bbox 1320 2905 1469 2949; x_wconf 89' lang='lat' dir='ltr'><strong>sunt.</strong></span> <span class='ocrx_word' id='word_1_356' title='bbox 1502 2893 1601 2949; x_wconf 83' lang='lat' dir='ltr'><strong>Hic</strong></span> <span class='ocrx_word' id='word_1_357' title='bbox 1622 2902 1707 2950; x_wconf 87' lang='lat' dir='ltr'><strong>est</strong></span> <span class='ocrx_word' id='word_1_358' title='bbox 1726 2892 1994 2960; x_wconf 83' lang='lat' dir='ltr'><strong>Jacobus,</strong></span> 
     </span>
    </p>
   </div>
   <div class='ocr_carea' id='block_1_44' title="bbox 411 2980 1995 3055">
    <p class='ocr_par' dir='ltr' id='par_1_44' title="bbox 411 2980 1995 3055">
     <span class='ocr_line' id='line_1_44' title="bbox 411 2980 1995 3055; baseline 0.006 -23"><span class='ocrx_word' id='word_1_359' title='bbox 411 2980 552 3045; x_wconf 76' lang='lat' dir='ltr'><strong>ﬁlius</strong></span> <span class='ocrx_word' id='word_1_360' title='bbox 580 2981 847 3043; x_wconf 66' lang='lat' dir='ltr'><strong>Zchedazi,</strong></span> <span class='ocrx_word' id='word_1_361' title='bbox 880 2982 1048 3039; x_wconf 80' lang='lat' dir='ltr'><strong>frater</strong></span> <span class='ocrx_word' id='word_1_362' title='bbox 1070 2983 1315 3051; x_wconf 85' lang='lat' dir='ltr'><strong>Joannis,</strong></span> <span class='ocrx_word' id='word_1_363' title='bbox 1345 2983 1439 3055; x_wconf 88' lang='lat' dir='ltr'><strong>qui</strong></span> <span class='ocrx_word' id='word_1_364' title='bbox 1469 2991 1592 3053; x_wconf 88' lang='lat' dir='ltr'><strong>post</strong></span> <span class='ocrx_word' id='word_1_365' title='bbox 1622 2985 1995 3045; x_wconf 80' lang='lat' dir='ltr'><strong>ascensionem</strong></span> 
     </span>
    </p>
   </div>
   <div class='ocr_carea' id='block_1_45' title="bbox 408 3071 1629 3139">
    <p class='ocr_par' dir='ltr' id='par_1_45' title="bbox 408 3071 1629 3139">
     <span class='ocr_line' id='line_1_45' title="bbox 408 3071 1629 3139; baseline 0.006 -16"><span class='ocrx_word' id='word_1_366' title='bbox 408 3071 622 3139; x_wconf 74' lang='lat' dir='ltr'><strong>Domini</strong></span> <span class='ocrx_word' id='word_1_367' title='bbox 648 3072 719 3129; x_wconf 85' lang='lat' dir='ltr'><strong>ab</strong></span> <span class='ocrx_word' id='word_1_368' title='bbox 748 3072 961 3130; x_wconf 86' lang='lat' dir='ltr'><strong>Herode</strong></span> <span class='ocrx_word' id='word_1_369' title='bbox 987 3074 1367 3131; x_wconf 81' lang='lat' dir='ltr'><strong>manifestatur</strong></span> <span class='ocrx_word' id='word_1_370' title='bbox 1395 3074 1629 3135; x_wconf 77' lang='lat' dir='ltr'><strong>occisus.</strong></span> 
     </span>
    </p>
   </div>
   <div class='ocr_carea' id='block_1_46' title="bbox 480 3167 1994 3241">
    <p class='ocr_par' dir='ltr' id='par_1_46' title="bbox 480 3167 1994 3241">
     <span class='ocr_line' id='line_1_46' title="bbox 480 3167 1994 3241; baseline 0.002 -19"><span class='ocrx_word' id='word_1_371' title='bbox 480 3167 712 3225; x_wconf 80' lang='lat' dir='ltr'><strong>lacubus</strong></span> <span class='ocrx_word' id='word_1_372' title='bbox 732 3169 938 3239; x_wconf 69' lang='lat' dir='ltr'><strong>Alphrei</strong></span> <span class='ocrx_word' id='word_1_373' title='bbox 966 3171 1039 3225; x_wconf 88' lang='lat' dir='ltr'><strong>ob</strong></span> <span class='ocrx_word' id='word_1_374' title='bbox 1064 3170 1469 3226; x_wconf 85' lang='lat' dir='ltr'><strong>distinctionem</strong></span> <span class='ocrx_word' id='word_1_375' title='bbox 1494 3170 1691 3240; x_wconf 88' lang='lat' dir='ltr'><strong>prioris</strong></span> <span class='ocrx_word' id='word_1_376' title='bbox 1715 3170 1994 3241; x_wconf 87' lang='lat' dir='ltr'><strong>cognomi-</strong></span> 
     </span>
    </p>
   </div>
   <div class='ocr_carea' id='block_1_47' title="bbox 2104 1979 3703 2055">
    <p class='ocr_par' dir='ltr' id='par_1_47' title="bbox 2104 1979 3703 2055">
     <span class='ocr_line' id='line_1_47' title="bbox 2104 1979 3703 2055; baseline 0.009 -25"><span class='ocrx_word' id='word_1_377' title='bbox 2104 1984 2303 2043; x_wconf 86' lang='lat' dir='ltr'><strong>vertat,</strong></span> <span class='ocrx_word' id='word_1_378' title='bbox 2333 1986 2394 2033; x_wconf 90' lang='lat' dir='ltr'><strong>ut</strong></span> <span class='ocrx_word' id='word_1_379' title='bbox 2422 1979 2474 2034; x_wconf 91' lang='lat' dir='ltr'><strong>ei</strong></span> <span class='ocrx_word' id='word_1_380' title='bbox 2505 1995 2603 2050; x_wconf 90' lang='lat' dir='ltr'><strong>per</strong></span> <span class='ocrx_word' id='word_1_381' title='bbox 2630 1983 2816 2038; x_wconf 87' lang='lat' dir='ltr'><strong>omnia</strong></span> <span class='ocrx_word' id='word_1_382' title='bbox 2842 1982 3077 2053; x_wconf 88' lang='lat' dir='ltr'><strong>placeat,</strong></span> <span class='ocrx_word' id='word_1_383' title='bbox 3103 1983 3259 2055; x_wconf 83' lang='lat' dir='ltr'><strong>cujus</strong></span> <span class='ocrx_word' id='word_1_384' title='bbox 3296 1986 3611 2044; x_wconf 90' lang='lat' dir='ltr'><strong>ministrum</strong></span> <span class='ocrx_word' id='word_1_385' title='bbox 3641 2004 3703 2045; x_wconf 88' lang='lat' dir='ltr'><strong>se</strong></span> 
     </span>
    </p>
   </div>
   <div class='ocr_carea' id='block_1_48' title="bbox 2103 2071 2524 2140">
    <p class='ocr_par' dir='ltr' id='par_1_48' title="bbox 2103 2071 2524 2140">
     <span class='ocr_line' id='line_1_48' title="bbox 2103 2071 2524 2140; baseline 0.014 -17"><span class='ocrx_word' id='word_1_386' title='bbox 2103 2083 2225 2125; x_wconf 87' lang='lat' dir='ltr'><strong>esse</strong></span> <span class='ocrx_word' id='word_1_387' title='bbox 2253 2071 2524 2140; x_wconf 89' lang='lat' dir='ltr'><strong>probavit.</strong></span> 
     </span>
    </p>
   </div>
   <div class='ocr_carea' id='block_1_49' title="bbox 2172 2160 3697 2244">
    <p class='ocr_par' dir='ltr' id='par_1_49' title="bbox 2172 2160 3697 2244">
     <span class='ocr_line' id='line_1_49' title="bbox 2172 2160 3697 2244; baseline 0.012 -29"><span class='ocrx_word' id='word_1_388' title='bbox 2172 2160 2342 2220; x_wconf 88' lang='lat' dir='ltr'><strong>Judas</strong></span> <span class='ocrx_word' id='word_1_389' title='bbox 2362 2163 2671 2225; x_wconf 89' lang='lat' dir='ltr'><strong>Scariothis</strong></span> <span class='ocrx_word' id='word_1_390' title='bbox 2692 2186 2723 2225; x_wconf 90' lang='lat' dir='ltr'><strong>a</strong></span> <span class='ocrx_word' id='word_1_391' title='bbox 2748 2172 2902 2238; x_wconf 87' lang='lat' dir='ltr'><strong>vico,</strong></span> <span class='ocrx_word' id='word_1_392' title='bbox 2932 2173 2989 2229; x_wconf 91' lang='lat' dir='ltr'><strong>in</strong></span> <span class='ocrx_word' id='word_1_393' title='bbox 3013 2188 3122 2244; x_wconf 87' lang='lat' dir='ltr'><strong>quo</strong></span> <span class='ocrx_word' id='word_1_394' title='bbox 3150 2182 3305 2231; x_wconf 86' lang='lat' dir='ltr'><strong>ortus</strong></span> <span class='ocrx_word' id='word_1_395' title='bbox 3345 2184 3434 2232; x_wconf 89' lang='lat' dir='ltr'><strong>est</strong></span> <span class='ocrx_word' id='word_1_396' title='bbox 3457 2190 3474 2231; x_wconf 93' lang='lat'><strong>:</strong></span> <span class='ocrx_word' id='word_1_397' title='bbox 3501 2175 3587 2232; x_wconf 89' lang='lat' dir='ltr'><strong>vel</strong></span> <span class='ocrx_word' id='word_1_398' title='bbox 3628 2192 3697 2233; x_wconf 78' lang='lat' dir='ltr'><strong>ex</strong></span> 
     </span>
    </p>
   </div>
   <div class='ocr_carea' id='block_1_50' title="bbox 2100 2252 3696 2341">
    <p class='ocr_par' dir='ltr' id='par_1_50' title="bbox 2100 2252 3696 2341">
     <span class='ocr_line' id='line_1_50' title="bbox 2100 2252 3696 2341; baseline 0.013 -35"><span class='ocrx_word' id='word_1_399' title='bbox 2100 2252 2243 2309; x_wconf 87' lang='lat' dir='ltr'><strong>tribu</strong></span> <span class='ocrx_word' id='word_1_400' title='bbox 2267 2255 2489 2312; x_wconf 88' lang='lat' dir='ltr'><strong>lsachar</strong></span> <span class='ocrx_word' id='word_1_401' title='bbox 2515 2261 2837 2317; x_wconf 86' lang='lat' dir='ltr'><strong>vocabulum</strong></span> <span class='ocrx_word' id='word_1_402' title='bbox 2876 2266 3109 2335; x_wconf 90' lang='lat' dir='ltr'><strong>sumpsit</strong></span> <span class='ocrx_word' id='word_1_403' title='bbox 3149 2266 3383 2336; x_wconf 90' lang='lat' dir='ltr'><strong>quodam</strong></span> <span class='ocrx_word' id='word_1_404' title='bbox 3428 2274 3696 2341; x_wconf 71' lang='lat' dir='ltr'><strong>prmsagio</strong></span> 
     </span>
    </p>
   </div>
   <div class='ocr_carea' id='block_1_51' title="bbox 2102 2342 3694 2417">
    <p class='ocr_par' dir='ltr' id='par_1_51' title="bbox 2102 2342 3694 2417">
     <span class='ocr_line' id='line_1_51' title="bbox 2102 2342 3694 2417; baseline 0.013 -20"><span class='ocrx_word' id='word_1_405' title='bbox 2102 2342 2267 2401; x_wconf 80' lang='lat' dir='ltr'><strong>futuri</strong></span> <span class='ocrx_word' id='word_1_406' title='bbox 2306 2347 2358 2401; x_wconf 89' lang='lat' dir='ltr'><strong>in</strong></span> <span class='ocrx_word' id='word_1_407' title='bbox 2391 2350 2897 2409; x_wconf 87' lang='lat' dir='ltr'><strong>condemnationem</strong></span> <span class='ocrx_word' id='word_1_408' title='bbox 2926 2355 3032 2410; x_wconf 91' lang='lat' dir='ltr'><strong>sui.</strong></span> <span class='ocrx_word' id='word_1_409' title='bbox 3067 2355 3287 2413; x_wconf 86' lang='lat' dir='ltr'><strong>Isachar</strong></span> <span class='ocrx_word' id='word_1_410' title='bbox 3328 2359 3474 2415; x_wconf 87' lang='lat' dir='ltr'><strong>enim</strong></span> <span class='ocrx_word' id='word_1_411' title='bbox 3520 2361 3694 2417; x_wconf 90' lang='lat' dir='ltr'><strong>inter-</strong></span> 
     </span>
    </p>
   </div>
   <div class='ocr_carea' id='block_1_52' title="bbox 2099 2444 3694 2523">
    <p class='ocr_par' dir='ltr' id='par_1_52' title="bbox 2099 2444 3694 2523">
     <span class='ocr_line' id='line_1_52' title="bbox 2099 2444 3694 2523; baseline 0.013 -33"><span class='ocrx_word' id='word_1_412' title='bbox 2099 2444 2349 2504; x_wconf 83' lang='lat' dir='ltr'><strong>pretatur</strong></span> <span class='ocrx_word' id='word_1_413' title='bbox 2382 2457 2579 2497; x_wconf 84' lang='lat' dir='ltr'><strong>merces</strong></span> <span class='ocrx_word' id='word_1_414' title='bbox 2613 2455 2633 2496; x_wconf 89' lang='lat'><strong>:</strong></span> <span class='ocrx_word' id='word_1_415' title='bbox 2659 2452 2720 2500; x_wconf 94' lang='lat' dir='ltr'><strong>ut</strong></span> <span class='ocrx_word' id='word_1_416' title='bbox 2751 2446 3156 2517; x_wconf 72' lang='lat' dir='ltr'><strong>significaretur</strong></span> <span class='ocrx_word' id='word_1_417' title='bbox 3186 2451 3422 2521; x_wconf 88' lang='lat' dir='ltr'><strong>pretium</strong></span> <span class='ocrx_word' id='word_1_418' title='bbox 3447 2453 3694 2523; x_wconf 84' lang='lat' dir='ltr'><strong>prodito-</strong></span> 
     </span>
    </p>
   </div>
   <div class='ocr_carea' id='block_1_53' title="bbox 2100 2526 3696 2611">
    <p class='ocr_par' dir='ltr' id='par_1_53' title="bbox 2100 2526 3696 2611">
     <span class='ocr_line' id='line_1_53' title="bbox 2100 2526 3696 2611; baseline 0.012 -31"><span class='ocrx_word' id='word_1_419' title='bbox 2100 2526 2201 2591; x_wconf 90' lang='lat' dir='ltr'><strong>ris,</strong></span> <span class='ocrx_word' id='word_1_420' title='bbox 2225 2544 2335 2597; x_wconf 89' lang='lat' dir='ltr'><strong>quo</strong></span> <span class='ocrx_word' id='word_1_421' title='bbox 2361 2532 2601 2589; x_wconf 88' lang='lat' dir='ltr'><strong>vendidit</strong></span> <span class='ocrx_word' id='word_1_422' title='bbox 2623 2534 2913 2591; x_wconf 90' lang='lat' dir='ltr'><strong>Dominum</strong></span> <span class='ocrx_word' id='word_1_423' title='bbox 2940 2556 2953 2592; x_wconf 92' lang='lat'><strong>:</strong></span> <span class='ocrx_word' id='word_1_424' title='bbox 2984 2539 3125 2594; x_wconf 90' lang='lat' dir='ltr'><strong>sicut</strong></span> <span class='ocrx_word' id='word_1_425' title='bbox 3161 2541 3424 2611; x_wconf 90' lang='lat' dir='ltr'><strong>scriptum</strong></span> <span class='ocrx_word' id='word_1_426' title='bbox 3460 2554 3564 2599; x_wconf 86' lang='lat' dir='ltr'><strong>est.</strong></span> <span class='ocrx_word' id='word_1_427' title='bbox 3593 2544 3696 2599; x_wconf 82' lang='lat' dir='ltr'><strong>Ac-</strong></span> 
     </span>
    </p>
   </div>
   <div class='ocr_carea' id='block_1_54' title="bbox 2098 2624 3693 2703">
    <p class='ocr_par' dir='ltr' id='par_1_54' title="bbox 2098 2624 3693 2703">
     <span class='ocr_line' id='line_1_54' title="bbox 2098 2624 3693 2703; baseline 0.009 -30"><span class='ocrx_word' id='word_1_428' title='bbox 2098 2632 2341 2689; x_wconf 83' lang='lat' dir='ltr'><strong>ceperunt</strong></span> <span class='ocrx_word' id='word_1_429' title='bbox 2361 2624 2651 2680; x_wconf 84' lang='lat' dir='ltr'><strong>mercedem</strong></span> <span class='ocrx_word' id='word_1_430' title='bbox 2670 2643 2863 2692; x_wconf 82' lang='lat' dir='ltr'><strong>mcam,</strong></span> <span class='ocrx_word' id='word_1_431' title='bbox 2887 2630 3103 2699; x_wconf 74' lang='lat' dir='ltr'><strong>triginta</strong></span> <span class='ocrx_word' id='word_1_432' title='bbox 3126 2642 3422 2702; x_wconf 87' lang='lat' dir='ltr'><strong>argenteos,</strong></span> <span class='ocrx_word' id='word_1_433' title='bbox 3444 2635 3693 2703; x_wconf 87' lang='lat' dir='ltr'><strong>pretium,</strong></span> 
     </span>
    </p>
   </div>
   <div class='ocr_carea' id='block_1_55' title="bbox 2097 2710 3694 2793">
    <p class='ocr_par' dir='ltr' id='par_1_55' title="bbox 2097 2710 3694 2793">
     <span class='ocr_line' id='line_1_55' title="bbox 2097 2710 3694 2793; baseline 0.011 -31"><span class='ocrx_word' id='word_1_434' title='bbox 2097 2710 2238 2779; x_wconf 81' lang='lat' dir='ltr'><strong>quod</strong></span> <span class='ocrx_word' id='word_1_435' title='bbox 2267 2714 2589 2781; x_wconf 81' lang='lat' dir='ltr'><strong>appretiatus</strong></span> <span class='ocrx_word' id='word_1_436' title='bbox 2614 2731 2732 2770; x_wconf 81' lang='lat' dir='ltr'><strong>sum</strong></span> <span class='ocrx_word' id='word_1_437' title='bbox 2760 2718 2825 2771; x_wconf 85' lang='lat' dir='ltr'><strong>ab</strong></span> <span class='ocrx_word' id='word_1_438' title='bbox 2848 2720 2923 2773; x_wconf 88' lang='lat' dir='ltr'><strong>eis</strong></span> <span class='ocrx_word' id='word_1_439' title='bbox 2954 2717 3142 2790; x_wconf 83' lang='lat' dir='ltr'><strong>(Zach.</strong></span> <span class='ocrx_word' id='word_1_440' title='bbox 3168 2720 3272 2793; x_wconf 75' lang='grc' dir='ltr'><strong>ιι),</strong></span> <span class='ocrx_word' id='word_1_441' title='bbox 3297 2722 3422 2793; x_wconf 87' lang='lat' dir='ltr'><strong>quia</strong></span> <span class='ocrx_word' id='word_1_442' title='bbox 3444 2738 3541 2792; x_wconf 90' lang='lat' dir='ltr'><strong>per</strong></span> <span class='ocrx_word' id='word_1_443' title='bbox 3568 2738 3694 2792; x_wconf 88' lang='lat' dir='ltr'><strong>pro—</strong></span> 
     </span>
    </p>
   </div>
   <div class='ocr_carea' id='block_1_56' title="bbox 2099 2800 3691 2880">
    <p class='ocr_par' dir='ltr' id='par_1_56' title="bbox 2099 2800 3691 2880">
     <span class='ocr_line' id='line_1_56' title="bbox 2099 2800 3691 2880; baseline 0.009 -26"><span class='ocrx_word' id='word_1_444' title='bbox 2099 2800 2356 2861; x_wconf 89' lang='lat' dir='ltr'><strong>ditionem</strong></span> <span class='ocrx_word' id='word_1_445' title='bbox 2385 2805 2631 2876; x_wconf 87' lang='lat' dir='ltr'><strong>magistri</strong></span> <span class='ocrx_word' id='word_1_446' title='bbox 2651 2815 2867 2863; x_wconf 67' lang='lat' dir='ltr'><strong>aaternae</strong></span> <span class='ocrx_word' id='word_1_447' title='bbox 2890 2810 3213 2880; x_wconf 90' lang='lat' dir='ltr'><strong>perditionis</strong></span> <span class='ocrx_word' id='word_1_448' title='bbox 3236 2812 3342 2869; x_wconf 86' lang='lat' dir='ltr'><strong>sibi</strong></span> <span class='ocrx_word' id='word_1_449' title='bbox 3370 2814 3691 2869; x_wconf 87' lang='lat' dir='ltr'><strong>memoriam</strong></span> 
     </span>
    </p>
   </div>
   <div class='ocr_carea' id='block_1_57' title="bbox 2098 2891 2315 2950">
    <p class='ocr_par' dir='ltr' id='par_1_57' title="bbox 2098 2891 2315 2950">
     <span class='ocr_line' id='line_1_57' title="bbox 2098 2891 2315 2950; baseline 0.009 -6"><span class='ocrx_word' id='word_1_450' title='bbox 2098 2891 2315 2950; x_wconf 77' lang='lat' dir='ltr'><strong>ascivit.</strong></span> 
     </span>
    </p>
   </div>
   <div class='ocr_carea' id='block_1_58' title="bbox 2172 2981 3693 3062">
    <p class='ocr_par' dir='ltr' id='par_1_58' title="bbox 2172 2981 3693 3062">
     <span class='ocr_line' id='line_1_58' title="bbox 2172 2981 3693 3062; baseline 0.007 -25"><span class='ocrx_word' id='word_1_451' title='bbox 2172 2981 2450 3051; x_wconf 75' lang='lat' dir='ltr'><strong>Matthiae,</strong></span> <span class='ocrx_word' id='word_1_452' title='bbox 2470 2988 2565 3057; x_wconf 88' lang='lat' dir='ltr'><strong>qui</strong></span> <span class='ocrx_word' id='word_1_453' title='bbox 2588 2986 2735 3044; x_wconf 89' lang='lat' dir='ltr'><strong>inter</strong></span> <span class='ocrx_word' id='word_1_454' title='bbox 2761 2989 3035 3060; x_wconf 83' lang='lat' dir='ltr'><strong>apostolos</strong></span> <span class='ocrx_word' id='word_1_455' title='bbox 3055 2991 3174 3046; x_wconf 88' lang='lat' dir='ltr'><strong>sine</strong></span> <span class='ocrx_word' id='word_1_456' title='bbox 3198 2991 3521 3062; x_wconf 90' lang='lat' dir='ltr'><strong>cognomine</strong></span> <span class='ocrx_word' id='word_1_457' title='bbox 3546 2991 3693 3047; x_wconf 89' lang='lat' dir='ltr'><strong>solus</strong></span> 
     </span>
    </p>
   </div>
   <div class='ocr_carea' id='block_1_59' title="bbox 2099 3073 3691 3152">
    <p class='ocr_par' dir='ltr' id='par_1_59' title="bbox 2099 3073 3691 3152">
     <span class='ocr_line' id='line_1_59' title="bbox 2099 3073 3691 3152; baseline 0.004 -24"><span class='ocrx_word' id='word_1_458' title='bbox 2099 3073 2351 3139; x_wconf 88' lang='lat' dir='ltr'><strong>habetur,</strong></span> <span class='ocrx_word' id='word_1_459' title='bbox 2384 3077 2777 3147; x_wconf 86' lang='lat' dir='ltr'><strong>interpretatur</strong></span> <span class='ocrx_word' id='word_1_460' title='bbox 2803 3080 3063 3147; x_wconf 86' lang='lat' dir='ltr'><strong>donatus,</strong></span> <span class='ocrx_word' id='word_1_461' title='bbox 3102 3089 3163 3136; x_wconf 91' lang='lat' dir='ltr'><strong>ut</strong></span> <span class='ocrx_word' id='word_1_462' title='bbox 3188 3080 3563 3145; x_wconf 85' lang='lat' dir='ltr'><strong>subaudiatur,</strong></span> <span class='ocrx_word' id='word_1_463' title='bbox 3597 3099 3691 3152; x_wconf 87' lang='lat' dir='ltr'><strong>pro</strong></span> 
     </span>
    </p>
   </div>
   <div class='ocr_carea' id='block_1_60' title="bbox 2096 3164 3695 3245">
    <p class='ocr_par' dir='ltr' id='par_1_60' title="bbox 2096 3164 3695 3245">
     <span class='ocr_line' id='line_1_60' title="bbox 2096 3164 3695 3245; baseline 0.004 -25"><span class='ocrx_word' id='word_1_464' title='bbox 2096 3164 2266 3222; x_wconf 77' lang='lat' dir='ltr'><strong>Iuda.</strong></span> <span class='ocrx_word' id='word_1_465' title='bbox 2300 3168 2405 3224; x_wconf 85' lang='lat' dir='ltr'><strong>Iste</strong></span> <span class='ocrx_word' id='word_1_466' title='bbox 2432 3170 2581 3224; x_wconf 90' lang='lat' dir='ltr'><strong>enim</strong></span> <span class='ocrx_word' id='word_1_467' title='bbox 2617 3171 2669 3225; x_wconf 91' lang='lat' dir='ltr'><strong>in</strong></span> <span class='ocrx_word' id='word_1_468' title='bbox 2706 3172 2882 3227; x_wconf 89' lang='lat' dir='ltr'><strong>locum</strong></span> <span class='ocrx_word' id='word_1_469' title='bbox 2910 3173 3029 3245; x_wconf 89' lang='lat' dir='ltr'><strong>ejus</strong></span> <span class='ocrx_word' id='word_1_470' title='bbox 3050 3173 3253 3230; x_wconf 89' lang='lat' dir='ltr'><strong>electus</strong></span> <span class='ocrx_word' id='word_1_471' title='bbox 3274 3183 3357 3230; x_wconf 91' lang='lat' dir='ltr'><strong>est</strong></span> <span class='ocrx_word' id='word_1_472' title='bbox 3388 3174 3459 3228; x_wconf 92' lang='lat' dir='ltr'><strong>ab</strong></span> <span class='ocrx_word' id='word_1_473' title='bbox 3480 3183 3695 3243; x_wconf 86' lang='lat' dir='ltr'><strong>aposto-</strong></span> 
     </span>
    </p>
   </div>
   <div class='ocr_carea' id='block_1_61' title="bbox 409 3240 3213 3333">
    <p class='ocr_par' dir='ltr' id='par_1_61' title="bbox 409 3240 3213 3333">
     <span class='ocr_line' id='line_1_61' title="bbox 409 3240 3213 3333; baseline 0.002 -20"><span class='ocrx_word' id='word_1_474' title='bbox 409 3269 570 3319; x_wconf 87' lang='lat' dir='ltr'><strong>natus</strong></span> <span class='ocrx_word' id='word_1_475' title='bbox 598 3279 611 3314; x_wconf 88' lang='lat'><strong>:</strong></span> <span class='ocrx_word' id='word_1_476' title='bbox 644 3262 767 3330; x_wconf 80' lang='lat' dir='ltr'><strong>quia</strong></span> <span class='ocrx_word' id='word_1_477' title='bbox 804 3262 943 3333; x_wconf 81' lang='lat' dir='ltr'><strong>sicut</strong></span> <span class='ocrx_word' id='word_1_478' title='bbox 972 3262 1062 3317; x_wconf 90' lang='lat' dir='ltr'><strong>ille</strong></span> <span class='ocrx_word' id='word_1_479' title='bbox 1087 3262 1287 3319; x_wconf 87' lang='lat' dir='ltr'><strong>dicitur</strong></span> <span class='ocrx_word' id='word_1_480' title='bbox 1318 3263 1458 3319; x_wconf 85' lang='lat' dir='ltr'><strong>lilius</strong></span> <span class='ocrx_word' id='word_1_481' title='bbox 1479 3264 1751 3330; x_wconf 64' lang='lat' dir='ltr'><strong>Zehedaei,</strong></span> <span class='ocrx_word' id='word_1_482' title='bbox 1786 3240 1867 3319; x_wconf 79' lang='lat' dir='ltr'><strong>sic</strong></span> <span class='ocrx_word' id='word_1_483' title='bbox 1890 3265 1994 3319; x_wconf 84' lang='lat' dir='ltr'><strong>iste</strong></span> <span class='ocrx_word' id='word_1_484' title='bbox 2020 3240 2068 3307; x_wconf 68' lang='grc' dir='ltr'>ο</span> <span class='ocrx_word' id='word_1_485' title='bbox 2098 3256 2184 3321; x_wconf 63' lang='lat' dir='ltr'><strong>Ib.</strong></span> <span class='ocrx_word' id='word_1_486' title='bbox 2216 3274 2339 3314; x_wconf 89' lang='lat' dir='ltr'><strong>cum</strong></span> <span class='ocrx_word' id='word_1_487' title='bbox 2369 3274 2472 3330; x_wconf 91' lang='lat' dir='ltr'><strong>pro</strong></span> <span class='ocrx_word' id='word_1_488' title='bbox 2497 3260 2708 3317; x_wconf 87' lang='lat' dir='ltr'><strong>duobus</strong></span> <span class='ocrx_word' id='word_1_489' title='bbox 2734 3279 2855 3319; x_wconf 86' lang='lat' dir='ltr'><strong>sors</strong></span> <span class='ocrx_word' id='word_1_490' title='bbox 2887 3240 3213 3320; x_wconf 83' lang='lat' dir='ltr'><strong>mitteretur.</strong></span> 
     </span>
    </p>
   </div>
   <div class='ocr_carea' id='block_1_62' title="bbox 410 3350 1994 3427">
    <p class='ocr_par' dir='ltr' id='par_1_62' title="bbox 410 3350 1994 3427">
     <span class='ocr_line' id='line_1_62' title="bbox 410 3350 1994 3427; baseline 0.006 -24"><span class='ocrx_word' id='word_1_491' title='bbox 410 3350 553 3406; x_wconf 81' lang='lat' dir='ltr'><strong>[ilius</strong></span> <span class='ocrx_word' id='word_1_492' title='bbox 593 3352 821 3423; x_wconf 80' lang='lat' dir='ltr'><strong>Alpinci.</strong></span> <span class='ocrx_word' id='word_1_493' title='bbox 874 3356 1305 3425; x_wconf 79' lang='lat' dir='ltr'><strong>Cognomentum</strong></span> <span class='ocrx_word' id='word_1_494' title='bbox 1360 3356 1526 3427; x_wconf 89' lang='lat' dir='ltr'><strong>igitur</strong></span> <span class='ocrx_word' id='word_1_495' title='bbox 1571 3356 1731 3411; x_wconf 85' lang='lat' dir='ltr'><strong>ambo</strong></span> <span class='ocrx_word' id='word_1_496' title='bbox 1773 3372 1802 3410; x_wconf 89' lang='lat' dir='ltr'><strong>a</strong></span> <span class='ocrx_word' id='word_1_497' title='bbox 1840 3366 1994 3425; x_wconf 82' lang='lat' dir='ltr'><strong>patre</strong></span> 
     </span>
    </p>
   </div>
   <div class='ocr_carea' id='block_1_63' title="bbox 411 3444 1996 3517">
    <p class='ocr_par' dir='ltr' id='par_1_63' title="bbox 411 3444 1996 3517">
     <span class='ocr_line' id='line_1_63' title="bbox 411 3444 1996 3517; baseline 0.005 -22"><span class='ocrx_word' id='word_1_498' title='bbox 411 3455 778 3512; x_wconf 61' lang='lat' dir='ltr'><strong>sumpserunt.</strong></span> <span class='ocrx_word' id='word_1_499' title='bbox 806 3445 908 3500; x_wconf 89' lang='lat' dir='ltr'><strong>Iste</strong></span> <span class='ocrx_word' id='word_1_500' title='bbox 933 3456 1018 3501; x_wconf 78' lang='lat' dir='ltr'><strong>est</strong></span> <span class='ocrx_word' id='word_1_501' title='bbox 1044 3444 1276 3503; x_wconf 84' lang='lat' dir='ltr'><strong>Jacobus</strong></span> <span class='ocrx_word' id='word_1_502' title='bbox 1301 3446 1500 3509; x_wconf 91' lang='lat' dir='ltr'><strong>minor,</strong></span> <span class='ocrx_word' id='word_1_503' title='bbox 1525 3448 1616 3517; x_wconf 90' lang='lat' dir='ltr'><strong>qui</strong></span> <span class='ocrx_word' id='word_1_504' title='bbox 1637 3448 1689 3500; x_wconf 89' lang='lat' dir='ltr'><strong>in</strong></span> <span class='ocrx_word' id='word_1_505' title='bbox 1706 3446 1996 3516; x_wconf 83' lang='lat' dir='ltr'><strong>Evangelio</strong></span> 
     </span>
    </p>
   </div>
   <div class='ocr_carea' id='block_1_64' title="bbox 410 3530 1991 3606">
    <p class='ocr_par' dir='ltr' id='par_1_64' title="bbox 410 3530 1991 3606">
     <span class='ocr_line' id='line_1_64' title="bbox 410 3530 1991 3606; baseline 0.004 -22"><span class='ocrx_word' id='word_1_506' title='bbox 410 3530 580 3587; x_wconf 80' lang='lat' dir='ltr'><strong>frater</strong></span> <span class='ocrx_word' id='word_1_507' title='bbox 611 3532 825 3589; x_wconf 87' lang='lat' dir='ltr'><strong>Domini</strong></span> <span class='ocrx_word' id='word_1_508' title='bbox 852 3535 1164 3599; x_wconf 81' lang='lat' dir='ltr'><strong>nominatur</strong></span> <span class='ocrx_word' id='word_1_509' title='bbox 1188 3554 1200 3588; x_wconf 78' lang='lat' dir='ltr'><strong>z</strong></span> <span class='ocrx_word' id='word_1_510' title='bbox 1229 3536 1355 3604; x_wconf 82' lang='lat' dir='ltr'><strong>quia</strong></span> <span class='ocrx_word' id='word_1_511' title='bbox 1380 3534 1567 3600; x_wconf 83' lang='lat' dir='ltr'><strong>Maria,</strong></span> <span class='ocrx_word' id='word_1_512' title='bbox 1602 3550 1741 3590; x_wconf 86' lang='lat' dir='ltr'><strong>uxor</strong></span> <span class='ocrx_word' id='word_1_513' title='bbox 1763 3534 1991 3606; x_wconf 74' lang='lat' dir='ltr'><strong>Alphtei,</strong></span> 
     </span>
    </p>
   </div>
   <div class='ocr_carea' id='block_1_65' title="bbox 408 3623 1996 3695">
    <p class='ocr_par' dir='ltr' id='par_1_65' title="bbox 408 3623 1996 3695">
     <span class='ocr_line' id='line_1_65' title="bbox 408 3623 1996 3695; baseline 0.003 -19"><span class='ocrx_word' id='word_1_514' title='bbox 408 3638 563 3679; x_wconf 85' lang='lat' dir='ltr'><strong>soror</strong></span> <span class='ocrx_word' id='word_1_515' title='bbox 593 3624 692 3681; x_wconf 77' lang='lat' dir='ltr'><strong>fuit</strong></span> <span class='ocrx_word' id='word_1_516' title='bbox 714 3623 922 3690; x_wconf 58' lang='lat' dir='ltr'><strong>Maria,</strong></span> <span class='ocrx_word' id='word_1_517' title='bbox 950 3623 1140 3683; x_wconf 76' lang='lat' dir='ltr'><strong>Matris</strong></span> <span class='ocrx_word' id='word_1_518' title='bbox 1172 3624 1421 3690; x_wconf 85' lang='lat' dir='ltr'><strong>Domini,</strong></span> <span class='ocrx_word' id='word_1_519' title='bbox 1452 3641 1615 3695; x_wconf 85' lang='lat' dir='ltr'><strong>quam</strong></span> <span class='ocrx_word' id='word_1_520' title='bbox 1648 3623 1813 3681; x_wconf 80' lang='lat' dir='ltr'><strong>Maria</strong></span> <span class='ocrx_word' id='word_1_521' title='bbox 1842 3623 1996 3687; x_wconf 83' lang='lat' dir='ltr'><strong>Cleo-</strong></span> 
     </span>
    </p>
   </div>
   <div class='ocr_carea' id='block_1_66' title="bbox 411 3712 1998 3787">
    <p class='ocr_par' dir='ltr' id='par_1_66' title="bbox 411 3712 1998 3787">
     <span class='ocr_line' id='line_1_66' title="bbox 411 3712 1998 3787; baseline 0.003 -20"><span class='ocrx_word' id='word_1_522' title='bbox 411 3712 797 3785; x_wconf 70' lang='lat' dir='ltr'><strong>plneJoannes</strong></span> <span class='ocrx_word' id='word_1_523' title='bbox 826 3715 1172 3787; x_wconf 72' lang='lat' dir='ltr'><strong>Evangelii-ita</strong></span> <span class='ocrx_word' id='word_1_524' title='bbox 1213 3717 1561 3786; x_wconf 76' lang='lat' dir='ltr'><strong>cognominat</strong></span> <span class='ocrx_word' id='word_1_525' title='bbox 1590 3732 1622 3775; x_wconf 85' lang='lat' dir='ltr'><strong>a</strong></span> <span class='ocrx_word' id='word_1_526' title='bbox 1655 3727 1808 3787; x_wconf 83' lang='lat' dir='ltr'><strong>patre</strong></span> <span class='ocrx_word' id='word_1_527' title='bbox 1836 3731 1850 3771; x_wconf 92' lang='lat'><strong>:</strong></span> <span class='ocrx_word' id='word_1_528' title='bbox 1882 3717 1998 3772; x_wconf 90' lang='lat' dir='ltr'><strong>sive</strong></span> 
     </span>
    </p>
   </div>
   <div class='ocr_carea' id='block_1_67' title="bbox 412 3806 1998 3881">
    <p class='ocr_par' dir='ltr' id='par_1_67' title="bbox 412 3806 1998 3881">
     <span class='ocr_line' id='line_1_67' title="bbox 412 3806 1998 3881; baseline 0.004 -23"><span class='ocrx_word' id='word_1_529' title='bbox 412 3820 441 3858; x_wconf 88' lang='lat' dir='ltr'><strong>a</strong></span> <span class='ocrx_word' id='word_1_530' title='bbox 488 3806 807 3879; x_wconf 77' lang='lat' dir='ltr'><strong>gentilitate.</strong></span> <span class='ocrx_word' id='word_1_531' title='bbox 839 3807 1095 3879; x_wconf 59' lang='lat' dir='ltr'><strong>inutilia,</strong></span> <span class='ocrx_word' id='word_1_532' title='bbox 1135 3820 1231 3867; x_wconf 86' lang='lat' dir='ltr'><strong>aut</strong></span> <span class='ocrx_word' id='word_1_533' title='bbox 1266 3823 1589 3881; x_wconf 82' lang='lat' dir='ltr'><strong>quacunque</strong></span> <span class='ocrx_word' id='word_1_534' title='bbox 1618 3809 1727 3881; x_wconf 77' lang='lat' dir='ltr'><strong>alia</strong></span> <span class='ocrx_word' id='word_1_535' title='bbox 1753 3824 1917 3867; x_wconf 87' lang='lat' dir='ltr'><strong>causa</strong></span> <span class='ocrx_word' id='word_1_536' title='bbox 1945 3810 1998 3865; x_wconf 86' lang='lat' dir='ltr'><strong>ei</strong></span> 
     </span>
    </p>
   </div>
   <div class='ocr_carea' id='block_1_68' title="bbox 410 3899 1729 3969">
    <p class='ocr_par' dir='ltr' id='par_1_68' title="bbox 410 3899 1729 3969">
     <span class='ocr_line' id='line_1_68' title="bbox 410 3899 1729 3969; baseline 0.011 -20"><span class='ocrx_word' id='word_1_537' title='bbox 410 3910 606 3951; x_wconf 90' lang='lat' dir='ltr'><strong>nomen</strong></span> <span class='ocrx_word' id='word_1_538' title='bbox 632 3899 937 3969; x_wconf 90' lang='lat' dir='ltr'><strong>imponens.</strong></span> <span class='ocrx_word' id='word_1_539' title='bbox 1726 3950 1729 3957; x_wconf 85' lang='lat'><strong>.</strong></span> 
     </span>
    </p>
   </div>
   <div class='ocr_carea' id='block_1_69' title="bbox 480 3986 1997 4057">
    <p class='ocr_par' dir='ltr' id='par_1_69' title="bbox 480 3986 1997 4057">
     <span class='ocr_line' id='line_1_69' title="bbox 480 3986 1997 4057; baseline 0.007 -17"><span class='ocrx_word' id='word_1_540' title='bbox 480 3986 735 4057; x_wconf 74' lang='lat' dir='ltr'><strong>Alphaeus</strong></span> <span class='ocrx_word' id='word_1_541' title='bbox 766 3998 946 4044; x_wconf 89' lang='lat' dir='ltr'><strong>autem</strong></span> <span class='ocrx_word' id='word_1_542' title='bbox 972 3988 1201 4051; x_wconf 70' lang='lat' dir='ltr'><strong>Heomc</strong></span> <span class='ocrx_word' id='word_1_543' title='bbox 1232 4008 1488 4051; x_wconf 81' lang='lat' dir='ltr'><strong>sermone</strong></span> <span class='ocrx_word' id='word_1_544' title='bbox 1517 3993 1572 4048; x_wconf 93' lang='lat' dir='ltr'><strong>in</strong></span> <span class='ocrx_word' id='word_1_545' title='bbox 1598 3993 1853 4050; x_wconf 89' lang='lat' dir='ltr'><strong>Latinum</strong></span> <span class='ocrx_word' id='word_1_546' title='bbox 1898 4008 1997 4050; x_wconf 80' lang='lat' dir='ltr'><strong>ex-</strong></span> 
     </span>
    </p>
   </div>
   <div class='ocr_carea' id='block_1_70' title="bbox 415 4078 1400 4147">
    <p class='ocr_par' dir='ltr' id='par_1_70' title="bbox 415 4078 1400 4147">
     <span class='ocr_line' id='line_1_70' title="bbox 415 4078 1400 4147; baseline 0.008 -16"><span class='ocrx_word' id='word_1_547' title='bbox 415 4078 690 4147; x_wconf 87' lang='lat' dir='ltr'><strong>primitur,</strong></span> <span class='ocrx_word' id='word_1_548' title='bbox 717 4080 1026 4139; x_wconf 85' lang='lat' dir='ltr'><strong>millesimus</strong></span> <span class='ocrx_word' id='word_1_549' title='bbox 1055 4084 1172 4141; x_wconf 87' lang='lat' dir='ltr'><strong>sive</strong></span> <span class='ocrx_word' id='word_1_550' title='bbox 1192 4085 1400 4141; x_wconf 83' lang='lat' dir='ltr'><strong>doctus.</strong></span> 
     </span>
    </p>
   </div>
   <div class='ocr_carea' id='block_1_71' title="bbox 488 4170 1682 4253">
    <p class='ocr_par' dir='ltr' id='par_1_71' title="bbox 488 4170 1682 4253">
     <span class='ocr_line' id='line_1_71' title="bbox 488 4170 1682 4253; baseline 0.003 -24"><span class='ocrx_word' id='word_1_551' title='bbox 488 4170 785 4253; x_wconf 60' lang='lat' dir='ltr'><strong>Philippus.</strong></span> <span class='ocrx_word' id='word_1_552' title='bbox 823 4191 881 4237; x_wconf 73' lang='grc' dir='ltr'><strong>ω</strong></span> <span class='ocrx_word' id='word_1_553' title='bbox 900 4174 1274 4251; x_wconf 80' lang='lat' dir='ltr'><strong>lampadarum</strong></span> <span class='ocrx_word' id='word_1_554' title='bbox 1302 4178 1388 4233; x_wconf 86' lang='lat' dir='ltr'><strong>vel</strong></span> <span class='ocrx_word' id='word_1_555' title='bbox 1406 4194 1682 4233; x_wconf 74' lang='lat' dir='ltr'><strong>manuum.</strong></span> 
     </span>
    </p>
   </div>
   <div class='ocr_carea' id='block_1_72' title="bbox 486 4256 2001 4342">
    <p class='ocr_par' dir='ltr' id='par_1_72' title="bbox 486 4256 2001 4342">
     <span class='ocr_line' id='line_1_72' title="bbox 486 4256 2001 4342; baseline 0 -17"><span class='ocrx_word' id='word_1_556' title='bbox 486 4256 746 4331; x_wconf 81' lang='lat' dir='ltr'><strong>Thomas,</strong></span> <span class='ocrx_word' id='word_1_557' title='bbox 774 4270 1014 4339; x_wconf 67' lang='lat' dir='ltr'><strong>abyssus,</strong></span> <span class='ocrx_word' id='word_1_558' title='bbox 1040 4268 1127 4327; x_wconf 88' lang='lat' dir='ltr'><strong>vel</strong></span> <span class='ocrx_word' id='word_1_559' title='bbox 1147 4270 1385 4342; x_wconf 80' lang='lat' dir='ltr'><strong>geminus</strong></span> <span class='ocrx_word' id='word_1_560' title='bbox 1402 4312 1417 4335; x_wconf 93' lang='lat'><strong>,</strong></span> <span class='ocrx_word' id='word_1_561' title='bbox 1442 4272 1587 4328; x_wconf 88' lang='lat' dir='ltr'><strong>unde</strong></span> <span class='ocrx_word' id='word_1_562' title='bbox 1616 4280 1673 4327; x_wconf 85' lang='lat' dir='ltr'><strong>et</strong></span> <span class='ocrx_word' id='word_1_563' title='bbox 1695 4269 1882 4327; x_wconf 67' lang='lat' dir='ltr'><strong>Graece</strong></span> <span class='ocrx_word' id='word_1_564' title='bbox 1910 4272 2001 4326; x_wconf 86' lang='lat' dir='ltr'><strong>Di-</strong></span> 
     </span>
    </p>
   </div>
   <div class='ocr_carea' id='block_1_73' title="bbox 413 4361 1999 4435">
    <p class='ocr_par' dir='ltr' id='par_1_73' title="bbox 413 4361 1999 4435">
     <span class='ocr_line' id='line_1_73' title="bbox 413 4361 1999 4435; baseline 0.004 -21"><span class='ocrx_word' id='word_1_565' title='bbox 413 4361 610 4433; x_wconf 86' lang='lat' dir='ltr'><strong>dymus</strong></span> <span class='ocrx_word' id='word_1_566' title='bbox 654 4362 977 4432; x_wconf 79' lang='lat' dir='ltr'><strong>appellatur.</strong></span> <span class='ocrx_word' id='word_1_567' title='bbox 1030 4362 1098 4419; x_wconf 77' lang='lat' dir='ltr'><strong>lli</strong></span> <span class='ocrx_word' id='word_1_568' title='bbox 1138 4364 1302 4419; x_wconf 87' lang='lat' dir='ltr'><strong>ambo</strong></span> <span class='ocrx_word' id='word_1_569' title='bbox 1347 4363 1764 4435; x_wconf 84' lang='lat' dir='ltr'><strong>praedicatorum</strong></span> <span class='ocrx_word' id='word_1_570' title='bbox 1813 4372 1999 4435; x_wconf 86' lang='lat' dir='ltr'><strong>typum</strong></span> 
     </span>
    </p>
   </div>
   <div class='ocr_carea' id='block_1_74' title="bbox 414 4455 2053 4527">
    <p class='ocr_par' dir='ltr' id='par_1_74' title="bbox 414 4455 2053 4527">
     <span class='ocr_line' id='line_1_74' title="bbox 414 4455 2053 4527; baseline 0.002 -18"><span class='ocrx_word' id='word_1_571' title='bbox 414 4463 625 4521; x_wconf 68' lang='lat' dir='ltr'><strong>tenent,</strong></span> <span class='ocrx_word' id='word_1_572' title='bbox 648 4455 1024 4527; x_wconf 77' lang='lat' dir='ltr'><strong>quiabyssum</strong></span> <span class='ocrx_word' id='word_1_573' title='bbox 1048 4465 1369 4523; x_wconf 76' lang='lat' dir='ltr'><strong>sanctarum</strong></span> <span class='ocrx_word' id='word_1_574' title='bbox 1399 4456 1815 4525; x_wconf 72' lang='lat' dir='ltr'><strong>scripturarum.</strong></span> <span class='ocrx_word' id='word_1_575' title='bbox 1838 4470 2002 4526; x_wconf 83' lang='lat' dir='ltr'><strong>peue-</strong></span> <span class='ocrx_word' id='word_1_576' title='bbox 2050 4516 2053 4523; x_wconf 29' lang='grc' dir='ltr'><strong>η</strong></span> 
     </span>
    </p>
   </div>
   <div class='ocr_carea' id='block_1_75' title="bbox 415 4544 1994 4617">
    <p class='ocr_par' dir='ltr' id='par_1_75' title="bbox 415 4544 1994 4617">
     <span class='ocr_line' id='line_1_75' title="bbox 415 4544 1994 4617; baseline -0.001 -16"><span class='ocrx_word' id='word_1_577' title='bbox 415 4556 643 4615; x_wconf 68' lang='lat' dir='ltr'><strong>trames,</strong></span> <span class='ocrx_word' id='word_1_578' title='bbox 671 4547 851 4607; x_wconf 87' lang='lat' dir='ltr'><strong>lumen</strong></span> <span class='ocrx_word' id='word_1_579' title='bbox 880 4548 1282 4617; x_wconf 83' lang='lat' dir='ltr'><strong>praedicationis</strong></span> <span class='ocrx_word' id='word_1_580' title='bbox 1317 4562 1414 4617; x_wconf 86' lang='lat' dir='ltr'><strong>per</strong></span> <span class='ocrx_word' id='word_1_581' title='bbox 1452 4560 1549 4609; x_wconf 84' lang='lat' dir='ltr'><strong>ora</strong></span> <span class='ocrx_word' id='word_1_582' title='bbox 1579 4560 1677 4601; x_wconf 86' lang='lat' dir='ltr'><strong>sua</strong></span> <span class='ocrx_word' id='word_1_583' title='bbox 1699 4545 1769 4603; x_wconf 89' lang='lat' dir='ltr'><strong>ad</strong></span> <span class='ocrx_word' id='word_1_584' title='bbox 1794 4544 1994 4603; x_wconf 87' lang='lat' dir='ltr'><strong>illumi-</strong></span> 
     </span>
    </p>
   </div>
   <div class='ocr_carea' id='block_1_76' title="bbox 413 4638 1777 4709">
    <p class='ocr_par' dir='ltr' id='par_1_76' title="bbox 413 4638 1777 4709">
     <span class='ocr_line' id='line_1_76' title="bbox 413 4638 1777 4709; baseline -0.003 -15"><span class='ocrx_word' id='word_1_585' title='bbox 413 4639 619 4705; x_wconf 72' lang='lat' dir='ltr'><strong>nandas</strong></span> <span class='ocrx_word' id='word_1_586' title='bbox 645 4649 834 4709; x_wconf 84' lang='lat' dir='ltr'><strong>gentes</strong></span> <span class='ocrx_word' id='word_1_587' title='bbox 856 4638 1156 4709; x_wconf 78' lang='lat' dir='ltr'><strong>proferunt.</strong></span> <span class='ocrx_word' id='word_1_588' title='bbox 1286 4682 1289 4689; x_wconf 94' lang='lat'><strong>.</strong></span> <span class='ocrx_word' id='word_1_589' title='bbox 1412 4686 1417 4691; x_wconf 89' lang='lat'><strong>.</strong></span> <span class='ocrx_word' id='word_1_590' title='bbox 1736 4660 1741 4677; x_wconf 79' lang='grc' dir='ltr'>ι</span> <span class='ocrx_word' id='word_1_591' title='bbox 1772 4686 1777 4697; x_wconf 90' lang='grc'>,</span> 
     </span>
    </p>
   </div>
   <div class='ocr_carea' id='block_1_77' title="bbox 481 4727 1995 4799">
    <p class='ocr_par' dir='ltr' id='par_1_77' title="bbox 481 4727 1995 4799">
     <span class='ocr_line' id='line_1_77' title="bbox 481 4727 1995 4799; baseline -0.005 -11"><span class='ocrx_word' id='word_1_592' title='bbox 481 4729 934 4797; x_wconf 65' lang='lat' dir='ltr'><strong>Basﬂmlomqeus,</strong></span> <span class='ocrx_word' id='word_1_593' title='bbox 967 4730 1111 4799; x_wconf 65' lang='lat' dir='ltr'><strong>ﬁlius</strong></span> <span class='ocrx_word' id='word_1_594' title='bbox 1145 4728 1508 4799; x_wconf 84' lang='lat' dir='ltr'><strong>suspendentls</strong></span> <span class='ocrx_word' id='word_1_595' title='bbox 1530 4745 1719 4799; x_wconf 81' lang='lat' dir='ltr'><strong>aquas.</strong></span> <span class='ocrx_word' id='word_1_596' title='bbox 1746 4727 1833 4787; x_wconf 81' lang='lat' dir='ltr'><strong>vel</strong></span> <span class='ocrx_word' id='word_1_597' title='bbox 1850 4727 1995 4798; x_wconf 76' lang='lat' dir='ltr'><strong>ﬁlius</strong></span> 
     </span>
    </p>
   </div>
   <div class='ocr_carea' id='block_1_78' title="bbox 412 4821 2023 4905">
    <p class='ocr_par' dir='ltr' id='par_1_78' title="bbox 412 4821 2023 4905">
     <span class='ocr_line' id='line_1_78' title="bbox 412 4821 2023 4905; baseline 0.002 -31"><span class='ocrx_word' id='word_1_598' title='bbox 412 4823 774 4895; x_wconf 68' lang='lat' dir='ltr'><strong>suspqunlis</strong></span> <span class='ocrx_word' id='word_1_599' title='bbox 797 4839 919 4878; x_wconf 63' lang='lat' dir='ltr'><strong>me:</strong></span> <span class='ocrx_word' id='word_1_600' title='bbox 946 4823 1143 4895; x_wconf 82' lang='lat' dir='ltr'><strong>Syrum</strong></span> <span class='ocrx_word' id='word_1_601' title='bbox 1169 4830 1283 4905; x_wconf 68' lang='lat' dir='ltr'><strong>est,</strong></span> <span class='ocrx_word' id='word_1_602' title='bbox 1315 4837 1420 4887; x_wconf 86' lang='lat' dir='ltr'><strong>non</strong></span> <span class='ocrx_word' id='word_1_603' title='bbox 1448 4821 1756 4885; x_wconf 66' lang='lat' dir='ltr'><strong>Hebraeum.</strong></span> <span class='ocrx_word' id='word_1_604' title='bbox 1790 4822 1897 4877; x_wconf 86' lang='lat' dir='ltr'><strong>Iste</strong></span> <span class='ocrx_word' id='word_1_605' title='bbox 1925 4823 2023 4879; x_wconf 66' lang='lat' dir='ltr'><strong>si».</strong></span> 
     </span>
    </p>
   </div>
   <div class='ocr_carea' id='block_1_79' title="bbox 414 4911 1996 4985">
    <p class='ocr_par' dir='ltr' id='par_1_79' title="bbox 414 4911 1996 4985">
     <span class='ocr_line' id='line_1_79' title="bbox 414 4911 1996 4985; baseline 0.002 -19"><span class='ocrx_word' id='word_1_606' title='bbox 414 4911 614 4975; x_wconf 76' lang='lat' dir='ltr'><strong>militer</strong></span> <span class='ocrx_word' id='word_1_607' title='bbox 641 4914 891 4971; x_wconf 84' lang='lat' dir='ltr'><strong>doctores</strong></span> <span class='ocrx_word' id='word_1_608' title='bbox 932 4922 1150 4970; x_wconf 81' lang='lat' dir='ltr'><strong>sanctos</strong></span> <span class='ocrx_word' id='word_1_609' title='bbox 1182 4911 1488 4983; x_wconf 82' lang='lat' dir='ltr'><strong>signiﬁcat:</strong></span> <span class='ocrx_word' id='word_1_610' title='bbox 1519 4912 1611 4981; x_wconf 88' lang='lat' dir='ltr'><strong>qui</strong></span> <span class='ocrx_word' id='word_1_611' title='bbox 1655 4927 1854 4985; x_wconf 72' lang='lat' dir='ltr'><strong>aquas,</strong></span> <span class='ocrx_word' id='word_1_612' title='bbox 1893 4912 1996 4969; x_wconf 86' lang='lat' dir='ltr'><strong>hoc</strong></span> 
     </span>
    </p>
   </div>
   <div class='ocr_carea' id='block_1_80' title="bbox 410 5003 1997 5076">
    <p class='ocr_par' dir='ltr' id='par_1_80' title="bbox 410 5003 1997 5076">
     <span class='ocr_line' id='line_1_80' title="bbox 410 5003 1997 5076; baseline 0 -16"><span class='ocrx_word' id='word_1_613' title='bbox 410 5013 502 5061; x_wconf 87' lang='lat' dir='ltr'><strong>est</strong></span> <span class='ocrx_word' id='word_1_614' title='bbox 518 5005 781 5076; x_wconf 70' lang='lat' dir='ltr'><strong>populos,</strong></span> <span class='ocrx_word' id='word_1_615' title='bbox 805 5006 1192 5075; x_wconf 62' lang='lat' dir='ltr'><strong>praedicatione</strong></span> <span class='ocrx_word' id='word_1_616' title='bbox 1214 5019 1309 5058; x_wconf 84' lang='lat' dir='ltr'><strong>sua</strong></span> <span class='ocrx_word' id='word_1_617' title='bbox 1336 5003 1671 5072; x_wconf 72' lang='lat' dir='ltr'><strong>wspendunt</strong></span> <span class='ocrx_word' id='word_1_618' title='bbox 1695 5003 1997 5060; x_wconf 82' lang='lat' dir='ltr'><strong>intentione</strong></span> 
     </span>
    </p>
   </div>
   <div class='ocr_carea' id='block_1_81' title="bbox 414 5094 1686 5169">
    <p class='ocr_par' dir='ltr' id='par_1_81' title="bbox 414 5094 1686 5169">
     <span class='ocr_line' id='line_1_81' title="bbox 414 5094 1686 5169; baseline -0.003 -17"><span class='ocrx_word' id='word_1_619' title='bbox 414 5098 485 5155; x_wconf 87' lang='lat' dir='ltr'><strong>ad</strong></span> <span class='ocrx_word' id='word_1_620' title='bbox 510 5112 806 5169; x_wconf 85' lang='lat' dir='ltr'><strong>supernum</strong></span> <span class='ocrx_word' id='word_1_621' title='bbox 833 5098 1075 5162; x_wconf 83' lang='lat' dir='ltr'><strong>Patrem,</strong></span> <span class='ocrx_word' id='word_1_622' title='bbox 1105 5096 1259 5165; x_wconf 86' lang='lat' dir='ltr'><strong>cujus</strong></span> <span class='ocrx_word' id='word_1_623' title='bbox 1282 5095 1385 5163; x_wconf 82' lang='lat' dir='ltr'><strong>ipsi</strong></span> <span class='ocrx_word' id='word_1_624' title='bbox 1412 5094 1506 5150; x_wconf 82' lang='lat' dir='ltr'><strong>lilii</strong></span> <span class='ocrx_word' id='word_1_625' title='bbox 1538 5102 1686 5153; x_wconf 76' lang='lat' dir='ltr'><strong>sunt.</strong></span> 
     </span>
    </p>
   </div>
   <div class='ocr_carea' id='block_1_82' title="bbox 482 5185 1996 5263">
    <p class='ocr_par' dir='ltr' id='par_1_82' title="bbox 482 5185 1996 5263">
     <span class='ocr_line' id='line_1_82' title="bbox 482 5185 1996 5263; baseline -0.005 -14"><span class='ocrx_word' id='word_1_626' title='bbox 482 5190 767 5249; x_wconf 68' lang='lat' dir='ltr'><strong>latthatus</strong></span> <span class='ocrx_word' id='word_1_627' title='bbox 803 5192 867 5248; x_wconf 85' lang='lat' dir='ltr'><strong>in</strong></span> <span class='ocrx_word' id='word_1_628' title='bbox 882 5190 1112 5263; x_wconf 64' lang='lat' dir='ltr'><strong>Hebrreo</strong></span> <span class='ocrx_word' id='word_1_629' title='bbox 1134 5224 1149 5251; x_wconf 85' lang='lat'><strong>,</strong></span> <span class='ocrx_word' id='word_1_630' title='bbox 1178 5188 1437 5250; x_wconf 75' lang='lat' dir='ltr'><strong>donatus,</strong></span> <span class='ocrx_word' id='word_1_631' title='bbox 1470 5187 1828 5256; x_wconf 78' lang='lat' dir='ltr'><strong>exprimitur:</strong></span> <span class='ocrx_word' id='word_1_632' title='bbox 1852 5185 1996 5242; x_wconf 88' lang='lat' dir='ltr'><strong>idem</strong></span> 
     </span>
    </p>
   </div>
   <div class='ocr_carea' id='block_1_83' title="bbox 412 5278 1998 5358">
    <p class='ocr_par' dir='ltr' id='par_1_83' title="bbox 412 5278 1998 5358">
     <span class='ocr_line' id='line_1_83' title="bbox 412 5278 1998 5358; baseline -0.004 -17"><span class='ocrx_word' id='word_1_633' title='bbox 412 5295 471 5342; x_wconf 91' lang='lat' dir='ltr'><strong>et</strong></span> <span class='ocrx_word' id='word_1_634' title='bbox 500 5286 804 5358; x_wconf 77' lang='lat' dir='ltr'><strong>appellatur</strong></span> <span class='ocrx_word' id='word_1_635' title='bbox 831 5283 960 5341; x_wconf 73' lang='lat' dir='ltr'><strong>Lavi</strong></span> <span class='ocrx_word' id='word_1_636' title='bbox 980 5296 1044 5336; x_wconf 78' lang='lat' dir='ltr'><strong>ex</strong></span> <span class='ocrx_word' id='word_1_637' title='bbox 1075 5280 1216 5337; x_wconf 88' lang='lat' dir='ltr'><strong>tribu</strong></span> <span class='ocrx_word' id='word_1_638' title='bbox 1254 5295 1321 5337; x_wconf 77' lang='lat' dir='ltr'><strong>ex</strong></span> <span class='ocrx_word' id='word_1_639' title='bbox 1348 5295 1456 5350; x_wconf 87' lang='lat' dir='ltr'><strong>qna</strong></span> <span class='ocrx_word' id='word_1_640' title='bbox 1479 5289 1633 5337; x_wconf 85' lang='lat' dir='ltr'><strong>ortus</strong></span> <span class='ocrx_word' id='word_1_641' title='bbox 1653 5278 1750 5337; x_wconf 82' lang='lat' dir='ltr'><strong>fuit</strong></span> <span class='ocrx_word' id='word_1_642' title='bbox 1776 5296 1788 5332; x_wconf 90' lang='lat'><strong>:</strong></span> <span class='ocrx_word' id='word_1_643' title='bbox 1818 5279 1873 5333; x_wconf 93' lang='lat' dir='ltr'><strong>in</strong></span> <span class='ocrx_word' id='word_1_644' title='bbox 1893 5278 1998 5334; x_wconf 65' lang='lat' dir='ltr'><strong>Ia-</strong></span> 
     </span>
    </p>
   </div>
   <div class='ocr_carea' id='block_1_84' title="bbox 414 5370 1995 5444">
    <p class='ocr_par' dir='ltr' id='par_1_84' title="bbox 414 5370 1995 5444">
     <span class='ocr_line' id='line_1_84' title="bbox 414 5370 1995 5444; baseline -0.007 -10"><span class='ocrx_word' id='word_1_645' title='bbox 414 5379 531 5435; x_wconf 88' lang='lat' dir='ltr'><strong>tino</strong></span> <span class='ocrx_word' id='word_1_646' title='bbox 564 5387 746 5434; x_wconf 78' lang='lat' dir='ltr'><strong>autem</strong></span> <span class='ocrx_word' id='word_1_647' title='bbox 770 5390 845 5432; x_wconf 75' lang='lat' dir='ltr'><strong>ex</strong></span> <span class='ocrx_word' id='word_1_648' title='bbox 869 5388 1035 5444; x_wconf 84' lang='lat' dir='ltr'><strong>opere</strong></span> <span class='ocrx_word' id='word_1_649' title='bbox 1060 5370 1334 5441; x_wconf 87' lang='lat' dir='ltr'><strong>publicani</strong></span> <span class='ocrx_word' id='word_1_650' title='bbox 1362 5384 1559 5427; x_wconf 88' lang='lat' dir='ltr'><strong>nomen</strong></span> <span class='ocrx_word' id='word_1_651' title='bbox 1595 5370 1837 5439; x_wconf 84' lang='lat' dir='ltr'><strong>accepit:</strong></span> <span class='ocrx_word' id='word_1_652' title='bbox 1869 5370 1995 5439; x_wconf 89' lang='lat' dir='ltr'><strong>quia</strong></span> 
     </span>
    </p>
   </div>
   <div class='ocr_carea' id='block_1_85' title="bbox 413 5460 1996 5546">
    <p class='ocr_par' dir='ltr' id='par_1_85' title="bbox 413 5460 1996 5546">
     <span class='ocr_line' id='line_1_85' title="bbox 413 5460 1996 5546; baseline -0.01 -15"><span class='ocrx_word' id='word_1_653' title='bbox 413 5472 813 5546; x_wconf 69' lang='lat' dir='ltr'><strong>ext-publicanis</strong></span> <span class='ocrx_word' id='word_1_654' title='bbox 847 5467 951 5522; x_wconf 64' lang='lat' dir='ltr'><strong>ibit</strong></span> <span class='ocrx_word' id='word_1_655' title='bbox 980 5467 1184 5522; x_wconf 81' lang='lat' dir='ltr'><strong>electus</strong></span> <span class='ocrx_word' id='word_1_656' title='bbox 1210 5474 1269 5520; x_wconf 80' lang='lat' dir='ltr'><strong>et</strong></span> <span class='ocrx_word' id='word_1_657' title='bbox 1296 5465 1350 5521; x_wconf 89' lang='lat' dir='ltr'><strong>in</strong></span> <span class='ocrx_word' id='word_1_658' title='bbox 1378 5463 1738 5533; x_wconf 70' lang='lat' dir='ltr'><strong>apostolatui:</strong></span> <span class='ocrx_word' id='word_1_659' title='bbox 1764 5460 1996 5517; x_wconf 80' lang='lat' dir='ltr'><strong>transla-</strong></span> 
     </span>
    </p>
   </div>
   <div class='ocr_carea' id='block_1_86' title="bbox 416 5553 1995 5629">
    <p class='ocr_par' dir='ltr' id='par_1_86' title="bbox 416 5553 1995 5629">
     <span class='ocr_line' id='line_1_86' title="bbox 416 5553 1995 5629; baseline -0.009 -7"><span class='ocrx_word' id='word_1_660' title='bbox 416 5578 523 5622; x_wconf 87' lang='lat' dir='ltr'><strong>tus.</strong></span> <span class='ocrx_word' id='word_1_661' title='bbox 548 5564 647 5618; x_wconf 70' lang='lat' dir='ltr'><strong>llic</strong></span> <span class='ocrx_word' id='word_1_662' title='bbox 674 5563 731 5616; x_wconf 88' lang='lat' dir='ltr'><strong>in</strong></span> <span class='ocrx_word' id='word_1_663' title='bbox 758 5557 1033 5629; x_wconf 83' lang='lat' dir='ltr'><strong>Evangelii</strong></span> <span class='ocrx_word' id='word_1_664' title='bbox 1059 5556 1455 5628; x_wconf 84' lang='lat' dir='ltr'><strong>conscriptione</strong></span> <span class='ocrx_word' id='word_1_665' title='bbox 1501 5565 1762 5625; x_wconf 81' lang='lat' dir='ltr'><strong>quantum</strong></span> <span class='ocrx_word' id='word_1_666' title='bbox 1793 5553 1995 5609; x_wconf 88' lang='lat' dir='ltr'><strong>donum</strong></span> 
     </span>
    </p>
   </div>
   <div class='ocr_carea' id='block_1_87' title="bbox 415 5642 1997 5729">
    <p class='ocr_par' dir='ltr' id='par_1_87' title="bbox 415 5642 1997 5729">
     <span class='ocr_line' id='line_1_87' title="bbox 415 5642 1997 5729; baseline -0.009 -18"><span class='ocrx_word' id='word_1_667' title='bbox 415 5656 604 5729; x_wconf 74' lang='lat' dir='ltr'><strong>gratim</strong></span> <span class='ocrx_word' id='word_1_668' title='bbox 620 5660 742 5720; x_wconf 77' lang='lat' dir='ltr'><strong>post</strong></span> <span class='ocrx_word' id='word_1_669' title='bbox 762 5649 1168 5705; x_wconf 86' lang='lat' dir='ltr'><strong>conversionem</strong></span> <span class='ocrx_word' id='word_1_670' title='bbox 1186 5646 1505 5717; x_wconf 86' lang='lat' dir='ltr'><strong>promeruit,</strong></span> <span class='ocrx_word' id='word_1_671' title='bbox 1527 5642 1783 5708; x_wconf 85' lang='lat' dir='ltr'><strong>ostendit,</strong></span> <span class='ocrx_word' id='word_1_672' title='bbox 1813 5656 1997 5699; x_wconf 75' lang='lat' dir='ltr'><strong>exem-</strong></span> 
     </span>
    </p>
   </div>
   <div class='ocr_carea' id='block_1_88' title="bbox 415 5734 1994 5819">
    <p class='ocr_par' dir='ltr' id='par_1_88' title="bbox 415 5734 1994 5819">
     <span class='ocr_line' id='line_1_88' title="bbox 415 5734 1994 5819; baseline -0.01 -17"><span class='ocrx_word' id='word_1_673' title='bbox 415 5747 564 5819; x_wconf 87' lang='lat' dir='ltr'><strong>plum</strong></span> <span class='ocrx_word' id='word_1_674' title='bbox 607 5742 854 5799; x_wconf 77' lang='lat' dir='ltr'><strong>tribrcns</strong></span> <span class='ocrx_word' id='word_1_675' title='bbox 895 5739 1145 5796; x_wconf 81' lang='lat' dir='ltr'><strong>omnibus</strong></span> <span class='ocrx_word' id='word_1_676' title='bbox 1205 5739 1297 5808; x_wconf 86' lang='lat' dir='ltr'><strong>qui</strong></span> <span class='ocrx_word' id='word_1_677' title='bbox 1358 5734 1729 5805; x_wconf 74' lang='lat' dir='ltr'><strong>pmoitentiam</strong></span> <span class='ocrx_word' id='word_1_678' title='bbox 1778 5734 1994 5803; x_wconf 78' lang='lat' dir='ltr'><strong>dignam</strong></span> 
     </span>
    </p>
   </div>
   <div class='ocr_carea' id='block_1_89' title="bbox 418 5825 1995 5909">
    <p class='ocr_par' dir='ltr' id='par_1_89' title="bbox 418 5825 1995 5909">
     <span class='ocr_line' id='line_1_89' title="bbox 418 5825 1995 5909; baseline -0.011 -16"><span class='ocrx_word' id='word_1_679' title='bbox 418 5849 529 5909; x_wconf 76' lang='lat' dir='ltr'><strong>pro</strong></span> <span class='ocrx_word' id='word_1_680' title='bbox 552 5833 790 5906; x_wconf 83' lang='lat' dir='ltr'><strong>peccatis</strong></span> <span class='ocrx_word' id='word_1_681' title='bbox 829 5833 943 5889; x_wconf 86' lang='lat' dir='ltr'><strong>suis</strong></span> <span class='ocrx_word' id='word_1_682' title='bbox 969 5839 1164 5905; x_wconf 81' lang='lat' dir='ltr'><strong>gerunt</strong></span> <span class='ocrx_word' id='word_1_683' title='bbox 1189 5850 1200 5885; x_wconf 92' lang='lat'><strong>:</strong></span> <span class='ocrx_word' id='word_1_684' title='bbox 1230 5837 1291 5887; x_wconf 83' lang='lat' dir='ltr'><strong>ut</strong></span> <span class='ocrx_word' id='word_1_685' title='bbox 1334 5842 1496 5885; x_wconf 87' lang='lat' dir='ltr'><strong>nemo</strong></span> <span class='ocrx_word' id='word_1_686' title='bbox 1522 5826 1769 5894; x_wconf 80' lang='lat' dir='ltr'><strong>desperet</strong></span> <span class='ocrx_word' id='word_1_687' title='bbox 1794 5825 1860 5879; x_wconf 87' lang='lat' dir='ltr'><strong>de</strong></span> <span class='ocrx_word' id='word_1_688' title='bbox 1897 5839 1995 5877; x_wconf 84' lang='lat' dir='ltr'><strong>vc-</strong></span> 
     </span>
    </p>
   </div>
   <div class='ocr_carea' id='block_1_90' title="bbox 2166 3349 3691 3425">
    <p class='ocr_par' dir='ltr' id='par_1_90' title="bbox 2166 3349 3691 3425">
     <span class='ocr_line' id='line_1_90' title="bbox 2166 3349 3691 3425; baseline 0.003 -22"><span class='ocrx_word' id='word_1_689' title='bbox 2166 3349 2340 3404; x_wconf 85' lang='lat' dir='ltr'><strong>Aliter</strong></span> <span class='ocrx_word' id='word_1_690' title='bbox 2394 3349 2648 3408; x_wconf 81' lang='lat' dir='ltr'><strong>Matthias</strong></span> <span class='ocrx_word' id='word_1_691' title='bbox 2685 3370 2881 3423; x_wconf 86' lang='lat' dir='ltr'><strong>parvus</strong></span> <span class='ocrx_word' id='word_1_692' title='bbox 2920 3355 3327 3425; x_wconf 87' lang='lat' dir='ltr'><strong>interpretatur,</strong></span> <span class='ocrx_word' id='word_1_693' title='bbox 3369 3363 3428 3411; x_wconf 91' lang='lat' dir='ltr'><strong>et</strong></span> <span class='ocrx_word' id='word_1_694' title='bbox 3457 3352 3691 3423; x_wconf 88' lang='lat' dir='ltr'><strong>Joseph,</strong></span> 
     </span>
    </p>
   </div>
   <div class='ocr_carea' id='block_1_91' title="bbox 2096 3441 3689 3510">
    <p class='ocr_par' dir='ltr' id='par_1_91' title="bbox 2096 3441 3689 3510">
     <span class='ocr_line' id='line_1_91' title="bbox 2096 3441 3689 3510; baseline 0.002 -15"><span class='ocrx_word' id='word_1_695' title='bbox 2096 3441 2189 3510; x_wconf 93' lang='lat' dir='ltr'><strong>qui</strong></span> <span class='ocrx_word' id='word_1_696' title='bbox 2219 3457 2341 3497; x_wconf 88' lang='lat' dir='ltr'><strong>cum</strong></span> <span class='ocrx_word' id='word_1_697' title='bbox 2372 3456 2438 3497; x_wconf 89' lang='lat' dir='ltr'><strong>eo</strong></span> <span class='ocrx_word' id='word_1_698' title='bbox 2464 3443 2567 3499; x_wconf 89' lang='lat' dir='ltr'><strong>sub</strong></span> <span class='ocrx_word' id='word_1_699' title='bbox 2594 3452 2739 3500; x_wconf 87' lang='lat' dir='ltr'><strong>sorte</strong></span> <span class='ocrx_word' id='word_1_700' title='bbox 2761 3454 2996 3500; x_wconf 89' lang='lat' dir='ltr'><strong>statutus</strong></span> <span class='ocrx_word' id='word_1_701' title='bbox 3025 3453 3143 3510; x_wconf 89' lang='lat' dir='ltr'><strong>est,</strong></span> <span class='ocrx_word' id='word_1_702' title='bbox 3172 3452 3398 3500; x_wconf 85' lang='lat' dir='ltr'><strong>vocatur</strong></span> <span class='ocrx_word' id='word_1_703' title='bbox 3428 3443 3689 3507; x_wconf 87' lang='lat' dir='ltr'><strong>Barsaba,</strong></span> 
     </span>
    </p>
   </div>
   <div class='ocr_carea' id='block_1_92' title="bbox 2097 3530 3689 3605">
    <p class='ocr_par' dir='ltr' id='par_1_92' title="bbox 2097 3530 3689 3605">
     <span class='ocr_line' id='line_1_92' title="bbox 2097 3530 3689 3605; baseline 0.001 -21"><span class='ocrx_word' id='word_1_704' title='bbox 2097 3530 2201 3586; x_wconf 91' lang='lat' dir='ltr'><strong>hoc</strong></span> <span class='ocrx_word' id='word_1_705' title='bbox 2250 3540 2363 3596; x_wconf 90' lang='lat' dir='ltr'><strong>est,</strong></span> <span class='ocrx_word' id='word_1_706' title='bbox 2395 3532 2539 3602; x_wconf 81' lang='lat' dir='ltr'><strong>ﬁlius</strong></span> <span class='ocrx_word' id='word_1_707' title='bbox 2568 3535 2774 3605; x_wconf 84' lang='lat' dir='ltr'><strong>quietis.</strong></span> <span class='ocrx_word' id='word_1_708' title='bbox 2817 3533 2894 3588; x_wconf 91' lang='lat' dir='ltr'><strong>De</strong></span> <span class='ocrx_word' id='word_1_709' title='bbox 2937 3534 3133 3603; x_wconf 90' lang='lat' dir='ltr'><strong>quibus</strong></span> <span class='ocrx_word' id='word_1_710' title='bbox 3172 3533 3381 3589; x_wconf 88' lang='lat' dir='ltr'><strong>duobus</strong></span> <span class='ocrx_word' id='word_1_711' title='bbox 3406 3532 3605 3588; x_wconf 76' lang='lat' dir='ltr'><strong>Arator</strong></span> <span class='ocrx_word' id='word_1_712' title='bbox 3634 3532 3689 3586; x_wconf 92' lang='lat' dir='ltr'><strong>in</strong></span> 
     </span>
    </p>
   </div>
   <div class='ocr_carea' id='block_1_93' title="bbox 2098 3622 3182 3695">
    <p class='ocr_par' dir='ltr' id='par_1_93' title="bbox 2098 3622 3182 3695">
     <span class='ocr_line' id='line_1_93' title="bbox 2098 3622 3182 3695; baseline 0.002 -20"><span class='ocrx_word' id='word_1_713' title='bbox 2098 3622 2324 3679; x_wconf 89' lang='lat' dir='ltr'><strong>metrico</strong></span> <span class='ocrx_word' id='word_1_714' title='bbox 2350 3638 2516 3695; x_wconf 89' lang='lat' dir='ltr'><strong>opere</strong></span> <span class='ocrx_word' id='word_1_715' title='bbox 2540 3639 2641 3680; x_wconf 88' lang='lat' dir='ltr'><strong>suo</strong></span> <span class='ocrx_word' id='word_1_716' title='bbox 2677 3624 2752 3678; x_wconf 88' lang='lat' dir='ltr'><strong>ita</strong></span> <span class='ocrx_word' id='word_1_717' title='bbox 2781 3623 2927 3690; x_wconf 89' lang='lat' dir='ltr'><strong>lusit,</strong></span> <span class='ocrx_word' id='word_1_718' title='bbox 2955 3623 3140 3679; x_wconf 87' lang='lat' dir='ltr'><strong>dicens</strong></span> <span class='ocrx_word' id='word_1_719' title='bbox 3168 3641 3182 3677; x_wconf 90' lang='lat'><strong>:</strong></span> 
     </span>
    </p>
   </div>
   <div class='ocr_carea' id='block_1_94' title="bbox 2220 3760 3471 3826">
    <p class='ocr_par' dir='ltr' id='par_1_94' title="bbox 2220 3760 3471 3826">
     <span class='ocr_line' id='line_1_94' title="bbox 2220 3760 3471 3826; baseline -0.002 -10"><span class='ocrx_word' id='word_1_720' title='bbox 2220 3762 2536 3816; x_wconf 83' lang='lat' dir='ltr'><strong>Constituere</strong></span> <span class='ocrx_word' id='word_1_721' title='bbox 2555 3762 2698 3823; x_wconf 82' lang='lat' dir='ltr'><strong>duos,</strong></span> <span class='ocrx_word' id='word_1_722' title='bbox 2719 3761 2906 3826; x_wconf 71' lang='lat' dir='ltr'><strong>Juseph</strong></span> <span class='ocrx_word' id='word_1_723' title='bbox 2928 3764 3225 3826; x_wconf 80' lang='lat' dir='ltr'><strong>cognomine</strong></span> <span class='ocrx_word' id='word_1_724' title='bbox 3243 3760 3438 3813; x_wconf 70' lang='lat' dir='ltr'><strong>Justiti:</strong></span> <span class='ocrx_word' id='word_1_725' title='bbox 3455 3798 3471 3823; x_wconf 93' lang='lat'><strong>,</strong></span> 
     </span>
    </p>
   </div>
   <div class='ocr_carea' id='block_1_95' title="bbox 2221 3824 3584 3889">
    <p class='ocr_par' dir='ltr' id='par_1_95' title="bbox 2221 3824 3584 3889">
     <span class='ocr_line' id='line_1_95' title="bbox 2221 3824 3584 3889; baseline -0.004 -14"><span class='ocrx_word' id='word_1_726' title='bbox 2221 3826 2603 3889; x_wconf 55' lang='lat' dir='ltr'><strong>gauhismque,</strong></span> <span class='ocrx_word' id='word_1_727' title='bbox 2628 3826 2721 3877; x_wconf 85' lang='lat' dir='ltr'><strong>Dei</strong></span> <span class='ocrx_word' id='word_1_728' title='bbox 2746 3824 2949 3889; x_wconf 79' lang='lat' dir='ltr'><strong>parvum</strong></span> <span class='ocrx_word' id='word_1_729' title='bbox 2973 3824 3100 3889; x_wconf 83' lang='lat' dir='ltr'><strong>quod</strong></span> <span class='ocrx_word' id='word_1_730' title='bbox 3126 3835 3322 3882; x_wconf 89' lang='lat' dir='ltr'><strong>nomen,</strong></span> <span class='ocrx_word' id='word_1_731' title='bbox 3355 3830 3411 3872; x_wconf 91' lang='lat' dir='ltr'><strong>ut</strong></span> <span class='ocrx_word' id='word_1_732' title='bbox 3427 3826 3584 3889; x_wconf 75' lang='lat' dir='ltr'><strong>alunt,</strong></span> 
     </span>
    </p>
   </div>
   <div class='ocr_carea' id='block_1_96' title="bbox 2219 3884 3482 3950">
    <p class='ocr_par' dir='ltr' id='par_1_96' title="bbox 2219 3884 3482 3950">
     <span class='ocr_line' id='line_1_96' title="bbox 2219 3884 3482 3950; baseline -0.004 -13"><span class='ocrx_word' id='word_1_733' title='bbox 2219 3886 2435 3950; x_wconf 68' lang='lat' dir='ltr'><strong>ﬂebrmo</strong></span> <span class='ocrx_word' id='word_1_734' title='bbox 2456 3884 2689 3938; x_wconf 74' lang='lat' dir='ltr'><strong>sermone</strong></span> <span class='ocrx_word' id='word_1_735' title='bbox 2711 3884 2872 3950; x_wconf 80' lang='lat' dir='ltr'><strong>sonat,</strong></span> <span class='ocrx_word' id='word_1_736' title='bbox 2900 3884 3238 3950; x_wconf 76' lang='lat' dir='ltr'><strong>humilemque</strong></span> <span class='ocrx_word' id='word_1_737' title='bbox 3263 3885 3482 3935; x_wconf 81' lang='lat' dir='ltr'><strong>vocando</strong></span> 
     </span>
    </p>
   </div>
   <div class='ocr_carea' id='block_1_97' title="bbox 2219 3947 3548 4010">
    <p class='ocr_par' dir='ltr' id='par_1_97' title="bbox 2219 3947 3548 4010">
     <span class='ocr_line' id='line_1_97' title="bbox 2219 3947 3548 4010; baseline -0.005 -8"><span class='ocrx_word' id='word_1_738' title='bbox 2219 3947 2530 4010; x_wconf 74' lang='lat' dir='ltr'><strong>Comprobat.</strong></span> <span class='ocrx_word' id='word_1_739' title='bbox 2557 3950 2598 3998; x_wconf 89' lang='lat'>0</span> <span class='ocrx_word' id='word_1_740' title='bbox 2623 3947 2864 4010; x_wconf 77' lang='lat' dir='ltr'><strong>quantum</strong></span> <span class='ocrx_word' id='word_1_741' title='bbox 2882 3948 3063 3996; x_wconf 74' lang='lat' dir='ltr'><strong>distant</strong></span> <span class='ocrx_word' id='word_1_742' title='bbox 3089 3947 3297 4010; x_wconf 75' lang='lat' dir='ltr'><strong>humana</strong></span> <span class='ocrx_word' id='word_1_743' title='bbox 3314 3947 3548 4009; x_wconf 86' lang='lat' dir='ltr'><strong>supernis</strong></span> 
     </span>
    </p>
   </div>
   <div class='ocr_carea' id='block_1_98' title="bbox 2220 4006 3337 4069">
    <p class='ocr_par' dir='ltr' id='par_1_98' title="bbox 2220 4006 3337 4069">
     <span class='ocr_line' id='line_1_98' title="bbox 2220 4006 3337 4069; baseline -0.002 -10"><span class='ocrx_word' id='word_1_744' title='bbox 2220 4006 2452 4061; x_wconf 69' lang='lat' dir='ltr'><strong>Jndictisl</strong></span> <span class='ocrx_word' id='word_1_745' title='bbox 2478 4009 2620 4061; x_wconf 76' lang='lat' dir='ltr'><strong>Parvi</strong></span> <span class='ocrx_word' id='word_1_746' title='bbox 2642 4006 2824 4058; x_wconf 80' lang='lat' dir='ltr'><strong>merito</strong></span> <span class='ocrx_word' id='word_1_747' title='bbox 2846 4008 3209 4069; x_wconf 68' lang='lat' dir='ltr'><strong>transcenditur</strong></span> <span class='ocrx_word' id='word_1_748' title='bbox 3233 4006 3337 4069; x_wconf 83' lang='lat' dir='ltr'><strong>ille,</strong></span> 
     </span>
    </p>
   </div>
   <div class='ocr_carea' id='block_1_99' title="bbox 2219 4066 3626 4133">
    <p class='ocr_par' dir='ltr' id='par_1_99' title="bbox 2219 4066 3626 4133">
     <span class='ocr_line' id='line_1_99' title="bbox 2219 4066 3626 4133; baseline 0 -12"><span class='ocrx_word' id='word_1_749' title='bbox 2219 4071 2388 4121; x_wconf 82' lang='lat' dir='ltr'><strong>Laude</strong></span> <span class='ocrx_word' id='word_1_750' title='bbox 2413 4072 2661 4120; x_wconf 87' lang='lat' dir='ltr'><strong>hominum</strong></span> <span class='ocrx_word' id='word_1_751' title='bbox 2683 4073 2765 4131; x_wconf 86' lang='lat' dir='ltr'><strong>qui</strong></span> <span class='ocrx_word' id='word_1_752' title='bbox 2788 4072 2953 4133; x_wconf 82' lang='lat' dir='ltr'><strong>justus</strong></span> <span class='ocrx_word' id='word_1_753' title='bbox 2975 4066 3353 4133; x_wconf 57' lang='lat' dir='ltr'><strong>erat._Duoden&#39;a</strong></span> <span class='ocrx_word' id='word_1_754' title='bbox 3374 4068 3626 4133; x_wconf 80' lang='lat' dir='ltr'><strong>refulgent</strong></span> 
     </span>
    </p>
   </div>
   <div class='ocr_carea' id='block_1_100' title="bbox 2221 4128 3467 4196">
    <p class='ocr_par' dir='ltr' id='par_1_100' title="bbox 2221 4128 3467 4196">
     <span class='ocr_line' id='line_1_100' title="bbox 2221 4128 3467 4196; baseline -0.002 -13"><span class='ocrx_word' id='word_1_755' title='bbox 2221 4136 2370 4196; x_wconf 82' lang='lat' dir='ltr'><strong>Signa</strong></span> <span class='ocrx_word' id='word_1_756' title='bbox 2393 4133 2545 4192; x_wconf 87' lang='lat' dir='ltr'><strong>chori,</strong></span> <span class='ocrx_word' id='word_1_757' title='bbox 2572 4128 2819 4194; x_wconf 72' lang='lat' dir='ltr'><strong>terrisque</strong></span> <span class='ocrx_word' id='word_1_758' title='bbox 2837 4130 2984 4194; x_wconf 66' lang='lat' dir='ltr'><strong>iubar</strong></span> <span class='ocrx_word' id='word_1_759' title='bbox 2994 4128 3233 4193; x_wconf 77' lang='lat' dir='ltr'><strong>jaculatur</strong></span> <span class='ocrx_word' id='word_1_760' title='bbox 3254 4128 3467 4193; x_wconf 80' lang='lat' dir='ltr'><strong>Olympi.</strong></span> 
     </span>
    </p>
   </div>
   <div class='ocr_carea' id='block_1_101' title="bbox 2097 4252 3691 4325">
    <p class='ocr_par' dir='ltr' id='par_1_101' title="bbox 2097 4252 3691 4325">
     <span class='ocr_line' id='line_1_101' title="bbox 2097 4252 3691 4325; baseline -0.002 -12"><span class='ocrx_word' id='word_1_761' title='bbox 2097 4258 2166 4313; x_wconf 86' lang='lat' dir='ltr'><strong>Et</strong></span> <span class='ocrx_word' id='word_1_762' title='bbox 2204 4257 2532 4318; x_wconf 87' lang='lat' dir='ltr'><strong>notandum,</strong></span> <span class='ocrx_word' id='word_1_763' title='bbox 2557 4255 2701 4325; x_wconf 90' lang='lat' dir='ltr'><strong>quod</strong></span> <span class='ocrx_word' id='word_1_764' title='bbox 2735 4253 2984 4312; x_wconf 88' lang='lat' dir='ltr'><strong>Clemens</strong></span> <span class='ocrx_word' id='word_1_765' title='bbox 3018 4254 3397 4310; x_wconf 61' lang='lat' dir='ltr'><strong>Alexandrina:</strong></span> <span class='ocrx_word' id='word_1_766' title='bbox 3432 4252 3691 4311; x_wconf 64' lang='lat' dir='ltr'><strong>Ecclesiae</strong></span> 
     </span>
    </p>
   </div>
   <div class='ocr_carea' id='block_1_102' title="bbox 2098 4345 3687 4417">
    <p class='ocr_par' dir='ltr' id='par_1_102' title="bbox 2098 4345 3687 4417">
     <span class='ocr_line' id='line_1_102' title="bbox 2098 4345 3687 4417; baseline 0.001 -17"><span class='ocrx_word' id='word_1_767' title='bbox 2098 4347 2401 4417; x_wconf 89' lang='lat' dir='ltr'><strong>presbyter,</strong></span> <span class='ocrx_word' id='word_1_768' title='bbox 2430 4346 2512 4401; x_wconf 90' lang='lat' dir='ltr'><strong>vir</strong></span> <span class='ocrx_word' id='word_1_769' title='bbox 2532 4361 2630 4415; x_wconf 87' lang='lat' dir='ltr'><strong>per</strong></span> <span class='ocrx_word' id='word_1_770' title='bbox 2655 4346 2837 4401; x_wconf 87' lang='lat' dir='ltr'><strong>omnia</strong></span> <span class='ocrx_word' id='word_1_771' title='bbox 2862 4345 3228 4408; x_wconf 88' lang='lat' dir='ltr'><strong>doctissimus,</strong></span> <span class='ocrx_word' id='word_1_772' title='bbox 3262 4345 3452 4401; x_wconf 87' lang='lat' dir='ltr'><strong>ambos</strong></span> <span class='ocrx_word' id='word_1_773' title='bbox 3474 4345 3573 4400; x_wconf 87' lang='lat' dir='ltr'><strong>hos</strong></span> <span class='ocrx_word' id='word_1_774' title='bbox 3594 4348 3687 4415; x_wconf 90' lang='lat' dir='ltr'><strong>qui</strong></span> 
     </span>
    </p>
   </div>
   <div class='ocr_carea' id='block_1_103' title="bbox 2098 4439 3703 4514">
    <p class='ocr_par' dir='ltr' id='par_1_103' title="bbox 2098 4439 3703 4514">
     <span class='ocr_line' id='line_1_103' title="bbox 2098 4439 3703 4514; baseline -0.004 -16"><span class='ocrx_word' id='word_1_775' title='bbox 2098 4446 2167 4500; x_wconf 90' lang='lat' dir='ltr'><strong>ad</strong></span> <span class='ocrx_word' id='word_1_776' title='bbox 2193 4454 2397 4500; x_wconf 86' lang='lat' dir='ltr'><strong>sortem</strong></span> <span class='ocrx_word' id='word_1_777' title='bbox 2426 4442 2760 4514; x_wconf 87' lang='lat' dir='ltr'><strong>apostolatus</strong></span> <span class='ocrx_word' id='word_1_778' title='bbox 2793 4441 2980 4498; x_wconf 87' lang='lat' dir='ltr'><strong>statuti</strong></span> <span class='ocrx_word' id='word_1_779' title='bbox 3008 4450 3154 4509; x_wconf 88' lang='lat' dir='ltr'><strong>sunt,</strong></span> <span class='ocrx_word' id='word_1_780' title='bbox 3178 4440 3244 4496; x_wconf 86' lang='lat' dir='ltr'><strong>de</strong></span> <span class='ocrx_word' id='word_1_781' title='bbox 3267 4454 3495 4495; x_wconf 89' lang='lat' dir='ltr'><strong>numero</strong></span> <span class='ocrx_word' id='word_1_782' title='bbox 3518 4439 3703 4496; x_wconf 82' lang='lat' dir='ltr'><strong>fuisse.</strong></span> 
     </span>
    </p>
   </div>
   <div class='ocr_carea' id='block_1_104' title="bbox 2100 4535 3088 4611">
    <p class='ocr_par' dir='ltr' id='par_1_104' title="bbox 2100 4535 3088 4611">
     <span class='ocr_line' id='line_1_104' title="bbox 2100 4535 3088 4611; baseline -0.006 -16"><span class='ocrx_word' id='word_1_783' title='bbox 2100 4538 2443 4611; x_wconf 84' lang='lat' dir='ltr'><strong>septuaginta</strong></span> <span class='ocrx_word' id='word_1_784' title='bbox 2476 4537 2869 4607; x_wconf 88' lang='lat' dir='ltr'><strong>discipulorum</strong></span> <span class='ocrx_word' id='word_1_785' title='bbox 2899 4535 3088 4593; x_wconf 77' lang='lat' dir='ltr'><strong>refert.</strong></span> 
     </span>
    </p>
   </div>
   <div class='ocr_carea' id='block_1_105' title="bbox 2018 4592 3735 4703">
    <p class='ocr_par' dir='ltr' id='par_1_105' title="bbox 2018 4592 3735 4703">
     <span class='ocr_line' id='line_1_105' title="bbox 2018 4592 3735 4703; baseline 0.005 -18"><span class='ocrx_word' id='word_1_786' title='bbox 2018 4596 2127 4667; x_wconf 50' lang='lat' dir='ltr'><strong>D&#39;i</strong></span> <span class='ocrx_word' id='word_1_787' title='bbox 2163 4592 2403 4696; x_wconf 36' lang='lat' dir='ltr'><strong>rMarcius,</strong></span> <span class='ocrx_word' id='word_1_788' title='bbox 2431 4592 2665 4687; x_wconf 62' lang='lat' dir='ltr'><strong>excelsus</strong></span> <span class='ocrx_word' id='word_1_789' title='bbox 2688 4627 2965 4694; x_wconf 87' lang='lat' dir='ltr'><strong>mandato,</strong></span> <span class='ocrx_word' id='word_1_790' title='bbox 2990 4627 3178 4697; x_wconf 89' lang='lat' dir='ltr'><strong>utique</strong></span> <span class='ocrx_word' id='word_1_791' title='bbox 3202 4633 3424 4696; x_wconf 88' lang='lat' dir='ltr'><strong>propter</strong></span> <span class='ocrx_word' id='word_1_792' title='bbox 3442 4592 3688 4695; x_wconf 50' lang='lat' dir='ltr'><strong>EvahSe;</strong></span> <span class='ocrx_word' id='word_1_793' title='bbox 3726 4664 3735 4703; x_wconf 57' lang='grc' dir='ltr'>ξ</span> 
     </span>
    </p>
   </div>
   <div class='ocr_carea' id='block_1_106' title="bbox 2097 4710 3713 4792">
    <p class='ocr_par' dir='ltr' id='par_1_106' title="bbox 2097 4710 3713 4792">
     <span class='ocr_line' id='line_1_106' title="bbox 2097 4710 3713 4792; baseline -0.003 -13"><span class='ocrx_word' id='word_1_794' title='bbox 2097 4723 2230 4779; x_wconf 89' lang='lat' dir='ltr'><strong>lium</strong></span> <span class='ocrx_word' id='word_1_795' title='bbox 2256 4710 2545 4790; x_wconf 65' lang='grc' dir='ltr'><strong>Αιιίςέίωί,</strong></span> <span class='ocrx_word' id='word_1_796' title='bbox 2576 4722 2718 4791; x_wconf 88' lang='lat' dir='ltr'><strong>quod</strong></span> <span class='ocrx_word' id='word_1_797' title='bbox 2747 4718 3082 4792; x_wconf 68' lang='lat' dir='ltr'><strong>praedicavit.</strong></span> <span class='ocrx_word' id='word_1_798' title='bbox 3692 4750 3713 4787; x_wconf 67' lang='grc' dir='ltr'><strong>ι,</strong></span> 
     </span>
    </p>
   </div>
   <div class='ocr_carea' id='block_1_107' title="bbox 2164 4806 3689 4883">
    <p class='ocr_par' dir='ltr' id='par_1_107' title="bbox 2164 4806 3689 4883">
     <span class='ocr_line' id='line_1_107' title="bbox 2164 4806 3689 4883; baseline -0.005 -15"><span class='ocrx_word' id='word_1_799' title='bbox 2164 4813 2374 4879; x_wconf 77' lang='lat' dir='ltr'><strong>Lucas,</strong></span> <span class='ocrx_word' id='word_1_800' title='bbox 2402 4814 2513 4883; x_wconf 86' lang='lat' dir='ltr'><strong>ipse</strong></span> <span class='ocrx_word' id='word_1_801' title='bbox 2556 4827 2909 4881; x_wconf 82' lang='lat' dir='ltr'><strong>consurgens,</strong></span> <span class='ocrx_word' id='word_1_802' title='bbox 2954 4823 3046 4864; x_wconf 87' lang='lat' dir='ltr'><strong>seu</strong></span> <span class='ocrx_word' id='word_1_803' title='bbox 3075 4806 3184 4880; x_wconf 87' lang='lat' dir='ltr'><strong>ipse</strong></span> <span class='ocrx_word' id='word_1_804' title='bbox 3210 4807 3443 4869; x_wconf 83' lang='lat' dir='ltr'><strong>elevans.</strong></span> <span class='ocrx_word' id='word_1_805' title='bbox 3482 4806 3550 4865; x_wconf 82' lang='lat' dir='ltr'><strong>Hi</strong></span> <span class='ocrx_word' id='word_1_806' title='bbox 3580 4808 3689 4869; x_wconf 86' lang='lat' dir='ltr'><strong>duo</strong></span> 
     </span>
    </p>
   </div>
   <div class='ocr_carea' id='block_1_108' title="bbox 2097 4897 3687 4975">
    <p class='ocr_par' dir='ltr' id='par_1_108' title="bbox 2097 4897 3687 4975">
     <span class='ocr_line' id='line_1_108' title="bbox 2097 4897 3687 4975; baseline -0.003 -15"><span class='ocrx_word' id='word_1_807' title='bbox 2097 4904 2473 4975; x_wconf 68' lang='lat' dir='ltr'><strong>Evangelisue,</strong></span> <span class='ocrx_word' id='word_1_808' title='bbox 2499 4904 2603 4958; x_wconf 90' lang='lat' dir='ltr'><strong>hoc</strong></span> <span class='ocrx_word' id='word_1_809' title='bbox 2622 4911 2729 4967; x_wconf 90' lang='lat' dir='ltr'><strong>est,</strong></span> <span class='ocrx_word' id='word_1_810' title='bbox 2756 4901 2970 4956; x_wconf 80' lang='lat' dir='ltr'><strong>Marcus</strong></span> <span class='ocrx_word' id='word_1_811' title='bbox 3007 4907 3064 4954; x_wconf 90' lang='lat' dir='ltr'><strong>et</strong></span> <span class='ocrx_word' id='word_1_812' title='bbox 3102 4898 3277 4955; x_wconf 88' lang='lat' dir='ltr'><strong>Lucas</strong></span> <span class='ocrx_word' id='word_1_813' title='bbox 3294 4938 3311 4963; x_wconf 93' lang='lat'><strong>,</strong></span> <span class='ocrx_word' id='word_1_814' title='bbox 3334 4913 3476 4955; x_wconf 88' lang='lat' dir='ltr'><strong>unus</strong></span> <span class='ocrx_word' id='word_1_815' title='bbox 3498 4914 3565 4955; x_wconf 79' lang='lat' dir='ltr'><strong>ex</strong></span> <span class='ocrx_word' id='word_1_816' title='bbox 3588 4897 3687 4957; x_wconf 90' lang='lat' dir='ltr'><strong>Ju-</strong></span> 
     </span>
    </p>
   </div>
   <div class='ocr_carea' id='block_1_109' title="bbox 2099 4986 3733 5061">
    <p class='ocr_par' dir='ltr' id='par_1_109' title="bbox 2099 4986 3733 5061">
     <span class='ocr_line' id='line_1_109' title="bbox 2099 4986 3733 5061; baseline -0.007 -10"><span class='ocrx_word' id='word_1_817' title='bbox 2099 4995 2248 5059; x_wconf 78' lang='lat' dir='ltr'><strong>daeis,</strong></span> <span class='ocrx_word' id='word_1_818' title='bbox 2288 4994 2425 5049; x_wconf 89' lang='lat' dir='ltr'><strong>alter</strong></span> <span class='ocrx_word' id='word_1_819' title='bbox 2460 5008 2529 5049; x_wconf 79' lang='lat' dir='ltr'><strong>ex</strong></span> <span class='ocrx_word' id='word_1_820' title='bbox 2576 4992 2888 5049; x_wconf 88' lang='lat' dir='ltr'><strong>nationibus</strong></span> <span class='ocrx_word' id='word_1_821' title='bbox 2930 4989 3172 5055; x_wconf 89' lang='lat' dir='ltr'><strong>electus,</strong></span> <span class='ocrx_word' id='word_1_822' title='bbox 3209 4986 3523 5061; x_wconf 78' lang='lat' dir='ltr'><strong>signiﬁcant</strong></span> <span class='ocrx_word' id='word_1_823' title='bbox 3552 4988 3687 5044; x_wconf 89' lang='lat' dir='ltr'><strong>duos</strong></span> <span class='ocrx_word' id='word_1_824' title='bbox 3726 5030 3733 5039; x_wconf 92' lang='lat'><strong>.</strong></span> 
     </span>
    </p>
   </div>
   <div class='ocr_carea' id='block_1_110' title="bbox 2097 5076 3683 5155">
    <p class='ocr_par' dir='ltr' id='par_1_110' title="bbox 2097 5076 3683 5155">
     <span class='ocr_line' id='line_1_110' title="bbox 2097 5076 3683 5155; baseline -0.006 -13"><span class='ocrx_word' id='word_1_825' title='bbox 2097 5085 2316 5142; x_wconf 88' lang='lat' dir='ltr'><strong>ordines</strong></span> <span class='ocrx_word' id='word_1_826' title='bbox 2343 5084 2799 5155; x_wconf 66' lang='lat' dir='ltr'><strong>praedicatorum,</strong></span> <span class='ocrx_word' id='word_1_827' title='bbox 2826 5081 2931 5136; x_wconf 90' lang='lat' dir='ltr'><strong>hoc</strong></span> <span class='ocrx_word' id='word_1_828' title='bbox 2973 5089 3087 5146; x_wconf 89' lang='lat' dir='ltr'><strong>est,</strong></span> <span class='ocrx_word' id='word_1_829' title='bbox 3138 5094 3306 5134; x_wconf 91' lang='lat' dir='ltr'><strong>unum</strong></span> <span class='ocrx_word' id='word_1_830' title='bbox 3338 5093 3407 5133; x_wconf 79' lang='lat' dir='ltr'><strong>ex</strong></span> <span class='ocrx_word' id='word_1_831' title='bbox 3448 5076 3683 5144; x_wconf 65' lang='lat' dir='ltr'><strong>Judaeis,</strong></span> 
     </span>
    </p>
   </div>
   <div class='ocr_carea' id='block_1_111' title="bbox 2098 5170 3729 5248">
    <p class='ocr_par' dir='ltr' id='par_1_111' title="bbox 2098 5170 3729 5248">
     <span class='ocr_line' id='line_1_111' title="bbox 2098 5170 3729 5248; baseline -0.005 -15"><span class='ocrx_word' id='word_1_832' title='bbox 2098 5178 2329 5236; x_wconf 85' lang='lat' dir='ltr'><strong>alterum</strong></span> <span class='ocrx_word' id='word_1_833' title='bbox 2355 5192 2424 5232; x_wconf 72' lang='lat' dir='ltr'><strong>ex</strong></span> <span class='ocrx_word' id='word_1_834' title='bbox 2448 5175 2697 5248; x_wconf 89' lang='lat' dir='ltr'><strong>gentibus</strong></span> <span class='ocrx_word' id='word_1_835' title='bbox 2729 5174 2796 5229; x_wconf 88' lang='lat' dir='ltr'><strong>ad</strong></span> <span class='ocrx_word' id='word_1_836' title='bbox 2826 5172 3229 5244; x_wconf 80' lang='lat' dir='ltr'><strong>praedicandum</strong></span> <span class='ocrx_word' id='word_1_837' title='bbox 3252 5170 3603 5241; x_wconf 85' lang='lat' dir='ltr'><strong>Evangelium</strong></span> <span class='ocrx_word' id='word_1_838' title='bbox 3629 5171 3683 5225; x_wconf 92' lang='lat' dir='ltr'><strong>in</strong></span> <span class='ocrx_word' id='word_1_839' title='bbox 3724 5212 3729 5231; x_wconf 56' lang='grc' dir='ltr'><em>ε</em></span> 
     </span>
    </p>
   </div>
   <div class='ocr_carea' id='block_1_112' title="bbox 2100 5261 3691 5335">
    <p class='ocr_par' dir='ltr' id='par_1_112' title="bbox 2100 5261 3691 5335">
     <span class='ocr_line' id='line_1_112' title="bbox 2100 5261 3691 5335; baseline -0.004 -10"><span class='ocrx_word' id='word_1_840' title='bbox 2100 5278 2211 5327; x_wconf 84' lang='lat' dir='ltr'><strong>toto</strong></span> <span class='ocrx_word' id='word_1_841' title='bbox 2238 5270 2369 5327; x_wconf 88' lang='lat' dir='ltr'><strong>orbe</strong></span> <span class='ocrx_word' id='word_1_842' title='bbox 2399 5267 2656 5325; x_wconf 88' lang='lat' dir='ltr'><strong>directos.</strong></span> <span class='ocrx_word' id='word_1_843' title='bbox 2679 5266 2779 5333; x_wconf 82' lang='lat' dir='ltr'><strong>Qui</strong></span> <span class='ocrx_word' id='word_1_844' title='bbox 2812 5264 2976 5319; x_wconf 89' lang='lat' dir='ltr'><strong>etiam</strong></span> <span class='ocrx_word' id='word_1_845' title='bbox 3001 5262 3298 5335; x_wconf 88' lang='lat' dir='ltr'><strong>principem</strong></span> <span class='ocrx_word' id='word_1_846' title='bbox 3322 5261 3691 5332; x_wconf 73' lang='lat' dir='ltr'><strong>apostolorum,</strong></span> 
     </span>
    </p>
   </div>
   <div class='ocr_carea' id='block_1_113' title="bbox 2098 5349 3729 5433">
    <p class='ocr_par' dir='ltr' id='par_1_113' title="bbox 2098 5349 3729 5433">
     <span class='ocr_line' id='line_1_113' title="bbox 2098 5349 3729 5433; baseline -0.006 -15"><span class='ocrx_word' id='word_1_847' title='bbox 2098 5370 2153 5418; x_wconf 90' lang='lat' dir='ltr'><strong>et</strong></span> <span class='ocrx_word' id='word_1_848' title='bbox 2181 5362 2500 5433; x_wconf 90' lang='lat' dir='ltr'><strong>magistrum</strong></span> <span class='ocrx_word' id='word_1_849' title='bbox 2521 5358 2763 5433; x_wconf 87' lang='lat' dir='ltr'><strong>gentium</strong></span> <span class='ocrx_word' id='word_1_850' title='bbox 2785 5355 2954 5411; x_wconf 88' lang='lat' dir='ltr'><strong>secuti</strong></span> <span class='ocrx_word' id='word_1_851' title='bbox 2992 5363 3117 5409; x_wconf 90' lang='lat' dir='ltr'><strong>sunt</strong></span> <span class='ocrx_word' id='word_1_852' title='bbox 3142 5371 3156 5407; x_wconf 88' lang='lat'><strong>:</strong></span> <span class='ocrx_word' id='word_1_853' title='bbox 3188 5351 3441 5407; x_wconf 88' lang='lat' dir='ltr'><strong>videlicet</strong></span> <span class='ocrx_word' id='word_1_854' title='bbox 3472 5349 3685 5431; x_wconf 73' lang='lat' dir='ltr'><strong>Marcus</strong></span> <span class='ocrx_word' id='word_1_855' title='bbox 3724 5408 3729 5417; x_wconf 76' lang='grc'><em>,</em></span> 
     </span>
    </p>
   </div>
   <div class='ocr_carea' id='block_1_114' title="bbox 2096 5443 3725 5522">
    <p class='ocr_par' dir='ltr' id='par_1_114' title="bbox 2096 5443 3725 5522">
     <span class='ocr_line' id='line_1_114' title="bbox 2096 5443 3725 5522; baseline -0.006 -14"><span class='ocrx_word' id='word_1_856' title='bbox 2096 5453 2335 5517; x_wconf 76' lang='lat' dir='ltr'><strong>Petrum,</strong></span> <span class='ocrx_word' id='word_1_857' title='bbox 2361 5452 2449 5508; x_wconf 91' lang='lat' dir='ltr'><strong>cui</strong></span> <span class='ocrx_word' id='word_1_858' title='bbox 2470 5449 2800 5522; x_wconf 88' lang='lat' dir='ltr'><strong>apostolatus</strong></span> <span class='ocrx_word' id='word_1_859' title='bbox 2819 5447 3093 5517; x_wconf 89' lang='lat' dir='ltr'><strong>delegatus</strong></span> <span class='ocrx_word' id='word_1_860' title='bbox 3114 5451 3199 5500; x_wconf 90' lang='lat' dir='ltr'><strong>est</strong></span> <span class='ocrx_word' id='word_1_861' title='bbox 3217 5443 3680 5515; x_wconf 80' lang='lat' dir='ltr'><strong>circumcisionis:</strong></span> <span class='ocrx_word' id='word_1_862' title='bbox 3720 5494 3725 5505; x_wconf 83' lang='lat'>.</span> 
     </span>
    </p>
   </div>
   <div class='ocr_carea' id='block_1_115' title="bbox 2096 5533 3680 5609">
    <p class='ocr_par' dir='ltr' id='par_1_115' title="bbox 2096 5533 3680 5609">
     <span class='ocr_line' id='line_1_115' title="bbox 2096 5533 3680 5609; baseline -0.009 -10"><span class='ocrx_word' id='word_1_863' title='bbox 2096 5555 2153 5600; x_wconf 90' lang='lat' dir='ltr'><strong>et</strong></span> <span class='ocrx_word' id='word_1_864' title='bbox 2178 5543 2352 5600; x_wconf 87' lang='lat' dir='ltr'><strong>Lucas</strong></span> <span class='ocrx_word' id='word_1_865' title='bbox 2393 5541 2620 5597; x_wconf 87' lang='lat' dir='ltr'><strong>Paulum</strong></span> <span class='ocrx_word' id='word_1_866' title='bbox 2642 5581 2658 5607; x_wconf 95' lang='lat'><strong>,</strong></span> <span class='ocrx_word' id='word_1_867' title='bbox 2690 5539 2784 5609; x_wconf 88' lang='lat' dir='ltr'><strong>qui</strong></span> <span class='ocrx_word' id='word_1_868' title='bbox 2811 5537 3003 5593; x_wconf 91' lang='lat' dir='ltr'><strong>doctor</strong></span> <span class='ocrx_word' id='word_1_869' title='bbox 3042 5544 3103 5592; x_wconf 74' lang='lat' dir='ltr'><strong>et</strong></span> <span class='ocrx_word' id='word_1_870' title='bbox 3139 5534 3399 5605; x_wconf 85' lang='lat' dir='ltr'><strong>magister</strong></span> <span class='ocrx_word' id='word_1_871' title='bbox 3439 5533 3680 5602; x_wconf 88' lang='lat' dir='ltr'><strong>gentium</strong></span> 
     </span>
    </p>
   </div>
   <div class='ocr_carea' id='block_1_116' title="bbox 2098 5623 3680 5704">
    <p class='ocr_par' dir='ltr' id='par_1_116' title="bbox 2098 5623 3680 5704">
     <span class='ocr_line' id='line_1_116' title="bbox 2098 5623 3680 5704; baseline -0.01 -12"><span class='ocrx_word' id='word_1_872' title='bbox 2098 5637 2197 5692; x_wconf 79' lang='lat' dir='ltr'><strong>fuit</strong></span> <span class='ocrx_word' id='word_1_873' title='bbox 2216 5655 2229 5691; x_wconf 90' lang='lat'><strong>:</strong></span> <span class='ocrx_word' id='word_1_874' title='bbox 2257 5637 2335 5691; x_wconf 87' lang='lat' dir='ltr'><strong>ita</strong></span> <span class='ocrx_word' id='word_1_875' title='bbox 2358 5644 2418 5689; x_wconf 89' lang='lat' dir='ltr'><strong>ut</strong></span> <span class='ocrx_word' id='word_1_876' title='bbox 2437 5644 2667 5704; x_wconf 91' lang='lat' dir='ltr'><strong>uterque</strong></span> <span class='ocrx_word' id='word_1_877' title='bbox 2689 5629 2937 5701; x_wconf 88' lang='lat' dir='ltr'><strong>magistri</strong></span> <span class='ocrx_word' id='word_1_878' title='bbox 2962 5628 3044 5683; x_wconf 89' lang='lat' dir='ltr'><strong>sui</strong></span> <span class='ocrx_word' id='word_1_879' title='bbox 3065 5627 3170 5682; x_wconf 90' lang='lat' dir='ltr'><strong>rite</strong></span> <span class='ocrx_word' id='word_1_880' title='bbox 3188 5634 3410 5683; x_wconf 87' lang='lat' dir='ltr'><strong>secutus</strong></span> <span class='ocrx_word' id='word_1_881' title='bbox 3428 5623 3680 5694; x_wconf 86' lang='lat' dir='ltr'><strong>vestigia,</strong></span> 
     </span>
    </p>
   </div>
   <div class='ocr_carea' id='block_1_117' title="bbox 2098 5717 3655 5797">
    <p class='ocr_par' dir='ltr' id='par_1_117' title="bbox 2098 5717 3655 5797">
     <span class='ocr_line' id='line_1_117' title="bbox 2098 5717 3655 5797; baseline -0.014 -12"><span class='ocrx_word' id='word_1_882' title='bbox 2098 5727 2385 5785; x_wconf 86' lang='lat' dir='ltr'><strong>ministerii</strong></span> <span class='ocrx_word' id='word_1_883' title='bbox 2414 5725 2499 5780; x_wconf 89' lang='lat' dir='ltr'><strong>sui</strong></span> <span class='ocrx_word' id='word_1_884' title='bbox 2529 5725 2685 5794; x_wconf 88' lang='lat' dir='ltr'><strong>digne</strong></span> <span class='ocrx_word' id='word_1_885' title='bbox 2707 5720 2949 5791; x_wconf 73' lang='lat' dir='ltr'><strong>expleret</strong></span> <span class='ocrx_word' id='word_1_886' title='bbox 2975 5717 3231 5772; x_wconf 78' lang='lat' dir='ltr'><strong>ollicium.</strong></span> <span class='ocrx_word' id='word_1_887' title='bbox 3578 5776 3581 5787; x_wconf 19' lang='lat'><strong>’</strong></span> <span class='ocrx_word' id='word_1_888' title='bbox 3608 5772 3611 5779; x_wconf 86' lang='lat'><em>_</em></span> <span class='ocrx_word' id='word_1_889' title='bbox 3646 5750 3655 5797; x_wconf 41' lang='grc' dir='ltr'>ξ</span> 
     </span>
    </p>
   </div>
   <div class='ocr_carea' id='block_1_118' title="bbox 2171 5805 3727 5885">
    <p class='ocr_par' dir='ltr' id='par_1_118' title="bbox 2171 5805 3727 5885">
     <span class='ocr_line' id='line_1_118' title="bbox 2171 5805 3727 5885; baseline -0.008 -9"><span class='ocrx_word' id='word_1_890' title='bbox 2171 5820 2464 5881; x_wconf 84' lang='lat' dir='ltr'><strong>Barnabas,</strong></span> <span class='ocrx_word' id='word_1_891' title='bbox 2490 5810 2973 5885; x_wconf 71' lang='lat' dir='ltr'><strong>ﬁliuspropltetite,</strong></span> <span class='ocrx_word' id='word_1_892' title='bbox 3000 5810 3085 5865; x_wconf 87' lang='lat' dir='ltr'><strong>vel</strong></span> <span class='ocrx_word' id='word_1_893' title='bbox 3112 5809 3259 5879; x_wconf 70' lang='lat' dir='ltr'><strong>ﬁlius</strong></span> <span class='ocrx_word' id='word_1_894' title='bbox 3280 5805 3677 5882; x_wconf 76' lang='lat' dir='ltr'><strong>consolationis,</strong></span> <span class='ocrx_word' id='word_1_895' title='bbox 3718 5860 3727 5873; x_wconf 19' lang='grc' dir='ltr'><strong>,μ</strong></span> 
     </span>
    </p>
   </div>
  </div>
