4074 6316
467 379 534 451 ﬁt

1104 378 1166 432 B.
1204 375 1454 432 RABANI
1495 372 1716 440 ωυιιι
1747 364 2046 438 ΑΒΟΗΙΕΡ

2148 361 2416 431 [ορυΝΤ.
2453 358 2740 432 orEItuu
2775 357 2957 417 rans
2991 358 3058 415 ιι.

3663 358 3755 426 92

469 504 554 556 εει
579 515 591 548 :
621 492 747 568 quia
779 491 905 558 dum
926 491 1155 564 quisque
1182 497 1464 560 peceattun
1483 495 1650 552 amat,
1680 483 1915 542 futuram
1938 481 2046 552 glo—
2072 481 2126 540 A
2147 478 2401 537 ostendit.
2422 475 2596 531 Antea
2629 481 2809 530 autem
2833 471 3122 544 pontiﬁces
3150 479 3205 528 et
3223 483 3378 544 reges
3399 480 3576 529 erant.
3605 471 3744 530 Nam

469 587 608 652 riam
662 600 771 652 non
815 593 1016 666 sperat.
1060 580 1308 638 Charitas
1359 580 1577 647 Greece,
1611 577 1800 638 Latine
1840 574 2048 629 dilectio

469 679 875 750 interpretatur,
909 675 1050 748 quod
1087 675 1222 730 duos
1251 675 1302 729 in
1335 689 1391 729 se
1420 673 1568 742 liget.
1597 671 1731 726 Nam
1767 668 1983 724 dilectio
2019 681 2048 719 a

467 771 680 842 duobus
725 769 915 837 incipit
943 787 954 820 :
985 769 1137 840 quod
1174 775 1255 822 est
1291 781 1444 820 amor
1469 765 1566 820 Dei
1599 773 1652 820 et
1691 763 1944 836 proximi.
1975 761 2050 822 Dc

469 879 575 944 qua
614 859 904 934 Apostolus
945 857 1124 942 (Itoni.
1173 861 1290 928 xm)
1314 876 1324 909 :
1350 855 1659 921 Plenitudo,
1693 853 1896 924 inquit,
1927 852 2054 924 legis

467 965 541 1010 es!
575 953 804 1018 dilectio.
837 951 1009 1020 Major
1038 959 1216 1005 autem
1245 958 1328 1004 est
1357 949 1471 1004 haec
1493 948 1742 1006 omnibus
1767 963 1780 1000 :
1813 946 1937 1025 quia
1961 944 2052 1019 qui

469 1043 664 1116 diligit,
696 1049 750 1108 et
777 1041 951 1096 credit
993 1048 1046 1094 et
1091 1047 1294 1110 sperat,
1335 1039 1426 1108 qui
1462 1047 1638 1091 autem
1681 1052 1784 1090 non
1830 1035 2043 1105 diligit;

465 1133 712 1206 quamvis
739 1133 902 1186 multa
931 1131 1144 1186 dilectio
1166 1129 1400 1184 carnalis
1425 1145 1531 1181 non
1563 1125 1726 1182 faciat
1746 1127 1906 1200 bona,
1942 1125 2052 1180 fru-

465 1233 576 1281 stra
603 1225 832 1282 laborat.
855 1221 1041 1284 Omnis
1071 1232 1252 1283 autem
1281 1220 1523 1286 dilectio,
1554 1219 1648 1274 sed
1684 1219 1854 1287 magis
1897 1233 2052 1270 amor

465 1316 570 1371 dici
599 1315 754 1370 solet.
778 1313 1096 1373 Dilectionis
1121 1321 1302 1372 autem
1334 1326 1528 1369 nomen
1556 1317 1765 1364 tantum
1790 1309 1842 1363 in
1868 1309 2052 1363 melio-

464 1408 616 1474 ribus
642 1409 804 1470 rebus
833 1407 1002 1476 accipi
1034 1405 1187 1460 solet.
1241 1403 1352 1459 Sub
1396 1402 1650 1458 Ecclesiae
1693 1409 1870 1455 autem
1897 1415 2052 1463 voca-

464 1501 590 1558 bulo
633 1499 911 1560 distinetio
953 1481 1199 1568 quaedam
1245 1495 1551 1566 reperitur:
1580 1495 1654 1548 ita
1693 1501 1753 1548 ut
1786 1492 1840 1562 in
1884 1492 2050 1547 sacris

459 1591 742 1664 ordinibus
773 1599 828 1644 et
853 1591 909 1644 in
937 1587 1262 1662 quibusdam
1304 1583 1730 1657 professionibus
1765 1581 1949 1639 ﬁdeles
1981 1582 2049 1638 ab

461 1683 692 1746 invicem
721 1682 941 1747 distent.

1077 1769 1306 1839 CAPUT
1343 1769 1410 1826 ν.

1089 1860 1166 1926 De
1183 1860 1410 1928 clericis.

529 1955 669 2018 Cleri
719 1963 776 2010 et
831 1952 1020 2010 clerici
1077 1951 1205 2008 hinc
1265 1949 1562 2032 appellati,
1622 1949 1749 2020 quia
1793 1945 2046 2004 Matthias

459 2059 606 2106 sorte
637 2049 850 2119 electus'
871 2057 976 2116 est,
1010 2063 1170 2127 quem
1207 2045 1444 2123 primum
1484 2059 1579 2121 per
1614 2043 1886 2119 apostolos
1910 2041 2046 2114 legi-

456 2160 579 2200 mus
603 2158 723 2208 esse
751 2143 1081 2206 ordinatum.
1100 2139 1278 2206 Cieros
1299 2140 1441 2204 enim
1465 2137 1673 2201 Grzece,
1696 2155 1809 2191 sors
1831 2137 1918 2192 vel
1939 2138 2048 2194 ha:-

455 2235 651 2300 redita;
675 2233 891 2292 dicitur.
919 2233 1215 2304 Propterea
1249 2246 1382 2301 ergo
1429 2229 1560 2284 dicti
1584 2229 1800 2293 clerici,
1833 2228 1958 2298 quia
1981 2227 2048 2282 de

455 2335 600 2380 sorte
629 2333 756 2380 sunt
774 2323 1022 2386 Domini:
1056 2323 1141 2384 vel
1172 2322 1317 2392 quod
1345 2319 1557 2375 Domini
1583 2329 1792 2398 partem
1818 2319 2040 2378 habent.

455 2419 791 2475 Generaliter
827 2428 1004 2471 autem
1046 2414 1230 2472 clerici
1276 2419 1659 2484 nuncupantur
1701 2426 1922 2476 omnes,
1953 2411 2044 2486 qui

458 2511 516 2567 in
553 2510 796 2568 Ecclesia
850 2507 1056 2568 Christi
1106 2505 1436 2562 deserviunt.
1479 2503 1719 2582 Quorum
1757 2503 1955 2576 gradus
1993 2512 2047 2558 et

462 2602 682 2659 nomina
733 2601 851 2657 haec
909 2608 1036 2657 sunt
1091 2617 1103 2652 :
1153 2596 1442 2662 ostiarius,
1496 2595 1808 2671 psalmista,
1852 2593 2040 2658 lector,

456 2695 747 2758 exoreista,
794 2691 1106 2763 acolythus,
1146 2689 1529 2744 subdiaconus.
1576 2687 1876 2753 Diaconus,
1927 2701 2046 2758 pre-

456 2783 660 2856 sbyter,
689 2783 994 2854 episc0pus.
1023 2779 1168 2837 Ordo
1204 2780 1580 2862 episcoporum
1615 2778 2044 2848 quadripartitus

399 2893 414 2903 ·
452 2885 557 2940 εει,
588 2875 641 2930 id
671 2881 773 2939 cst,
812 2874 866 2927 in
899 2871 1248 2942 patriarcbis,
1297 2869 1742 2942 archiepiscopis,
1779 2878 2046 2939 metropo-

459 2965 670 3032 litanis,
717 2973 880 3039 atque
923 2962 1210 3039 episcopis.
1249 2960 1564 3031 Patriarclia
1621 2975 1794 3032 graeca
1841 2960 2042 3034 lingua,

453 3076 688 3116 summus
739 3067 972 3129 patrum,
1024 3058 1414 3132 interpretatur
1465 3073 1476 3108 :
1534 3055 1660 3126 quia
1706 3057 1962 3133 primum,
1991 3057 2044 3121 id

2151 569 2414 639 majorum
2443 578 2559 623 erat
2589 568 2708 622 lucc
2744 565 3096 629 consuetudo,
3139 572 3199 618 ut
3253 578 3348 618 rex
3386 571 3532 619 esset
3570 565 3742 622 etiam

2153 663 2405 718 sacerdos
2431 659 2514 715 vel
2539 656 2802 729 pontifex.
2835 653 2989 712 Unde
3028 662 3084 709 et
3129 654 3340 709 romani
3375 654 3743 725 imperatores

2151 751 2435 824 pontiﬁces
2460 747 2796 805 dicebantur.

2223 841 2386 895 Vates
2438 855 2469 894 a
2507 839 2560 894 vi
2612 837 2810 891 mentis
2873 832 3147 906 appellati.
3192 833 3360 904 Cujus
3413 835 3746 907 signiﬁcatio

2154 931 2430 1001 multiplex
2483 938 2584 986 est.
2643 930 2774 983 Nam
2806 928 2967 983 modo
2998 927 3359 994 sacerdotem,
3409 929 3572 986 modo
3612 945 3744 1000 pro-

2151 1027 2370 1096 phetam
2395 1023 2680 1094 signiﬁcat,
2704 1021 2866 1076 modo
2888 1028 3101 1090 poet-am
3131 1017 3423 1092 signiﬁcat.

2223 1116 2462 1172 Antistes
2507 1114 2760 1169 sacerdos
2815 1112 2988 1166 dictus
3044 1111 3110 1166 ab
3140 1125 3224 1176 eo,
3265 1110 3408 1180 quod
3454 1117 3584 1166 ante
3609 1118 3738 1166 stat.

2153 1205 2368 1262 Primus
2388 1213 2472 1262 est
2499 1205 2645 1260 enim
2679 1205 2734 1271 in
2757 1203 2946 1259 ordine
2963 1201 3228 1267 ecclesiae,
3259 1210 3314 1257 et
3349 1217 3511 1278 supra
3534 1217 3593 1259 se
3621 1203 3746 1258 nul-

2153 1296 2262 1351 lum
2309 1296 2489 1352 habet.

2226 1388 2489 1444 Sacerdos
2501 1386 2890 1451 autem'nomen
2912 1384 3076 1449 habet
3093 1383 3450 1456 compositum
3471 1399 3537 1440 ex
3551 1383 3747 1441 Graeco

2153 1490 2208 1537 et
2236 1479 2450 1548 Latino,
2475 1480 2628 1552 quasi
2673 1493 2882 1544 sacrum
2913 1477 3068 1532 dans.
3100 1475 3254 1532 Sicut
3286 1476 3432 1531 enim
3463 1491 3560 1530 rex
3586 1491 3619 1530 a
3659 1492 3748 1532 re-

2151 1575 2345 1648 gendo,
2423 1575 2496 1629 ita
2549 1574 2803 1646 sacerdos
2849 1587 2882 1626 a
2928 1569 3321 1645 sanctiﬁcapdo
3370 1580 3598 1626 vocatus
3633 1579 3738 1626 est.

2153 1665 2448 1734 Consecrat
2490 1666 2630 1720 enim
2683 1671 2738 1720 et
2799 1662 3120 1718 sanctiﬁcat.
3179 1661 3502 1718 Sacerdotes
3557 1669 3742 1717 autem

2154 1757 2433 1829 gentilium
2475 1755 2720 1824 ﬂamines
2754 1756 3088 1818 dicebantur.
3113 1755 3153 1809 li
3195 1753 3252 1815 in
3273 1755 3449 1826 capite
3470 1754 3746 1810 habebant

2073 1839 2122 1900 Β
2148 1849 2372 1920 pilcum,
2412 1849 2468 1903 in
2511 1865 2618 1922 quo
2671 1855 2791 1907 erat
2825 1849 3007 1903 brevis
3051 1847 3201 1918 virga
3246 1845 3479 1915 desuper
3529 1847 3741 1908 habens

2149 1941 2286 2010 lanae
2329 1941 2552 2017 aliquid.
2603 1940 2754 2020 Quod
2783 1956 2908 2010 cum
2936 1954 3033 2012 per
3061 1946 3253 1996 aestum
3296 1936 3442 1992 ferre
3477 1952 3585 1992 non
3616 1955 3744 2010 pos-

2150 2044 2272 2090 sent
2322 2053 2336 2088 :
2391 2035 2480 2090 ﬁlo
2532 2041 2741 2100 tantum
2772 2032 2954 2102 capita
2998 2030 3229 2110 religare
3269 2035 3573 2106 coeperunt.
3605 2027 3743 2084 Nam

2147 2125 2308 2180 nudis
2346 2125 2562 2196 penitus
2618 2139 2712 2192 eos
2761 2123 3024 2193 capitibus
3089 2121 3340 2181 incedere
3392 2119 3544 2175 nefas
3591 2130 3732 2174 erat.

2149 2217 2305 2274 Unde
2329 2234 2360 2274 a
2391 2217 2501 2284 ﬁlo,
2531 2233 2637 2288 quo,
2658 2216 2968 2282 utebantur,
2987 2214 3228 2286 ﬂamines
3257 2213 3386 2268 dicti
3411 2220 3556 2279 sunt,
3580 2212 3736 2286 quasi

2147 2313 2429 2382 ﬁlamines.
2487 2313 2687 2370 Verum
2730 2311 2882 2366 festis
2921 2309 3109 2376 diebus
3140 2307 3228 2363 ﬁlo
3259 2307 3500 2395 deposito
3540 2305 3740 2378 pileum

2149 2403 2498 2472 imponebant
2517 2418 2614 2474 pro
2644 2400 2930 2458 sacerdotii
2961 2397 3278 2459 eminentia.

2218 2493 2508 2580 Presbyter
2526 2494 2732 2560 (ἔπι-ηερε,
2755 2494 2943 2563 Latine
2968 2493 3164 2560 senior,
3185 2493 3574 2566 interpretatur
3593 2509 3607 2549 ι
3625 2508 3738 2550 non

2147 2602 2246 2658 pro
2287 2595 2446 2647 vetate
2475 2586 2560 2647 vel
2589 2587 2862 2658 decrepita
2909 2593 3188 2642 senectute
3220 2602 3234 2638 :
3266 2584 3360 2640 sed
3388 2591 3612 2656 propter
3635 2585 3735 2639 ho-

2147 2695 2335 2748 norent
2375 2689 2430 2734 et
2455 2680 2790 2752 dignitatem,
2839 2695 3004 2753 quam
3045 2685 3384 2762 acceperunt,
3432 2678 3737 2752 presbyteri

2147 2773 2513 2831 nominantur.
2549 2771 2705 2830 Unde
2726 2779 2780 2826 et
2807 2772 2948 2844 apud
2978 2780 3189 2827 veteres
3229 2771 3392 2827 iidem
3421 2779 3475 2827 et
3495 2771 3740 2842 episc0pi

2147 2872 2204 2919 et
2229 2863 2532 2938 presbyteri
2577 2862 2796 2921 fuerunt
2826 2877 2840 2916 :
2871 2863 3000 2942 quia
3035 2862 3162 2923 illud
3205 2878 3401 2930 nomen
3457 2862 3736 2934 dignitatis
3801 2891 3818 2898 -

2146 2966 2250 3024 est,
2304 2958 2407 3016 hoc
2453 2957 2648 3014 aetatis.
2697 2955 2822 3012 Ideo
2864 2963 3044 3012 autem
3072 2956 3378 3038 presbyteri
3429 2955 3739 3012 sacerdotes

2145 3061 2427 3116 vocantur,
2455 3049 2598 3120 quod
2631 3065 2847 3106 sacrum
2882 3049 3031 3116 dant,
3080 3049 3221 3104 sicut
3270 3057 3326 3103 et
3345 3048 3609 3118 episcopi,
3645 3047 3742 3118 qui

453 3159 557 3215 est.
580 3149 934 3220 apostolicum
961 3149 1158 3208 retinet
1184 3149 1362 3218 locum
1391 3165 1407 3204 :
1433 3155 1489 3210 et
1509 3147 1651 3219 ideo,
1669 3147 1818 3218 quod
1831 3165 2052 3218 summa,
2073 3203 2113 3220 Α
2149 3142 2276 3198 licet
2301 3142 2410 3197 sint
2437 3143 2764 3204 sacerdotes,
2791 3147 2968 3196 tamen
3005 3138 3350 3209 pontiﬁcatus
3393 3139 3596 3208 apicem
3628 3153 3738 3192 non

453 3246 660 3304 honore
685 3246 950 3318 iungitur,
977 3245 1074 3302 tali
1104 3246 1322 3302 nomine
1355 3251 1648 3302 censetur:
1677 3245 1818 3314 sicut
1843 3245 2044 3306 Roma,
2070 3203 2116 3269 ε
2146 3231 2348 3290 habent
2405 3245 2420 3290 ι
2467 3230 2592 3302 quia
2637 3244 2742 3286 nec
2764 3229 3059 3288 chrismate
3086 3227 3317 3283 frontem
3350 3203 3586 3300 signant,
3636 3241 3740 3282 nec

457 3355 583 3408 nus,
607 3338 1001 3408 Antiochenus,
1029 3349 1084 3396 et
1111 3339 1524 3408 Alexandrinum.

523 3432 976 3509 Archiepiscopus
1015 3433 1204 3498 Graeco
1250 3433 1513 3500 vocabulo
1553 3433 1775 3500 dicitur,
1805 3433 1948 3511 quod
1977 3433 2048 3498 sit

455 3539 698 3590 summus
713 3527 1086 3600 episcoporum
1103 3546 1117 3581 :
1138 3527 1441 3592 tepetenim
1459 3525 1632 3588 vicem
1655 3523 2040 3596 apostolorum,

453 3625 508 3674 et
537 3618 788 3689 prtnsidet
821 3627 929 3684 tam
955 3618 1380 3690 metropolitanis
1409 3633 1572 3689 quam
1597 3616 1864 3694 episcopis
1888 3622 2046 3672 caete-

453 3708 554 3772 ris.
584 3708 820 3783 Singulis
847 3711 994 3774 enim
1018 3709 1312 3780 provinciis
1337 3707 1649 3779 przeminet,
1680 3721 1910 3778 quorum
1951 3721 2048 3765 au-

458 3801 698 3863 ctoritati
725 3807 781 3862 ei.
805 3801 1064 3864 doctrinis
1087 3803 1272 3857 caeteri
1301 3801 1612 3860 sacerdotes
1639 3797 1867 3872 subjecti
1895 3806 2044 3864 sunt,

459 3893 576 3948 sine
604 3893 798 3963 quibus
823 3893 1044 3963 reliquis
1073 3893 1342 3964 episcopis
1373 3891 1505 3946 nihil
1533 3905 1692 3962 agere
1714 3889 1857 3947 licet.
1887 3885 2046 3946 Solii,-

459 3985 644 4041 citudo
694 3985 836 4041 enim
884 3985 1047 4040 totius
1090 3984 1384 4058 pmvinoiie
1435 3982 1568 4054 ipsis
1609 3981 1899 4036 commissa
1941 3986 2043 4034 est.

459 4074 657 4130 Omnes
687 4085 864 4131 autem
895 4057 1142 4146 superius
1165 4075 1428 4146 designati
1455 4072 1678 4134 ordines
1705 4087 1812 4127 uno
1831 4071 2048 4125 eodem-

459 4184 564 4242 que
587 4169 847 4227 vocabulo
868 4167 1104 4238 episcopi
1136 4167 1514 4232 nominantur;
1560 4163 1654 4220 sed
1685 4163 1806 4218 ideo
1835 4161 2046 4235 privato
2071 4179 2080 4190 ·

458 4261 676 4318 notitiae
700 4259 914 4334 quidam
951 4266 1176 4320 utuntur
1211 4265 1430 4328 propter
1455 4255 1856 4315 distinctionem
1891 4261 2044 4324 pote-

462 4360 684 4420 statum,
715 4367 876 4423 quam
901 4349 1249 4422 singulariter
1279 4357 1620 4426 acceperunt.

530 4443 848 4512 Patriarcha
890 4451 1046 4516 pater
1086 4442 1408 4516 principum.
1451 4441 1671 4498 Archon
1717 4437 1862 4506 enim
1899 4435 2048 4511 prin-

465 4551 612 4607 ceps.
2069 4554 2124 4616 D

530 4628 980 4699 Archiepisoopus
1023 4627 1274 4704 princeps
1317 4626 1713 4697 episcoporum,
1755 4621 1894 4679 sicut
1935 4635 2046 4676 me-

463 4719 824 4790 tropolitauus
847 4735 878 4780 a
907 4733 1160 4776 mensura
1193 4717 1494 4780 civitatum.

531 4811 887 4890 Episcopatus
929 4819 1108 4866 autem
1137 4808 1456 4865 vocabulum
1494 4806 1616 4865 inde
1656 4804 1878 4870 dictum,
1903 4802 2045 4877 quod

464 4905 556 4968 ille
582 4905 674 4975 qui
715 4900 1128 4974 super-silicum,
1155 4899 1580 4972 superintendat,
1618 4910 1804 4953 curam
1840 4893 2045 4957 milicet

465 4996 802 5060 subditorum
843 5010 1057 5065 geretis.
1109 4993 1306 5064 Scopin
1349 4991 1492 5048 enim
1542 4987 1734 5042 Latine
1779 4984 2045 5050 intendere

465 5086 678 5144 dicitur.
712 5086 960 5155 Episcopi
999 5094 1178 5144 autem
1215 5083 1422 5146 Graece,
1457 5080 1646 5136 Latine
1697 5074 2044 5146 speculatores

465 5181 906 5249 itu—erpretantur.
941 5179 1074 5249 Nam
1099 5177 1403 5249 speculator
1427 5183 1510 5232 est
1531 5169 1850 5242 [impositus
1870 5167 1925 5231 in
1953 5166 2050 5225 Ecu-

465 5235 632 5331 clesia
673 5235 849 5332 dictus
873 5291 888 5330 :
911 5235 1010 5334 eo.
1020 5235 1164 5343 quoii
1212 5267 1517 5340 speculetur
1533 5235 1718 5332 atque
1745 5257 2052 5332 priespiciat

465 5366 782 5438 mulorum
807 5367 948 5427 intra
977 5381 1038 5424 se
1064 5363 1364 5436 positorum
1389 5372 1569 5419 mores
1595 5363 1650 5412 et
1679 5353 1863 5420 vitam.

539 5457 794 5520 Potitiis;
813 5459 1068 5530 princeps
1090 5453 1431 5514 sacerdotum
1463 5457 1546 5510 est
1571 5487 1591 5514 .
1635 5445 1790 5516 (ιιιδεὶ
1844 5443 1930 5508 Via
1967 5457 2056 5502 Beu-

467 5549 746 5621 quootiun
779 5568 792 5604 :
820 5550 939 5620 ipse
973 5555 1030 5604 ot
1053 5558 1299 5604 manus
1329 5540 1604 5605 sacerdos.
1657 5538 1770 5608 ipse
1811 5533 2057 5608 poenio;

467 5641 738 5708 mximas
782 5647 1124 5709 ηυιιειιιμω
1161 5654 1174 5692 :
1203 5637 1324 5705 ipse
1360 5633 1510 5696 enim
1537 5631 1702 5691 allicit
1745 5631 2058 5694 sacerdotes

469 5739 632 5802 atque
679 5731 896 5788 Levita:
942 5747 958 5784 :
1006 5730 1121 5800 ipso
1165 5740 1354 5784 emas
1399 5724 1618 5784 ordines
1657 5721 2060 5789 ecclesiasticas

471 5825 716 5900 mit
755 5843 774 5880 :
794 5813 960 5898 "ipse,
987 5820 1120 5895 quid
1170 5819 1558 5892 amnisque
1601 5813 1784 5878 facere
1833 5813 2056 5882 debeat.

2143 3318 2466 3390 paraclitum
2497 3315 2748 3390 spiritum
2779 3316 2910 3372 dant
2939 3333 2952 3370 :
2983 3314 3126 3386 quod
3170 3314 3298 3370 solis
3327 3313 3598 3384 episcopis
3647 3313 3714 3368 de

2144 3411 2260 3466 beri
2290 3409 2448 3478 lectio
2492 3409 2659 3464 Actus
2685 3407 3065 3482 Apostolorum
3095 3407 3450 3461 demonstrat.
3510 3403 3663 3462 Unde
3687 3413 3743 3474 et

2147 3504 2288 3574 apud
2333 3510 2544 3558 veteres
2589 3499 2752 3565 iidem
2783 3495 3017 3568 episcopi
3043 3503 3098 3549 ει
3117 3495 3422 3566 presbyteri
3468 3493 3735 3550 fuerunt:

2146 3593 2272 3676 quia
2319 3591 2452 3658 illud
2495 3598 2582 3646 est
2608 3587 2690 3661 (ut
2739 3602 2866 3642 mox
2894 3584 3152 3656 diximus)
3185 3600 3381 3639 nomen
3411 3585 3694 3656 dignitatis
3723 3599 3738 3638 :

2147 3691 2245 3750 aeta
2255 3683 2336 3737 tis.

2217 3775 2418 3832 Levitae
2449 3786 2517 3828 ex
2547 3771 2765 3835 nomine
2799 3767 3040 3834 auctoris
3063 3767 3264 3824 vocati.
3295 3767 3342 3823 A
3387 3767 3516 3824 Levi
3559 3779 3737 3825 autem

2149 3867 2352 3925 Levita:
2377 3866 2554 3922 exorti
2599 3871 2748 3934 sunt,
2781 3878 2814 3918 a
2837 3863 3035 3934 quibus
3062 3864 3117 3916 in
3162 3859 3364 3930 templo
3390 3859 3485 3915 Dei
3522 3860 3736 3932 mystici

2147 3958 2471 4016 sacramenti
2525 3955 2822 4016 ministeria
2871 3952 3244 4024 explebantur.
3295 3950 3333 4004 li
3389 3949 3578 4006 Graece
3618 3947 3751 4004 dia-'

2147 4067 2328 4112 coues,
2360 4048 2551 4104 Latine
2588 4045 2825 4105 ministri
2855 4044 3106 4100 dicuntur
3137 4061 3150 4096 :
3181 4043 3326 4114 quod
3351 4041 3492 4108 sicut
3540 4042 3595 4096 in
3643 4057 3734 4096 sa-

2148 4143 2367 4206 cerdote
2394 4137 2750 4203 consecratio,
2781 4137 2854 4192 ita
2877 4135 2932 4190 in
2955 4135 3186 4191 diacono
3204 4133 3490 4190 ministerii
3522 4133 3736 4203 dispen-

2149 4239 2290 4297 satio
2321 4237 2574 4294 habetur.

2223 4329 2636 4406 Hypodiacones
2656 4325 2865 4389 Grmce,
2898 4337 3033 4394 quos
3063 4337 3163 4377 nos
3191 4319 3550 4376 subdiaconcs
3595 4317 3736 4372 dici-

2149 4438 2271 4478 mus
2299 4436 2313 4475 :
2346 4421 2437 4490 qui
2464 4419 2586 4474 ideo
2613 4417 2692 4486 sic
2731 4413 3086 4488 appellantur,
3117 4410 3244 4481 quia
3291 4408 3570 4478 subiacent
3596 4424 3738 4482 prte-

2151 4515 2323 4585 ceptis
2357 4521 2412 4568 et
2436 4511 2628 4568 oﬁiciis
2654 4508 2986 4564 Levitarum.
3014 4503 3327 4559 Oblationes
3357 4502 3502 4558 enim
3526 4501 3578 4554 in
3603 4509 3738 4555 tein-

2151 4608 2240 4678 plo
2270 4606 2367 4664 Dei
2401 4620 2431 4661 a.
2461 4602 2708 4666 ﬁdelibus
2750 4598 2849 4669 ipsi
2881 4596 3202 4666 suscipiunt,
3237 4604 3291 4650 et
3319 4593 3522 4648 Levitis
3552 4607 3738 4662 super-

2151 4698 2428 4771 ponendas
2455 4693 2717 4754 altaribus
2745 4689 3014 4746 deferunt.
3047 4686 3133 4742 Hii
3172 4685 3310 4761 apud
3334 4683 3604 4741 Hmbrzeos
3633 4681 3738 4735 Na-

2153 4791 2356 4852 thinnei
2387 4795 2672 4846 vocantur.

2220 4882 2476 4938 Lectores
2518 4894 2548 4936 a
2576 4873 2823 4948 legendo,
2849 4869 3148 4942 psalmistm
3173 4882 3202 4920 a
3224 4865 3450 4938 psalmis
3481 4861 3738 4918 canendis

2151 4975 2349 5030 vocati.
2371 4971 2451 5025 llli
2482 4970 2626 5024 enim
2656 4965 2952 5036 praedicant
2985 4961 3216 5034 populis,
3242 4959 3369 5028 quid
3397 4964 3698 5026 sequantur
3724 4974 3735 5007 :

2153 5065 2246 5120 isti
2277 5069 2499 5125 canunt,
2545 5069 2607 5114 ut
2649 5057 2886 5113 excitent
2919 5055 2985 5109 ad
3014 5050 3484 5124 compunctioncm
3529 5046 3739 5100 animos

2156 5156 2505 5224 audientium.
2533 5153 2686 5208 Licet
2714 5159 2767 5206 et
2793 5149 3011 5220 quidam
3055 5145 3288 5200 lectores
3314 5143 3386 5196 ita
3415 5141 3740 5195 miseranter

2152 5247 2523 5321 pronuntient,
2547 5253 2607 5308 ut
2630 5241 2892 5314 quosdam
2921 5239 2988 5294 ad
3015 5237 3220 5292 luctum
3269 5230 3741 5287 lamentationem-

2156 5358 2262 5416 ειυς
2311 5336 2654 5410 compellant.
2681 5333 2846 5388 iidem
2874 5331 3038 5385 etiam
3077 5335 3132 5384 et
3160 5323 3601 5398 pronuntiatores
3644 5335 3739 5374 vo-

2155 5409 2365 5498 cantur,
2395 5409 2537 5503 quod
2565 5443 2728 5500 porro
2755 5424 3096 5480 annuntient.
3135 5419 3306 5474 Tanta
3337 5415 3484 5472 enim
3527 5421 3579 5470 et
3628 5409 3761 5467 tam'

2154 5529 2300 5586 clara
2327 5538 2516 5582 eorum
2545 5529 2630 5578 est
2677 5533 2804 5585 vox,
2853 5523 2918 5571 ut
2939 5511 3188 5595 quamvis
3229 5509 3386 5579 longe
3435 5504 3738 5576 positurum

2156 5634 2316 5675 aures
2338 5613 2684 5684 adimpleant.

2227 5711 2430 5770 Cantor
2467 5681 2646 5765 autem
2675 5707 2916 5764 vocatus,
2961 5694 3104 5776 quod
3151 5707 3285 5748 voce
3336 5685 3642 5746 modulatur
3683 5681 3737 5737 in

2156 5813 2340 5880 mut.
2373 5799 2544 5878 lituus
2591 5797 2697 5854 duo
2721 5803 2922 5876 genera
2969 5787 3224 5846 dicuntur
3252 5785 3306 5842 in
3335 5791 3451 5840 arte
3484 5776 3691 5852 musica
3721 5789 3737 5807 ο
