4074 6316
289 399 356 456 93
1018 471 1020 474 _
1268 403 1354 460 DE
1393 403 1743 466 UNIVEBSO
1779 405 1956 468 LIBRI
1997 407 2159 470 XXII.
2204 440 2272 472 -.-.-
2311 410 2435 468 LIB.
2477 413 2563 480 Π.
3463 419 3532 488 94

289 516 426 582 sicut
489 530 550 576 ea
605 516 745 580 docti
791 516 1036 571 homines
1065 517 1252 578 Latine
1309 522 1487 576 dicere
1542 531 1848 594 potuerunt,
1881 523 2072 584 ΑΝοιι
2116 540 2173 581 sc
2229 535 2410 582 autem
2458 530 2717 600 glorietur
2763 529 3153 600 Christianum,
3178 535 3282 604 'qui
3338 551 3532 594 nomen

287 617 564 681 prtrcentor
583 617 638 664 et
659 618 956 672 saccentur,
979 608 1287 680 Princentor
1304 613 1527 687 scilicet,
1552 615 1641 686 qui
1663 631 1849 670 vocem

287 699 557 771 [immittit
579 699 632 764 in
661 710 818 761 cantu
855 719 866 755 :
894 713 1182 766 suecetttor
1206 714 1381 768 autem
1406 707 1494 784 qui
1523 710 1851 779 subsequen-

289 801 367 852 tcr
393 791 627 854 canendo
650 794 953 864 respondet.
985 794 1289 857 Concentor
1326 806 1504 854 autem
1534 790 1729 856 dicitur
1759 801 1848 869 qui

285 891 534 938 consonat
585 899 598 935 :
647 885 736 952 qui
779 895 957 938 autem
1005 902 1110 939 non
1140 896 1421 952 consonat,
1450 904 1556 942 non
1594 891 1842 953 concinit,

281 991 374 1030 nec
395 986 689 1031 concentor
712 979 831 1032 erit.

343 1069 544 1138 Acolyti
570 1069 773 1133 Graece,
794 1071 981 1134 Latine
1009 1072 1316 1136 eet-nforarii
1341 1075 1636 1132 dicuntura
1662 1077 1849 1151 depor-

281 1160 446 1212 tandis
494 1162 686 1222 cereis,
735 1163 957 1230 quando
992 1164 1271 1233 legendum
1301 1176 1382 1220 est
1403 1169 1737 1238 evangelium
1759 1178 1850 1223 aut

277 1249 593 1312 sacriﬁcium
623 1251 954 1312 ollcrcnduin
989 1273 999 1308 :
1033 1264 1157 1314 ttuie
1188 1259 1332 1316 enim
1359 1262 1726 1324 accenduntur
1761 1261 1844 1316 lu-

274 1340 496 1394 minaria
543 1342 610 1398 ab
637 1343 733 1408 eis,
763 1351 815 1396 et
869 1346 1218 1414 deportantur
1248 1366 1260 1402 :
1296 1366 1400 1406 non
1442 1351 1848 1422 adetlugaudas

273 1434 538 1499 tenebras,
594 1434 719 1498 dum
749 1435 827 1490 sol
856 1439 1041 1500 eodem
1078 1447 1318 1510 tempore
1370 1444 1580 1509 rutilet,
1632 1446 1724 1499 sed
1781 1446 1848 1500 ad

271 1524 472 1593 signum
505 1523 713 1591 laetitia:
753 1525 1273 1594 demonstrantium.:
1314 1541 1373 1590 ut
1402 1535 1499 1593 sub
1533 1542 1658 1605 typo
1687 1535 1847 1589 lumi-

269 1617 346 1670 nis
362 1617 660 1686 corporalis
684 1617 771 1671 illa
794 1619 885 1673 lux
911 1622 1251 1689 ostendatur,
1276 1626 1340 1682 de
1363 1643 1467 1696 qua
1490 1627 1541 1682 in
1560 1628 1848 1699 Evangelia

267 1705 494 1784 legitur:
527 1707 658 1768 Erat
705 1709 796 1769 lux
844 1728 981 1778 vera,
1020 1731 1135 1784 quw
1188 1715 1448 1778 illuminat
1501 1737 1703 1784 munem
1748 1722 1845 1778 lla-.-

223 1871 239 1888 Ι
267 1801 445 1856 "tinem
495 1801 780 1858 venientem
822 1804 874 1866 in
928 1806 1180 1864 mundum
1214 1808 1393 1880 (Joan.
1429 1811 1491 1879 ι),

333 1893 624 1954 Exoreistan
667 1911 734 1956 ex
768 1895 980 1966 Grmce,
1013 1899 1064 1966 in
1093 1900 1342 1962 Latinum
1372 1903 1682 1973 adiurantes
1733 1907 1844 1962 sive

265 1981 600 2062 increpantes
629 1997 908 2050 vocantur.
943 1989 1200 2064 Invocant
1227 1996 1368 2058 enim
1401 2012 1561 2067 super
1590 2000 1845 2060 catechu-

261 2090 458 2141 menos,
482 2077 576 2132 vel
609 2095 770 2151 super
817 2098 908 2140 eos
949 2084 1040 2152 qui
1087 2085 1289 2148 habent
1316 2089 1560 2157 spiritum
1611 2093 1844 2148 immun-

261 2166 402 2232 dum,
452 2184 654 2232 nomen
697 2172 908 2232 Domini
937 2173 1084 2241 Iesu.
1130 2177 1441 2249 adiurantes
1465 2197 1565 2250 per
1610 2199 1752 2249 eum,
1785 2195 1844 2242 ut

258 2258 565 2327 egrediatur
593 2262 660 2326 ab
689 2263 789 2317 eis.

322 2343 546 2404 Ostiarii
593 2350 752 2408 iidem
784 2362 838 2408 et
877 2353 1143 2423 ianitores
1175 2376 1187 2412 :
1218 2361 1307 2432 qui
1342 2363 1395 2423 in
1427 2360 1607 2422 Veteri
1659 2365 1840 2422 Testa-

255 2447 428 2494 mento
485 2439 648 2495 electi
677 2452 802 2506 sunt
832 2448 900 2506 ad
929 2451 1230 2504 custodiam
1268 2453 1471 2522 templi,
1521 2465 1580 2516 ut
1624 2472 1727 2512 non
1761 2459 1841 2516 in-

254 2532 644 2600 gredereturin
667 2550 786 2594 eum
815 2537 1119 2593 immundus
1142 2541 1194 2602 in
1217 2543 1363 2602 omni
1396 2559 1469 2604 re.
1499 2543 1634 2600 Dicti
1660 2557 1840 2606 autem

253 2622 454 2676 ostiarii
491 2641 503 2675 :
541 2625 683 2692 quod
715 2627 935 2696 praisint
965 2629 1118 2691 ostiis
1178 2632 1379 2702 templi.
1418 2633 1523 2706 Ipsi
1571 2637 1714 2690 enim
1759 2647 1839 2691 te-

249 2721 437 2768 nentes
464 2715 701 2781 clavem,
738 2720 915 2776 omnia
942 2720 1086 2776 intus
1109 2737 1171 2776 ex
1217 2733 1446 2794 utraque
1477 2737 1629 2797 parte
1667 2739 1840 2790 custo-

249 2801 399 2856 diunt
425 2822 437 2855 :
462 2815 626 2878 atque
649 2807 787 2864 inter
814 2809 982 2868 bonos
1007 2819 1059 2870 et
1084 2813 1252 2868 malos
1273 2814 1532 2878 habentes
1553 2815 1834 2885 judicium,

250 2891 436 2953 ﬁdeles
459 2898 759 2967 recipiunt:
787 2911 1048 2972 respuunt
1073 2902 1336 2958 infideles.

876 3015 1106 3073 CAPUT
1147 3015 1232 3072 Vl.

818 3084 894 3139 De
968 3087 1263 3142 Monachis.

1873 1869 1921 1928 B

1954 624 2135 690 habet,
2169 635 2223 680 et
2250 624 2387 686 facta
2428 642 2532 684 non
2564 629 2745 688 habet.
2779 629 2880 684 Ubi
2913 639 3093 690 autem
3129 646 3323 685 nomen
3373 649 3531 688 secu-

1953 724 2066 770 tum
2112 717 2272 773 fuerit
2323 736 2458 789 opus
2502 723 2847 777 :ccrtissime
2904 724 2992 777 ille
3039 733 3123 778 est
3171 724 3528 792 Christianus,

1952 810 2076 880 quia
2123 827 2180 866 se
2246 813 2400 869 factis
2453 817 2688 878 ostendit
2741 814 3107 878 Christianum
3164 835 3176 870 :
3233 819 3530 883 ambulans,

1951 903 2089 956 sicut
2118 913 2173 957 et
2200 904 2287 959 ille
2312 906 2620 972 ambulavit,
2654 923 2683 963 a
2713 924 2819 977 quo
2847 917 2900 964 et
2942 925 3136 972 nomen
3166 911 3351 964 traxit.

2022 993 2329 1057 Cutholicus
2351 1038 2363 1061 ,
2395 998 2730 1063 universalis,
2761 1001 2875 1058 sive
2901 1000 3188 1078 generalis,
3211 1002 3532 1076 interpreta-

1951 1094 2055 1153 tur.
2086 1086 2216 1142 Nam
2251 1089 2420 1143 Graeci
2447 1091 2746 1146 universale
2771 1093 3062 1154 catholicon
3089 1102 3304 1148 vocant.
3357 1079 3360 1081 l

2023 1176 2363 1240 Orthodoxus
2389 1191 2470 1236 est
2514 1191 2658 1238 recte
2689 1185 2952 1241 credens:
2986 1193 3038 1238 et
3076 1196 3132 1240 ut
3157 1186 3346 1249 credit,
3382 1194 3528 1240 recte

1952 1267 2156 1334 vivens.
2215 1272 2412 1330 Orthos
2457 1275 2597 1328 enim
2656 1273 2862 1340 Graece,
2907 1286 3060 1341 recte,
3111 1277 3306 1332 dicitur
3349 1278 3527 1331 :doxa

1950 1358 2137 1429 gloria,
2179 1363 2280 1418 hoc
2325 1374 2408 1418 est
2430 1365 2512 1418 vir
2562 1377 2724 1420 recta:
2761 1368 2967 1436 glorim.
3017 1367 3132 1434 Quo
3178 1368 3393 1430 nomine
3424 1385 3526 1424 non

1947 1467 2126 1526 potest
2152 1457 2350 1516 vocari,
2379 1458 2467 1524 qui
2505 1458 2662 1511 aliter
2691 1459 2824 1512 vivit
2860 1475 3021 1528 quam
3050 1461 3240 1516 credit.

2019 1548 2328 1618 Neophytus
2360 1546 2564 1614 Graece,
2597 1548 2786 1610 Latine
2814 1550 3041 1608 novellus
3073 1558 3129 1604 et
3164 1551 3309 1604 rudis
3336 1548 3530 1620 ﬁdelis,

1949 1642 2034 1695 vel
2064 1657 2226 1709 nuper
2264 1652 2494 1705 renatus,
2523 1640 2867 1709 interpretari
2899 1651 3095 1710 potest.

2021 1731 2455 1790 Cateehumenus
2511 1746 2607 1802 pro
2660 1747 2743 1796 eo,
2798 1732 2941 1802 quod
2997 1733 3173 1794 adhuc
3229 1732 3530 1792 doctrinam

1950 1826 2073 1888 fidei
2102 1827 2269 1888 audit,
2308 1826 2536 1888 necdum
2585 1825 2909 1895 baptismum
2937 1826 3196 1894 percepit.
3226 1824 3356 1885 Nam
3381 1833 3528 1888 eate-

1950 1917 2246 1972 chumenus
2265 1917 2470 1981 Graece,
2487 1915 2676 1970 Latine
2689 1918 2916 1982 auditor,
2936 1916 3018 1970 vel
3044 1918 3343 1979 instructor,
3372 1916 3531 1972 inter-

1945 2019 2210 2078 pretatur.

2016 2101 2340 2171 Competens
2366 2110 2610 2163 vocatur,
2637 2100 2763 2172 quia
2810 2107 2932 2171 post
2963 2099 3380 2166 instructionem
3406 2097 3529 2153 ﬁdei

1945 2195 2201 2268 competit
2228 2195 2455 2266 gratiam
2480 2193 2704 2254 Christi.
2732 2191 2861 2257 lude
2904 2202 2960 2258 et
2987 2208 3019 2254 a
3047 2191 3281 2264 petendo
3311 2203 3530 2260 compe-

1945 2295 2122 2346 tentes
2165 2287 2364 2344 vocali.

2013 2377 2230 2443 Daicus,
2259 2375 2551 2450 popularis.
2586 2372 2725 2431 Laos
2766 2374 2910 2441 enim
2957 2371 3141 2438 Graece
3189 2371 3416 2450 populus
3451 2372 3530 2426 di-

1944 2472 2105 2535 citur.

2014 2561 2345 2632 Proselytus,
2402 2561 2454 2635 id
2500 2570 2601 2626 est,
2652 2560 2879 2621 advena,
2933 2567 2986 2621 et
3016 2556 3390 2620 circumcisus,
3435 2555 3527 2626 qui

1943 2651 2272 2718 miscebatur
2292 2650 2486 2722 populo
2516 2651 2630 2714 Dei,
2655 2648 2902 2706 Grzeeum
2925 2655 3028 2704 est.

2535 2760 2760 2818 CAPUT
2802 2759 2934 2814 Vlll.

2377 2831 2452 2894 De
2491 2831 2676 2890 limosi
2714 2841 2759 2886 et
2797 2831 3095 2888 schismate.

2014 2922 2248 2984 Haeresis
2266 2921 2453 2978 Greece
2473 2922 2546 2978 ab
2571 2921 2836 2978 electione
2863 2931 3110 2985 vocatur,
3133 2920 3298 2992 quod,
3323 2919 3529 2981 scilicet

1941 3015 2311 3084 unusquisque
2354 3013 2406 3067 id
2438 3013 2542 3067 sibi
2593 3014 2658 3067 de
2684 3011 2878 3068 haeresi
2927 3020 2979 3065 et
3013 3011 3308 3070 schismate
3339 3009 3521 3084 eligat,

1942 3108 2088 3178 quod
2131 3107 2324 3168 melius
2364 3105 2440 3170 illi
2466 3119 2584 3163 esse
2625 3104 2860 3170 videtur,
2889 3111 2948 3158 ut
2987 3103 3290 3173 philosoyhi
3319 3103 3525 3176 peripa-

316 3172 616 3232 Monachus
646 3174 832 3234 Graeca
877 3177 1201 3247 etymologia
1230 3189 1471 3246 vocatus,
1502 3195 1568 3236 eo
1596 3183 1737 3258 quod
1768 3183 1838 3237 sit
1865 3225 1910 3288 C
1943 3172 2112 3265 felici,
2163 3198 2497 3264 Academici,
2524 3206 2578 3255 cl
2620 3195 2906 3267 Ερίςυι-εεί,
2942 3172 2996 3250 εί
3041 3194 3195 3253 stoici
3226 3208 3240 3247 ε
3269 3193 3353 3250 γει
3384 3172 3520 3263 siqui

247 3265 568 3336 singularis,
601 3284 789 3324 manas
839 3270 982 3322 enim
1031 3270 1214 3324 Graece
1247 3273 1592 3343 singularitas
1623 3276 1836 3330 dicitur.

246 3355 383 3426 Ergo
407 3359 450 3410 si
486 3358 763 3413 solitarius
787 3360 1177 3429 interpretatur
1199 3363 1520 3418 vocabulum
1543 3367 1790 3420 nlonachi
1822 3383 1834 3418 :

246 3451 367 3518 quid
416 3450 552 3506 facit
588 3451 639 3504 in
679 3453 858 3516 turba,
892 3453 983 3522 qui
1025 3453 1170 3508 solus
1196 3455 1320 3509 est?
1350 3455 1508 3510 Plura
1541 3466 1664 3520 sunt
1692 3460 1838 3516 enim

243 3558 442 3612 genera
473 3545 887 3608 monachorum.
920 3529 922 3531 I

308 3632 640 3697 Ctenohitze,
669 3652 802 3704 quos
834 3653 932 3692 nos
983 3637 1035 3692 in
1066 3641 1335 3696 communi
1385 3643 1623 3700 viventes
1650 3661 1840 3716 possu-

241 3740 361 3779 mus
401 3725 700 3792 appellare.
728 3726 1046 3786 Cwnobium
1078 3732 1216 3790 enim
1245 3733 1596 3800 plurimorum
1629 3745 1730 3790 est.

307 3815 670 3874 Anachoritte
705 3824 851 3878 sunt,
882 3818 972 3886 qni
1003 3827 1221 3886 propter
1269 3822 1623 3880 coenobialem
1674 3827 1839 3879 vitam

243 3907 464 3968 deserta
507 3915 718 3976 petunt,
749 3915 803 3958 et
835 3908 932 3964 soli
965 3908 1214 3964 habitant
1264 3927 1359 3982 per
1388 3911 1602 3974 deserta
1635 3928 1647 3965 :
1674 3923 1728 3968 et
1772 3916 1839 3976 ab

243 4017 326 4066 eo,
359 4001 511 4071 quod
541 4003 728 4074 procul
756 4003 824 4058 ab
849 4005 1161 4064 hominibus
1214 4015 1598 4072 recesserunt,
1623 4007 1712 4068 tali
1745 4024 1839 4068 uo-

246 4094 391 4156 mine
419 4103 820 4160 nuncupantur.
856 4093 964 4148 Sed
995 4095 1324 4150 anachoritte
1357 4096 1563 4154 lleliatn
1595 4106 1650 4152 et
1680 4096 1840 4154 Joan-

246 4198 390 4245 nem,
423 4183 709 4242 emnobita:
736 4185 1004 4259 apostolos
1035 4186 1336 4242 imitantur.

314 4276 572 4332 Ercmitae
610 4277 646 4330 ii
693 4287 819 4334 sunt
855 4279 946 4350 qui
980 4288 1033 4334 et
1081 4283 1431 4345 anaehoritze,
1465 4283 1532 4336 ab
1557 4283 1835 4338 hominum

250 4378 538 4426 conspectu
583 4371 799 4433 remoti,
833 4387 1076 4432 ereptum
1121 4382 1171 4427 et
1223 4375 1465 4429 desertas
1519 4377 1836 4432 solitudines

250 4466 582 4526 appetentes.
647 4457 778 4514 Nam
809 4476 1048 4520 ercmum
1093 4461 1290 4516 dicitur
1337 4464 1485 4532 quasi
1546 4474 1830 4520 remotum.

1941 3296 2050 3360 alii,
2092 3296 2184 3366 qui
2241 3309 2554 3366 perversum
2612 3292 2806 3362 dogma
2862 3292 3236 3362 excogitantes
3295 3291 3522 3346 arbitrio

1940 3404 2037 3447 suo
2063 3390 2128 3444 de
2153 3387 2381 3448 ecclesia
2411 3392 2777 3448 recesserunt.
2809 3382 2934 3439 [nde
2969 3399 3098 3458 ergo
3125 3383 3348 3448 han-esis
3377 3383 3521 3439 dicta

1939 3480 2128 3536 Graeca
2197 3495 2331 3535 voce
2388 3495 2455 3534 ex
2528 3476 2977 3548 interpretatione
3047 3475 3349 3538 electionis,
3420 3492 3523 3546 qua

1940 3572 2166 3639 quisque
2203 3570 2428 3624 arbitrio
2480 3585 2578 3624 suo
2633 3570 2697 3624 ad
2751 3570 3081 3625 instituenda
3114 3570 3226 3622 sive
3257 3570 3322 3621 ad
3348 3568 3519 3622 susei-

1938 3662 2134 3733 pienda
2160 3661 2414 3731 quaelibet
2453 3663 2568 3733 ipse
2597 3662 2698 3720 sibi
2725 3663 2906 3733 elegit.
2946 3660 3111 3716 Nobis
3134 3675 3264 3716 vero
3286 3660 3419 3714 nihil
3458 3675 3525 3712 ex

1939 3762 2127 3806 nostro
2157 3752 2381 3810 arbitrio
2410 3753 2664 3808 inducere
2690 3752 2816 3806 licet
2847 3769 2858 3804 :
2892 3752 2984 3806 sed
3011 3766 3107 3805 nec
3131 3750 3350 3820 eligere,
3377 3749 3520 3820 quod

1941 3844 2132 3912 aliquis
2161 3845 2224 3896 de
2257 3845 2482 3900 arbitrio
2505 3860 2602 3900 suo
2628 3844 2920 3902 induxerit.
2951 3842 3232 3912 Apostolos
3280 3841 3375 3896 Dei
3427 3841 3524 3900 ba-

1938 3935 2130 3994 bemus
2172 3946 2445 3998 auctores,
2493 3935 2622 4001 quia
2665 3949 2762 3988 nec
2818 3934 2914 4002 ipsi
2959 3934 3253 4005 quidquam
3309 3947 3375 3984 ex
3426 3947 3522 3984 suo

1941 4026 2188 4088 arbitrio,
2220 4026 2363 4094 quod
2405 4024 2750 4085 iuducerent,
2777 4023 3056 4096 elegerunt
3084 4041 3094 4076 :
3125 4023 3218 4077 sed
3244 4032 3521 4090 acceptam

1940 4131 1972 4169 a
1991 4115 2208 4175 Christo
2243 4114 2581 4184 disciplinam
2615 4113 2846 4182 ﬁdeliter
2877 4111 3187 4170 nationibus
3209 4113 3522 4189 assignare-

1940 4216 2082 4260 runt.
2112 4207 2297 4276 Itaque
2337 4208 2494 4258 etiam
2525 4207 2576 4279 si
2606 4205 2821 4274 angelus
2851 4205 2916 4259 de
2945 4204 3084 4259 cwlis
3112 4204 3264 4264 aliter
3305 4222 3522 4275 evange-

1938 4299 2193 4364 liztwerit,
2235 4299 2513 4360 anathema
2540 4297 2817 4360 vocabitur
2840 4296 3040 4367 (Galat.
3068 4297 3128 4370 ι).

2011 4391 2186 4450 Secta.
2206 4408 2238 4452 ει
2260 4393 2516 4452 sectando
2541 4399 2596 4446 et
2624 4391 2856 4450 tenendo
2883 4391 3179 4452 nominata.
3197 4389 3330 4444 Nam
3348 4397 3523 4452 $80135

1936 4483 2163 4537 dicimus
2202 4483 2416 4536 habitus
2458 4483 2786 4546 animorum,
2815 4499 2876 4537 ac
2920 4483 3164 4537 instituta
3196 4483 3340 4536 circa
3366 4481 3524 4538 disci-

317 4548 469 4602 .\bba
516 4557 716 4615 autem,
762 4567 946 4619 syrum
979 4569 1197 4616 neuneu,
1226 4555 1494 4624 significat
1522 4557 1572 4612 in
1604 4558 1828 4616 latinum

1942 4575 2135 4642 plinain
2172 4575 2418 4637 ﬁdeliter,
2446 4575 2527 4628 vel
2556 4575 2893 4644 propositum
2925 4589 3083 4645 quem
3119 4573 3306 4646 [quod]
3337 4583 3521 4628 tenen-

247 4649 417 4704 pater.
469 4637 626 4706 Quod
676 4641 868 4697 Paulus
900 4644 1158 4700 Romanis
1192 4648 1434 4703 scribens
1475 4651 1726 4719 exposuit
1755 4651 1832 4704 di-

251 4742 373 4782 ecns
404 4747 416 4785 :
453 4730 521 4785 In
563 4748 662 4801 quo
693 4747 1002 4797 ctammnus,
1046 4738 1175 4790 abba
1233 4738 1393 4792 Pater
1434 4738 1611 4810 (Rom.
1663 4744 1780 4813 vlli)
1818 4759 1831 4797 :

253 4819 456 4878 duabus
491 4840 621 4878 usus
664 4825 882 4895 linguis.
933 4827 1067 4880 Dicit
1097 4830 1238 4883 enim
1285 4833 1419 4885 abba
1452 4832 1588 4902 Syro
1621 4836 1835 4891 nomine

253 4923 472 4981 patrem,
502 4925 558 4970 et
587 4933 774 4980 rursus
805 4919 990 5004 Latine
1019 4923 1280 4987 uouﬁnat,
1316 4924 1368 4977 id
1398 4934 1503 4991 est,
1528 4934 1759 4996 patrem.

854 5009 1080 5064 CAPUT
1119 5013 1225 5066 ΥΠ.

717 5098 792 5159 De
849 5103 1048 5160 ca’tcris
1104 5103 1368 5171 ﬁdelibus.

321 5187 667 5258 Christianus.
705 5205 906 5260 autem,
936 5208 1197 5266 quantum
1232 5201 1608 5270 interpretatio
1654 5215 1832 5266 osten-

257 5279 348 5342 dit,
378 5281 446 5342 do
487 5285 738 5342 unctione
767 5288 1065 5350 deducitur,
1101 5293 1212 5350 sive
1238 5294 1306 5350 de
1330 5299 1546 5360 nomine
1576 5301 1826 5364 auctoris,

256 5381 307 5430 et
335 5377 615 5432 creatoris.
663 5379 710 5437 Α
741 5379 959 5436 Christo
987 5384 1129 5443 enim
1155 5385 1445 5442 Christiani
1477 5399 1601 5444 sunt
1639 5407 1834 5461 cogno-

258 5464 435 5520 minati
468 5485 480 5520 :
513 5469 590 5524 sic
620 5486 656 5526 a.
679 5470 813 5528 Juda
845 5471 1040 5530 Judzei.
1086 5479 1163 5533 De
1211 5481 1456 5549 magistri
1507 5483 1703 5552 quippe
1739 5501 1824 5542 no-

258 5557 401 5609 mine.
444 5575 736 5630 cognomen
789 5571 1150 5628 sectatoribus
1189 5574 1371 5632 datum
1413 5585 1513 5630 est.
1549 5577 1832 5638 Christiani

257 5656 430 5726 autem
460 5649 588 5710 Olim
630 5668 659 5710 a
699 5655 917 5718 Iudaeis.
968 5662 1122 5728 quasi
1151 5664 1220 5716 ob
1245 5666 1618 5733 opprobrium,
1649 5667 1834 5724 Νίιεαο

257 5738 365 5830 ζωή
391 5741 723 5800 vocabantur
749 5764 760 5798 :
791 5765 887 5817 pro
911 5767 975 5804 eo
1010 5755 1151 5822 quod
1179 5755 1442 5812 noluimus
1464 5769 1649 5814 noster
1677 5769 1836 5830 atque

260 5825 507 5892 Salvator
559 5849 588 5894 ει
638 5837 756 5897 vico
800 5840 1036 5904 Galilaeae.
1061 5842 1375 5910 Nazarenns
1420 5848 1493 5906 sit
1518 5825 1832 5922 appellatus.

1944 4666 2011 4719 do
2047 4674 2365 4732 sequuntur,
2423 4665 2576 4734 longe
2624 4666 2728 4720 alia
2783 4666 2836 4719 in
2893 4665 3169 4738 religionis
3203 4665 3350 4723 cultu
3410 4662 3523 4731 opi-

1943 4763 2154 4814 nantes,
2183 4768 2342 4821 qnam
2367 4754 2571 4808 caeteri.

2015 4844 2262 4900 Sehisma
2311 4846 2378 4900 ab
2423 4845 2658 4900 scissura
2707 4845 3009 4902 animorum
3043 4854 3256 4912 vocata.
3315 4846 3518 4901 Eodem

1941 4937 2082 4992 enim
2113 4937 2260 4991 cultu
2311 4937 2708 5002 schismaticus,
2763 4938 3059 5005 eodemque
3106 4937 3211 5000 ritu
3238 4939 3431 5002 credit,
3461 4945 3522 4992 ut

1941 5029 2122 5082 caueri
2155 5047 2164 5080 :
2196 5029 2309 5083 solo
2339 5031 2773 5100 congregationis
2818 5029 3118 5088 delectatur
3152 5032 3398 5090 discidio.
3434 5033 3520 5087 Fit

1934 5130 2112 5177 autem
2141 5121 2397 5185 schisma,
2430 5137 2552 5176 cum
2585 5123 2770 5177 dicunt
2805 5122 3050 5182 homines
3088 5142 3099 5177 :
3128 5123 3240 5179 Nos
3281 5125 3518 5180 sanctiﬁ-

1936 5227 2122 5265 camus
2152 5212 2480 5278 imnmndos,
2513 5221 2566 5267 et
2597 5222 2792 5267 czetera
2825 5213 3043 5270 similia.

2011 5304 2333 5372 Superstitio
2359 5305 2501 5362 dicta
2532 5320 2615 5366 eo,
2647 5307 2788 5374 quod
2822 5307 2893 5362 sit
2920 5307 3186 5379 superﬂua
3215 5316 3307 5363 aut
3333 5324 3519 5378 supcr-

1943 5393 2131 5448 stituta
2156 5395 2480 5450 observatio.
2512 5395 2616 5454 Alii
2650 5395 2838 5460 dicunt
2858 5413 2890 5456 a-
2910 5399 3148 5466 senibus,
3199 5401 3298 5470 qui.
3341 5399 3520 5454 multis

1942 5487 2100 5540 annis
2153 5487 2474 5554 superstites
2515 5503 2612 5558 per
2638 5498 2850 5552 aetatem
2877 5491 3111 5554 delirant
3133 5500 3186 5548 et
3213 5500 3399 5550 errant
3423 5507 3516 5550 suo

1940 5578 2258 5646 perstitione
2284 5578 2536 5646 quadam,
2563 5581 2868 5643 nescientes
2905 5596 3024 5650 quin
3058 5590 3267 5642 veteres
3311 5581 3514 5646 colunt,

1943 5677 2037 5724 aut
2067 5685 2187 5738 qum
2213 5677 2454 5728 veterum
2485 5672 2655 5742 ignari
2687 5675 2971 5734 asciscant.
3009 5671 3288 5734 Lucretius
3335 5682 3514 5730 autem

1944 5762 2383 5829 superstitionem
2399 5765 2962 5836 dicitsupcrstantiam
2999 5765 3269 5831 rerum,id
3294 5773 3381 5820 ost
3405 5778 3516 5824 βων

1941 5850 2160 5918 Iastium
2207 5861 2260 5922 et
2293 5853 2618 5926 divinorum,
2668 5871 2787 5928 quin
2839 5871 2999 5928 super
3046 5869 3147 5922 nos
3187 5861 3332 5919 stam
3376 5851 3516 5918 :sed
