4074 6316
285 341 349 395 97
1272 341 1362 398 DE
1403 343 1748 401 UNIVERSO
1788 345 1968 402 LIBRI
2006 347 2164 405 XXII.
2207 383 2276 392 —
2313 353 2442 408 LIB.
2482 355 2570 413 IV.
3468 383 3538 439 93

283 459 342 504 ut
390 447 714 519 Marcianus)
741 450 834 503 sed
866 465 1026 508 verus
1054 455 1195 510 Deus
1229 451 1310 510 ‘ex
1349 457 1654 524 divinitate,
1679 470 1732 514 et
1757 454 1937 526 πελ
1962 463 2272 522 inveniendi
2325 477 2473 538 sunt,
2521 465 2725 533 ettfidc‘
2751 464 2835 536 'ei's
2864 479 3102 552 reputari
3137 504 3238 558 pro
3294 495 3541 554 resurre.‘

286 556 379 595 rus
409 541 584 593 homo
612 552 679 592 ex
712 555 876 594 carne
912 561 926 596 :
959 559 1098 600 unus
1131 546 1273 602 ﬁlius
1302 547 1355 601 in
1397 549 1699 614 divinitate,
1732 549 1860 607 Ven-
1917 573 1943 616 ε·-

284 633 413 688 bum
440 630 634 695 Patris,
665 639 720 686 et
737 633 882 688 Deus
916 635 970 689 in
994 636 1235 704 homine,
1264 641 1441 695 anima
1474 652 1526 696 et
1551 658 1697 699 caro.
1728 645 1858 700 Ani-1

285 740 371 779 ma
401 737 506 777 non
529 722 734 792 absque
772 739 933 781 sensu
961 736 1018 782 et
1046 730 1270 795 ratione,
1287 741 1356 785 aut
1375 730 1702 803 Apollinaris
1725 753 1738 801 ;
1766 752 1880 792 nea-

283 830 385 884 que
413 829 540 870 caro
589 815 794 885 absque
824 819 1026 885 anima,
1073 831 1136 875 ut
1160 824 1468 880 Anomocus
1499 845 1511 880 ε
1545 826 1639 882 sed
1675 829 1876 884 anima-

281 923 397 962 cum
439 907 650 962 ratione
695 923 790 962 sua
823 928 837 963 ε
865 919 921 966 et
948 927 1079 968 caro
1121 930 1243 969 cum
1284 919 1534 974 sensibus
1567 921 1680 976 suis
1714 941 1728 975 :
1759 937 1858 992 per

277 1015 410 1070 quos
455 1015 647 1056 sensus
690 1017 851 1058 veros
896 1004 951 1058 in
1001 1007 1256 1075 passione
1295 1018 1351 1064 et
1387 1020 1511 1066 ante
1549 1015 1854 1081 passionem

275 1097 453 1152 carnis
482 1111 596 1152 suae
621 1097 837 1155 dolores
863 1100 1137 1156 sustinuit.
1169 1102 1354 1174 Neque
1383 1106 1464 1161 sic
1490 1117 1580 1162 est
1601 1117 1758 1163 natus
1787 1123 1868 1164 (ιιι-

275 1190 498 1260 virgine,
547 1199 607 1244 ut
634 1190 856 1247 deitatis
885 1193 1098 1248 initium
1125 1196 1285 1251 homo
1325 1199 1596 1254 nascendo
1632 1215 1854 1270 accepe-

271 1283 339 1337 rit
374 1282 597 1352 :quasi,
633 1284 923 1353 antequam
973 1285 1048 1340 ex"
1083 1287 1291 1358 virgine
1335 1298 1670 1355 nasceretur,
1696 1292 1855 1348 Deus

270 1390 372 1429 non
425 1372 615 1438 fuerit,
647 1374 790 1429 sicut
815 1375 1072 1431 Artemon
1122 1388 1177 1433 et
1219 1379 1448 1434 Berillus
1474 1389 1528 1433 et
1569 1379 1875 1437 Marcellus"

269 1469 572 1523 docuerunt
597 1487 610 1522 :
637 1470 731 1524 sed
754 1478 988 1527 aiternus
1009 1472 1152 1527 Deus
1175 1473 1337 1528 homo
1367 1490 1433 1529 ex
1454 1475 1666 1546 virgine
1693 1485 1869 1533 natus:

266 1570 362 1617 est.
405 1559 555 1614 Nihil
584 1569 824 1614 creatum
857 1571 950 1616 aut
978 1565 1220 1618 serviens
1251 1566 1304 1619 in
1333 1566 1598 1622 Trinitate
1629 1570 1873 1624 credem-

267 1654 406 1714 dum,
444 1659 511 1705 ut
536 1650 648 1704 vult
669 1652 957 1724 Dionysius
985 1653 1106 1708 fons
1134 1655 1248 1709 Arii
1283 1673 1295 1708 :
1325 1656 1459 1710 nihil
1485 1657 1768 1727 inaequale,
1793 1668 1852 1713 ut

1958 644 2248 748 deponant,
2273 665 2380 708 non
2406 665 2601 712 morte:
2630 660 3328 738 quolibetquisacquiescat
3353 682 3532 748 modo,

1957 751 2062 790 non
2077 747 2159 793 est
2176 740 2480 811 haereticus,
2497 748 2599 803 nisi
2616 756 2964 812 contentione
2980 759 3266 821 haereticus
3279 767 3393 823 ﬁat.
3411 740 3539 826 Sui;

1958 826 2071 882 ﬁcit
2097 832 2241 886 enim
2288 834 2343 888 in
2394 836 2650 897 Ecclesiae
2677 843 2816 914 lege,
2847 852 3028 906 carnis
3084 861 3534 919 resurrectionem

1956 920 2178 977 credere
2234 923 2468 985 futuram
2496 932 2566 987 de
2581 943 2779 992 morte.
2829 940 3181 1008 Quodautem
3225 951 3456 1010 dicimus
3483 957 3535 1011 in

1955 1015 2243 1116 symbolo,
2275 1020 2332 1074 in
2362 1023 2592 1080 adventu
2606 1028 2819 1086 Domini
2841 1034 2995 1090 vivos
3019 1052 3084 1093 ac
3106 1049 3348 1098 mortuos
3365 1057 3367 1062 '
3387 1035 3534 1116 judi-

1955 1105 2175 1196 candos,
2201 1124 2306 1164 non
2333 1110 2589 1180 justos'et
2614 1131 2930 1188 peccatores
2950 1123 3217 1196 judicare,
3249 1105 3536 1194 sicut-Dio-

1953 1192 2122 1291 dorus
2169 1199 2476 1270 signiﬁcare
2519 1216 2708 1276 putat;
2751 1214 2902 1270 vivos
2948 1192 3060 1284 eos,
3115 1192 3212 1291 qui:
3253 1226 3312 1278 'in
3368 1192 3533 1285 carne

1954 1283 2260 1344 inveniendi
2312 1302 2458 1357 sunt,
2503 1297 2649 1362 dicit,
2682 1303 2772 1368 qui
2807 1305 2987 1362 adhuc
3013 1283 3263 1368 morituri
3308 1283 3536 1374 eredun;

2022 1647 2152 1704 Post
2207 1657 2662 1715 resurrectionem
2692 1671 2745 1716 et
2789 1661 3049 1731 judicium
3100 1687 3206 1727 non
3251 1673 3543 1735 credamus

267 1743 563 1798 Eunomius
588 1761 600 1796 :
628 1743 762 1797 nihil
785 1745 954 1813 gratia
979 1745 1204 1815 aequale,
1234 1755 1293 1800 ut
1320 1744 1432 1802 vult
1451 1748 1641 1804 Ethius
1675 1769 1686 1804 :
1716 1751 1850 1805 nihil

1955 1741 2348 1800 restitutionem
2389 1746 2646 1816 futuram,
2674 1767 2781 1822 qua
2808 1756 3071 1828 Origenes
3097 1761 3310 1833 delirat,
3342 1765 3403 1820 ut
3427 1769 3534 1824 dae-

265 1837 504 1891 anterius
562 1836 928 1906 posteriusve,
979 1847 1074 1892 aut
1121 1839 1317 1905 minus,
1352 1851 1412 1895 ut
1453 1842 1614 1897 Arius

1664 1862 1676 1897 ε
1719 1844 1850 1899 nihil
1877 1828 1925 1887 B
1957 1847 2145 1889 mones
2174 1837 2259 1891 vel
2288 1837 2437 1909 impii
2469 1842 2714 1901 homines
2747 1857 2871 1917 post:
2899 1859 3191 1921 tormenta,
3223 1828 3377 1927 quasi
3402 1873 3558 1930 supr

265 1936 586 1982 extraneum
616 1937 710 1982 aut
749 1927 972 1984 olﬁciale
1007 1929 1184 1997 alteri,
1211 1939 1271 1987 ut
1294 1931 1678 1990 Macedonius:
1712 1937 1847 1992 nihil

1952 1924 2131 1995 pliciis
2154 1931 2460 2002 expurgati,
2502 1933 2586 1988 vel
2615 1934 2690 1989 illi
2734 1937 2788 1990 in
2822 1941 3120 2010 angelicam
3144 1923 3394 2013 red—eant,
3426 1923 3531 2020 qua

264 2021 617 2092 persuasione
661 2029 755 2074 aut
806 2023 1140 2092 surreptione
1203 2024 1490 2091 insertum,
1551 2035 1612 2082 ut
1684 2028 1850 2084 Mani-

263 2113 438 2167 chacus
469 2131 483 2167 :
525 2112 657 2167 nihil
681 2123 1019 2183 corporeum,
1064 2125 1123 2170 ut
1147 2116 1328 2173 Melito
1353 2128 1409 2173 et
1435 2119 1798 2178 Tertullianus
1830 2141 1842 2176 :

261 2203 391 2257 nihil
419 2202 784 2272 corporaliter
809 2203 1121 2275 eﬁigiatum,
1164 2215 1224 2261 ut
1271 2208 1764 2279 Anthropoformus
1793 2221 1847 2267 et

263 2294 538 2350 Vadianus
572 2313 586 2348 :
633 2295 767 2349 nihil
806 2296 908 2351 sibi
949 2297 1237 2364 invisibile,
1280 2309 1340 2354 ut
1366 2299 1627 2372 Origenes
1666 2304 1846 2360 :nihil

259 2385 526 2440 creaturis
569 2385 796 2449 visibile,
829 2394 890 2441 ut
915 2386 1246 2444 Fortunatus
1281 2405 1294 2443 :
1325 2391 1461 2446 nihil
1490 2393 1732 2448 moribus
1761 2395 1846 2449 vel

259 2477 539 2532 voluntate
585 2477 880 2544 diversum,
936 2488 997 2533 ut
1035 2479 1272 2537 Marcion
1321 2500 1334 2536 :
1376 2484 1508 2538 nihil
1562 2485 1847 2542 Trinitatis

258 2570 494 2625 essentia
529 2569 598 2624 ad
625 2579 996 2626 creaturarum
1026 2581 1277 2629 naturam
1305 2577 1616 2642 deductum,
1641 2587 1702 2632 ut
1727 2578 1849 2632 Pia-

259 2669 314 2715 to
350 2669 402 2714 et
453 2659 828 2717 Tertullianus
883 2681 896 2716 :
936 2663 1073 2718 nihil
1100 2663 1276 2721 officio
1321 2667 1615 2739 singulare,
1643 2684 1746 2724 nec
1773 2671 1850 2724 al-

260 2751 358 2806 teri
389 2751 868 2818 communicabile,
915 2761 974 2807 ut
1009 2753 1270 2827 Origenes
1301 2775 1313 2810 :
1356 2759 1488 2813 nihil
1539 2759 1843 2826 confusum,

258 2850 318 2896 ut
366 2841 639 2897 Sabellius
679 2859 692 2894 :
733 2843 825 2898 sed
856 2860 1024 2898 unum
1053 2847 1373 2915 perfectum,
1405 2851 1532 2920 quia
1577 2859 1751 2906 totum
1779 2867 1848 2907 ex

257 2947 384 2997 uno,
411 2940 468 2987 et
493 2948 684 2998 unum,
714 2950 820 2988 non
864 2942 1044 2990 tamen
1073 2937 1395 3007 solitarium,
1424 2950 1482 2996 ut
1512 2953 1850 3013 praesumunt

259 3025 537 3097 Sylvanus
561 3035 620 3082 et
643 3035 898 3098 praxetos
922 3031 1366 3103 penthapolitana
1407 3037 1730 3092 damnabilis
1759 3035 1846 3092 illa

258 3116 527 3173 doctrina.

1951 2019 2121 2072 creati
2149 2029 2299 2085 sunt,
2332 2022 2685 2093 dignitatem;
2718 2028 2804 2084 vel
2831 2030 2920 2086 isti
2955 2031 3227 2102 justorum
3273 2019 3535 2097 societate

1951 2108 2241 2178 donentur,
2272 2128 2336 2168 eo
2375 2117 2518 2184 quod
2546 2117 2648 2175 hoc
2687 2121 2884 2178 divinae
2913 2129 3198 2183 conveniat
3224 2131 3430 2200 pietati,
3463 2149 3558 2189 nc-

1950 2204 2078 2272 quid
2112 2220 2192 2260 etc
2212 2207 2570 2265 rationalibus
2593 2243 2596 2246 -
2616 2223 2804 2281 pereat
2837 2221 3122 2285 creaturis,
3173 2226 3267 2279 sed
3292 2227 3533 2295 quolibet

1951 2292 2112 2347 modo
2149 2293 2452 2351 salvantur.
2501 2299 2615 2354 Sed
2638 2317 2739 2357 nos
2783 2307 3068 2365 credamus
3096 2311 3196 2382 ipsi
3226 2292 3389 2382 iudici
3418 2333 3535 2371 om‘~

1951 2381 2098 2437 nium
2129 2392 2197 2439 et-
2219 2387 2537 2445 retributori
2559 2389 2729 2460 justo,
2760 2395 2852 2464 qui
2895 2398 3071 2454 dixit:
3099 2381 3260 2458 Ibunt
3307 2408 3454 2477 impii
3477 2409 3556 2462 in-

1949 2473 2280 2544 supplicium-
2308 2487 2586 2547 (sternam,
2621 2483 2759 2553 justi
2786 2497 2961 2542 autem
2989 2491 3047 2545 in
3073 2493 3235 2546 vitam
3282 2473 3534 2552 a’ternam

1950 2562 2168 2633 (Matth.
2221 2566 2374 2639 xxv).
2407 2578 2466 2624 ut
2510 2573 2815 2645 percipiant
2848 2576 3090 2636 fructum
3129 2597 3356 2653 operum
3409 2586 3556 2644 δυο-ν

1950 2670 2090 2726 rum.
2188 2695 2190 2698 -
2230 2696 2232 2698 -
2847 2717 2852 2724 ,
3387 2691 3390 2696 -

2021 2747 2088 2802 In
2115 2742 2375 2822 principio
2397 2757 2590 2810 creavit
2641 2757 2998 2818 Demetelum
3037 2774 3086 2818 et
3130 2774 3342 2824 terram:
3374 2763 3536 2842 (Gen.-

1951 2841 1996 2912 ι).
2021 2850 2076 2895 et
2105 2857 2302 2912 aquam
2331 2860 2399 2900 ex
2427 2847 2612 2906 nihilo.
2644 2849 2712 2911 Et
2737 2864 2860 2907 cum
2885 2853 3063 2910 adhuc
3089 2859 3325 2914 tenebrat
3360 2841 3531 2932 ipsum

1950 2948 2148 3002 aquam
2177 2937 2536 3004 occultarent,
2563 2949 2619 3001 et
2637 2955 2784 3012 aqua
2819 2953 3018 3003 terram
3045 2947 3424 3019 absconderet,
3454 2954 3534 3009 fas-

1949 3026 2021 3080 cti
2053 3038 2180 3082 sunt
2231 3031 2404 3100 angeli
2465 3041 2518 3086 et
2546 3048 2737 3091 omnes
2764 3037 3016 3095 caelestes
3063 3041 3292 3098 virtutes
3339 3054 3554 3102 ut’nom

1949 3119 2122 3184 otiosa
2150 3120 2243 3180 Dei
2272 3113 2506 3190 bonitas,
2556 3125 2653 3182 sed
2688 3129 2912 3185 haberet
2937 3131 2992 3186 in
3018 3133 3216 3202 quibus
3237 3135 3531 3206 permulta

325 3209 627 3268 Omousion
675 3229 808 3286 ergo
863 3225 948 3271 est
1013 3217 1068 3271 in
1135 3217 1421 3275 divinitate
1442 3220 1622 3277 Patris
1652 3221 1839 3278 Filius.

1950 3221 2076 3266 ante
2108 3214 2279 3282 spatia
2319 3216 2614 3272 bonitatem
2678 3235 2834 3278 suam
2867 3225 3209 3292 ostenderet;
3242 3236 3316 3282 ‘et
3343 3228 3416 3283 ita
3441 3231 3536 3284 hic

257 3302 553 3360 Omousion
586 3303 737 3360 Patri
763 3314 820 3361 et
849 3305 987 3362 Filio
1013 3306 1248 3378 Spiritus
1274 3321 1512 3367 sanctus.
1545 3312 1844 3369 Omousion

259 3395 364 3451 Deo
387 3403 446 3450 et
469 3396 705 3463 homini,
733 3413 873 3453 unus
904 3398 1047 3454 ﬁlius
1088 3415 1315 3457 manens
1369 3404 1510 3460 Deus
1545 3405 1599 3459 in
1629 3407 1848 3461 homine

257 3505 351 3544 suo
381 3491 438 3544 in
467 3489 642 3561 gloria
677 3490 870 3560 patris,
901 3491 1275 3550 desiderabilis
1326 3495 1498 3552 videri
1527 3498 1596 3554 ab
1622 3498 1846 3568 angelis,

256 3592 392 3638 Sicut
442 3583 612 3638 Pater
636 3592 691 3638 et
722 3583 959 3654 Spiritus
987 3595 1207 3643 sanctus
1253 3589 1514 3646 adorator
1541 3593 1610 3647 ab
1644 3593 1852 3663 angelis

253 3683 305 3727 et
342 3674 414 3727 ab
449 3674 599 3725 omni
626 3683 876 3729 creatura
907 3694 919 3728 :
956 3692 1059 3730 non
1111 3679 1270 3735 homo
1300 3691 1498 3751 praeter
1520 3682 1688 3739 Deum
1717 3705 1727 3738 :
1765 3685 1849 3739 vel

254 3761 512 3817 Christus
539 3775 661 3815 cum
688 3761 823 3827 Deo,
861 3764 1002 3819 sicut
1039 3767 1322 3825 Nestorius
1346 3773 1686 3841 biasphemat
1710 3793 1724 3828 :
1754 3777 1848 3830 sed

257 3856 419 3910 homo
449 3852 505 3907 in
543 3853 654 3909 Deo
686 3863 742 3908 et
767 3855 820 3908 in
849 3855 1070 3912 homine
1095 3859 1255 3914 Deus.

325 3945 445 3998 Erit
477 3946 810 4000 resurrectio
838 3955 1174 4003 mortuorum
1208 3950 1510 4019 hominum,
1532 3953 1626 4008 sed
1654 3970 1762 4009 una
1797 3967 1853 4012 et

259 4036 448 4102 semel,
477 4052 587 4092 non
610 4038 784 4107 prima
806 4037 1102 4108 iustorum,
1129 4051 1185 4097 et
1214 4045 1449 4100 secunda
1477 4055 1847 4118 peccatorum,

259 4142 317 4186 ut
351 4131 539 4188 fabula
569 4133 908 4188 somniatur:
942 4135 1035 4190 sed
1065 4151 1174 4191 una
1205 4139 1445 4194 omnium
1475 4158 1490 4194 :
1528 4149 1584 4195 et
1608 4143 1653 4196 si
1678 4142 1731 4196 id
1759 4159 1849 4198 rc-

260 4237 480 4295 surgere
510 4224 725 4287 dicitur,
766 4225 911 4296 quod
938 4225 1084 4281 cadit
1109 4245 1122 4280 :
1154 4243 1284 4284 caro
1308 4245 1436 4301 ergo
1465 4240 1650 4287 nostra
1677 4234 1730 4288 in
1751 4240 1854 4290 ve-'

263 4317 418 4372 ritate
471 4318 729 4390 resurgit,
776 4319 919 4374 sicut
968 4321 1022 4375 in
1065 4322 1299 4378 veritate
1327 4325 1470 4379 cadit
1500 4344 1512 4379 :
1543 4334 1599 4381 et
1619 4331 1727 4382 non
1759 4344 1847 4384 se-

263 4412 494 4466 cundum
527 4409 816 4481 Origenem
847 4413 1155 4470 immutatio
1194 4430 1480 4486 corporum
1509 4419 1633 4485 erit,
1661 4420 1715 4475 id
1740 4430 1845 4488 est,

264 4501 403 4556 aliud
443 4516 645 4555 novum
671 4517 869 4572 corpus
894 4519 993 4572 pro
1018 4520 1182 4561 carne
1207 4525 1220 4561 :
1251 4509 1346 4564 sed
1365 4509 1554 4564 eadem
1584 4525 1710 4566 caro
1733 4527 1850 4567 cor-

1906 3315 1908 3322 '
1935 3283 2177 3360 ’visibilis
2215 3307 2448 3362 mundus
2480 3323 2548 3364 ex
2572 3311 2805 3366 materia
2827 3327 2970 3382 quae
2997 3329 3029 3369 a
3061 3315 3178 3371 Deo
3198 3326 3386 3373 creata
3421 3318 3536 3374 fue-

1948 3406 2054 3460 rat,
2088 3394 2268 3452 factus
2287 3407 2375 3454 est
2406 3411 2471 3455 et
2501 3410 2746 3460 ornatus.
2791 3403 2933 3460 Nihil
2963 3405 3344 3478 incorporeum
3369 3411 3535 3466 etin.

1947 3486 2159 3542 visibile
2180 3489 2243 3544 .in
2276 3498 2475 3550 natura
2500 3493 2866 3562 credendum,
2907 3496 3023 3569 nisi
3043 3498 3437 3568 soluchum,
3457 3504 3550 3559 iid-
3570 3543 3582 3552 ι

1947 3587 2054 3644 est,
2079 3579 2318 3647 Patrem,
2351 3592 2407 3638 et
2435 3583 2650 3652 Filium,
2677 3595 2734 3642 et
2757 3587 3016 3658 Spiritum
3043 3603 3310 3659 sanctum,
3338 3596 3432 3664 qui
3461 3610 3528 3651 ex

1949 3690 2018 3730 eo
2040 3675 2391 3748 incorporeus
2422 3682 2683 3748 creditur,
2731 3685 2862 3754 quia
2896 3685 3099 3756 ubique
3128 3696 3232 3753 est,
3269 3697 3326 3743 et
3349 3691 3531 3746 omnia

1951 3765 2140 3836 implet
2173 3776 2344 3839 atque
2397 3774 2764 3845 constringit;
2795 3775 2916 3832 ideo
2960 3776 3248 3835 invisibilis
3283 3781 3542 3837 omnibus

1950 3859 2236 3924 creaturis,
2271 3863 2397 3931 quia
2419 3863 2772 3934 incorporeus
2800 3877 2903 3922 est.
2935 3867 3199 3926 (lreatura
3227 3874 3406 3929 omnis
3421 3885 3540 3928 con-

1949 3951 2139 4020 porca,
2167 3955 2338 4024 angeli
2365 3964 2420 4010 et
2443 3971 2632 4012 omnes
2674 3961 2924 4016 cmlestes
2974 3963 3206 4020 virtutes
3236 3979 3538 4036 corporeae,-

1951 4042 2077 4099 licet
2107 4058 2216 4100 non
2245 4059 2412 4101 carne
2464 4047 2778 4106 subsistant.
2812 4052 2892 4106 Ex
2921 4067 2990 4108 eo
3014 4059 3205 4110 autent
3245 4065 3536 4127 corporeus

1951 4149 2074 4193 esse
2096 4139 2370 4194 credimus
2406 4135 2804 4200 intellectuales
2843 4153 3091 4213 naturas,
3120 4148 3263 4218 quod
3292 4149 3540 4206 localiter

1952 4234 2527 4291 circumscribuntur:
2577 4238 2722 4294 sicut
2773 4244 2829 4294 et
2891 4241 3069 4295 anima
3105 4243 3362 4298 humana
3417 4251 3537 4314 quae

1950 4341 2117 4384 carne
2155 4328 2426 4385 clauditur
2455 4349 2474 4384 :-
2501 4335 2556 4388 et
2589 4333 2861 4390 themones
2887 4336 2980 4406 qui
3009 4345 3129 4406 ‘per
3177 4337 3533 4394 "substantiam

1950 4419 2206 4490 angelicae
2235 4431 2444 4479 natura;
2461 4425 2609 4479 Sunt.
2637 4426 2988 4484 immortales
3006 4417 3291 4486 "credii'n'ns
3319 4432 3534 4487 intelle:

1951 4516 2159 4570 ctuales
2212 4522 2435 4570 naturas
2482 4532 2602 4586 qua:
2636 4533 2800 4574 carne
2828 4530 3039 4585 carent,
3072 4527 3178 4577 nee;
3194 4511 3403 4577 habent
3424 4533 3535 4594 quo

267 4593 532 4661 ruptibilis
585 4601 692 4647 tam
723 4593 996 4664 justorum
1026 4610 1188 4666 quam
1241 4598 1565 4669 injustorum
1597 4599 1726 4656 caro
1762 4601 1848 4655 in-
1952 4603 2169 4684 cadant,
2193 4611 2260 4656 'u‘t
2276 4607 2679 4659 resurrectione
2730 4616 2924 4676 egeant
2970 4617 3097 4690 post
3119 4600 3381 4663 ruinam?
3410 4590 3535 4663 Inde

266 4684 628 4753 corruptibilis
659 4686 933 4755 resurgit:
971 4696 1031 4740 ut
1062 4686 1145 4741 vel
1172 4701 1386 4756 poenam
1422 4689 1652 4745 suﬂ'erre
1671 4692 1846 4761 possit

267 4789 361 4844 pro
387 4776 650 4844 peccatis,
689 4778 775 4830 vel
804 4777 858 4829 in
889 4776 1058 4846 gloria
1103 4785 1302 4833 aeterna
1353 4787 1708 4852 manere'pro
1736 4795 1848 4837 me-

268 4862 400 4922 ritis.
433 4865 686 4924 Omnium
737 4870 881 4923 enim
931 4870 1210 4926 hominum
1257 4872 1362 4927 erit
1396 4873 1744 4928 resurrectio.
1785 4873 1847 4928 Si

270 4953 501 5015 omnium
555 4963 676 5025 erit,
727 4977 856 5032 ergo
904 4975 1093 5017 omnes
1131 4963 1460 5030 moriuntur,
1515 4965 1750 5021 utmch
1778 4967 1846 5023 ab

270 5043 432 5106 Adam
463 5053 625 5108 ducta
654 5054 908 5109 omnibus
953 5053 1079 5108 ﬁliis
1127 5053 1244 5125 ejus
1267 5055 1596 5123 dominetur,
1647 5065 1702 5111 et
1726 5071 1844 5113 ma-

275 5145 360 5195 net
385 5141 511 5198 illud
541 5130 885 5216 privilegium
917 5145 972 5199 in
1005 5144 1254 5221 Domino,
1279 5149 1424 5217 quod
1448 5147 1514 5203 d'e
1545 5163 1609 5205 eo
1632 5150 1842 5220 specia-

273 5229 391 5288 liter
413 5235 608 5290 dicitur
632 5250 647 5289 :
687 5236 812 5290 Non
840 5236 990 5291 dabis
1020 5249 1259 5292 sanctum
1287 5248 1436 5292 tuum
1471 5240 1644 5295 videre
1665 5257 1847 5296 corru-

275 5315 488 5398 ptionem
515 5326 689 5397 (Psal.
716 5329 834 5401 xv),
859 5335 915 5384 et
941 5343 1071 5385 caro
1099 5330 1216 5402 ejus
1247 5346 1357 5386 non
1383 5332 1519 5387 vidit
1546 5334 1848 5405 corruptio.

277 5409 409 5472 nem.
457 5415 607 5476 Hanc
652 5421 936 5487 rationem,
989 5423 1228 5477 maxima
1279 5431 1493 5493 patrum
1543 5423 1695 5481 turba
1735 5433 1845 5482 tra-

276 5503 446 5590 dente,
504 5514 863 5584 suscepimus.
920 5514 1124 5571 Verum
1154 5516 1281 5587 quia
1335 5527 1463 5572 sunt
1487 5525 1542 5574 et
1570 5509 1663 5574 alii
1690 5535 1844 5590 aeque

278 5603 514 5660 catholici
573 5615 628 5661 et
685 5607 883 5663 eruditi
931 5609 1064 5673 viri,
1120 5609 1216 5680 qui
1275 5612 1506 5667 credunt
1567 5615 1744 5668 anima
1791 5616 1844 5670 in

277 5679 491 5764 corpore
548 5709 797 5753 manente
857 5702 1222 5758 immutandos
1263 5703 1330 5759 ad
1384 5703 1841 5778 incormptioncm

277 5783 796 5866 etintmortalitatcm
825 5808 939 5859 eos,
972 5794 1063 5862 qui
1121 5795 1176 5849 in
1219 5796 1449 5850 adventu
1489 5795 1705 5854 Domini
1736 5799 1841 5872 vivi

1951 4681 2256 4748 necessario
2281 4694 2934 4752 animash‘o’tni‘mmt'non
3121 4700 3188 4753 ab
3218 4689 3536 4754 itiilio‘liiler

1951 4787 2178 4839 cteteras
2213 4783 2623 4840 {intellectuales
2652 4787 2910 4849 naturas,
2935 4801 3064 4842 nec-
3092 4788 3256 4842 simul
3297 4779 3531 4858 creatas;

1952 4876 2091 4931 sicut
2111 4873 2582 4948 Origenesﬁngit';-'
2603 4867 2932 4948 neque"cum
2951 4880 3284 4950 corporibus
3300 4869 3538 4952 per-cati

1951 4963 2065 5024 tum
2114 4967 2471 5036 seminantur,
2513 4969 2677 5026 sicut”
2712 4969 3065 5036 Luciferiaui,‘
3100 4977 3154 5026 et
3199 4973 3535 5044 Cyrillu's'et

1950 5061 2115 5134 aliqui
2135 5059 2463 5119 La‘tinorum‘
2479 5055 2900 5134 praesumptore's
2940 5061 3227 5134 allii-mani,
3257 5069 3411 5138 quasi
3424 5071 3427 5078 '
3441 5073 3536 5125 na-

1950 5153 2086 5209 turte'
2129 5151 2528 5226 consequentia
2551 5165 2554 5186 ι
2579 5153 2883 5222 serviente,
2917 5155 3032 5211 ‘sed'
3079 5158 3309 5213 dicimus
3335 5161 3534 5231 corpus

1952 5252 2162 5299 tantum
2186 5260 2283 5316 per
2307 5244 2542 5316 coniugii
2564 5244 2810 5315 copulam
2836 5248 3116 5304 seminari.
3443 5253 3446 5270 ε

1988 5351 1990 5354 ·
2022 5336 2366 5394 Creationem
2409 5339 2767 5420 vero-animae
2795 5341 2972 5420 selum
3002 5331 3526 5415 creatorern'nosse,

1951 5429 2051 5485 Dei
2098 5441 2238 5484 vero“
2291 5428 2496 5500 judicio
2548 5415 2859 5501 Icoagnlari,
2922 5442 2978 5490 et
3031 5424 3304 5509 compingi
3365 5437 3528 5510 atque

1953 5521 2203 5578 formari:
2236 5535 2300 5575 ac
2331 5519 2562 5576 formato
2586 5520 2698 5589 iam
2728 5531 2956 5594 corpore
2981 5526 3218 5582 animam
3257 5529 3430 5584 creari
3477 5540 3533 5588 et

1952 5613 2178 5677 infundi,
2215 5623 2272 5668 ut
2297 5613 2439 5668 vivat
2460 5613 2514 5668 in
2543 5624 2695 5669 utero
2715 5613 2882 5670 home
2905 5632 2970 5671 ex
2995 5618 3172 5673 anima
3203 5614 3459 5678 constans
3477 5627 3531 5678 et

1900 5781 1906 5789 _
1951 5717 2196 5774 corpore,
2242 5714 2299 5759 et
2334 5708 2642 5777 egrediatur
2672 5709 2826 5764 vivus
2873 5718 3161 5778 ex‘utero,
3207 5709 3401 5782 plenus
3431 5716 3529 5769 lm-

1951 5813 2117 5854 numa'
2133 5801 2431 5855 substantia
2467 5823 2478 5852 :
2516 5817 2686 5870 neque
2739 5805 2872 5858 duas
2904 5805 3267 5861 animas-esse
3294 5806 3520 5861 dicimus
