4074 6316
485 430 555 490 99
1134 421 1196 478 Β.
1237 417 1495 476 usam
1533 418 1754 476 usum
1789 383 2116 475 taeniae.
2156 379 2466 476 MOGUNT.
2508 412 2792 472 OPERUM
2826 409 3007 469 PARS
3042 406 3110 468 tt.

3649 415 3756 476 100

467 547 523 602 in
559 556 667 600 uno
688 529 932 604 homme,
975 519 1120 592 sicui
1146 534 1384 591 Jacohus
1424 541 1480 587 et
1519 531 1611 588 alii
1635 529 1900 602 Syrorum
1921 530 2063 586 seni-
2092 534 2146 596 Α
2169 521 2999 596 etcelestispariter'adiutorii
3028 541 3042 579 ε
3075 530 3136 578 ut
3163 536 3433 590 laneum,
3465 529 3761 596 potestatis

465 638 632 694 bunt:
671 647 834 690 unam
855 629 1161 693 animalem,
1191 643 1294 698 qua
1329 627 1601 682 animatur
1625 639 1846 695 corpus,
1881 631 1942 679 et
1966 624 2061 678 im-

465 731 626 786 mista
664 728 736 784 sit
775 725 1071 796 sanguine:
1117 730 1174 777 et
1194 720 1421 777 alteram
1459 718 1786 790 spiritalem,
1823 731 1947 788 qua
1976 731 2062 771 ra-

466 822 669 877 tionem
718 817 1030 872 ministret:
1081 812 1176 870 sed
1223 811 1456 868 dicimus
1511 824 1674 865 unam
1703 808 2062 877 eamdemque

469 927 589 968 esse
629 923 866 964 animam
895 907 950 961 in
983 904 1227 970 homine,
1265 917 1386 974 qua
1429 909 1486 957 et
1523 915 1721 971 corpus
1750 915 1844 955 sua
1887 898 2064 953 socie-

472 1009 581 1056 tate
604 998 858 1065 viviticet,
899 1005 954 1052 et
998 981 1348 1065 semetipsam
1395 1008 1496 1068 sua
1524 993 1735 1047 ratione
1771 991 2056 1060 disponat:

469 1089 674 1146 habetis
700 1089 755 1144 in
784 1104 842 1144 se
869 1087 1173 1143 libertatem
1217 1084 1452 1151 arbitrii,
1499 1093 1557 1138 ut
1581 1083 1636 1137 in
1664 1097 1774 1137 suae
1804 1080 2059 1135 substan-

469 1183 559 1238 tiae
588 1169 732 1254 legat
757 1180 1114 1252 cogitatione,
1167 1178 1312 1248 quod
1359 1176 1491 1232 vult.
1549 1175 1733 1230 Solum
1786 1173 2059 1228 hominem

469 1270 740 1329 credimus
792 1272 994 1327 habere
1049 1269 1285 1324 animam
1345 1265 1785 1329 substantialem,
1841 1277 1964 1333 quae
2009 1270 2064 1317 et

469 1375 632 1420 exuta
658 1377 886 1433 corpore
933 1361 1088 1427 vivit,
1139 1367 1193 1415 et
1238 1373 1431 1414 sensus
1470 1372 1598 1412 suos
1645 1365 1804 1424 atque
1847 1353 2062 1423 ingenia

469 1457 732 1512 vivaciter
777 1463 970 1511 tenet:
1015 1467 1190 1524 neque
1235 1437 1370 1508 cuni.
1411 1465 1642 1520 corpore
1682 1449 1914 1506 moritur
1939 1488 1955 1514 ,
2003 1456 2066 1502 ut

465 1549 642 1605 Arabs
667 1547 864 1604 asserit
888 1533 902 1600 Ξ
934 1561 1107 1615 neque
1135 1545 1482 1615 postmodum
1506 1542 1872 1607 interituram,
1921 1541 2063 1596 sicut

469 1638 653 1694 Zenon
680 1637 849 1692 dicit:
891 1636 1020 1707 quia
1048 1633 1485 1691 substantialiter
1527 1633 1679 1687 vivit.
1731 1631 2062 1687 Aaimalium

468 1750 598 1790 vero
619 1733 813 1789 animae
831 1747 939 1787 non
969 1739 1096 1787 sunt
1120 1729 1463 1785 substantiae:
1489 1729 1586 1783 sed
1603 1741 1734 1782 cum
1753 1735 1922 1781 carite
1944 1725 2063 1795 ipsa

469 1823 650 1878 carnis
697 1821 986 1877 vivacitate
1031 1830 1371 1874 nascuntur:
1404 1827 1460 1872 et
1507 1832 1632 1872 cum
1657 1814 1841 1871 carnis
1886 1822 2060 1868 morte

2162 628 2368 678 nostra:
2396 627 2482 676 est
2509 628 2566 676 et
2584 617 2831 691 ignavia.

2233 712 2506 784 Baptisms
2531 725 2698 766 unum
2737 719 2842 776 est,
2875 709 2968 766 sed
2995 709 3052 764 in
3075 709 3307 766 ecclesia
3325 739 3343 776 ς
3367 708 3463 766 ubi
3488 726 3596 766 una
3620 710 3765 769 ﬁdes

2163 812 2247 863 est
2267 806 2358 861 ubi
2387 806 2442 860 in
2469 805 2686 860 nomine
2711 803 2888 860 Patris
2913 813 2968 860 et
2985 803 3109 859 Filii
3133 812 3191 860 et
3213 803 3448 876 Sqriritus
3469 805 3641 862 sancti
3664 806 3768 862 (ιιι-

2164 905 2272 951 tur.
2302 897 2368 951 Et
2395 897 2516 952 ideo
2545 896 2686 966 siqui
2711 897 2854 966 apud
2875 896 2996 952 illos
3018 897 3306 952 haereticos
3329 896 3585 968 baptizati
3610 909 3764 966 sunt,

2162 990 2256 1060 qui
2280 990 2334 1044 in
2356 998 2559 1045 sanctae
2588 988 2870 1044 Trinitatis
2889 988 3230 1045 confessione
3263 989 3566 1060 neptium,
3585 998 3641 1044 et
3668 1006 3768 1046 ve-

2165 1083 2320 1138 niunt
2349 1083 2415 1138 ad
2440 1098 2579 1138 nos:
2615 1082 2945 1152 recipiantur
2989 1081 3239 1152 quidem,
3275 1082 3434 1152 quasi
3476 1081 3765 1153 haptizati,

2165 1195 2234 1235 ne
2265 1189 2468 1235 sanctre
2488 1177 2774 1233 Trinitatis
2801 1177 3070 1233 invocatio
3096 1177 3181 1232 vel
3205 1174 3480 1232 confessio
3515 1177 3765 1232 amite-

2167 1278 2294 1336 tur;
2327 1269 2422 1324 sed
2449 1270 2749 1324 doceantur
2793 1277 2996 1324 anteet
3045 1268 3414 1324 instruantur:
3462 1273 3570 1337 Quo
3593 1275 3768 1324 sensu

2167 1370 2367 1416 saneta
2391 1360 2673 1414 'llrinitatis
2704 1361 3028 1432 mysterium
3049 1360 3105 1414 in
3131 1359 3362 1415 ecclesia
3393 1369 3660 1416 teneatur.
3698 1360 3771 1414 Et

2167 1455 2306 1512 sicut
2334 1455 2573 1510 sentiunt
2593 1453 2836 1519 credere,
2852 1453 2935 1510 vel
2963 1453 3317 1523 acquiescant
3337 1453 3620 1510 contineri:
3643 1467 3772 1525 pur-

2167 1548 2275 1618 gati
2295 1546 2410 1616 jam
2438 1546 2559 1602 lidei
2603 1546 2922 1616 integritate
2943 1547 3333 1602 conﬁrmentur
3372 1555 3566 1601 manus
3593 1551 3770 1616 tmpo-

2168 1640 2384 1695 sitione.
2415 1636 2475 1693 Si
2493 1651 2626 1693 vero
2651 1638 2864 1708 parvuli
2893 1649 3024 1692 sunt
3041 1637 3130 1692 vel
3159 1637 3411 1701 hebetes,
3439 1637 3532 1708 qui
3555 1637 3772 1692 doctri-

2167 1743 2294 1784 nam
2349 1745 2456 1785 non
2497 1729 2752 1799 capiant:
2787 1730 3148 1800 respondeant
3197 1736 3296 1798 pro
3339 1728 3445 1783 illis
3467 1768 3482 1793 ,
3519 1727 3614 1798 qui
3647 1727 3772 1783 illos

2169 1820 2401 1876 oﬁ'erunt
2419 1820 2574 1890 juxta
2604 1836 2809 1876 morem
2841 1821 3191 1891 baptizandi:
3231 1831 3289 1876 et
3309 1835 3502 1875 manus
3537 1821 3768 1891 imposi-

469 1916 768 1972 tiniuntur:
801 1924 855 1970 et
883 1915 1004 1970 ideo
1029 1929 1131 1969 nec
1159 1913 1369 1968 ratione
1406 1921 1702 1982 reguntur,
1729 1910 1874 1965 sicut
1908 1895 2064 1963 P’lato
2091 1914 2141 1974 Β
2170 1911 2316 1968 tione
2343 1920 2399 1968 et
2421 1913 2718 1968 chrismate
2743 1911 3080 1975 comtnuniti,
3107 1911 3465 1967 Eucltariatia:
3493 1910 3772 1982 mysteriis

471 2016 526 2063 et
546 2005 854 2061 Alexander
873 2013 1098 2075 putant:
1116 2005 1210 2060 sed
1229 2005 1294 2060 ad
1317 2004 1499 2059 omnia
1529 2003 1741 2059 scilicet
1764 2000 2067 2056 naturaein-

471 2081 764 2152 citamenta
806 2096 1061 2151 dicuntur
1091 2093 1429 2168 [ducuntur].
1458 2095 1653 2149 Anima
1680 2096 1916 2149 humana
1957 2108 2066 2148 non

473 2206 598 2244 cum
625 2204 791 2244 carne
815 2189 1068 2256 moritur,
1093 2191 1221 2258 quia
1246 2204 1346 2243 nec
1370 2204 1494 2243 eum
1519 2202 1683 2243 carne
1711 2187 1794 2258 (ut
1817 2184 2066 2255 superius

473 2279 730 2354 diximus)
776 2282 1111 2337 seminatur:
1162 2282 1258 2336 sed
1296 2281 1530 2336 formato
1560 2281 1614 2335 in
1645 2291 1834 2336 ventre
1873 2279 2068 2335 matris

471 2389 719 2445 corpore,
754 2375 844 2429 Dei
861 2373 1272 2444 judiciocreari
1294 2383 1349 2430 et
1373 2373 1608 2440 infundi,
1638 2381 1701 2428 ut
1729 2373 1879 2428 vivat
1899 2373 2067 2427 homo

472 2463 620 2519 intus
645 2461 702 2519 in
738 2473 913 2532 utero,
950 2474 1006 2521 et
1049 2465 1130 2522 sic
1176 2466 1442 2536 procedat
1481 2465 1768 2520 nativitate
1811 2465 1871 2519 in
1909 2479 2068 2519 mun-

474 2555 622 2610 dum.

544 2665 761 2722 Duabus
785 2667 1103 2723 substantiis
1127 2677 1343 2724 constat
1367 2670 1550 2736 homo,
1576 2670 1757 2724 anima
1779 2673 1987 2724 tantum
2012 2667 2068 2724 et

474 2766 676 2813 carne:
717 2757 900 2812 anima
934 2772 1058 2812 cum
1079 2759 1296 2814 ratium
1339 2757 1438 2814 sua
1468 2776 1481 2813 :
1507 2768 1564 2815 et
1594 2764 1760 2816 carne
1788 2767 1912 2816 etim
1943 2760 2067 2816 sen-

476 2848 627 2905 sibus
676 2849 821 2915 suis,
879 2859 1020 2920 quos
1051 2857 1238 2906 tamen
1273 2857 1472 2907 sensus
1520 2852 1724 2922 absque
1763 2854 2070 2908 animaesu-

473 2941 670 2997 cietate
711 2953 821 2996 non
845 2945 1028 2996 movet
1065 2953 1236 2998 eam:
1277 2943 1460 2998 anima
1505 2953 1634 2999 vero
1677 2949 1734 2998 et
1758 2945 1878 3000 sine
1905 2927 2069 3000 carne

475 3032 742 3088 rationale
785 3046 945 3088 suum
975 3041 1143 3090 tenet.
1173 3029 1292 3090 Non
1319 3044 1406 3090 est
1451 3037 1647 3092 tertius
1680 3037 1736 3091 in
1762 3037 2068 3093 substantia

479 3127 716 3184 hominis
738 3128 986 3199 spiritus,
1038 3137 1099 3184 ut
1126 3128 1388 3202 Didymus
1417 3132 1704 3188 contendit
1733 3147 1746 3186 :
1780 3131 1874 3188 scil
1903 3131 2066 3203 spiri-

477 3231 565 3278 tus
593 3223 710 3294 ipsa
737 3233 824 3278 est
850 3223 1031 3278 anima
1059 3234 1163 3294 pro
1212 3225 1449 3296 spiritali
1500 3229 1717 3292 natura,
1751 3223 1834 3282 vel
1861 3233 1962 3296 pro
2003 3235 2069 3282 eo

479 3313 624 3385 quod
651 3315 821 3385 spirat
846 3315 900 3368 in
926 3319 1156 3386 corpore
1200 3317 1426 3387 spiritus
1455 3315 1757 3388 appellatur
1783 3335 1799 3371 :
1833 3317 2070 3372 animuin

475 3421 606 3463 vero
631 3419 702 3463 ex
723 3419 795 3463 eo
817 3408 1023 3474 vocari,
1067 3408 1213 3478 quod
1240 3409 1402 3464 datur
1440 3408 1508 3464 ad
1531 3409 1848 3477 vivendum,
1893 3408 1979 3464 Vel
2003 3407 2070 3464 ad

476 3498 860 3556 viviﬁcandhtn
886 3498 1092 3556 animt
1117 3505 1336 3572 corpus.
1389 3499 1627 3558 Tertium
1657 3507 1788 3559 vero
1813 3501 2070 3573 Quoniam

477 3591 546 3646 ab
575 3589 833 3663 Apestoio
857 3601 983 3646 cum
1029 3593 1214 3647 anima
1235 3591 1293 3648 et
1331 3607 1556 3664 corpore
1587 3590 1876 3661 inlittcitur,
1907 3593 2070 3666 spiri-

476 3689 592 3738 tum
605 3683 842 3753 gratiam
865 3681 1103 3753 Spiritus
1135 3677 1318 3738 sancti
1343 3695 1464 3739 esse
1494 3684 1875 3755 intelligamus,
1905 3695 2071 3756 quam

475 3780 600 3830 orat
619 3773 932 3846 Apostolus,
977 3785 1038 3830 ut
1061 3775 1273 3848 integra
1303 3783 1616 3846 perseveret
1655 3778 1710 3832 in
1736 3775 1893 3834 nobis
1921 3795 1934 3832 :
1969 3785 2072 3833 nec

475 3875 664 3921 nostra
693 3866 825 3921 vitio
855 3875 948 3920 aut
982 3867 1372 3922 minuaturaut
1393 3868 1630 3940 i‘ngiatur
1656 3885 1688 3924 a
1713 3871 1868 3927 nobis
1893 3887 1906 3924 :
1943 3870 2069 3942 quia

478 3957 716 4031 Spiritus
743 3968 966 4015 sanctus
995 3959 1218 4033 etl‘ugiet
1245 3959 1450 4018 ﬁctum.

547 4095 806 4154 Libet-tati
840 4087 1052 4154 arbitrii
1083 4089 1168 4155 sui
1200 4083 1525 4160 comitiissus
1570 4115 1655 4160 est
1689 4107 1851 4162 homo
1884 4109 2069 4164 statim

476 4189 530 4244 in
556 4189 730 4269 prima
754 4189 935 4248 mundi
962 4173 1269 4248 conditione
1296 4213 1308 4246 :
1341 4205 1420 4260 ut,
1449 4196 1598 4250 salva
1623 4177 1902 4269 vigilantia
1925 4216 2070 4257 mett-

477 4282 547 4336 tis
579 4267 876 4348 ddni'tenlc,
906 4283 1070 4336 etiam
1095 4285 1352 4354 praecepti
1387 4289 1630 4343 custodia
1655 4267 2065 4359 perseveraret:

478 4374 522 4430 si
551 4371 680 4428 velit
709 4371 763 4428 in
795 4373 868 4440 id,
900 4373 1046 4443 qudd
1071 4369 1288 4431 creatus
1316 4377 1512 4446 fuerat,
1554 4369 1887 4452 permanere.
1920 4386 2069 4444 Post-

477 4471 640 4536 quam
659 4477 790 4519 vero
817 4457 1456 4543 ‘seditione[seductione]
1485 4461 1752 4544 serpentis
1781 4493 1877 4548 per
1897 4479 2067 4534 Evam

477 4554 697 4621 cecidit,
749 4565 957 4642 naturae
983 4553 1186 4612 bonum
1231 4562 1464 4631 perdidit
1490 4564 1694 4635 pariter
1739 4579 1796 4623 et
1823 4571 2067 4642 vigorem

478 4736 621 4828 quod
645 4739 1258 4813 emendaret'peccatum
1285 4763 1298 4798 :
1331 4763 1430 4802 nec
1458 4751 1651 4808 merito
1676 4753 2064 4828 indulgeretur,

475 4827 618 4899 quod
646 4846 752 4885 non
779 4829 1006 4888 arbitrio
1029 4833 1305 4892 doluisset.

433 4941 451 4977 τ’
550 4944 732 4999 Manet
755 4945 937 5016 itaque
961 4948 1028 5003 ad
1047 4953 1392 5020 quaerendam
1422 4957 1650 5014 salutem
1667 4960 1880 5016 arbitrii
1903 4961 2069 5019 liber-

481 5047 582 5102 tas,
611 5035 665 5090 id
694 5046 777 5091 est
808 5038 1088 5094 rationalis
1111 5042 1358 5100 voluntas
1383 5065 1395 5101 :
1446 5050 1539 5106 sed
1560 5051 1882 5108 admonente
1915 5055 2066 5124 prius

478 5129 608 5192 Deo,
624 5136 682 5184 et
697 5128 959 5186 invitante
972 5133 1038 5187 ad
1057 5134 1284 5204 salutem
1303 5158 1318 5194 ε
1349 5149 1408 5194 ut
1423 5141 1505 5196 vel
1519 5143 1684 5214 eligat
1694 5144 1779 5199 vel
1803 5158 2064 5217 sequatur

484 5219 565 5274 vel
595 5231 720 5292 agat
742 5225 1025 5282 occasione
1037 5227 1246 5297 salutis,
1275 5231 1380 5286 hoc
1402 5242 1507 5297 est,
1534 5235 1892 5304 inspiratione
1919 5239 2015 5295 Dei
2045 5261 2058 5296 :

479 5323 539 5370 ut
566 5323 746 5372 autem
771 5330 1158 5391 consequatur,
1185 5325 1326 5392 quod
1349 5325 1519 5395 eligit,
1545 5327 1626 5381 vel
1650 5332 1792 5398 quod
1819 5337 2065 5402 sequitur

475 5408 562 5464 vel
583 5410 723 5486 quod
747 5413 1034 5470 occasione
1061 5417 1200 5486 agit:
1233 5416 1326 5478 Dei
1351 5431 1474 5472 esse
1500 5417 1669 5475 libere
1715 5427 2058 5483 confitemur.

475 5481 692 5556 initium
719 5502 911 5558 salutis
936 5481 1156 5570 nostrae,
1186 5507 1296 5561 Dee
1333 5508 1650 5578 miserante,
1678 5515 1972 5574 habemus:

474 5590 886 5672 acquiescamus
909 5596 1132 5650 salutari
1160 5597 1518 5668 inspirationi,
1559 5614 1757 5661 nostra:
1782 5613 2067 5678 potestatis

477 5689 596 5739 est:
650 5695 709 5740 ut
735 5686 1122 5757 adipiscamur,
1183 5691 1329 5760 quod
1376 5694 1444 5749 ad
1490 5696 1939 5765 acquiescendum
1970 5705 2065 5758 ad-

479 5777 778 5856 monitione
799 5779 1067 5849 cupimus,
1095 5780 1263 5838 divini
1283 5792 1366 5840 est
1393 5789 1632 5846 muneris
1661 5809 1676 5846 :
1710 5802 1772 5848 ut
1795 5810 1900 5850 non
1919 5795 2066 5851 laba-

484 5882 606 5924 mur
629 5869 822 5938 adepto
837 5869 1293 5946 salutismunere,
1321 5876 1700 5939 sollicitudinis
1727 5894 1924 5943 nostra:
1952 5900 2058 5960 est,

2171 2004 2544 2059 admittuntur.
2569 2005 2691 2060 Illos
2713 2014 2894 2060 autem
2921 2003 3012 2074 qui
3033 2019 3142 2059 non
3166 2003 3220 2058 in
3253 2011 3454 2058 sancta:
3480 2001 3768 2058 Trinitatis

2170 2097 2510 2151 invocatione
2534 2097 2677 2166 apud
2700 2096 2985 2152 hmrcticos
3009 2096 3266 2165 buptiauti
3291 2102 3440 2161 sunt,
3465 2104 3526 2150 et
3545 2095 3774 2149 veniunt

2170 2189 2238 2243 ad
2263 2205 2379 2252 nes,
2421 2189 2686 2258 baptizari
2715 2189 2911 2244 debere
2935 2189 3370 2258 pronuntiamus,
3391 2202 3503 2243 non
3529 2187 3774 2256 rebapti-

2171 2281 2306 2336 zari.
2339 2279 2524 2351 Neque
2569 2281 2716 2335 enim
2745 2281 3076 2337 credendum
3114 2289 3216 2348 est,
3273 2281 3563 2336 coaluisse
3589 2281 3770 2352 baptié

2170 2373 2340 2437 latos,
2393 2373 2487 2443 qui
2513 2385 2617 2428 non
2651 2374 2706 2426 in
2732 2373 2950 2428 nomine
2993 2373 3172 2428 Patris
3217 2380 3274 2427 et
3297 2371 3419 2426 Filii
3449 2381 3505 2428 et
3529 2372 3776 2442 Spiritus

2171 2468 2345 2523 sancti
2364 2467 2517 2538 juxta
2551 2467 2789 2539 regulam
2811 2484 2842 2522 ιι
2864 2467 3093 2522 Domino
3115 2467 3346 2538 positam
3369 2466 3524 2521 tincti
3541 2475 3692 2530 sunt,
3711 2474 3776 2520 ut

2169 2565 2299 2612 sunt
2342 2557 2715 2622 Pauliauisue,
2765 2557 3265 2623 Proclinniboriue,
3313 2555 3771 2629 velOSpurisiiot-i,

2168 2649 2477 2706 Fotinianrs
2513 2651 2603 2720 qui
2627 2665 2772 2706 nunc
2795 2655 3058 2706 vocantur
3081 2649 3397 2716 ilonosiani,
3425 2648 3688 2714 Montani,
3717 2657 3775 2704 et

2168 2740 2473 2807 Manichaii,
2504 2741 2711 2796 variata
2731 2741 3028 2815 impietatis
3042 2741 3284 2812 germina
3302 2759 3314 2794 :
3333 2738 3417 2795 vel
3433 2739 3617 2794 caeteri
3639 2738 3776 2794 iste--t

2169 2848 2290 2887 rum
2312 2833 2546 2904 originis
2591 2833 2706 2902 sive
2733 2832 2942 2888 ordinis
2969 2832 3270 2903 pestisque,
3315 2833 3407 2902 qui
3435 2831 3541 2886 title
3559 2830 3776 2903 {tritici-

2168 2927 2255 2997 pia
2281 2927 2384 2981 sibi
2415 2927 2599 2998 ignota
2627 2927 2998 2995 introducunt,
3019 2928 3270 2984 utGerdo
3291 2938 3351 2982 et
3379 2928 3657 2983 Marem:
3681 2926 3772 2981 vel

2171 3019 2464 3084 contraria,
2495 3027 2553 3073 ut
2583 3018 2941 3077 Maniclneus:
2969 3021 3056 3076 Vel
3085 3021 3190 3076 tria
3215 3030 3272 3076 et
3301 3021 3554 3088 nariam,
3589 3029 3652 3074 ut
3673 3015 3776 3075 Se-

2171 3109 2359 3166 cianus
2388 3117 2443 3164 et
2486 3110 2842 3167 'i‘beodocus:
2873 3112 2958 3168 vel
2987 3113 3177 3179 multa,
3217 3122 3276 3168 ut
3309 3113 3660 3170 Valentinus:
3687 3111 3772 3167 vel

2173 3201 2449 3258 Christum
2479 3203 2755 3259 hominem
2795 3204 2964 3262 fuisse
2990 3208 3196 3277 absque
3231 3208 3361 3273 Dee;
3393 3216 3450 3262 ut
3475 3203 3776 3262 C-erintiius

2100 3285 2145 3348 C
2176 3292 2454 3350 etiiebien
2477 3295 2901 3353 etilarithctnon
2923 3307 2980 3354 et
2999 3297 3241 3354 Fettnus.
3266 3300 3345 3354 Ex
3365 3293 3484 3354 istis
3507 3296 3778 3374 (utquam)

2177 3388 2320 3460 siqui
2347 3388 2416 3443 ad
2442 3403 2541 3444 nos
2565 3392 2833 3458 venerint,
2871 3409 2980 3448 non
3008 3395 3394 3462 requirendum
3441 3395 3512 3450 ait
3551 3391 3642 3460 iis,
3685 3401 3776 3450 ut-

2174 3492 2294 3534 rum
2322 3481 2581 3552 baptizati
2607 3484 2736 3549 sint,
2768 3499 2836 3537 an
2861 3497 2971 3539 non
2997 3501 3008 3536 :
3045 3486 3136 3539 scil
3174 3486 3274 3541 hoc
3301 3494 3532 3554 tantum;
3579 3488 3623 3542 si
3647 3501 3775 3542 cre-

2174 3574 2306 3630 dant
2337 3577 2394 3631 in
2421 3577 2666 3634 ecclesia:
2703 3577 2888 3645 tidem,
2931 3587 2992 3634 et
3027 3577 3372 3648 baptizentur
3399 3572 3776 3636 ecclesiastico

2171 3667 2518 3737 baptismate.

2243 3763 2496 3830 Quotidie
2508 3765 2862 3821 Eucltttristize
2882 3765 3320 3822 communionem
3343 3766 3646 3838 percipere,
3671 3769 3776 3826 nec

2171 3855 2332 3912 laudo
2353 3873 2454 3913 nec
2473 3859 2584 3913 vitu
2593 3874 2722 3930 pero
2746 3875 2760 3913 :
2785 3853 3038 3916 omnibus
3061 3867 3244 3914 tamen
3267 3859 3561 3915 Dominicis
3581 3861 3778 3916 diebus

2173 3950 2681 4006 connnunieandum
2709 3953 2938 4007 hortor:
2977 3953 3024 4007 si
3071 3963 3254 4008 tamen
3287 3965 3441 4008 mens
3487 3953 3541 4008 in
3574 3951 3774 4010 aﬂ'ectu

2170 4043 2430 4113 peccandi
2477 4057 2587 4098 non
2615 4045 2706 4100 sit.
2749 4045 2886 4100 Nam
2910 4047 3199 4103 habentem
3234 4048 3410 4104 adhuc
3440 4047 3772 4107 velllntutiun

2169 4137 2456 4207 peccandi,
2479 4139 2693 4207 gravati
2712 4142 2888 4210 magis
2901 4140 3024 4196 dico
3037 4142 3392 4199 Euclmristize
3402 4148 3772 4216 perceptione,

2171 4243 2334 4302 quam
2372 4230 2670 4301 puriﬁcari.
2709 4232 2776 4288 Et
2799 4233 2922 4288 ideo
2953 4231 3202 4306 quamvis
3226 4237 3348 4307 quis
3368 4241 3594 4308 peccato
3622 4255 3766 4295 mor—

2171 4321 2381 4387 deatur,
2405 4325 2669 4392 peccandi
2689 4324 2757 4380 de
2777 4331 2973 4384 autem
2995 4341 3100 4383 non
3124 4327 3322 4384 habent
3343 4329 3687 4390 voluntatetit,
3718 4344 3774 4387 ct

2175 4417 2682 4474 communicaturus
2719 4419 3022 4476 satisfaciat
3044 4422 3298 4494 lacrymis
3329 4429 3382 4480 et
3409 4425 3770 4490 orationibus,

2172 4516 2225 4562 et
2251 4509 2531 4565 conlidens
2567 4511 2637 4567 de
2685 4511 2900 4568 Demini
2961 4513 3373 4583 misericttrdia,
3416 4519 3508 4587 ‘qui
3545 4525 3772 4588 peccata

479 4599 697 4676 νῖνςωςξ
749 4599 958 4648 ""“W,
983 4599 1186 4612 "‘""""
1230 4599 1464 4663 ξ’ζίιυηωι
1490 4599 1684 4648 PN“?
1739 4599 1796 4623 ει
1830 4599 2067 4642 ηευιυω
2131 4629 2138 4638 -
2169 4599 2270 4668 pia:
2292 4599 2619 4656 conlhssioni
2650 4603 2854 4659 donare
2879 4605 3189 4661 consuevit:
3220 4607 3446 4664 accedat
3472 4609 3539 4663 ad
3559 4602 3773 4665 Eucha-

476 4643 711 4713 atbttrn,
738 4663 843 4703 non
875 4661 1056 4704 tamen
1085 4649 1406 4709 electionem
1436 4671 1448 4708 :
1505 4672 1573 4713 ne
1597 4675 1704 4714 non
1736 4672 1879 4719 esset
1907 4682 2067 4723 suum
2091 4654 2145 4714 D
2175 4693 2383 4723 ἀμην..
2417 4695 2722 4723 tuamne...
2755 4701 2804 4723 Α.
2835 4707 3057 4723 .--..-.--
3123 4698 3228 4723 mn
3257 4701 3356 4723 ιη-
3403 4698 3457 4723 -ο-
3495 4702 3579 4723 sm
3632 4699 3676 4723 As
3697 4717 3744 4723 ---

2174 4693 2388 4748 ristiam
2417 4695 2724 4767 intrepidus
2753 4701 2805 4754 et
2835 4707 3078 4755 securus.
3123 4698 3230 4757 Sed
3257 4701 3359 4758 huc
3395 4698 3461 4758 de
3494 4702 3584 4756 illo
3625 4699 3770 4768 dico,

2175 4801 2334 4857 quem
2385 4789 2638 4858 capitalia
2683 4799 2740 4846 et
2794 4793 3046 4846 mertalia
3094 4797 3318 4862 peccata
3361 4797 3468 4849 no'n
3521 4797 3769 4866 gt'avant.

2175 4877 2309 4933 Nam
2335 4880 2496 4950 quem
2536 4882 2789 4937 mortalia
2833 4883 3061 4939 crimina
3099 4893 3219 4956 post
3267 4883 3593 4957 baptismum
3623 4903 3771 4944 com-

2173 4969 2337 5024 missa
2368 4981 2638 5042 premunt,
2691 4973 2880 5030 hortor
2907 4975 3058 5047 prius
3093 4977 3306 5047 publica
3332 4981 3649 5050 paenitentia
3679 4993 3770 5034 sa-

2175 5059 2467 5128 timeare,
2521 5069 2578 5119 et
2633 5065 2708 5118 ita
2757 5062 3058 5124 sac‘e‘i‘ddtis
3101 5063 3308 5140 judicio
3357 5067 3771 5126 're'coiiciliatuiﬁ

2174 5153 2542 5208 communioni
2581 5157 2778 5212 sociari
2807 5200 2822 5225 ,
2869 5157 2914 5215 si
2953 5156 3067 5214 vult
3101 5179 3116 5214 :
3159 5164 3266 5216 noti
3317 5161 3382 5216 ad
3421 5159 3684 5233 jlliiicitlm
3713 5159 3770 5218 et

2175 5247 2676 5304 condemnationem
2709 5252 2790 5306 sui
2817 5251 3218 5310 Ettcharisﬁam
3241 5257 3528 5327 percipere
3585 5253 3692 5313 Sed
3715 5251 3772 5312 et

2175 5349 2385 5394 secreta
2420 5343 2793 5400 satisfactione
2835 5347 2969 5402 Solvi
3019 5349 3267 5404 mortalia
3293 5350 3647 5407 criminhnoﬁ
3675 5355 3770 5406 ne-

2175 5441 2394 5505 gamus:
2426 5438 2518 5491 sed
2545 5442 2750 5494 mutulo
2769 5439 2916 5510 pl‘iljS
2941 5441 3172 5514 ‘scc'ulari
3202 5441 3419 5500 habitu:
3446 5445 3769 5502 eteoul'esso

2176 5524 2451 5596 religionis
2487 5529 2665 5584 studio
2689 5540 2790 5598 per
2818 5533 2942 5586 Vitae
2967 5527 3378 5600 correctionem,
3411 5541 3465 5590 et
3486 5536 3624 5608 jugi,
3659 5535 3768 5590 im'o

2173 5626 2434 5686 perpetuo
2485 5620 2654 5688 luctu,
2711 5619 3001 5678 miserante
3059 5623 3208 5680 Deo:
3261 5627 3336 5682 ita
3378 5625 3659 5694 duntaxat,
3709 5636 3771 5686 ut

2174 5711 2446 5765 contraria
2489 5724 2589 5782 pro
2645 5712 2731 5778 iis,
2769 5721 2888 5784 quae
2932 5716 3158 5786 paenitet
3206 5727 3370 5790 agat,
3413 5727 3468 5775 et
3501 5713 3768 5776 Euchari-

2173 5801 2336 5856 stiam
2363 5799 2614 5858 omnibus
2643 5804 2942 5862 Dominicis
2977 5808 3204 5880 supplex
3231 5815 3285 5868 et
3321 5811 3645 5869 sanunis'sus
3672 5809 3768 5867 us-

2171 5909 2278 5967 que
2300 5894 2369 5951 ad
2391 5902 2621 5952 mortem
2656 5898 2939 5972 percipiat.

2416 6017 2516 6072 '23.
2582 6033 2596 6053 δ
