4074 6316
276 390 370 449 tot
1002 346 1005 351 ’
1266 390 1358 449 ne
1388 388 1744 451 masc
1779 392 1855 450 Lit

1953 393 1962 450 Ι
1996 390 2163 451 XXII.
2195 418 2270 437 -ι-
2298 394 2435 453 UB.
2474 393 2564 452 IV.

3438 394 3542 455 402

344 500 666 561 Penitentia
688 515 820 558 vera
832 509 946 569 est,
974 504 1288 576 paenitenda
1316 521 1425 561 non
1460 507 1764 573 admittere,
1803 517 1860 565 et
1885 513 1938 574 Α
1965 518 2143 563 turam
2170 510 2341 566 vincit
2378 519 2436 565 et
2466 522 2725 580 pugnam.
2757 505 2892 562 Nam
2920 516 3170 567 naturam
3198 508 3443 582 corporis
3464 511 3543 567 in-

276 591 734 652 admissadeﬂere.
760 593 1508 667 Satisfactiopmnitentimest
1526 615 1716 655 causas
1730 616 1855 671 pec-

279 697 516 745 catorum
540 686 862 743 excludere:
910 701 1019 745 nec
1056 705 1248 746 earum
1298 692 1733 764 suggestionibus
1761 694 1854 748 ad-

280 781 410 837 itum
443 780 739 851 indulgere.

366 890 401 930 ιι
448 872 645 929 divinis
693 875 1203 943 repromissioaibus
1252 878 1392 933 nihil
1436 887 1713 935 terrenum
1767 880 1854 935 vel

277 964 641 1021 transitoriam
680 974 1049 1036 expectemus,
1092 967 1243 1025 sicut
1276 969 1546 1026 λίθιἱοὶιηὶ
1585 980 1802 1042 sperant
1835 990 1848 1027 :

274 1074 377 1113 non
409 1057 722 1128 nuptiarum
744 1058 1008 1128 copulam,
1040 1059 1182 1115 sicut
1210 1060 1500 1116 Cerinthus
1532 1070 1588 1116 et
1610 1061 1853 1118 Marcion

275 1150 503 1206 delirant
531 1165 547 1204 :
582 1165 697 1205 anon
729 1152 872 1220 quod
909 1151 980 1205 ad
1014 1152 1198 1208 cibum
1228 1153 1318 1209 vel
1358 1160 1550 1225 potum
1590 1156 1849 1225 pertinet,

273 1244 409 1300 sicut
433 1243 601 1315 Papia
629 1252 854 1301 auctore
880 1245 1152 1302 Terrenns
1194 1255 1249 1303 et
1268 1247 1646 1304 Tertullinus
1675 1258 1729 1303 et
1751 1249 1853 1303 Ln-

273 1338 503 1394 ctantius
538 1338 931 1408 acquiescant:
978 1348 1156 1409 neque
1196 1355 1296 1409 per
1334 1340 1485 1394 mille
1517 1354 1687 1395 meo
1730 1348 1854 1409 post

272 1430 726 1486 resurrectionem
750 1444 975 1500 regnum
996 1429 1200 1485 Christi
1227 1430 1281 1486 in
1313 1439 1456 1485 terra
1486 1429 1746 1496 foturmn,
1798 1437 1856 1485 et

272 1518 749 1577 δεκασθωεὶἤο
768 1520 825 1574 in
849 1519 1061 1575 deliciis
1079 1522 1399 1591 regnanti-os
1423 1530 1725 1590 speremus,
1750 1521 1854 1575 sic-

272 1623 327 1668 ut
352 1612 533 1684 Nepos
564 1612 747 1668 docuit
774 1612 866 1681 qui
908 1611 1138 1681 primam
1153 1613 1443 1681 justorum,
1476 1620 1531 1667 et
1559 1614 1852 1668 secundum

271 1707 559 1777 impiorum
592 1688 1048 1760 resurrectionem
1092 1703 1398 1761 confinxit:
1449 1714 1505 1760 et
1558 1705 1703 1759 inter
1754 1705 1852 1759 has

272 1800 401 1854 duas
447 1805 789 1852 mortuorum
840 1797 1272 1853 resurrectiones
1314 1805 1504 1868 gentes
1539 1797 1853 1869 ignorantes

1968 601 2238 671 tegritate,
2271 617 2506 673 pugnam
2541 601 2875 657 castimoniae
2898 616 3051 673 pace.

2032 691 2240 745 Bonum
2262 701 2352 748 est
2380 693 2433 747 in
2459 693 2584 749 cibe
2612 704 2736 747 eum
2771 692 3071 763 gratiarum
3090 694 3305 750 actione
3332 710 3545 752 sumere

1962 783 2223 852 quidquid
2248 783 2394 839 Deus
2422 786 2690 841 edendum
2733 786 3019 855 prtecepit;
3046 786 3320 842 abstinere
3362 795 3545 843 autem

1962 872 2251 944 aliquibus,
2284 891 2389 931 non
2430 878 2587 947 quasi
2616 892 2647 930 a
2671 877 2848 945 malis,
2888 878 2983 934 sed
3000 879 3163 949 quasi
3217 894 3323 934 non
3354 893 3544 935 neces-

1962 968 2140 1033 sariis,
2157 983 2263 1023 non
2288 978 2373 1025 est
2400 970 2625 1025 nmium.

2033 1058 2298 1114 Moderari
2347 1076 2479 1115 vero
2530 1062 2780 1116 carnium
2814 1077 2969 1117 usum
2994 1076 3102 1132 pro
3136 1063 3466 1119 necessitate
3491 1071 3548 1118 et

1963 1157 2226 1220 tempore,
2269 1153 2485 1223 proprie
2534 1152 2967 1209 Christianorum
3009 1164 3120 1211 est.
3170 1154 3338 1210 Malea
3364 1155 3548 1210 dicere

1962 1242 2198 1312 nuptias,
2229 1242 2313 1296 vel
2366 1242 2712 1299 fornicationi
2740 1247 3155 1316 comparandas,
3187 1255 3278 1302 aut
3320 1255 3540 1316 stupro;

1962 1333 2112 1391 cibos
2164 1349 2293 1390 vero
2338 1337 2559 1391 credere
2611 1338 2803 1405 malos,
2855 1339 2940 1392 vel
2975 1339 3102 1394 ιηοῆ
3151 1348 3314 1395 eausa
3364 1340 3540 1396 creari

1959 1428 2405 1498 percipientibtm,
2437 1440 2543 1483 non
2578 1440 2663 1484 est
2691 1429 3152 1497 Christianorum,
3204 1433 3298 1488 sed
3326 1432 3548 1503 proprie

1962 1521 2409 1577 Enerachitarutn
2443 1521 2891 1595 [Encratitarum]
2918 1534 2976 1579 et
3003 1524 3441 1579 Muniohreornnt.

2032 1614 2275 1679 Sacratae
2303 1615 2412 1669 Deo
2463 1616 2758 1684 virginitati
2788 1617 3009 1685 nuptias
3045 1616 3343 1686 enmqnari,
3366 1626 3423 1670 et
3446 1630 3547 1685 pro

1962 1719 2147 1760 arnore
2194 1706 2491 1775 castigandi
2542 1707 2786 1775 corporis
2826 1707 3229 1762 abstinentibus
3251 1722 3281 1760 a
3306 1706 3433 1761 vino
3463 1705 3547 1761 vel

1962 1800 2241 1865 carnibus,
2288 1800 2424 1854 nihil
2480 1801 2704 1854 credere
2735 1801 2915 1854 meriti
2962 1814 3298 1865 tremescere,
3328 1808 3547 1855 nonest

273 1895 436 1951 Deum
477 1895 538 1949 in
566 1894 779 1966 angulis
809 1902 1086 1967 ten:on
1141 1893 1195 1947 in
1246 1884 1412 1948 carne
1459 1894 1849 1948 reservandas:
1884 1878 1931 1949 B
1962 1891 2063 1947 hoc
2086 1891 2400 1959 Christiani,
2431 1893 2524 1947 sed
2553 1891 2841 1947 Joviniani.

272 2003 387 2058 quae
409 1996 537 2059 post
567 1986 715 2041 mille
742 2001 913 2041 annos
946 1986 1097 2056 regni
1126 1985 1179 2039 in
1209 1995 1352 2041 terra
1376 1985 1645 2054 iustorum
1692 1986 1853 2040 insti-

271 2090 426 2153 gante
449 2080 672 2137 diabolo
706 2080 993 2135 movendae
1014 2087 1145 2134 sunt
1174 2080 1240 2135 ad
1268 2090 1504 2150 pugmnt
1547 2086 1738 2134 contra
1766 2074 1854 2145 ju-

268 2184 377 2232 stos
404 2180 699 2244 regnantes
735 2180 791 2228 et
822 2173 1051 2229 Dotatae
1088 2185 1191 2242 pro
1215 2173 1379 2243 justis
1406 2178 1715 2243 pugnante,
1752 2172 1856 2226 im;

267 2268 360 2325 bre
409 2269 574 2338 igneo
599 2264 1062 2336 compescendas:
1107 2269 1269 2334 atque
1318 2264 1395 2319 ita
1438 2268 1680 2321 mortuas
1728 2272 1853 2319 eum

268 2360 474 2418 caeteris
512 2358 573 2413 in
601 2358 879 2429 impietate
919 2357 1147 2412 moneta
1166 2356 1237 2412 au
1256 2360 1480 2413 terrena
1513 2355 1771 2426 supplicia
1798 2355 1854 2409 in

269 2456 606 2528 corruptibili
633 2470 797 2511 carne
826 2454 1250 2511 resuscitandas.

336 2548 556 2604 Nullum
588 2548 855 2603 credimus
897 2547 965 2601 a‘d
1003 2545 1255 2611 salutem,
1301 2544 1403 2601 nisi
1428 2544 1541 2602 Deo
1570 2545 1852 2611 invitante,

267 2641 487 2698 venire:
542 2636 749 2696 nuilum
776 2640 1062 2695 invitatum
1095 2632 1325 2694 salutem
1371 2650 1547 2704 suam,
1592 2639 1697 2693 nisi
1747 2638 1858 2693 Deo

269 2736 587 2803 auxiliante,
618 2735 868 2807 operari;
905 2734 1129 2797 nulloin,
1158 2734 1261 2789 nisi
1291 2739 1568 2800 orantem,
1598 2732 1857 2788 auxilium

265 2826 591 2901 promereri;
609 2824 808 2882 nultum
824 2822 1098 2883 volumate
1115 2827 1207 2883 Del
1221 2827 1399 2899 perire
1420 2846 1430 2881 :
1456 2829 1548 2883 Sed
1567 2828 1854 2899 permissu,

264 2937 365 2992 pro
392 2920 658 2976 electione
681 2920 911 2985 arbitrii,
940 2935 1008 2975 ne
1031 2920 1333 2990 ingenuitas
1357 2922 1661 2992 poteStatis,
1689 2920 1856 2976 Semel

265 3010 579 3072 hominibus
604 3012 885 3082 attributa,
906 3013 978 3071 ad
1007 3012 1258 3072 servilem
1293 3016 1514 3090 cogatur
1560 3013 1857 3074 necessita-

267 3117 390 3163 tem.

334 3199 535 3257 Malunt
562 3200 647 3258 rei
688 3200 949 3259 malitiam
980 3202 1087 3260 noli
1111 3212 1229 3260 eese
1259 3220 1289 3260 a
1314 3198 1426 3262 Deo
1455 3202 1693 3261 creatam
1719 3225 1731 3261 :
1759 3200 1856 3262 sed

266 3312 294 3349 a
321 3294 538 3351 diabolo
564 3290 877 3364 inventam,
909 3297 1001 3369 qui
1027 3298 1081 3353 et
1108 3296 1222 3369 ipse
1250 3292 1423 3356 lienus
1445 3318 1474 3357 ξι
1496 3288 1611 3357 Deo
1636 3300 1852 3357 creatus
1881 3267 1925 3331 Ο

265 3397 384 3442 est:
417 3388 517 3444 sed
552 3390 679 3459 quia
730 3390 903 3445 libero
948 3390 1193 3457 arbitrio,
1245 3389 1304 3447 ul
1334 3392 1461 3463 puta
1519 3390 1854 3449 rationabilis

264 3474 540 3547 creatura,
565 3481 890 3537 commissus
915 3486 1020 3547 est,
1060 3488 1113 3536 et
1165 3478 1435 3555 cogitandi
1465 3482 1852 3555 a'cceperatfa-

267 3572 530 3631 cnltatent
555 3591 570 3641 ;
602 3574 885 3630 scientiam
915 3576 1041 3630 boni
1068 3577 1232 3631 vertit
1255 3564 1321 3632 ad
1350 3574 1571 3645 malum,
1602 3587 1658 3633 et
1685 3576 1856 3633 multa

261 3666 560 3739 cogitando
611 3654 787 3721 factus
825 3676 910 3721 est
949 3666 1194 3724 inventor
1234 3669 1381 3737 mali,
1441 3654 1497 3725 ei
1524 3673 1667 3742 quod
1712 3672 1765 3726 in
1797 3688 1855 3728 se

261 3754 588 3833 perdiderat
617 3748 807 3811 invidit
828 3756 889 3812 in
917 3756 1071 3825 aliis;
1111 3760 1212 3816 hcc
1242 3756 1529 3819 contentus
1559 3765 1705 3820 solus
1730 3782 1853 3835 per-

268 3855 347 3909 ire
386 3844 565 3908 suasit
592 3846 735 3915 aliis,
767 3860 826 3905 ut
854 3852 945 3921 qui
971 3849 1115 3908 esset
1165 3870 1277 3908 sua:
1330 3844 1550 3911 malitia:
1580 3858 1852 3927 inventor,

265 3943 424 4000 ﬁeret
453 3934 511 3998 ei
541 3932 771 3997 aliorum
801 3932 1010 4010 auctor,
1049 3953 1101 3999 et
1125 3960 1192 4000 ex
1223 3961 1288 4000 eo
1316 3930 1517 4002 malum
1542 3940 1624 4002 vel
1652 3950 1857 4005 malitia

267 4027 608 4106 percurrerit
662 4032 806 4090 inter
862 4034 1086 4093 eteteras
1151 4030 1498 4095 ralionabiles
1556 4050 1854 4099 creaturas.

271 4128 425 4185 Unde
474 4128 860 4200 cognoscimus
915 4120 1050 4185 nihil
1103 4145 1223 4185 esse
1255 4114 1451 4216 natura
1498 4132 1854 4202 immutabile,

268 4224 371 4278 nisi
416 4210 593 4279 solum
638 4210 810 4279 Deum
854 4211 1095 4287 Patrem,
1150 4231 1204 4277 et
1239 4210 1460 4292 Filium,
1492 4234 1547 4281 et
1592 4225 1857 4297 Spiritum

273 4302 543 4379 sanctum,
574 4312 665 4383 qui
690 4298 895 4398 mutari
926 4304 1034 4369 neu
1065 4324 1242 4385 potest
1261 4332 1291 4370 a
1316 4318 1482 4398 bono,
1505 4320 1630 4390 quia
1659 4329 1857 4395 natura

273 4408 511 4477 possidet
544 4392 785 4473 bonum;
841 4422 942 4463 nec
989 4398 1169 4478 potest
1205 4392 1350 4465 aliud
1384 4428 1506 4469 esse
1550 4429 1714 4484 quam
1752 4392 1855 4472 bo-

274 4512 393 4554 nus.
1620 4570 1625 4579 ι

339 4580 530 4673 Angeli
560 4582 713 4655 vero,
749 4589 841 4659 qui
864 4590 919 4645 in
948 4590 1062 4657 illa,
1090 4580 1197 4663 qua
1223 4578 1391 4650 creati
1440 4605 1590 4673 sunt,
1619 4586 1854 4653 béatitu-

276 4679 395 4734 dine
421 4670 813 4751 perseverant,
842 4698 951 4737 non
1002 4691 1191 4737 natura
1238 4686 1516 4755 possident
1566 4670 1768 4743 bonum
1795 4698 1855 4744 ut

279 4788 381 4827 non
411 4762 750 4835 mutarentur
770 4790 892 4830 cum
931 4776 1163 4842 caeteris,
1197 4778 1289 4833 sed
1338 4778 1547 4833 arbitrii
1576 4790 1855 4837 servantes

280 4865 468 4920 bonam
497 4852 851 4933 voluntatem,
877 4867 1079 4922 bonum
1103 4870 1427 4925 conditionis
1454 4880 1509 4925 et
1552 4871 1708 4926 fidem
1742 4872 1850 4927 sci-

280 4956 400 5012 licet
450 4969 807 5014 servavcruut
840 4960 1068 5015 Domino
1112 4977 1230 5016 suo.
1280 4962 1431 5017 Unde
1461 4972 1516 5017 et
1556 4966 1749 5019 merito
1783 4966 1851 5021 ab

282 5047 391 5118 ipso
419 5050 644 5106 Domino
674 5053 848 5107 sancti
874 5053 1048 5124 angeli
1070 5063 1355 5120 vocantur,
1387 5058 1528 5125 quod
1561 5068 1853 5112 tenuerunt

282 5140 482 5195 arbitrii
513 5143 876 5209 sanctitatem,
906 5158 1008 5199 nec
1054 5145 1327 5201 sociorum
1377 5148 1624 5218 exemplo
1668 5149 1853 5205 devia-

284 5241 466 5286 veruut
494 5249 526 5287 a
554 5234 715 5287 bono.

347 5322 505 5380 Bona:
533 5326 734 5395 nuptiae
785 5336 931 5393 sunt,
964 5306 1250 5385 sed'causa
1286 5331 1541 5399 filiorum,
1594 5316 1700 5389 tioii
1727 5316 1858 5391 bea-

286 5417 621 5485 cupiscentize
666 5419 1041 5479 fornicationis
1067 5425 1315 5480 obtentu.
1355 5427 1542 5482 Melior
1571 5437 1655 5484 est
1682 5430 1858 5485 conii-

287 5509 476 5576 nentia,
507 5511 603 5566 sed
627 5527 734 5593 non
783 5513 885 5568 sibi
914 5514 1108 5570 suilicit
1152 5517 1221 5572 ad
1246 5519 1657 5589 beatitudinem,
1685 5524 1731 5578 si
1752 5539 1854 5593 pro

286 5597 397 5655 solo
418 5617 601 5660 amore
621 5588 895 5677 pudicitia;
946 5610 1247 5678 retinetur;
1278 5614 1374 5668 sed
1408 5614 1453 5669 si
1495 5630 1620 5671 cum
1642 5588 1854 5673 hoc—af-

286 5691 419 5783 fectu
455 5713 619 5756 causa
636 5702 864 5757 vacandi
887 5702 1116 5760 Domino
1143 5706 1386 5778 eligitur,
1412 5710 1649 5783 alioquin
1669 5714 1855 5770 divor-

290 5780 413 5871 tium
441 5791 612 5860 magis
664 5792 898 5862 coniugii
928 5792 1200 5852 videbitur
1232 5812 1354 5855 esse
1397 5780 1561 5871 quam
1606 5805 1847 5861 castitas.

290 5870 569 5947 Virginitas
614 5892 843 5955 utroque
879 5887 1019 5945 bono
1067 5893 1354 5961 pretiosior
1382 5905 1487 5964 est,
1520 5899 1646 5970 quia
1671 5909 1722 5955 et
1753 5918 1851 5956 na-

1589 6048 1639 6081 ι

2028 1984 2241 2056 integra
2293 1985 2398 2041 fide
2458 1987 2789 2042 credendum
2819 1996 2903 2041 est
2955 1986 3167 2041 beatam
3195 1986 3421 2043 Mariam
3446 1987 3546 2043 Dei

1956 2074 2159 2131 Christi
2191 2087 2426 2133 matrem
2454 2087 2509 2133 et
2538 2078 2802 2149 virginem
2856 2079 3127 2149 genuisse,
3155 2088 3209 2133 et
3238 2088 3362 2149 post
3412 2092 3542 2150 par-

1956 2170 2068 2219 tum
2107 2167 2371 2239 virginem
2402 2169 2805 2238 pet-mansisse:
2837 2184 2936 2224 nec
2963 2170 3020 2223 in
3066 2170 3168 2224 hoc
3193 2169 3542 2240 blaSphemize

1957 2256 2185 2313 Helvidii
2209 2260 2687 2329 acquiescendum,
2716 2262 2808 2330 qui
2836 2264 3012 2318 dtstt:
3068 2261 3228 2335 Virgo
3277 2273 3396 2318 ante
3422 2274 3549 2333 par-

1956 2358 2064 2403 tum
2091 2363 2110 2401 :
2143 2366 2249 2404 non
2268 2352 2416 2422 virgo
2444 2360 2558 2422 post
2582 2362 2812 2423 parturn.

2028 2442 2331 2509 Eiementa,
2361 2445 2414 2499 id
2447 2453 2551 2510 est,
2578 2444 2777 2500 caelum
2800 2453 2856 2498 et
2878 2448 3099 2509 terram,
3126 2454 3233 2499 non
3258 2444 3546 2501 credamus

1958 2533 2222 2589 abolenda
2267 2548 2366 2604 per
2395 2535 2597 2606 ignem,
2628 2532 2723 2591 sed
2772 2534 2828 2589 iu
2874 2535 3070 2590 melius
3120 2536 3543 2590 commutanda:

1958 2620 2188 2693 ﬁguram
2216 2622 2425 2691 mundi,
2476 2626 2529 2681 id
2555 2634 2662 2692 est,
2692 2626 2984 2700 imaginem
3014 2636 3122 2683 non
3152 2628 3543 2697 substantiam,

1960 2714 2334 2770 transituram.

2028 2806 2235 2862 Bonum
2264 2814 2348 2863 est
2378 2806 2667 2864 facultates
2700 2822 2826 2865 cum
2864 2811 3265 2882 dispensatione
3291 2812 3547 2883 patinari-

1959 2899 2060 2955 bus
2084 2913 2349 2970 erogare:
2385 2899 2576 2955 melius
2635 2910 2721 2956 est
2776 2908 2874 2971 pro
2932 2903 3231 2959 intentione
3278 2896 3544 2973 sequendi

1960 2992 2247 3047 Dominum
2282 2993 2501 3048 insimul
2548 2994 2772 3062 donare,
2827 3006 2883 3053 et
2932 2998 3237 3053 absolbtlim
3290 2998 3550 3054 sollicitu-

1960 3085 2087 3141 dine
2115 3092 2276 3157 egere
2299 3098 2420 3142 cum
2451 3085 2693 3143 Christo.

2034 3176 2286 3231 Maritum
2340 3176 2570 3232 duarum
2621 3187 2747 3250 post
2798 3164 3128 3250 baptismum
3174 3182 3547 3236 matronarum

1957 3269 2215 3325 clericum
2265 3282 2374 3324 non
2424 3270 3029 3342 ordinandummemte
3078 3278 3202 3328 eum
3249 3274 3339 3343 qui
3385 3282 3547 3327 uuam

1957 3360 2198 3430 quidem,
2238 3360 2340 3414 sed
2390 3360 2773 3427 concubinam,
2823 3370 2928 3416 non
2970 3370 3278 3417 man-uuam
3306 3362 3537 3429 habuit;

1955 3466 2059 3505 nec
2085 3450 2236 3504 illum
2267 3450 2359 3519 qui
2396 3450 2616 3504 viduam
2666 3459 2720 3504 et
2748 3452 3107 3522 repudiatam,
3167 3454 3248 3509 vel
3279 3454 3531 3509 meretri-

1955 3548 2072 3589 cem
2123 3536 2177 3589 in
2228 3535 2577 3590 matrimonio
2627 3537 2895 3606 sumpsit;
2930 3554 3029 3594 nec
3057 3554 3180 3595 eum
3220 3541 3312 3610 qui
3344 3550 3546 3596 semet-

1955 3625 2131 3695 ipsum
2162 3626 2394 3681 abscidit
2431 3625 2671 3697 quolibet
2715 3630 2959 3698 corporis
2989 3632 3070 3685 sui
3116 3633 3360 3687 membro
3388 3632 3536 3686 imii-

1957 3716 2214 3789 gnatione
2237 3718 2440 3787 aliqua,
2474 3718 2559 3773 vel
2588 3716 2736 3786 justo
2782 3718 3054 3789 injnstove
3092 3724 3284 3778 timore
3312 3732 3542 3792 snpera-

1959 3818 2044 3863 tus
2070 3809 2444 3873 truncaverit;
2478 3812 2651 3879 neqne
2671 3810 2822 3865 illum
2872 3814 2965 3883 qui
3022 3824 3219 3868 usuras
3262 3814 3542 3883 accepisse

1865 3937 1871 3943 .
1957 3898 2298 3952 convincitur
2347 3901 2525 3954 autin
2582 3916 2743 3957 scena
2782 3903 2976 3960 lusisse
3027 3908 3308 3972 nubeitur;
3363 3922 3537 3976 neque

1958 3998 2083 4045 eum
2130 3990 2227 4058 qui
2268 3989 2485 4060 publica
2543 3994 2861 4062 poenitentia
2904 3997 3155 4051 mortalia
3211 3994 3408 4061 uertet;
3443 4008 3543 4053 nec

1958 4082 2107 4137 iitum
2140 4083 2235 4153 qui
2274 4083 2565 4152 aliquando
2592 4085 2645 4137 in
2673 4084 2874 4140 mnam
2902 4096 3093 4143 versus
3150 4088 3427 4154 insanivit,
3460 4088 3545 4146 vel

1959 4173 2235 4229 afllatione
2281 4174 2478 4228 diaboli
2514 4180 2742 4231 vexatus
2773 4182 2893 4245 est;
2926 4188 3099 4249 neque
3145 4186 3266 4236 cum
3310 4181 3402 4251 qui
3449 4193 3546 4251 per

1959 4264 2310 4320 ambitionem
2339 4266 2405 4320 ad
2432 4266 2784 4324 imitationem
2815 4268 3053 4328 Simonis
3086 4272 3230 4342 magi
3253 4272 3541 4343 pectiniam

1959 4355 2134 4413 offert.

2031 4448 2355 4505 Sanctorum
2384 4454 2638 4523 corpora,
2688 4464 2739 4510 et
2786 4460 3057 4530 praeeipue
3086 4460 3366 4519 beatorum
3398 4467 3543 4518 inar-

1960 4548 2137 4611 tyrum
2166 4541 2423 4612 reliquias
2454 4558 2516 4597 ac
2548 4546 2592 4598 si
2623 4543 2823 4602 Christi
2865 4552 3129 4617 membra,
3164 4553 3538 4608 sincerissime

1880 4637 1933 4697 Ι)
1960 4628 2293 4691 honoranda,
2324 4638 2379 4685 et
2406 4631 2655 4688 basilicas
2685 4642 2872 4690 eorum
2928 4641 3239 4696 nouiinibus
3296 4641 3532 4711 appella-

1966 4728 2072 4785 tas,
2093 4721 2241 4775 velut
2268 4721 2383 4775 loca
2426 4724 2608 4778 divino
2634 4725 2796 4781 cultui
2828 4729 3153 4798 mancipata,
3186 4728 3377 4785 aﬂ’ectu
3404 4731 3535 4803 piis.

1961 4812 2097 4867 siino
2127 4818 2182 4866 et
2207 4813 2492 4869 devotione
2518 4816 2830 4871 fidelissima
2856 4806 3149 4876 adeundae.
3185 4820 3242 4879 Si
3273 4826 3395 4895 quis
3417 4841 3546 4881 con-

1961 4912 2042 4958 tra
2068 4905 2212 4959 uane
2235 4908 2561 4962 sententiam
2594 4910 2761 4976 venit,
2795 4918 2901 4967 non
2928 4913 3291 4985 Citristianus,
3322 4918 3415 4975 sc’d
3436 4910 3546 4975 Eu-

1959 4998 2245 5053 nomianus
2270 5010 2322 5053 et
2348 5000 2739 5071 Vigilantiauus
2771 5005 3028 5060 creditor.

2028 5090 2321 5159 Baptizatis
2351 5100 2557 5147 tantum
2590 5096 2694 5149 iter
2717 5110 2835 5149 esse
2882 5094 3095 5154 Salutis.
3140 5092 3355 5155 Nullum
3396 5100 3545 5159 'cale-

1956 5180 2305 5248 Cimmerium,
2356 5186 2602 5253 quamvis
2630 5185 2681 5239 in
2710 5185 2867 5242 bouis
2896 5185 3149 5259 operibus
3203 5192 3535 5263 defunctum,

1959 5270 2143 5338 vitam,
2172 5283 2431 5327 aeternam
2484 5277 2682 5329 habere
2730 5280 3034 5346 credamus,
3067 5293 3295 5352 excepto
3341 5294 3545 5357 marty-

1959 5363 2039 5416 rio
2058 5404 2071 5429 ,
2101 5364 2189 5417 ubi
2218 5374 2327 5417 tota
2358 5366 2609 5435 baptismi
2641 5381 2980 5426 sacramenta
3009 5375 3365 5443 complentur.

2031 5454 2394 5524 Baptizandus
2432 5456 2721 5513 conﬁtetur
2745 5461 2905 5516 ﬁdem
2936 5480 3087 5519 suam
3125 5482 3308 5522 coram
3361 5483 3542 5525 saCer-

1967 5545 2110 5611 dote,
2143 5555 2199 5600 et
2225 5548 2586 5618 interrogatus
2622 5553 2920 5613 resnontlit.
2968 5552 3082 5613 Hoc
3125 5570 3178 5614 et
3229 5571 3434 5635 martyr
3455 5579 3545 5618 co-

1963 5647 2080 5687 ram
2105 5642 2452 5702 persecutore
2480 5635 2609 5691 facit
2634 5640 2724 5708 qui
2765 5649 2819 5694 et
2847 5643 3139 5698 confitetur
3164 5645 3346 5711 fidem,
3378 5659 3433 5703 et
3462 5649 3543 5711 in:

1962 5732 2267 5796 terrogatus
2330 5730 2629 5798 respondit.
2686 5730 2781 5786 Ille
2835 5743 2957 5802 post
3010 5722 3405 5793 confessionem
3457 5739 3542 5795 vel

1962 5815 2265 5885 aspergitur
2294 5832 2454 5887 aqua,
2486 5820 2568 5874 vel
2603 5822 2866 5893 tinguitur
2895 5842 2907 5878 :
2938 5833 2992 5879 et
3021 5826 3108 5882 hic
3156 5826 3237 5882 vel
3292 5830 3540 5898 aspergi-

1893 5974 1905 5979 η
1962 5908 2361 5981 ιυτοεθηευὶιιθ,
2389 5910 2473 5966 vel
2502 5911 2761 5982 tinguitur
2790 5914 2931 5987 igne.
2960 5914 3053 5973 Ille
3077 5933 3270 5974 manus
3314 5917 3539 5988 imposi-
