4074 6316
298 402 400 464 105

1279 365 1756 470 nauatvsttso
1801 393 1977 454 ueni
2017 393 2182 452 χχιι.
2219 426 2290 436 -
2327 393 2579 466 un.'v.,

3441 400 3546 456 106

297 529 394 572 nes
416 525 482 569 ex
517 516 783 576 vetustate
813 523 911 579 per
945 508 1201 579 gratiam,
1232 517 1286 564 et
1311 509 1640 580 pertinentes
1660 506 1772 578 iam
1802 507 1868 564 ad
1895 511 1947 576 Α
1971 518 2134 564 sunt:
2163 509 2346 575 Isaias,
2376 510 2660 581 Jeremias,
2688 512 2942 572 Ezechiel
2971 524 3028 570 et
3053 515 3242 586 Daniel
3283 516 3408 574 libri
3435 517 3546 572 sin-

299 607 696 664 Testamentum
720 599 950 667 Novum,
987 600 1133 671 quod
1178 611 1262 656 est
1307 615 1534 671 regnum
1584 599 1863 657 cmlorum.

299 699 504 758 Hebraei
549 696 694 750 enim
735 693 900 751 Vetus
929 695 1356 760 Testamentum,
1404 693 1576 750 Esdra
1623 703 1866 760 auctore,

294 792 442 867 juxta
489 802 773 846 numerum
816 787 1128 844 litterarum
1173 802 1414 852 suarum,
1468 786 1525 842 in
1573 786 1645 842 22
1703 786 1868 844 libros

297 880 578 954 accipiunt,
611 878 909 934 dividentes
957 892 1050 934 eos
1072 877 1128 932 in
1161 886 1270 934 tres
1299 878 1539 943 ordines,
1569 875 1730 948 Legis
1756 877 1864 932 sci-

293 970 416 1027 licet
439 976 495 1024 et
513 966 904 1038 Prophetarum
919 982 947 1020 a
958 974 1086 1038 tque
1105 965 1624 1042 Hagiographorum.
1654 963 1867 1022 Primus

292 1063 422 1118 ordo
449 1061 583 1133 legis
615 1061 672 1116 in
699 1060 934 1131 quinque
959 1059 1116 1116 libris
1141 1058 1386 1132 [Moysis]
1421 1057 1703 1128 accipitur,
1729 1072 1863 1128 quo-

291 1167 408 1210 rum
435 1152 646 1223 primus
672 1158 758 1208 est
783 1151 1000 1218 bresith,
1041 1151 1133 1221 qui
1163 1158 1259 1206 est
1299 1149 1544 1206 Genesis.
1589 1148 1866 1206 Secundus

289 1243 573 1310 ellemoth,
603 1242 695 1313 qui
742 1250 826 1298 est
854 1241 1096 1297 Exbdus.
1130 1241 1345 1298 Tertius
1389 1241 1617 1305 vaiecra,
1663 1241 1755 1309 qui
1784 1248 1868 1298 est

289 1332 575 1390 Leviticus.
635 1330 872 1400 Quartus
921 1331 1236 1398 vaiedaber,
1292 1330 1387 1401 qui
1441 1338 1523 1385 est
1573 1329 1862 1386 Numerus.

287 1422 513 1490 Quintus
559 1407 1010 1477 helleaddabarim
1033 1462 1048 1488 ,
1102 1422 1196 1492 qui
1239 1429 1322 1477 est
1366 1420 1862 1476 Deuteronomium.

283 1510 348 1566 lli
373 1520 498 1567 sunt
527 1512 764 1581 quinque
807 1510 931 1566 libri
980 1509 1172 1581 Moysi,
1211 1523 1348 1579 quos
1373 1507 1582 1566 Hebraei
1631 1509 1864 1576 thoratlt,

286 1602 429 1658 latini
452 1603 620 1674 legem
645 1603 938 1674 appellant.
968 1602 1191 1672 Proprie
1217 1609 1396 1657 autem
1423 1601 1511 1656 lex
1539 1601 1859 1671 appellatur,

284 1712 398 1768 quae
420 1711 524 1767 per
549 1695 770 1768 Moysen
793 1695 918 1750 data
941 1702 1046 1750 est.
1094 1692 1374 1750 Secundus
1401 1693 1536 1750 ordo
1565 1692 1863 1764 Propheta-

283 1779 422 1854 rum,
442 1786 503 1841 in
533 1800 640 1856 quo
679 1785 1025 1841 continentur
1047 1783 1171 1838 libri
1201 1791 1345 1850 octo,
1376 1798 1606 1854 quorum
1633 1783 1862 1856 primus,

1967 599 2077 670 guli
2106 617 2118 654 :
2153 601 2430 657 duodecim
2481 618 2696 674 quoque
2750 607 3136 676 prophetarum
3165 607 3290 664 libri
3319 609 3540 681 singuli,

1967 698 2021 744 et
2067 691 2183 746 hinc
2241 693 2458 762 quidem
2511 695 2836 765 Pr0phetica
2881 706 3026 753 sunt.
3073 699 3204 754 Post
3257 699 3373 760 htec
3423 717 3544 760 ver-

1967 796 2123 835 suum
2177 790 2300 837 octo
2353 782 2474 838 libri
2522 784 2809 852 habentur,
2855 788 2947 856 qui
3001 789 3215 844 diverso
3253 792 3395 861 apud
3440 791 3545 848 Ile-

1965 869 2140 928 braaos
2168 880 2342 928 metro
2370 874 2699 944 scribuntur,
2752 876 2805 934 id
2835 885 2918 934 est
2959 877 3059 934 Job
3111 879 3272 947 liber,
3308 889 3365 935 et
3406 880 3543 952 liber

1965 958 2323 1030 Psalmorum,
2373 970 2427 1018 et
2479 963 2914 1034 Proverbiorum,
2961 975 3018 1022 et
3066 967 3438 1038 Ecclesiastes,
3490 978 3548 1027 et

1965 1042 2190 1110 cantica
2216 1055 2574 1124 canticorum,
2592 1056 2706 1114 sive
2731 1056 3018 1128 Sapientia:
3037 1067 3095 1114 et
3117 1056 3540 1130 Ecclesiasticus,

1965 1141 2485 1216 Lamentationesque
2515 1144 2777 1202 Jeremiw.
2839 1147 2929 1203 Sic
2959 1164 3174 1220 quoque
3205 1144 3544 1221 complentur

1964 1231 2089 1289 libri
2119 1234 2329 1291 Veteris
2357 1235 2688 1294 Testamenti
2713 1239 3073 1310 quadraginta
3114 1241 3372 1312 quinque.
3405 1241 3541 1298 Novi

1966 1331 2146 1378 autem
2182 1323 2512 1382 Testamenti
2535 1327 2772 1398 primum
2800 1338 3032 1398 quatuor
3060 1331 3350 1403 Evangelia
3376 1342 3501 1398 sunt
3525 1351 3539 1390 :

1964 1410 2223 1481 Matthaei,
2253 1413 2439 1480 Marci,
2465 1414 2624 1471 Lucae
2643 1423 2698 1473 et
2723 1415 2966 1473 Joannis.
2994 1417 3104 1474 Hos
3133 1421 3542 1490 quatuordecim

1964 1503 2116 1560 Pauli
2171 1507 2403 1578 apostoli
2454 1517 2776 1579 sequuntur,
2824 1511 3021 1580 quibus
3069 1511 3370 1582 subiuncta:
3417 1523 3546 1570 sunt

1964 1603 2168 1664 septem
2197 1597 2474 1654 canonicae
2500 1598 2754 1668 Epistolas
2791 1599 3001 1667 Jacobi,
3042 1601 3212 1668 Petri,
3239 1602 3464 1658 Joannis
3490 1611 3548 1660 et

1963 1682 1989 1736 J
1998 1683 2133 1740 udae.
2159 1685 2327 1742 Actus
2346 1702 2561 1758 quoque
2591 1687 2874 1744 duodecim
2905 1690 3289 1760 apostolorum,
3314 1707 3542 1764 quorum
3595 1735 3598 1738 .

1963 1773 2207 1829 omnium
2255 1775 2590 1846 signaculum
2619 1786 2703 1832 est
2747 1779 3100 1856 Apocalypsis
3134 1779 3376 1847 Joannis,
3399 1781 3545 1851 quod

283 1873 458 1933 Josuae
484 1877 732 1944 bennam,
759 1877 853 1947 qui
873 1875 1040 1930 latine
1063 1873 1218 1931 Jesus
1240 1874 1388 1932 Nave
1411 1874 1631 1931 dicitur.
1655 1873 1860 1932 Secun-
1887 1873 1937 1934 Β
1962 1873 2046 1920 εει
2071 1865 2332 1922 revelatio
2367 1866 2495 1924 195“
2519 1868 2741 1938 (Πιτίειίν
2781 1871 2873 1942 (Illi
2919 1886 3107 1928 omnes
3134 1872 3301 1928 libros
3326 1865 3381 1929 θ(
3405 1880 3545 1928 ωηι-

283 1953 381 2022 dus
415 1960 678 2032 So'bthim,
706 1965 798 2037 qui
823 1973 910 2022 est
939 1962 1209 2020 Judicum.
1238 1961 1455 2019 Tertius
1493 1961 1728 2030 Samuel,
1770 1963 1863 2033 qui

281 2065 363 2128 est
387 2056 601 2132 Regum
626 2059 852 2130 primus.
887 2056 1126 2125 Quartus
1156 2055 1465 2122 Malae/tim,
1501 2055 1594 2126 qui
1630 2064 1715 2112 est
1760 2055 1864 2112 Re-

279 2163 402 2221 gum
450 2147 744 2224 secundus.
799 2147 1033 2216 Quintus
1077 2146 1273 2202 Isaias.
1334 2145 1532 2204 Sextus
1580 2145 1861 2202 Jeremias.

279 2235 555 2310 Septimus
611 2237 874 2295 Ezechiel.
939 2237 1173 2295 Octavus
1223 2235 1536 2304 Τιτανίδα-α,
1585 2237 1680 2308 qui
1724 2237 1861 2293 dici-

278 2335 364 2382 tur
392 2326 458 2382 12
487 2325 906 2398 Prophetarum,
931 2326 1024 2397 qui
1039 2325 1164 2382 libri
1189 2325 1317 2398 quia
1345 2324 1448 2382 sibi
1472 2340 1585 2396 pra:
1601 2325 1864 2383 brevitate

278 2403 517 2489 adiuncti
548 2427 700 2486 sunt,
729 2433 831 2489 pro
851 2433 960 2474 uno
983 2417 1342 2489 accipiuntur.
1374 2416 1592 2474 Tertius
1613 2426 1698 2475 est
1728 2418 1864 2476 ordo

279 2508 812 2582 Hagiographorum,‘
827 2509 885 2566 id
909 2517 994 2565 est
1044 2516 1233 2567 sancta
1259 2507 1635 2576 scribentium,
1667 2509 1722 2563 in
1757 2523 1866 2579 quo

276 2610 401 2657 sunt
437 2600 568 2657 libri
615 2614 833 2670 novem,
878 2615 1109 2674 quorum
1154 2599 1364 2671 primus
1408 2597 1531 2654 Job.
1584 2597 1866 2655 Secundus

279 2690 628 2760 Psalterium,
675 2695 768 2765 qui
810 2693 865 2750 in
912 2692 1150 2764 quinque
1189 2690 1544 2748 incisionibus
1585 2688 1862 2746 dividitur.

278 2783 494 2842 Tertius
555 2785 804 2854 Masloth,
849 2787 944 2857 qui
996 2793 1080 2842 est
1135 2783 1489 2841 Proverbium
1537 2781 1862 2840 Salomonis.

277 2874 524 2943 Quartus
550 2873 779 2944 Coeleth,
807 2877 900 2948 qui
929 2884 1015 2933 est
1045 2874 1419 2932 Ecclesiastes.
1450 2872 1681 2942 Quintus
1709 2873 1865 2930 Sira-

274 2968 445 3034 sin‘m,
478 2968 575 3039 qui
611 2977 694 3026 est
740 2968 961 3025 Cantica
1000 2967 1354 3024 canticorum.
1405 2965 1622 3032 Sextus,
1650 2965 1863 3022 Daniel.

280 3056 560 3128 Septimus
589 3058 950 3127 Dabretamin,
999 3059 1092 3130 qui
1125 3066 1207 3116 est
1231 3055 1410 3113 Verba
1436 3056 1671 3124 dierum,
1703 3057 1758 3114 id
1784 3065 1868 3114 est

277 3146 750 3220 Paralipomenon,
766 3150 858 3221 qui
875 3157 930 3205 et
943 3149 1268 3206 Chronicon.
1284 3147 1520 3205 Octavus
1540 3157 1625 3203 est
1639 3145 1862 3216 Esdras,

1966 1973 2097 2028 pore
2123 1968 2178 2014 et
2204 1960 2486 2016 ordinem.
2519 1960 2585 2016 Hi
2613 1972 2738 2018 sunt
2778 1962 2904 2018 libri
2933 1965 3179 2021 canonici
3206 1965 3546 2035 septuaginta

1965 2046 2071 2102 duo
2095 2057 2150 2103 et
2178 2048 2247 2104 ob
2265 2049 2368 2105 hoc
2388 2049 2600 2122 Moyses
2625 2054 2963 2125 septuaginta
2985 2053 3148 2125 elegit
3174 2055 3546 2125 presbyteros,

1966 2138 2056 2206 qui
2074 2139 2481 2210 prophetarent.
2515 2141 2595 2198 Ob
2639 2142 2742 2198 hoc
2769 2153 2824 2199 et
2864 2142 3020 2201 Jesus
3065 2145 3326 2201 Dominus
3362 2153 3547 2202 noster

1966 2228 2306 2298 septuaginta
2337 2227 2470 2285 duos
2493 2230 2787 2302 discipulos
2807 2234 3099 2302 praedicare
3140 2234 3432 2290 mandavit.
3482 2235 3552 2292 Et

1967 2320 2236 2390 quomodo
2288 2323 2628 2394 septuaginta
2677 2325 2794 2378 duae
2851 2325 3044 2396 linguae
3092 2327 3146 2381 in
3198 2327 3302 2384 hoc
3345 2328 3548 2384 mundo

1965 2418 2124 2464 erant
2153 2407 2377 2478 diffusae,
2407 2426 2642 2484 congrue
2666 2413 2899 2484 providit
2941 2414 3176 2486 Spiritus
3209 2425 3449 2483 sanctus,
3490 2424 3553 2473 ut

1967 2509 2047 2557 tot
2074 2502 2199 2558 libri
2229 2513 2433 2570 essent,
2463 2513 2594 2575 quot
2616 2506 2882 2570 nationes,
2911 2506 3106 2576 quibus
3130 2507 3310 2578 populi
3334 2515 3390 2563 et
3417 2523 3550 2579 gen-

1968 2601 2051 2649 tes
2071 2592 2138 2648 ad
2158 2594 2556 2665 percipiendam
2581 2594 2707 2650 ﬁdei
2729 2597 2960 2667 gratiam
2981 2599 3398 2656 aediﬁcarentur.
3422 2598 3551 2656 Haec

1969 2689 2093 2738 sunt
2115 2697 2253 2736 nova
2266 2691 2540 2750 etvetera,
2555 2699 2674 2754 quae
2688 2685 2755 2740 de
2769 2687 3022 2742 thesauro
3055 2687 3150 2743 Dei
3180 2687 3548 2760 proferuntur,

1969 2784 2023 2829 et
2043 2775 2239 2846 quibus
2251 2785 2447 2832 cuncta
2464 2787 2926 2834 sacramentorum
2950 2781 3206 2852 mysteria
3219 2781 3549 2844 revelantur.

1970 2867 2036 2923 Ili
2061 2879 2188 2924 sunt
2213 2869 2318 2924 duo
2341 2867 2627 2941 Seraphin,
2673 2872 2764 2943 qui
2816 2872 2872 2927 in
2905 2871 3303 2931 confessionem
3347 2883 3551 2930 sancta:

1971 2957 2252 3016 Trinitatis
2273 2960 2476 3033 jugiter
2510 2963 2800 3018 decantant
2821 2964 3029 3033 hagios,
3057 2972 3112 3019 et
3130 2965 3368 3020 dicentes
3391 2964 3551 3036 hym-

1970 3068 2098 3106 num
2148 3065 2457 3125 erumpunt.
2514 3054 2606 3110 Hac
2639 3055 2832 3112 littera:
2868 3071 3057 3122 sacrae,
3087 3057 3144 3112 hi
3186 3057 3309 3113 libri
3340 3057 3553 3128 integro

1969 3159 2196 3201 numero
2217 3155 2272 3201 et
2297 3147 2637 3203 auctoritate.
2668 3147 2828 3204 Aliud
2849 3164 2972 3206 cum
3000 3150 3118 3206 istis
3137 3150 3270 3206 nihil
3291 3158 3374 3206 est
3397 3165 3548 3206 com-

279 3238 371 3309 qui
392 3240 446 3295 in
470 3240 611 3297 duos
641 3241 810 3296 libros
847 3241 1107 3296 dividitur
1128 3241 1268 3311 apud
1293 3241 1512 3299 Graecos
1535 3249 1590 3295 et
1616 3239 1858 3297 Latinos.
1887 3243 1936 3308 ο
1965 3239 2264 3310 parandum
2302 3257 2315 3294 :
2365 3240 2623 3310 quidquid
2657 3248 2812 3297 extra
2844 3242 2945 3298 hos
2988 3242 3171 3310 fuerit,
3200 3243 3341 3300 inter
3367 3253 3560 3301 saneta

277 3330 462 3388 Nonus
486 3331 699 3386 Hester.
729 3331 833 3399 Qui
851 3331 1010 3388 simul
1031 3346 1222 3389 omnes
1247 3332 1507 3404 quinque,
1529 3339 1651 3388 octo
1683 3340 1736 3386 et
1765 3346 1866 3387 no-

275 3439 398 3480 vent
425 3424 570 3480 ﬁunt
608 3423 803 3496 viginti
839 3424 964 3491 duo,
1014 3424 1155 3482 sict:
1197 3424 1445 3496 superius
1491 3425 1868 3495 comprehensi

274 3525 418 3571 sunt.
452 3515 689 3584 Quidam
709 3524 890 3572 autem
916 3514 1055 3572 Ruth
1081 3524 1137 3572 et
1160 3514 1374 3584 Cinoth,
1413 3516 1504 3587 qui
1531 3516 1722 3572 Latine
1743 3516 1872 3573 dici-

273 3613 362 3662 tur
388 3605 731 3662 Lamentatio
759 3607 1024 3674 Jeremiw,
1063 3607 1454 3680 Hagiographis
1479 3608 1776 3674 addiciunt,
1815 3617 1872 3665 et

271 3697 477 3768 viginti
508 3705 742 3764 quatuor
761 3697 1033 3753 volumina
1055 3699 1387 3757 Tcstamenti
1410 3701 1620 3756 Veteris
1639 3700 1869 3770 faciunt,

269 3787 435 3859 iuxta
468 3784 661 3857 viginti
683 3796 918 3858 quatuor
945 3789 1208 3857 seniores,
1245 3793 1339 3862 qui
1364 3800 1492 3847 ante
1513 3802 1868 3863 conspectum

271 3879 373 3938 Dei
409 3867 698 3934 assistunt.
748 3878 984 3946 Quartus
1017 3889 1102 3937 est
1151 3881 1295 3954 apud
1343 3897 1442 3940 nos
1483 3882 1617 3938 ordo
1658 3881 1872 3942 Veteris

275 3967 622 4026 Testamenti
674 3983 863 4026 eorum
910 3969 1190 4039 librorum,
1257 3971 1349 4042 qui
1402 3973 1458 4028 in
1511 3986 1718 4028 canone
1765 3972 1874 4030 He-

278 4061 470 4118 braico
518 4074 628 4116 non
670 4068 840 4116 sunt:
878 4075 1107 4132 quorum
1153 4061 1362 4134 primus
1410 4061 1700 4133 Sapientia:
1736 4063 1872 4122 liber

277 4161 404 4218 est;
469 4151 779 4219 secundus,
837 4152 1293 4222 Ecclesiasticus;
1362 4155 1577 4224 tertius,
1631 4155 1868 4225 Tobias;

286 4254 533 4316 quartus,
562 4242 749 4299 Iudith
766 4261 785 4310 ;
822 4245 1043 4316 quintus
1069 4254 1124 4302 et
1156 4254 1362 4313 sextus,
1391 4246 1821 4304 Machabteorum
1848 4267 1870 4305 :

287 4349 422 4406 quos
447 4335 579 4391 licet
603 4332 774 4392 Judaei
797 4335 938 4392 intra
972 4339 1280 4409 apocrypha
1318 4348 1594 4410 separent,
1626 4341 1871 4399 Ecclesia

287 4433 470 4481 tamen
491 4424 698 4481 Christi
725 4441 818 4482 eos
834 4426 975 4483 inter
998 4428 1206 4484 divinos
1228 4429 1398 4486 libros
1417 4431 1646 4487 honorat
1667 4441 1724 4488 et
1740 4449 1874 4503 prte-

288 4514 449 4572 dicat.
477 4514 541 4570 In
567 4513 716 4572 Novo
738 4525 918 4572 autem
947 4516 1292 4574 Testamento
1329 4520 1435 4576 duo
1455 4530 1581 4576 sunt
1600 4522 1820 4582 ordines
1850 4541 1863 4577 :

1972 3341 2027 3387 et
2047 3330 2228 3386 divina
2257 3330 2562 3386 nullatenus
2585 3341 2671 3387 est
2684 3332 3050 3404 recipiendum
3075 3352 3088 3390 :
3113 3335 3229 3390 haec
3251 3336 3359 3392 duo
3378 3343 3550 3392 testa--

1970 3429 2152 3475 menta
2189 3420 2244 3475 in
2279 3421 2464 3476 multis
2515 3421 2648 3477 locis
2685 3421 2969 3494 scripturae
2999 3439 3166 3481 sacra:
3211 3425 3560 3497 przeﬁgurata

1972 3517 2116 3564 sunt.
2145 3508 2282 3564 Nam
2302 3509 2377 3565 illi
2400 3510 2506 3568 duo
2528 3510 2764 3570 molares
2779 3511 2984 3584 lapides
3009 3522 3156 3582 sunt,
3177 3529 3314 3586 quos
3333 3515 3418 3572 lex
3439 3529 3558 3586 pro-

1971 3599 2120 3658 hibet
2139 3602 2377 3660 dividere
2410 3612 2572 3674 atque
2603 3605 2662 3661 in
2709 3605 2831 3664 loco
2868 3607 3109 3679 pignoris
3155 3608 3342 3665 tollere
3381 3627 3398 3664 :
3429 3610 3557 3680 quia

1971 3701 2223 3750 neutrum
2272 3705 2655 3754 testamentum
2709 3699 3062 3757 auferendum
3101 3709 3195 3758 est
3245 3704 3314 3759 ab
3363 3702 3564 3769 altero,

1971 3786 2187 3855 quando
2211 3795 2443 3860 utraque
2496 3793 2803 3847 necessaria
2831 3800 2958 3849 sunt
2976 3793 3043 3848 ad
3062 3808 3258 3862 panem
3279 3793 3556 3854 cmlestem

1973 3874 2388 3944 conﬁciendum,
2414 3886 2476 3934 ut
2494 3879 2797 3935 animarum
2825 3889 3041 3950 pastum
3079 3893 3403 3954 praeparent.
3421 3883 3556 3944 luem

1974 3962 2080 4018 duo
2126 3962 2401 4020 Cherubin
2440 3967 2597 4037 juxta
2641 3984 2826 4024 arcam
2871 3971 3046 4042 posita
3097 3973 3405 4044 signiﬁcant
3451 3973 3558 4030 duo

1975 4061 2297 4111 testamenta
2342 4056 2626 4114 ecclesiam
2666 4060 2763 4116 Dei
2795 4063 3151 4132 protegentia.
3186 4063 3322 4121 Item
3341 4063 3568 4124 Abacuo.

1973 4144 2243 4218 Propheta
2270 4148 2376 4204 duo
2401 4149 2661 4208 describit
2698 4154 2972 4222 animalia,
3017 4155 3072 4211 in
3113 4173 3344 4227 quorum
3382 4159 3562 4214 medio

1973 4238 2117 4296 Deus
2150 4238 2524 4297 inactescitur.
2569 4241 2791 4301 Summa
2817 4255 2998 4303 autem
3050 4249 3332 4320 utriusque
3389 4259 3560 4307 testa~

1972 4332 2140 4388 menti
2166 4332 2376 4388 trifarie
2410 4335 2782 4407 distinguitur,
2805 4338 2860 4394 id
2885 4349 2988 4406 est,
3017 4341 3070 4394 in
3095 4341 3343 4407 historia,
3369 4343 3424 4398 in
3448 4358 3560 4400 nio-

1971 4423 2142 4489 ribus,
2178 4423 2233 4480 in
2258 4424 2533 4496 allegoria.
2580 4426 2790 4485 Rursus
2819 4429 2924 4486 ista
2944 4430 3058 4488 tria
3087 4431 3380 4488 multifario
3424 4434 3563 4488 divi-

1974 4517 2196 4582 duntur,
2238 4516 2292 4571 id
2328 4528 2430 4583 est,
2460 4520 2589 4588 quid
2638 4537 2670 4575 a
2718 4522 2849 4589 Deo,
2878 4523 3009 4592 quid
3031 4525 3101 4578 ab
3128 4525 3349 4595 Angelis
3377 4525 3462 4581 vel
3489 4527 3563 4582 ab

285 4605 510 4677 primus,
543 4607 905 4679 evangelicus,
937 4609 989 4664 in
1019 4625 1127 4680 quo
1157 4619 1281 4667 sunt
1323 4629 1335 4666 :
1382 4609 1688 4680 Mattheus,
1731 4613 1872 4672 Mar-
1894 4601 1956 4662 D
1975 4609 2282 4665 hominibus
2308 4621 2522 4682 gestum
2567 4613 2879 4686 dictumque
2912 4617 3004 4680 sit,
3035 4618 3166 4686 quid
3208 4633 3239 4672 a
3273 4618 3562 4687 Prophetis

290 4713 405 4766 cus,
429 4701 634 4766 Lucas,
670 4697 934 4768 Joannes;
978 4702 1266 4771 secundus,
1295 4704 1640 4774 apostolicus,
1668 4705 1724 4760 in
1765 4720 1874 4777 quo
1974 4702 2282 4756 nuntiatum
2342 4703 2406 4758 de
2460 4705 2677 4761 Christo
2720 4716 2775 4762 et
2818 4723 3046 4778 corpore
3093 4707 3212 4775 ejus
3243 4743 3258 4772 ,
3315 4707 3447 4776 quid
3491 4708 3564 4765 de

292 4800 419 4846 sunt
447 4791 503 4848 in
533 4791 943 4864 quatuordecim
967 4793 1222 4863 Epistolis
1246 4809 1262 4847 :
1307 4792 1501 4851 Petrus
1540 4795 1598 4850 in
1641 4794 1870 4866 duabus,
1975 4791 2188 4848 diabolo
2200 4799 2257 4846 el
2271 4791 2527 4849 melubris
2547 4791 2683 4863 eJUS,
2697 4797 2827 4865 Quid
2839 4797 2902 4851 de
2922 4795 3096 4852 veteri
3112 4803 3171 4852 et
3186 4811 3328 4854 novo
3339 4797 3562 4870 populo,

269 4881 525 4958 Joannes
569 4885 625 4941 in
687 4885 861 4941 tribus
887 4925 903 4951 ,
973 4883 1202 4942 Jacobus
1247 4895 1303 4942 et
1355 4883 1523 4944 Judas
1574 4887 1631 4943 in
1682 4889 1871 4960 singu-
1975 4883 2103 4954 quid
2125 4883 2190 4940 de
2209 4885 2464 4954 praesenti
2486 4885 2682 4942 saeculo
2697 4894 2752 4941 et
2771 4885 2956 4944 futuro
2973 4901 3141 4958 regno
3158 4886 3562 4960 atquejudicio.

293 4973 396 5041 lis,
463 4977 632 5034 Actus
683 4975 1052 5048 apostolorum
1111 4987 1166 5033 et
1214 4977 1566 5052 Apocalypsis
1623 4979 1868 5038 Joannis.
2589 4999 2818 5057 CAPUT
2854 5001 2916 5056 ιι,

231 5117 244 5140 ,
295 5064 396 5120 Alii
454 5075 640 5124 autem
703 5067 871 5124 Vetus
939 5077 994 5125 et
1064 5067 1272 5126 Novum
1334 5069 1744 5128 Testamentum
1816 5073 1873 5127 in
2228 5069 2304 5125 De
2346 5072 2645 5126 auctoribus
2693 5072 2992 5128 earumdem
3036 5074 3308 5132 librorum.

297 5158 638 5229 septuaginta
684 5158 1031 5232 duosﬂlibros
1081 5161 1455 5232 distinguunt:
1488 5163 1563 5220 ita
1603 5173 1665 5220 ut
1713 5163 1878 5234 primi

298 5245 426 5319 legis
470 5249 643 5322 Moysi
695 5249 822 5308 libri
873 5254 1110 5324 quinque
1153 5254 1282 5321 sint,
1335 5255 1438 5311 hoc
1478 5263 1581 5322 est,
1629 5256 1874 5323 Genesis,

301 5338 537 5409 Exodus,
580 5341 876 5411 Leviticus,
907 5344 1194 5412 Numerus,
1226 5347 1724 5404 Deuteronomium.
1767 5348 1879 5406 Hos

303 5442 596 5502 sequuntur
643 5434 891 5492 historici
938 5436 1060 5492 libri
1097 5436 1354 5503 sedecim,
1391 5436 1522 5494 Jesu
1559 5438 1708 5494 Nave
1734 5439 1879 5495 scili-

305 5531 388 5577 cet
427 5532 479 5579 et
525 5525 776 5582 Judicum
828 5525 953 5583 libri
1015 5525 1236 5598 singuli,
1275 5527 1390 5583 sive
1425 5527 1613 5595 Ruth;
1668 5528 1878 5602 Regum

305 5614 463 5670 etiam
500 5617 619 5673 libri
643 5628 894 5688 quatuor.
926 5617 1375 5689 Paralipomenon
1420 5621 1548 5677 duo.
1581 5620 1717 5678 Tobi
1746 5637 1878 5692 quo-

305 5720 406 5776 que
427 5717 482 5761 et
507 5707 718 5779 Hester,
740 5717 902 5787 atque
926 5710 1121 5781 singuli
1148 5711 1297 5768 Esra:
1324 5712 1430 5768 duo
1467 5733 1478 5768 :
1528 5722 1582 5768 et
1620 5714 1726 5770 duo
1768 5713 1878 5769 Μαι

306 5797 664 5859 Chaucorum.
730 5803 901 5872 Super
948 5806 1048 5860 hos
1103 5807 1404 5875 prophetici
1457 5807 1580 5867 libri
1645 5807 1877 5866 sedecim

743 5897 1018 5960 Psrnor.
1057 5896 1219 5956 CXI.

2050 5158 2260 5216 Veteris
2300 5159 2632 5217 Testamenti
2659 5163 2956 5219 secundum
3001 5163 3360 5224 Hebraei-um.
3387 5169 3562 5226 tradi-

1981 5253 2182 5308 tionem
2204 5252 2260 5308 hi
2291 5252 2645 5322 perhibentur
2668 5263 2938 5312 auctores.
2982 5255 3196 5313 Primus
3221 5257 3435 5329 Moyses
3476 5261 3561 5316 di-

1980 5344 2120 5398 vina:
2147 5342 2388 5399 historiae
2407 5345 2874 5416 cosmographiam
2914 5347 2972 5403 in
2999 5348 3237 5420 quinque
3275 5350 3564 5408 volumini-

1983 5437 2084 5494 bus
2105 5436 2294 5502 edidit,
2341 5437 2484 5505 quod
2521 5436 2860 5494 Pentaticum
2885 5440 3216 5495 nominatur.
3248 5440 3563 5498 Pentaticus

1980 5540 2163 5585 autem
2211 5529 2326 5584 sive
2388 5533 2782 5599 pentateucbus
2819 5547 2850 5586 a
2900 5533 3139 5603 quinque
3195 5532 3562 5592 voluminibus

1979 5623 2194 5679 dicitur.
2218 5620 2387 5678 Pente
2405 5625 2549 5680 enim
2573 5627 2761 5682 Graece
2789 5627 3044 5697 quinque,
3067 5628 3293 5685 teuchus
3311 5626 3561 5681 volumen

1980 5724 2225 5770 vocatur.
2255 5713 2466 5771 Genesis
2494 5717 2630 5773 liber
2662 5719 2784 5774 inde
2810 5719 3128 5789 appellatur,
3154 5736 3220 5773 co
3243 5717 3386 5786 quod
3408 5731 3564 5771 exor-

1980 5808 2128 5866 dium
2158 5809 2365 5880 mundi,
2408 5819 2461 5868 et
2488 5814 2763 5881 generatio
2807 5811 2988 5867 saeculi
3015 5813 3068 5867 in
3098 5827 3162 5866 co
3202 5808 3559 5864 contineatur.
