4074 6316
301 435 404 521 1109

301 649 410 706 quo
433 633 610 688 eadem
636 631 822 702 regina
864 632 964 686 sub
988 630 1162 702 figura
1185 629 1440 687 Ecclesiae
1479 628 1576 684 Dei
1619 629 1873 700 populum

303 743 334 781 a
359 726 608 781 servitute
631 732 686 779 et
707 730 880 779 morte
924 723 1188 793 eripuisse
1212 721 1488 787 scribitur,
1516 728 1675 790 atque
1701 722 1869 776 inter—

300 817 438 873 fecto
461 816 653 882 Aman,
678 816 770 886 qui
793 815 1200 884 interpretatur,
1219 812 1490 884 iniquitas,
1516 811 1622 867 diei
1645 810 1872 867 celebri-

298 916 378 962 tas
409 907 462 960 in
481 914 724 976 posteros
754 905 938 959 initur.
1666 915 1673 918 "

363 995 526 1050 Liber
552 995 826 1065 sapientiae
855 994 998 1067 apud
1011 990 1267 1050 Hebraeos
1286 1005 1556 1065 nusquam
1584 999 1686 1047 est.
1721 990 1871 1047 Unde

292 1093 345 1140 et
373 1087 485 1155 ipse
516 1085 703 1140 titulus
743 1084 985 1140 Graecam
1032 1086 1205 1157 magis
1243 1085 1602 1155 eloquentiam
1641 1083 1867 1139 redolet.

291 1176 442 1232 Hunc
486 1176 655 1232 Judaei
702 1176 925 1232 Filionis
969 1176 1254 1250 [Philonis]
1300 1192 1420 1234 esse
1454 1177 1742 1242 aliirmant,
1779 1174 1869 1244 qui

288 1267 512 1340 proinde
561 1266 851 1338 Sapientiae
906 1267 1215 1324 nominatur
1238 1286 1252 1322 :
1276 1268 1406 1339 quia
1450 1269 1506 1323 in
1551 1282 1616 1322 eo
1665 1265 1872 1323 Christi»

290 1359 574 1424 adventus,
601 1359 694 1428 qui
719 1366 805 1414 est
827 1360 1088 1430 sapientia
1112 1360 1311 1427 Patris,
1335 1367 1390 1416 et
1414 1359 1598 1431 passio
1621 1358 1738 1429 ejus
1763 1358 1870 1415 evi-

288 1453 475 1508 denter
499 1453 810 1523 exponitur.

352 1541 574 1598 Librum
624 1550 804 1598 autem
849 1542 1293 1599 Ecclesiast‘icum
1331 1543 1630 1600 certissime
1677 1541 1866 1609 Jesus,

286 1633 422 1688 ﬁlius
459 1631 679 1700 Sirach,
726 1634 1104 1705 Jerosolymita
1130 1675 1144 1702 ,
1189 1650 1357 1706 nepos
1395 1633 1523 1690 Jesu
1571 1634 1868 1689 sacerdotis

281 1725 457 1795 magni
503 1726 829 1795 composuit.
883 1726 985 1792 Qui
1029 1725 1166 1782 liber
1211 1726 1352 1797 apud
1380 1725 1604 1780 Latinos
1644 1732 1868 1794 propter

279 1814 474 1884 eloquii
511 1811 841 1886 parilitatem
866 1814 1170 1870 Salomonis
1195 1815 1354 1870 titulo
1395 1821 1748 1885 praenotatur.
1777 1813 1868 1867 Di-

1283 428 1372 482 ne
1412 425 1756 484 umvnnso
1795 427 1970 482 LIBRI
1997 398 2168 483 xx".
2202 460 2271 469 —
2307 401 2434 484 LIB.
2478 401 2544 483 v.
3049 496 3051 499 λ

312 561 315 563 ·
367 544 560 599 Esther
598 539 797 596 librum
842 540 1028 596 Esdrte
1073 539 1312 594 creditur
1357 539 1782 608 conscripsisse,
1815 539 1866 592 in
1896 544 2078 604 Aest.
2124 539 2386 593 Animalia
2434 545 2612 593 autem
2657 537 2801 592 dicta
2849 546 2992 603 sunt,
3024 543 3292 610 quomodo
3332 551 3555 616 propter

3448 430 3550 486 110

1977 631 2214 684 animam
2270 631 2504 685 hominis
2559 630 2882 700 przedicatur
2935 629 3286 702 Evangelium
3331 632 3552 691 Christi;

1974 719 2112 775 Nam
2139 728 2193 776 et
2217 720 2385 776 oculis
2408 721 2563 790 plena
2595 732 2754 775 erant
2797 722 2944 776 intus
2987 730 3043 776 et
3087 720 3245 788 foris,
3285 725 3558 793 quomodo

1972 815 2269 886 praevident
2295 815 2582 886 Evangelia
2600 857 2614 882 ,
2643 831 2762 885 quae
2788 815 2930 871 dicta
2958 823 3086 871 sunt
3114 832 3144 870 a
3172 817 3472 888 prophetis,
3505 827 3561 874 et

1974 923 2094 978 quae
2120 909 2442 978 promiserat
2484 910 2540 964 in
2583 908 2874 980 prioribus.
2920 907 3094 963 Crura
3139 916 3318 966 autem
3367 924 3556 965 eorum

1973 1011 2140 1068 recta,
2174 1002 2300 1073 quia
2329 1002 2462 1057 nihil
2487 1017 2713 1073 pravum
2756 998 3048 1073 evangeliis
3073 1009 3174 1057 est.
3203 1000 3272 1056 Et
3313 1000 3426 1057 alas
3453 1000 3556 1056 ha-

1973 1091 2173 1146 bebant
2207 1108 2363 1147 senas
2390 1100 2632 1164 tegentes
2657 1107 2815 1147 crura
2847 1101 2902 1147 et
2926 1091 3093 1147 facies
3128 1105 3256 1147 suas
3278 1108 3292 1146 :
3318 1090 3559 1146 revelata

1974 1189 2100 1237 sunt
2125 1183 2286 1247 enim,
2319 1199 2437 1252 quae
2460 1186 2796 1252 tegebantur,
2823 1185 2880 1239 in
2901 1185 3129 1239 adventu
3156 1183 3373 1241 Christi.

2000 1283 2002 1286 '
2044 1269 2390 1341 Evangelium
2414 1278 2593 1325 autem
2617 1271 3020 1343 interpretatur,
3047 1273 3179 1328 bona
3202 1273 3554 1330 annuntiatio.

1971 1359 2159 1414 Graece
2197 1361 2340 1415 enim
2383 1364 2440 1416 εὐ
2487 1362 2709 1427 bonum,
2748 1362 3010 1434 Angelum
3050 1366 3388 1421 annuntiatio
3427 1365 3559 1421 dici-

1973 1460 2079 1507 tur.
2111 1452 2239 1507 lnde
2268 1460 2322 1508 et
2351 1453 2605 1525 Angelus,
2640 1455 2875 1519 nuntius,
2919 1456 3328 1526 interpretatur.
3361 1457 3558 1513 Paulus

1973 1545 2246 1618 apostolus
2289 1561 2416 1601 suas
2465 1545 2681 1616 scripsit
2719 1546 2974 1617 epistolas
3018 1549 3453 1618 quattuordecim,
3489 1564 3557 1604 ex

1971 1635 2166 1706 quibus
2208 1643 2402 1690 novem
2449 1644 2657 1705 septem
2704 1625 2986 1693 Ecclesiis‘
3019 1640 3233 1710 scripsit
3268 1657 3280 1693 :
3319 1640 3557 1710 reliquas

1973 1725 2250 1795 discipulis
2268 1726 2407 1793 suis,
2435 1726 2722 1784 Timotheo
2754 1729 2879 1784 Tito
2915 1738 2972 1784 et
2985 1729 3320 1788 Philemoni.
3347 1732 3428 1787 Ad
3454 1732 3556 1786 lle-

1971 1815 2146 1872 brzeos
2175 1823 2356 1872 autem
2397 1817 2622 1888 epistola
2668 1820 2808 1889 apud
2852 1820 3138 1891 plerosque
3175 1823 3557 1893 Latinos-ejus

283 1915 400 1961 ctus
428 1914 612 1960 autem
641 1905 1078 1974 Ecclesiasticus,
1107 1920 1172 1962 eo
1200 1907 1345 1976 quod
1383 1907 1449 1961 de
1477 1905 1642 1960 totius
1688 1903 1870 1961 Eccle-
1897 1893 1947 1958 Β
1973 1919 2112 1972 esse,
2141 1906 2408 1964 incertum
2449 1918 2537 1962 est
2576 1915 2797 1977 propter
2836 1907 3226 1965 dissonantiam
3270 1912 3554 1976 sermonis,

281 1995 375 2052 site
407 1997 655 2051 doctrina
700 2004 759 2050 et
795 1996 1050 2067 religiosa
1079 1995 1490 2051 conversatione
1520 2010 1712 2065 magna
1739 2010 1868 2050 cura

279 2093 332 2141 et
355 2087 572 2144 ratione
600 2087 670 2143 sit
691 2087 887 2142 editus.
925 2085 1024 2141 Hic
1049 2088 1272 2158 et'apud
1295 2086 1553 2142 Hebraeos
1579 2087 1866 2157 reperitur,

279 2178 370 2234 sed
412 2178 564 2234 inter
605 2181 943 2252 apocryphos
970 2180 1221 2234 habetur.
1253 2179 1440 2233 Juditlt
1483 2193 1615 2233 vero
1643 2188 1699 2234 et
1741 2177 1870 2233 Τοὺς

278 2277 435 2340 atque
476 2269 910 2325 Machabarorum
933 2269 1059 2325 libri
1085 2270 1283 2340 quibus
1328 2269 1636 2324 auctoribus
1683 2268 1869 2339 scripti

276 2360 402 2425 sint,
430 2359 663 2414 minime
701 2359 1166 2415 constatzhabent
1187 2367 1369 2414 autem
1397 2359 1656 2415 vocabula
1681 2373 1749 2414 ex
1777 2372 1870 2414 eo-

275 2463 393 2505 rum
417 2450 759 2516 nominibus,
786 2464 1017 2520 quorum
1041 2457 1194 2521 gesta
1217 2450 1483 2506 scribunt.

317 2540 598 2607 Quatuor
617 2540 782 2598 libros
807 2541 1221 2613 Evangelion
1245 2549 1479 2611 quatuor
1515 2539 1869 2611 Evangelistm

274 2633 626 2702 singulariter
669 2634 1131 2704 conscripserunt.
1181 2632 1396 2688 Primus
1424 2631 1710 2686 Mattheeus
1740 2643 1869 2686 cen-

273 2725 488 2794 seripsit
519 2723 870 2796 Evangelium
901 2724 1097 2779 litteris
1127 2722 1410 2779 Hebraicis
1428 2732 1486 2778 et
1501 2722 1864 2789 sermonibus,

275 2813 330 2868 in
363 2813 553 2868 Judaea
579 2814 802 2868 mittens
852 2812 1118 2886 [initiansl
1145 2812 1520 2884 evangelizare
1543 2813 1610 2867 ab
1634 2812 1870 2867 humana

271 2901 479 2958 Christi
526 2903 804 2958 nativitate
819 2942 835 2970 ,
881 2903 1070 2960 dicens
1104 2921 1118 2957 :
1155 2901 1312 2957 Uber
1353 2903 1702 2974 generationis
1737 2903 1868 2957 Iesu

270 2989 495 3060 Christi,
544 2993 645 3061 ﬁlii
683 2993 878 3059 David,
908 2993 1009 3062 ﬁlii
1037 2993 1304 3049 Abraham
1342 2991 1559 3065 (Matth.
1590 2993 1663 3064 I);
1695 2991 1864 3064 signi-

271 3085 443 3140 lienus
467 3085 822 3141 descendisse
842 3087 1199 3156 corporaliter
1215 3102 1283 3142 ex
1304 3087 1511 3142 semine
1534 3085 1870 3156 patriarcha-

274 3191 395 3233 sum
435 3177 735 3241 Christum,
777 3179 920 3233 sicut
960 3179 1289 3248 promissum
1333 3186 1455 3235 erat
1500 3179 1556 3233 in
1588 3179 1868 3250 prophetis

1969 1996 2324 2079 eamdemque
2343 1997 2438 2058 alii
2457 1996 2762 2060 Barnabam
2787 1999 3203 2070 scripsisse,aiii
3229 2016 3256 2056 a
3284 2001 3559 2058 Clemente

1970 2089 2228 2156 scriptam
2283 2089 2454 2152 fuisse
2497 2091 2864 2160 suspicantur.
2924 2091 3121 2149 Petrus
3163 2094 3378 2164 scripsit
3423 2095 3559 2151 duas

1969 2179 2205 2234 nominis
2232 2181 2316 2236 sui
2343 2181 2614 2251 epistolas,
2645 2197 2765 2252 quae
2795 2183 3078 2240 catholicae
3107 2185 3230 2240 ideo
3271 2185 3559 2240 nominan-

1971 2275 2059 2333 tur
2086 2287 2098 2322 :
2123 2269 2248 2338 quia
2289 2283 2400 2324 non
2447 2270 2542 2324 uni
2587 2278 2798 2326 tantum
2843 2273 3042 2343 populo
3072 2272 3158 2329 vel
3201 2274 3430 2341 civitati,
3464 2274 3558 2329 sed

1968 2358 2241 2416 universis
2270 2359 2526 2430 gentibus
2547 2359 2871 2432 generaliter
2896 2363 3113 2432 scriptae
3142 2371 3287 2418 sunt.

2038 2450 2270 2508 Jacobus
2292 2460 2347 2507 et
2367 2451 2604 2510 Joannes
2631 2461 2687 2510 et
2727 2453 2898 2511 Judas
2923 2471 3048 2511 suas
3074 2457 3409 2526 scripserunt
3447 2458 3562 2528 epi-

1968 2542 2158 2602 stolas.
2181 2542 2350 2600 Actus
2377 2544 2744 2614 apostolorum
2765 2545 3062 2614 primordia
3089 2547 3210 2602 tidei
3239 2547 3560 2604 Christianae

1969 2621 2027 2690 in
2057 2634 2330 2705 gentibus,
2357 2642 2412 2690 et
2438 2637 2713 2692 nascentis
2752 2636 3007 2692 Ecclesiae
3035 2636 3317 2693 historiam
3343 2639 3556 2709 digerit.

1969 2725 2204 2801 ﬂetuum
2224 2725 2593 2796 apostolorum
2617 2726 2940 2798 scriptorem
2968 2726 3174 2782 Lucam
3202 2742 3326 2784 esse
3349 2735 3564 2784 constat

1968 2817 2376 2890 evangelistam,
2401 2818 2456 2872 in
2479 2833 2586 2888 quo
2609 2833 2775 2896 opere
2801 2819 3076 2875 nascentis
3100 2819 3358 2876 Ecclesia:
3389 2819 3563 2876 infan-

1970 2909 2045 2976 tia
2070 2909 2292 2977 texitur,
2320 2918 2374 2965 et
2398 2910 2764 2982 apostolorum
2808 2900 3037 2967 historia
3085 2914 3352 2968 retinetur
3378 2931 3390 2966 :
3414 2914 3559 2968 unde

1969 3008 2027 3066 et
2061 2999 2232 3059 Actus
2276 3001 2644 3072 apostolorum
2687 3001 2907 3058 dicitur.
2953 3002 3315 3074 Apocalypsin
3362 3003 3559 3060 librum

1969 3090 2205 3158 Joannes
2246 3095 2580 3172 evangelista
2627 3095 2846 3166 scripsit
2893 3110 2959 3151 eo
3007 3103 3283 3166 tempore,
3315 3110 3420 3166 quo
3463 3112 3562 3166 pro

1970 3183 2252 3257 Evangelii
2285 3185 2668 3256 praedicatione
2694 3185 2748 3241 in
2775 3185 3036 3243 Pathmos
3083 3187 3316 3243 traditur
3359 3187 3565 3258 relega-

268 3283 368 3341 per
411 3269 680 3339 Spiritum
727 3242 994 3325 sanctum.
1059 3268 1340 3325 Secundus
1387 3242 1607 3325 Marcus
1619 3310 1634 3337 ,
1675 3242 1866 3339 plenus
1893 3242 1940 3308 α
1972 3242 2080 3340 tus.
2109 3242 2463 3348 Kpoealypsis
2485 3285 2667 3332 autem
2695 3292 2763 3332 ex
2792 3275 2980 3332 Graeco
3007 3242 3063 3334 in
3087 3242 3338 3334 Latinum
3364 3242 3566 3334 revela-

272 3360 481 3432 Spiritu
512 3371 725 3426 sancto,
754 3363 976 3432 scripsit
1015 3363 1367 3435 Evangelium
1396 3362 1621 3430 Christi,
1653 3363 1870 3434 eloquio

269 3452 462 3510 Graeco
490 3472 503 3508 :
531 3455 587 3509 in
616 3455 771 3509 Italia
815 3464 1033 3510 secutus
1070 3463 1154 3510 est
1196 3454 1438 3521 Petrum,
1466 3465 1526 3510 ut
1551 3455 1864 3526 discipulus.

269 3545 318 3600 Is
360 3547 584 3602 initium
614 3549 682 3603 ab
727 3548 919 3617 spiritu
963 3548 1267 3620 prophetali
1319 3548 1464 3614 fecit,
1494 3549 1721 3605 dicens:
1760 3549 1872 3603 Vox

268 3635 559 3689 clamantis
591 3637 648 3689 in
681 3637 908 3701 deserto,
937 3647 1118 3706 parate
1143 3639 1280 3691 viam
1307 3637 1534 3692 Domino
1562 3638 1754 3712 (Marc.
1787 3639 1828 3710 ι)
1853 3657 1868 3694 :

265 3737 328 3781 ut
365 3724 684 3781 ostenderet
728 3725 1007 3780 Christum
1050 3736 1174 3797 post
1217 3729 1640 3797 assumptionem
1691 3731 1873 3786 carnis

268 3815 634 3886 Evangelium
652 3815 980 3884 prmdicasse
999 3816 1054 3869 in
1076 3818 1296 3870 mundo.
1325 3818 1443 3885 Ipse
1462 3820 1608 3872 enim
1625 3820 1874 3876 Christus

271 3918 326 3964 et
347 3909 623 3979 propheta
651 3907 826 3962 dictus
848 3915 952 3974 est,
976 3909 1115 3963 sicut
1137 3909 1399 3979 scriptum
1419 3917 1504 3964 est
1528 3927 1542 3963 :
1567 3910 1638 3963 Et
1662 3913 1876 3982 prophe-

275 4010 383 4054 tam
408 4001 468 4054 in
495 3999 735 4069 gentibus
769 3999 924 4068 posui
961 4007 1028 4052 te.
1077 3997 1295 4054 Tertius
1319 3998 1492 4059 Lucas
1513 4001 1658 4057 inter
1685 4017 1876 4059 omnes

275 4090 643 4161 evangelistas
689 4089 866 4145 Graeci
913 4091 1178 4145 sermonis
1227 4093 1646 4160 eruditissimus,
1679 4095 1876 4166 quippe

276 4191 340 4238 ut
363 4183 611 4239 medicus
635 4182 691 4237 in
713 4181 924 4239 Graecia
953 4182 1305 4254 Evangelium
1335 4185 1552 4256 scripsit
1574 4185 1875 4257 Theophilo

279 4275 558 4345 episcopo,
590 4273 815 4329 initians
837 4289 868 4327 a
891 4273 1209 4328 sacerdotali
1241 4274 1453 4345 spiritu,
1489 4277 1675 4333 dicens
1706 4295 1718 4330 :
1744 4275 1874 4330 Fuit

277 4371 334 4424 in
371 4370 561 4424 diebus
589 4367 814 4423 Herodis
838 4368 1042 4424 Judwce
1073 4368 1322 4424 sacerdos
1355 4367 1648 4423 Zacharias
1675 4367 1875 4424 :Chri-

281 4471 421 4518 stum
435 4470 577 4533 «pint
595 4461 937 4516 nativitatem
957 4462 1136 4516 carnis
1159 4469 1213 4515 et
1236 4461 1677 4532 praedicationem
1697 4458 1873 4514 Evan-

283 4552 404 4622 gelii
439 4553 681 4608 hostiam
706 4552 874 4606 fuisse
899 4550 1151 4606 etfectnm
1177 4567 1276 4623 pro
1311 4551 1484 4607 salute
1508 4550 1717 4606 mundi.
1753 4549 1872 4623 Ipse

281 4619 364 4695 est
409 4641 558 4695 enim
604 4640 877 4704 sacerdos,
908 4639 974 4694 de
1017 4653 1126 4708 quo
1171 4619 1374 4694 dictum
1403 4645 1489 4695 est
1518 4639 1571 4692 in
1599 4619 1868 4694 Psalmis:
1897 4619 1952 4682 Ῑ)

288 4731 366 4786 Tu
390 4748 444 4786 es
482 4732 728 4786 sacerdos
756 4732 814 4785 in
837 4739 1093 4786 attentum
1131 4732 1418 4786 secundum
1453 4731 1692 4786 ordinem
1731 4730 1868 4786 Mel-

287 4820 552 4876 chisedech
597 4819 775 4893 (Psal.
815 4821 950 4892 clx).
1005 4821 1108 4877 Ubi
1149 4823 1293 4876 enim
1337 4819 1590 4879 Christus
1633 4822 1868 4890 advenit,

288 4913 647 4968 sacerdotium
689 4911 999 4970 Iudaeorum
1027 4913 1318 4968 obmittunt
1343 4913 1677 4988 [obmutuit],
1702 4916 1791 4969 lex
1818 4921 1876 4971 et

287 5010 567 5080 prophetia
614 5011 865 5065 cessavit.
915 5008 1155 5077 Quartus
1182 5008 1419 5066 Joannes
1449 5011 1666 5083 scripsit
1690 5009 1868 5066 Evan-

290 5100 483 5169 gelium
511 5099 732 5156 ultimus
755 5102 809 5155 in
837 5101 988 5168 Asia,
1019 5101 1282 5172 incipiens
1310 5117 1340 5156 a
1368 5103 1567 5170 Verbo,
1594 5111 1656 5158 ut
1683 5110 1868 5159 osten-

291 5192 436 5248 deret
479 5194 732 5249 eumdem
765 5193 1123 5262 Salvatorem,
1147 5194 1239 5264 qui
1280 5211 1380 5265 pro
1422 5196 1578 5252 nobis
1622 5197 1873 5267 dignatus

291 5291 370 5337 est
389 5284 538 5340 nasci
560 5293 614 5339 et
634 5285 960 5356 pati,ipsum
983 5293 1108 5340 ante
1128 5285 1323 5341 saecula
1348 5285 1444 5341 Dei
1467 5286 1704 5343 Verbum
1729 5302 1867 5354 esse,

293 5369 460 5441 ipsum
495 5388 527 5429 e
556 5374 697 5429 ctelo
735 5376 970 5442 venisse,
1017 5384 1071 5430 et
1113 5383 1236 5446 post
1279 5385 1511 5432 mortem
1557 5378 1626 5433 ad
1672 5379 1867 5435 caelum

295 5460 483 5518 iterum
513 5477 806 5520 remeasse.
838 5465 906 5520 lii
936 5475 1062 5521 sunt
1088 5473 1324 5536 quatuor
1351 5468 1711 5541 evangelistae,
1735 5483 1870 5542 quos

293 5567 390 5623 per
410 5553 749 5613 Ezechielem
793 5556 1028 5628 Spiritus
1059 5565 1279 5614 sanctus
1301 5559 1628 5630 significavit
1657 5563 1711 5618 in
1740 5577 1874 5633 qua-

297 5652 414 5701 tuor
438 5650 780 5705 animalibus.
827 5651 1121 5722 Propterea
1153 5660 1332 5707 autem
1362 5661 1594 5722 quatuor
1620 5655 1872 5711 animalia

297 5735 542 5794 dicuntur
568 5759 580 5794 :
606 5741 734 5810 quia
761 5756 858 5810 per
884 5751 1120 5812 quatuor
1142 5743 1326 5798 mundi
1351 5752 1536 5812 partes
1565 5744 1696 5801 ﬁdes
1719 5745 1872 5801 Chri-

297 5827 479 5882 stianze
525 5832 800 5902 religionis
850 5847 1034 5889 eorum
1091 5834 1476 5904 praedicatione
1528 5837 1873 5894 disseminata

1975 3367 2052 3424 tio
2079 3367 2487 3438 interpretatur.
2519 3367 2797 3423 Revelatio
2818 3369 2964 3424 enim
2981 3369 3179 3426 dicitur
3197 3368 3563 3425 manifestatio

1974 3474 2168 3536 eorum
2208 3475 2330 3531 qua:
2373 3459 2688 3516 abscondita
2734 3469 2924 3528 erant,
2961 3459 3118 3531 juxta
3167 3463 3310 3530 quod
3355 3469 3410 3517 et
3450 3461 3564 3531 ipse

1971 3551 2210 3610 Joannes
2237 3552 2769 3624 dicitzApocalypsis
2815 3552 2944 3606 Jes‘u
2988 3552 3203 3618 Christi,
3221 3569 3382 3625 quam
3421 3553 3566 3607 dedit

1974 3646 2056 3701 illi
2082 3646 2223 3702 Deus
2265 3646 2442 3718 palam
2470 3647 2642 3717 facere
2683 3647 2843 3702 servis
2879 3647 2990 3701 suis
3033 3645 3216 3719 (Apoc.
3251 3646 3313 3718 1).
3343 3646 3410 3701 Hi
3439 3654 3567 3701 sunt

1975 3739 2266 3810 scriptores
2295 3753 2574 3796 sacrorum
2602 3737 2886 3806 librorum,
2907 3739 3001 3808 qui
3025 3752 3124 3808 per
3147 3737 3408 3808 Spiritum
3439 3753 3567 3793 san-

1975 3838 2125 3885 ctum
2153 3829 2453 3898 loquentes,
2479 3831 2546 3887 ad
2569 3831 2926 3887 eruditionem
2954 3839 3194 3886 nostram
3219 3839 3274 3886 et
3294 3839 3566 3902 praecepta

1976 3921 2213 3985 vivendi,
2233 3929 2292 3976 et
2322 3921 2576 3976 credendi
2603 3923 2849 3992 regulam
2871 3923 3329 3993 conscripserunt.
3361 3923 3566 3978 Praeter

1976 4013 2093 4068 haec
2119 4012 2221 4066 alia
2251 4012 2522 4067 volumina
2542 4013 2864 4085 japocrypha
2893 4021 3291 4084 nuncupantur.
3326 4013 3565 4085 Apocry-

1970 4105 2083 4174 pha
2109 4111 2287 4160 autem
2330 4103 2496 4170 dicta,
2523 4103 2578 4159 id
2597 4111 2682 4160 est
2707 4113 2939 4172 secreta,
2966 4105 3093 4174 quia
3136 4105 3192 4160 in
3223 4104 3443 4162 dubium
3473 4122 3564 4164 ve-

1975 4195 2150 4250 niunt.
2196 4195 2294 4250 Est
2317 4194 2464 4250 enim
2508 4193 2721 4250 occulta
2752 4194 2904 4266 origo
2927 4213 2940 4250 :
2964 4211 3067 4251 nec
3107 4203 3258 4267 patet
3297 4198 3562 4267 patribus,

1972 4302 2008 4343 e
2031 4287 2228 4357 quibus
2273 4301 2447 4357 usque
2476 4285 2543 4341 ad
2567 4300 2670 4343 nos
2699 4287 2996 4344 auctoritas
3020 4287 3294 4344 veracium
3323 4289 3561 4360 scriptu-

1973 4393 2161 4435 rarum
2188 4378 2494 4436 certissima
2535 4387 2593 4435 et
2618 4379 2904 4436 notissima
2936 4379 3278 4437 successione
3303 4396 3564 4452 pervene-

1973 4471 2067 4525 rit.
2097 4471 2156 4526 ln
2181 4471 2268 4527 his
2313 4471 2640 4543 apocryphis
2666 4472 2772 4528 etsi
2816 4472 3090 4536 invenitur
3129 4471 3308 4543 aliqua
3338 4473 3561 4541 veritas,

1977 4570 2158 4622 tamen
2189 4570 2414 4635 prepter
2455 4562 2628 4624 multa
2653 4561 2788 4626 falsa
2819 4564 2965 4622 nulla
2990 4565 3155 4624 estin
3182 4567 3264 4622 eis
3300 4566 3563 4621 canonica

1979 4654 2300 4711 auctoritas.
2337 4654 2468 4724 Qum
2495 4662 2647 4712 recte
2677 4670 2710 4712 a
2734 4657 3092 4728 prudentibus
3115 4655 3428 4725 judicantur
3455 4673 3564 4712 non

1977 4760 2100 4804 esse
2117 4759 2305 4801 eorum
2325 4745 2620 4813 credenda,
2633 4747 2829 4818 quibus
2850 4748 3216 4804 ascribuntur.
3243 4743 3379 4800 Nam
3396 4747 3563 4802 multa

1979 4842 2036 4890 et
2080 4835 2180 4890 sub
2225 4834 2535 4891 nominibus
2572 4835 2980 4907 prophetarum,
3025 4841 3080 4888 et
3121 4834 3418 4890 recentiora
3462 4836 3562 4892 sub

1979 4925 2289 4982 nominibus
2337 4925 2702 4996 apostolorum
2751 4925 2819 4981 ab
2868 4923 3140 4981 haereticis
3188 4923 3560 4994 proferuntur,

1979 5033 2102 5090 quae
2146 5019 2330 5075 omnia
2369 5017 2470 5076 sub
2509 5019 2729 5076 nomine
2771 5018 3198 5089 apocryphorum
3239 5017 3563 5076 auctoritate

1978 5112 2264 5180 canonica,
2289 5111 2531 5184 diligenti
2553 5111 2976 5174 examinatione.
3003 5118 3213 5170 remota
3237 5118 3386 5169 sunt.

2624 5267 2850 5325 CAPUT
2879 5267 2965 5324 Ill.

1977 5377 2158 5434 Breuis
2201 5378 2504 5452 cunctatio,
2524 5395 2641 5452 quae
2667 5379 2862 5452 indicat
2885 5381 3011 5452 quid
3038 5383 3094 5436 in
3122 5381 3320 5438 sanctis
3347 5384 3539 5440 canon!

2457 5448 2545 5502 cis
2560 5448 2706 5505 libris
2735 5448 3078 5506 contineatur.

2043 5560 2123 5618 De
2145 5559 2510 5632 disputatione
2537 5561 2698 5631 igitur
2723 5557 2935 5617 Veteris
2955 5570 3010 5616 et
3039 5561 3171 5618 Novi
3200 5561 3559 5636 Testamenti,

1974 5653 2164 5710 ordine
2185 5652 2464 5722 librorum,
2487 5662 2541 5708 et
2563 5669 2785 5709 numero
2808 5654 3006 5709 cursim
3023 5653 3362 5724 breviterque
3388 5669 3559 5726 parva

1973 5744 2234 5816 prooemia
2256 5744 2626 5799 narrationum
2651 5745 2952 5814 subjiciam.
2978 5743 3204 5799 Genesis
3219 5743 3369 5812 juxta
3397 5745 3556 5797 ﬁdem

1977 5837 2216 5894 historiae
2241 5837 2525 5907 descripsit
2549 5837 2815 5893 fabricam
2839 5837 3045 5904 mundi,
3073 5845 3127 5891 et
3155 5834 3386 5890 hominis
3430 5849 3558 5889 con-
