4074 6316
489 359 592 418 115

1126 353 1186 406 Β.
1227 352 1482 408 RABANI
1516 351 1736 410 MAURI
1776 345 2096 407 ARCHIEP.
2139 340 2448 399 MOCUNT.
2487 342 2776 402 OPERUM
2812 342 2994 410 PARS
3021 343 3087 398 ll.

3666 342 3775 407 “6

489 474 736 530 ultimum
760 469 968 540 plangit
994 466 1208 522 ruinam
1229 463 1554 532 Jerusalem,
1581 463 1878 536 templique
1915 460 2066 517 exei—
2093 453 2147 520 Α
2170 455 2274 514 bus
2299 430 2586 527 promittit.
2613 455 2693 511 De
2731 454 3072 512 Antichristo
3096 465 3316 525 quoque
3341 455 3598 522 ostendit,
3625 455 3776 526 mod

461 562 657 630 'dium,
681 571 738 618 ct
773 557 1163 630 dispersionem
1215 555 1410 628 gentis.
1455 557 1698 612 Exorsus
1723 562 1905 612 autem
1935 551 2072 608 duo-

397 692 402 698 -
487 657 700 714 decimo
729 669 871 709 anno
895 649 1055 708 Josia:
1095 649 1240 722 regis
1277 645 1496 714 Judaaaz,
1525 647 1917 718 prophetiaque
1958 641 2075 713 eius

457 824 462 828 _
485 768 585 825 per
608 755 843 822 quatuor
861 759 1018 818 reges
1043 751 1269 800 extensa
1295 751 1381 798 est
1408 742 1510 798 sub
1531 735 1680 797 Josia
1706 747 1762 796 et
1785 735 2078 800 Eliachim,

462 849 542 914 ‘et
569 837 840 906 Joachim,
862 843 918 892 et
941 830 1206 892 Sedechia
1236 849 1343 903 quo
1387 847 1578 888 eversa
1622 840 1708 887 est
1755 827 2072 894 Jerusalem.

489 927 846 1002 Septuaginta
875 927 1084 983 duobus
1108 924 1267 980 annis
1290 933 1347 978 et
1368 931 1605 994 quatuor
1645 918 1925 977 mensibus
1951 931 2078 988 pro-
2153 985 2160 990 δ

485 1019 752 1092 phetavit,
781 1023 1006 1087 excepto
1035 1013 1128 1070 illo
1165 1022 1409 1085 tempore
1436 1027 1544 1082 quo
1563 1019 1687 1082 post
1713 1022 1962 1066 eversam
1982 1004 2076 1063 Je-

461 1110 720 1168 ‘rusalem
750 1105 805 1164 in
835 1103 1071 1178 Egypto
1095 1119 1219 1161 cum
1249 1102 1449 1176 populo
1469 1101 1590 1180 fuit.
2050 1156 2054 1160 ,

556 1199 846 1266 Ezechiel,
893 1198 984 1269 qui
1028 1193 1421 1267 interpretatur
1471 1191 1726 1264 fortitudo
1775 1189 1900 1255 Dei,
1945 1187 2080 1258 ﬁgu-

486 1309 615 1350 rans
664 1289 871 1360 tropice
915 1288 1226 1354 Christum,
1265 1295 1375 1342 stat
1405 1283 1560 1356 juxta
1596 1279 1818 1337 ﬂuvium
1864 1277 2082 1334 Thobar

463 1381 714 1453 scilicet,
749 1391 804 1460 et
826 1381 1085 1455 praeclara
1112 1381 1398 1437 continens
1427 1375 1710 1450 mysteria,
1726 1370 1902 1430 cernit
1927 1369 2083 1448 simi-

485 1477 766 1534 litudinem
792 1475 974 1549 gloria:
1002 1473 1120 1540 Dei,
1145 1480 1199 1529 et
1228 1479 1464 1542 quatuor
1491 1465 1747 1524 animalia
1787 1461 1846 1521 in
1890 1459 2083 1520 simili-

486 1569 674 1625 tudine
695 1577 930 1640 quatuor
975 1563 1413 1636 Evangeliorum,
1443 1569 1501 1616 et
1547 1568 1693 1616 rotas
1744 1571 1804 1614 se
1847 1554 2084 1614 invicem

487 1663 832 1719 continentes
857 1660 914 1714 in
957 1668 1086 1730 typo
1121 1657 1350 1712 duorum
1411 1657 1862 1710 testamentorum
1892 1667 1905 1702 :
1937 1646 2084 1704 videt

465 1747 759 1824 aurigam,
779 1749 834 1806 id
863 1758 969 1817 est,
987 1747 1266 1804 Christum
1293 1743 1547 1802 deorsum
1573 1744 1696 1814 igne
1719 1738 1930 1811 iudicii,
1957 1753 2081 1794 sur-

2176 547 2293 620 ipse
2318 547 2390 604 sit
2417 563 2586 604 cornu
2611 545 2887 618 pusillum,
2905 545 2962 602 id
2984 553 3090 610 est,
3113 561 3289 616 parvo
3308 554 3558 617 tempore
3575 560 3778 619 regna-

2175 647 2364 705 turus;
2387 639 2454 694 de
2469 637 2940 706 consummatione
2959 637 3125 694 lsrael
3142 637 3232 698 rei
3249 639 3445 697 mundi
3464 638 3624 710 plum
3639 652 3780 699 eon-

2177 728 2414 800 scripsit,
2445 729 2559 784 sive
2581 728 2647 784 de
2679 727 2766 784 die
2786 725 3000 797 iudicii,
3023 741 3193 798 regno
3211 723 3554 788 sanctorum.
3585 728 3649 786 In
3665 727 3780 788 ﬁne

2177 829 2360 878 autem
2394 819 2685 880 voluminis
2711 819 3011 900 prophetiae
3035 834 3178 890 suae,
3196 818 3464 882 Susannae
3487 821 3781 888 historiam

2176 917 2234 966 et
2259 909 2402 965 Belis
2429 909 2801 980 Draconisque
2828 907 3070 989 fabulam
3095 909 3266 980 ponit.
3301 908 3402 966 Hic
3423 903 3610 972 autem
3639 911 3781 970 liber

2178 1002 2320 1074 apud
2335 999 2591 1083 Hebraeos
2607 1001 2889 1058 Hebraicis
2909 1000 3125 1072 quidem
3137 1001 3353 1069 litteris,
3376 1004 3471 1060 sed
3485 1003 3785 1062 Chaldaica

2177 1091 2364 1165 lingua
2393 1092 2628 1164 scriptus
2665 1100 2768 1150 est.
2793 1091 3146 1164 Prophetavit
3178 1101 3360 1152 autem
3401 1094 3458 1149 in
3481 1095 3778 1168 Babylone,

2179 1184 2397 1257 quando
2424 1193 2481 1240 et
2503 1184 2780 1241 Ezechiel.
2844 1220 2846 1222 τ

2251 1278 2389 1334 Osee
2411 1279 2697 1360 propheta,
2725 1280 2817 1350 qui
2839 1280 3254 1351 interpretatur,
3279 1277 3522 1346 saluam,
3553 1279 3612 1335 in
3635 1279 3784 1336 duo-

2160 1356 2360 1426 decim
2395 1357 2732 1442 primus-est,
2779 1371 3100 1443 profundior
3122 1371 3347 1442 reliquis
3372 1372 3431 1429 in
3459 1373 3779 1439 sententiis,

2181 1467 2238 1516 et
2261 1460 2541 1531 operosior
2568 1459 2866 1518 intellectu.
2905 1462 3010 1517 lste
3057 1461 3126 1517 ad
3181 1476 3277 1518 eas
3333 1459 3535 1530 tribus,
3557 1477 3679 1533 quae
3725 1471 3785 1521 et

2185 1545 2464 1617 Samaria,
2510 1560 2567 1606 et
2609 1552 2802 1608 domus
2838 1547 3068 1622 Joseph,
3103 1560 3162 1608 et
3201 1549 3384 1608 Israel"
3414 1551 3780 1619 vocabantur,

2181 1642 2424 1713 loquitur
2453 1657 2468 1698 :
2499 1643 2594 1698 sed
2630 1659 2728 1714 per
2765 1643 2999 1714 Ephraen
3027 1645 3313 1704 haereticos
3339 1645 3542 1718 arguit,
3573 1647 3670 1717 qui
3693 1661 3785 1704 re-

2183 1733 2440 1814 cedentes
2469 1735 2831 1808 qualicunque
2859 1751 3120 1794 ex-causa
3145 1736 3214 1792 ab
3243 1737 3499 1794 Ecclesiae
3529 1739 3780 1806 unitate,

486 1861 608 1902 sum
637 1843 846 1908 electri,
897 1842 952 1897 id
993 1849 1094 1907 est,
1145 1837 1442 1896 divinitatis
1493 1833 1700 1908 fulgore
1739 1832 2074 1889 rutilantem.
2106 1839 2156 1902 Β
2183 1825 2474 1900 participes
2493 1825 2619 1882 facti
2647 1835 2780 1882 sunt
2803 1825 3068 1884 idolorum
3101 1845 3116 1882 :
3143 1841 3244 1898 per
3264 1825 3569 1884 Samariam
3595 1838 3783 1888 autem

484 1925 732 1994 Comedit
754 1949 968 2007 quoque
993 1935 1192 1990 librum
1218 1932 1416 1988 divina:
1439 1929 1598 2002 legis,
1618 1929 1672 1983 in
1695 1943 1802 1998 quo
1819 1927 2083 1996 scriptum

484 2036 572 2086 est
595 2028 893 2084 lamentum
918 2026 1316 2098 pmnitentium,
1345 2032 1399 2081 et
1447 2037 1667 2078 carmen
1709 2019 2000 2092 instorum,
2027 2024 2084 2073 et

441 2149 443 2151 ι
483 2131 568 2175 va
594 2133 803 2183 eorum,
833 2117 923 2187 qui
951 2124 1075 2187 post
1103 2122 1384 2186 peccatum
1414 2109 1793 2184 paenitentiam
1821 2124 1928 2164 non
1957 2121 2084 2178 ege-

441 2225 445 2229 ‘
484 2217 634 2266 runt.
661 2207 867 2266 Dehine
889 2207 1098 2277 accepit
1125 2205 1370 2269 laterem,
1397 2203 1452 2258 in
1477 2217 1585 2272 quo
1605 2201 1841 2256 obsessae
1861 2197 2082 2254 Jerusa-

431 2299 594 2382 ‘l‘lem
623 2297 836 2372 pictura
865 2297 1191 2354 describitur
1225 2313 1237 2350 :
1267 2295 1352 2350 vel
1379 2293 1522 2364 quod
1564 2293 1663 2348 sub
1711 2299 1836 2364 typo
1877 2289 2080 2347 Christi

461 2388 730 2466 Jejusdem
757 2391 1078 2455 Jerusalem,
1115 2390 1170 2444 id
1215 2397 1320 2455 est,
1352 2388 1517 2443 totius
1542 2385 1824 2452 Ecclesim,
1847 2401 1968 2457 qua:
1996 2393 2082 2442 est

464 2485 623 2559 ‘a'[e]
651 2485 820 2542 latere
848 2483 1050 2540 Christi
1099 2481 1350 2547 formata,
1385 2480 1643 2552 mysteria
1678 2475 2077 2534 describuntur.

484 2577 642 2649 Capit
667 2579 832 2634 etiam
860 2585 917 2632 et
954 2575 1046 2630 hic
1074 2575 1338 2646 propheta
1369 2588 1620 2628 somnum
1650 2571 1858 2626 sinistri
1893 2569 2082 2628 lateris

490 2671 544 2726 in
573 2678 759 2742 typum
786 2668 978 2722 mortis
1004 2675 1356 2737 peccatorum
1376 2705 1391 2732 ,
1421 2665 1514 2736 qui
1563 2664 1630 2722 ad
1675 2663 1864 2719 laevam
1915 2661 2080 2733 positi

487 2769 690 2817 aeterna
718 2758 980 2832 supplicia
1007 2757 1368 2813 sustinebunt.
1401 2753 1479 2810 Ac
1525 2755 1740 2810 demum
1790 2769 1822 2808 a
1857 2751 2080 2808 sinistro

464 2846 542 2910 'in
577 2853 766 2910 dextro
795 2850 1035 2908 dormire
1073 2847 1292 2919 iubetur
1319 2855 1542 2918 propter
1570 2861 1720 2916 spem
1757 2858 1943 2900 eorum
1985 2843 2079 2916 qui

484 2959 584 3016 pro
608 2941 988 2998 emendatione
1017 2954 1228 2995 morum
1258 2935 1678 2994 resurrectionis
1709 2933 1939 3006 gloriam
1983 2933 2080 2990 ob—

485 3033 757 3092 tinebunt.
781 3033 992 3104 Aspicit
1017 3032 1072 3086 in
1103 3041 1248 3087 terra
1281 3037 1336 3086 et
1364 3029 1500 3085 duas
1535 3028 1717 3100 virgas
1746 3025 1964 3083 sibimet
1989 3041 2079 3082 eo-

483 3127 735 3200 pulantes
762 3125 816 3181 in
847 3124 1259 3182 similitudinem
1281 3120 1709 3178 circumcisionis
1729 3129 1782 3176 et
1804 3119 2044 3190 gentium
2060 3160 2076 3180 .

2182 1919 2496 1987 eorumdem
2559 1919 2942 1976 haereticorum
2989 1920 3330 1976 demonstrat
3367 1935 3634 1987 errorem,
3682 1921 3782 1992 qui

2183 2019 2576 2084 praeceptorum
2601 2009 2700 2066 Dei
2748 2010 3002 2068 custodes
3042 2025 3166 2068 esse
3215 2025 3274 2068 se
3321 2011 3698 2080 mentiuntur,
3724 2017 3783 2072 et

2183 2103 2283 2159 sub
2306 2110 2569 2174 praetextu
2598 2101 2845 2158 veritatis
2867 2101 3213 2158 mendacium
3242 2101 3447 2158 colunt.
3479 2101 3581 2159 Hic
3607 2103 3782 2160 histo-

2182 2193 2389 2250 rialiter
2415 2193 2630 2250 Judaaos
2664 2193 2718 2248 in
2747 2193 3024 2250 Christum
3047 2202 3292 2264 tempore
3329 2193 3522 2250 ultimo
3544 2195 3786 2252 creditue

2182 2301 2274 2342 ros
2298 2285 2712 2356 pronuntiavit:
2739 2285 2956 2341 tertium
2988 2299 3205 2356 quoque
3232 2287 3655 2344 resurrectionis
3685 2289 3784 2345 do-

2182 2375 2398 2432 minicae
2419 2376 2562 2431 diem
2589 2375 2859 2447 praedixit.
2881 2375 3238 2448 Prophetavit
3266 2384 3451 2434 autem
3491 2379 3550 2435 in
3589 2380 3784 2438 diebus

2177 2466 2330 2538 ~Oziae
2359 2469 2506 2540 regis
2529 2466 2748 2535 Judaeze,
2789 2471 3004 2540 quando
3032 2477 3090 2526 et
3113 2469 3304 2529 Isaias.

2251 2559 2410 2620 Joliel
2445 2561 2858 2634 interpretatur,
2894 2563 3145 2634 incipiens
3173 2579 3196 2619 :
3221 2564 3326 2620 iste
3344 2564 3416 2620 ad
3437 2563 3631 2622 Judam
3657 2573 3782 2622 tau-

2182 2663 2300 2712 tum
2331 2663 2386 2710 et
2412 2653 2714 2710 Jerusalem
2750 2654 3061 2711 vaticinium
3097 2655 3380 2726 proferens
3416 2658 3472 2714 in
3511 2659 3780 2730 principio

2183 2746 2266 2804 sui
2306 2745 2597 2804 voluminis
2628 2755 2753 2816 post
2798 2747 3115 2819 voluptuosa
3164 2750 3408 2806 convivia
3453 2751 3540 2806 ad-
3567 2750 3780 2809 luctum

2181 2849 2441 2914 provocat
2485 2839 2808 2908 Jerusalem,
2853 2841 3126 2898 excidium
3180 2844 3398 2914 quoque
3433 2844 3776 2914 pronuntiat,

2179 2931 2442 3004 praedicat
2469 2947 2688 3004 quoque
2713 2933 3054 2988 vocationem
3081 2934 3343 3005 gentium,
3371 2943 3429 2992 et
3453 2950 3618 3006 super
3636 2951 3776 2994 roun-

2183 3032 2438 3096 gregatos
2507 3025 2796 3082 credentes
2835 3033 3290 3096 superventurum
3329 3026 3598 3098 Spiritum
3645 3043 3776 3086 ωηο

2183 3124 2352 3172 ctum.
2384 3115 2686 3186 Prophetat
2711 3117 2813 3177 sub
2836 3113 3070 3174 Joathan
3093 3131 3223 3190 rege
3243 3115 3405 3186 Juda,
3451 3119 3674 3191 quando
3713 3127 3777 3176 et

485 3198 601 3274 sive
624 3216 858 3288 aquilam
887 3214 988 3272 sub
1011 3212 1508 3270 Nabuchodonosor
1540 3211 1812 3268 volantem
1829 3252 1845 3279 ,
1873 3209 2078 3266 Christi
2105 3198 2151 3266 C
2183 3207 2459 3266 Michzeas.

485 3308 738 3383 figuram,
753 3307 963 3380 magnis
983 3305 1084 3362 alis
1107 3313 1163 3362 et
1183 3303 1389 3360 volucri
1412 3302 1691 3359 celeritate
1713 3301 1878 3358 totius
1893 3300 2078 3358 mundi

485 3403 776 3474 imperium
806 3405 1181 3471 occupantem.
1211 3393 1424 3469 Plangit
1448 3401 1712 3466 praeterea
1758 3393 1860 3450 sub
1900 3392 2079 3462 specie

486 3494 752 3567 principis
773 3493 906 3566 Tyri
931 3489 1322 3548 beatitudinem
1349 3487 1578 3555 diaboli,
1602 3501 1767 3558 quam
1795 3484 1998 3550 amisit,
2024 3493 2081 3541 et

483 3584 702 3647 ruinam
729 3583 849 3656 ejus
874 3597 1126 3656 magnam
1153 3594 1274 3638 cum
1307 3577 1686 3635 lamentatione
1714 3574 2077 3648 deplorat.Ad

483 3675 735 3736 ultimum
784 3674 1104 3730 arundinem
1148 3669 1230 3728 vel
1271 3670 1569 3728 funiculum
1609 3675 1826 3740 gestans
1854 3667 2078 3724 metitur

487 3765 589 3824 sub
627 3765 806 3839 specie
833 3774 1146 3822 sanctorum
1173 3763 1401 3836 mystice
1430 3760 1752 3818 Jerusalem.
1784 3759 1938 3819 .lnter
1959 3759 2078 3816 haec

483 3857 713 3928 mystica
743 3855 1028 3928 subjacent
1051 3855 1296 3927 quaedam
1327 3852 1578 3910 moralia.
1619 3851 1797 3909 Falsis
1845 3850 2076 3908 commi-

484 3957 647 4004 nattIr
685 3949 984 4021 prophetis,
1033 3955 1194 4020 atque
1241 3945 1671 4019 speculatoribus
1711 3945 1976 4018 pracipit,
2007 3961 2078 4003 ne

481 4039 752 4095 reticeam
782 4038 1048 4096 malitiam
1077 4059 1090 4096 :
1129 4046 1366 4111 quatuor
1392 4040 1555 4096 etiam
1585 4039 1852 4098 ultionum
1887 4053 2077 4110 poenas

481 4131 862 4201 peccatoribus
883 4131 1144 4202 praedicat
1161 4171 1177 4198 ,
1199 4131 1518 4202 animasque
1542 4131 1720 4186 redire
1747 4128 1816 4185 ad
1835 4118 2076 4201 corpora

482 4237 580 4278 sua
608 4223 901 4294 prophetat
927 4241 941 4278 :
973 4221 1214 4278 ostendit
1241 4236 1454 4293 quoque
1502 4236 1943 4294 unumquemque
1975 4238 2075 4294 pro

483 4331 546 4372 se
574 4316 840 4372 rationem
871 4315 1100 4371 Domino
1131 4311 1486 4379 redditurum,
1511 4328 1612 4369 nec
1644 4314 1919 4385 progeniei
1947 4330 2073 4370 san.

483 4415 588 4464 etas
637 4407 780 4462 ultra
831 4420 1033 4462 nocere
1073 4405 1252 4460 labem
1293 4403 1507 4475 paterni
1559 4403 1738 4462 delicti
1779 4423 1792 4460 :
1825 4405 2075 4478 objurgat

479 4498 631 4556 intra
672 4498 789 4554 haec
815 4497 916 4554 sub
939 4493 1074 4552 Oola
1105 4503 1161 4551 et
1184 4491 1372 4551 Ooliba
1420 4509 1636 4550 omnem
1685 4496 2072 4568 turpitudinem

2254 3299 2444 3367 Amos,
2471 3300 2564 3370 qui
2611 3299 3016 3372 interpretatur,
3041 3317 3196 3370 onus,
3225 3303 3542 3360 vaticinavit
3583 3304 3639 3360 in
3675 3303 3777 3360 Sa-

2180 3393 2358 3474 maria
2385 3400 2441 3448 et
2465 3389 2788 3459 Jerusalem,
2821 3393 2926 3452 tria
2953 3400 3011 3450 et
3034 3402 3268 3466 quatuor
3297 3395 3508 3452 scelera
3529 3397 3775 3468 gentium

2178 3486 2282 3542 sub
2307 3483 2474 3541 totius
2502 3484 2689 3540 mundi
2719 3483 2893 3557 ﬁgura
2933 3481 3263 3543 describens.
3303 3485 3550 3542 Primum
3591 3488 3778 3556 itaque

2181 3573 2378 3643 scelus,
2411 3573 2538 3644 quia
2573 3591 2765 3633 omnes
2812 3575 2868 3631 in
2915 3575 3090 3632 Adam
3133 3586 3516 3645 peccaverunt.
3567 3576 3777 3634 Secun-

2180 3665 2332 3731 dum,
2359 3665 2488 3737 quia
2533 3666 2591 3722 in
2622 3674 2770 3724 statu
2817 3675 3023 3722 natura:
3067 3664 3242 3739 legem
3288 3666 3642 3725 immemores
3682 3684 3775 3725 ra-

2179 3757 2346 3814 tionis
2385 3773 2493 3815 uon
2538 3757 2938 3816 intellexerunt.
2991 3757 3236 3816 Tertium
3277 3774 3498 3830 quoque
3547 3775 3768 3829 eorum,

2179 3851 2270 3923 qui
2297 3851 2436 3907 datre
2459 3850 2565 3922 legi
2599 3867 2711 3908 non
2741 3853 3082 3912 obedierunt.
3129 3853 3394 3920 Quartum
3443 3854 3775 3926 inexpiabile

2175 3958 2368 4002 eorum
2401 3945 2496 4014 qui
2531 3945 2588 4001 in
2622 3942 2901 4000 Christum
2931 3959 3041 4002 non
3091 3945 3463 4004 crediderunt.
3507 3945 3614 4002 Pro
3651 3947 3774 4017 qui-

2177 4033 2280 4092 bus
2313 4033 2612 4092 sceleribus
2649 4034 2860 4090 intonat
2901 4033 3167 4093 Dominus
3203 4051 3264 4094 se
3306 4037 3520 4110 ignem,
3559 4038 3614 4094 id
3663 4043 3769 4105 est,

2177 4126 2498 4182 sententiam
2525 4125 2714 4182 aeterni
2733 4125 2927 4198 judicii
2951 4125 3258 4184 illaturum.
3293 4127 3394 4186 Hic
3445 4136 3632 4186 autem
3673 4129 3771 4184 ad-

2175 4224 2400 4274 ventum
2425 4215 2627 4274 Christi
2653 4217 2755 4274 sub
2784 4217 3054 4275 dominica
3083 4219 3315 4276 veritate
3345 4218 3622 4290 praedicat
3641 4260 3659 4286 ,
3683 4219 3769 4276 di-

2177 4321 2307 4364 cens
2333 4322 2349 4362 :
2382 4307 2495 4380 Ego
2529 4309 2750 4378 ﬁrmans
2798 4310 3088 4366 tonitruum
3105 4349 3122 4377 ,
3147 4319 3197 4364 et
3220 4326 3406 4366 0th
3433 4310 3694 4382 rpin'tm,
3715 4319 3768 4367 α

2176 4403 2500 4460 αηηυηιὶαηδ
2541 4401 2840 4457 hominibus
2881 4401 3147 4460 Christus
3197 4419 3357 4458 suum
3405 4401 3608 4474 (Amos
3649 4417 3704 4458 tv
3721 4403 3764 4474 ).

2176 4493 2406 4564 Reliqua
2433 4502 2636 4559 autem,
2665 4508 2787 4564 quae
2839 4493 2908 4550 de
2950 4493 3171 4548 Amasis
3209 4503 3269 4549 et
3306 4492 3596 4552 Jeroboam
3651 4489 3791 4552 sive

483 4589 748 4650 Samariaa
770 4597 826 4646 et
873 4587 1194 4654 Jerusalem,
1223 4587 1676 4658 nativitatemque
1720 4588 2073 4646 contumelio-
2091 4576 2150 4638 υ
2173 4585 2344 4645 lsrael
2379 4587 2584 4652 retulit,
2621 4587 2827 4657 tropice
2851 4585 2922 4643 ad
2947 4587 3235 4644 haereticos
3279 4587 3568 4646 referenda
3612 4597 3758 4646 sunt.

481 4694 598 4741 sam
621 4679 811 4753 objicit
838 4697 852 4736 :
883 4694 1025 4752 saepe
1071 4681 1235 4737 etiam
1283 4677 1352 4735 ad
1405 4679 1786 4752 paenitentiam
1829 4681 2074 4753 captivos

478 4780 763 4848 provocat,
785 4780 842 4830 et
863 4781 990 4844 post
1016 4773 1514 4845 praevaricationem
1535 4775 1790 4833 admonet
1814 4777 2071 4848 populum

479 4868 662 4924 redire
685 4876 1025 4924 conversum.
1054 4865 1156 4923 Hie
1174 4876 1356 4924 autem
1378 4869 1656 4939 trigesimo
1683 4869 1874 4940 quinto
1897 4873 2072 4930 aetatis

481 4975 596 5018 sua:
623 4973 784 5028 anno,
809 4967 865 5015 et
892 4957 1220 5030 captivitatis
1255 4957 1445 5029 quinto
1475 4959 1530 5014 in
1542 4955 1792 5014 Chaldma
1818 4961 2070 5019 exsulans

478 5052 842 5126 prophetarit,
869 5051 1050 5122 ibique
1083 5047 1398 5104 vaticinium
1437 5063 1594 5104 suum
1647 5052 2063 5109 consummavit.

551 5144 740 5200 Daniel
757 5145 1168 5214 interpretatur,
1181 5141 1448 5212 judicium
1462 5139 1580 5206 Dei,
1599 5143 1800 5214 quique
1819 5144 1984 5200 etiam
2000 5145 2067 5202 de

481 5237 715 5294 Christo’
728 5235 939 5302 cunctis
966 5231 1304 5290 manifestior
1329 5241 1414 5290 est
1455 5235 1774 5306 prophetis:
1805 5237 1930 5308 quia
1955 5254 2064 5296 non

481 5331 660 5390 solum
687 5324 1024 5404 praedicavit,
1057 5331 1119 5378 ut
1159 5326 1372 5392 caeteri,
1405 5326 1501 5384 sed
1541 5327 1709 5384 etiam
1753 5337 1809 5384 et
1855 5337 2066 5403 tempus

479 5415 874 5481 incarnationis
921 5423 980 5472 et
1023 5414 1290 5485 passionis
1337 5431 1436 5488 per
1481 5419 1726 5476 ordinem
1772 5437 1961 5494 regum
2009 5432 2066 5480 et

479 5525 767 5573 numerum
786 5505 1342 5584 diliinivit'annorum,
1363 5507 1436 5564 ita
1456 5517 1516 5565 ut
1545 5529 1652 5568 non
1677 5513 1856 5584 potius
1883 5513 2067 5572 videa-

479 5607 571 5662 tu‘r
589 5600 774 5658 futura
799 5593 1117 5672 pradicare,
1153 5597 1248 5655 sed
1275 5600 1432 5670 quasi
1483 5609 1764 5660 transacta
1815 5621 2060 5662 narrare.

478 5685 580 5752 Hic
620 5697 804 5748 autem
837 5693 1072 5761 quatuor
1093 5701 1386 5771 regnorum
1413 5693 1590 5749 cernit
1619 5695 1956 5769 frequentius
1981 5697 2062 5754 vi-

479 5785 682 5858 siones,
704 5777 1394 5856 eorumque'dllet‘entiam
1421 5785 1523 5844 sub
1550 5786 1780 5850 diversis
1811 5791 2060 5866 imagini-

2173 4677 2524 4750 Prophetavit
2553 4685 2734 4734 autem
2763 4677 2864 4735 sub
2884 4693 3014 4752 rege
3035 4677 3168 4737 Ozia
3187 4693 3260 4736 eo
3283 4689 3552 4752 tempore,
3573 4697 3682 4754 quo
3708 4691 3767 4738 et

2175 4770 2312 4830 Osee
2333 4780 2390 4828 et
2413 4771 2603 4828 lsaias.

2243 4863 2468 4929 Abdias,
2497 4862 2589 4932 qui
2633 4861 3048 4933 interpretatur,
3101 4879 3278 4920 seruus
3339 4861 3576 4932 Domini,
3619 4863 3764 4920 inter

2172 4970 2362 5013 omnes
2393 4953 2697 5024 Prophetas
2743 4949 2965 5010 brevior
3000 4963 3086 5011 est
3133 4969 3362 5012 numero
3408 4954 3693 5010 verborum
3739 4975 3759 5009 ς

2171 5047 2268 5106 sed
2289 5045 2463 5118 gratia
2481 5045 2866 5116 mysteriorum
2885 5041 3132 5118 aequalis.
3145 5046 3253 5104 Iste
3263 5053 3454 5103 contra
3473 5043 3762 5107 ldumaaam

2167 5138 2416 5212 loquens,
2445 5137 2730 5210 increpans
2756 5139 2984 5213 mystice
3004 5139 3313 5212 superbiam
3338 5138 3508 5196 Edom
3537 5136 3758 5208 prioris,

2168 5231 2424 5290 videlicet
2469 5231 2774 5298 audaciam,
2825 5231 2971 5302 quod
3024 5230 3192 5288 Jacob
3229 5229 3453 5287 fratrem
3501 5243 3678 5294 suum,
3701 5227 3760 5284 id

2165 5333 2270 5393 est,
2299 5321 2576 5382 Christum
2607 5321 2867 5379 occiderit
2890 5322 2944 5380 in
2974 5331 3159 5380 monte
3186 5320 3348 5390 Sion,
3378 5319 3434 5377 id
3461 5328 3570 5388 est,
3595 5316 3758 5376 Jeru-

2171 5417 2361 5480 salem,
2392 5413 2632 5472 futuram
2661 5412 2912 5482 salutem,
2937 5421 2992 5471 et
3032 5423 3302 5482 sanctum,
3333 5412 3426 5484 qui
3463 5421 3548 5468 est
3576 5407 3760 5466 Domi~

2171 5523 2293 5578 nus,
2312 5508 2617 5574 annuntiat,
2647 5507 2890 5577 atquein
2920 5514 3124 5574 monte,
3152 5521 3251 5578 per
3273 5518 3434 5576 quem
3458 5501 3760 5574 ﬁguraliter

2171 5598 2478 5677 [figuratur]
2499 5597 2740 5656 Ecclesia
2763 5597 3023 5668 gentium,
3036 5596 3280 5653 futurum
3296 5595 3510 5653 intonat
3527 5591 3758 5650 Domino

2165 5709 2415 5767 regnum.
2452 5686 2804 5762 Prophetavit
2823 5685 2927 5744 sub
2954 5683 3103 5744 Josia
3125 5699 3260 5762 rege
3292 5681 3510 5754 Judan,
3535 5678 3757 5754 quando

2165 5798 2221 5848 et
2245 5787 2518 5846 Michaeas.
