  <div class='ocr_page' id='page_1' title='image "/cluster/home/n/w/nwhite01/storage/ocr_20150623/111/hvd.32044009716333/066.png"; bbox 0 0 4074 6316; ppageno 0'>
   <div class='ocr_carea' id='block_1_1' title="bbox 274 367 395 427">
    <p class='ocr_par' dir='ltr' id='par_1_1' title="bbox 274 367 395 427">
     <span class='ocr_line' id='line_1_1' title="bbox 274 367 395 427; baseline -0.017 0"><span class='ocrx_word' id='word_1_1' title='bbox 274 367 395 427; x_wconf 73' lang='grc' dir='ltr'><strong>-ητ</strong></span> 
     </span>
    </p>
   </div>
   <div class='ocr_carea' id='block_1_2' title="bbox 1288 356 2562 428">
    <p class='ocr_par' dir='ltr' id='par_1_2' title="bbox 1288 356 2562 428">
     <span class='ocr_line' id='line_1_2' title="bbox 1288 356 2562 428; baseline -0.002 -13"><span class='ocrx_word' id='word_1_2' title='bbox 1288 360 1378 416; x_wconf 84' lang='lat' dir='ltr'><strong>DE</strong></span> <span class='ocrx_word' id='word_1_3' title='bbox 1417 356 1765 418; x_wconf 78' lang='lat' dir='ltr'><strong>UNIVERSO</strong></span> <span class='ocrx_word' id='word_1_4' title='bbox 1800 356 1979 415; x_wconf 73' lang='lat' dir='ltr'><strong>HBRI</strong></span> <span class='ocrx_word' id='word_1_5' title='bbox 2019 357 2193 428; x_wconf 71' lang='lat' dir='ltr'><strong>XXII.</strong></span> <span class='ocrx_word' id='word_1_6' title='bbox 2220 378 2287 399; x_wconf 77' lang='grc' dir='ltr'><strong>-ι-</strong></span> <span class='ocrx_word' id='word_1_7' title='bbox 2325 358 2454 414; x_wconf 73' lang='lat' dir='ltr'><strong>LIB.</strong></span> <span class='ocrx_word' id='word_1_8' title='bbox 2499 359 2562 416; x_wconf 82' lang='lat' dir='ltr'><strong>V.</strong></span> 
     </span>
    </p>
   </div>
   <div class='ocr_carea' id='block_1_3' title="bbox 3457 343 3561 421">
    <p class='ocr_par' dir='ltr' id='par_1_3' title="bbox 3457 343 3561 421">
     <span class='ocr_line' id='line_1_3' title="bbox 3457 343 3561 421; baseline 0.019 -2"><span class='ocrx_word' id='word_1_9' title='bbox 3457 343 3561 421; x_wconf 76' lang='lat' dir='ltr'><strong>its</strong></span> 
     </span>
    </p>
   </div>
   <div class='ocr_carea' id='block_1_4' title="bbox 270 470 3563 547">
    <p class='ocr_par' dir='ltr' id='par_1_4' title="bbox 270 470 3563 547">
     <span class='ocr_line' id='line_1_4' title="bbox 270 470 3563 547; baseline -0.003 -12"><span class='ocrx_word' id='word_1_10' title='bbox 270 486 279 505; x_wconf 70' lang='lat'>‘</span> <span class='ocrx_word' id='word_1_11' title='bbox 355 477 540 542; x_wconf 83' lang='lat' dir='ltr'><strong>Jonas,</strong></span> <span class='ocrx_word' id='word_1_12' title='bbox 573 473 669 547; x_wconf 90' lang='lat' dir='ltr'><strong>qui</strong></span> <span class='ocrx_word' id='word_1_13' title='bbox 709 472 1129 543; x_wconf 75' lang='lat' dir='ltr'><strong>interpretatur,</strong></span> <span class='ocrx_word' id='word_1_14' title='bbox 1154 474 1414 539; x_wconf 73' lang='lat' dir='ltr'><strong>columba,</strong></span> <span class='ocrx_word' id='word_1_15' title='bbox 1465 482 1574 528; x_wconf 91' lang='lat' dir='ltr'><strong>tam</strong></span> <span class='ocrx_word' id='word_1_16' title='bbox 1621 487 1873 528; x_wconf 84' lang='lat' dir='ltr'><strong>sermone</strong></span> <span class='ocrx_word' id='word_1_17' title='bbox 1899 472 1951 533; x_wconf 77' lang='grc' dir='ltr'>Α</span> <span class='ocrx_word' id='word_1_18' title='bbox 1975 470 2153 525; x_wconf 87' lang='lat' dir='ltr'><strong>virum</strong></span> <span class='ocrx_word' id='word_1_19' title='bbox 2186 471 2466 526; x_wconf 88' lang='lat' dir='ltr'><strong>sedentem</strong></span> <span class='ocrx_word' id='word_1_20' title='bbox 2492 484 2658 541; x_wconf 85' lang='lat' dir='ltr'><strong>super</strong></span> <span class='ocrx_word' id='word_1_21' title='bbox 2689 485 2890 541; x_wconf 90' lang='lat' dir='ltr'><strong>equum</strong></span> <span class='ocrx_word' id='word_1_22' title='bbox 2919 472 3098 527; x_wconf 78' lang='lat' dir='ltr'><strong>rufum</strong></span> <span class='ocrx_word' id='word_1_23' title='bbox 3130 473 3186 529; x_wconf 91' lang='lat' dir='ltr'><strong>in</strong></span> <span class='ocrx_word' id='word_1_24' title='bbox 3217 472 3389 545; x_wconf 81' lang='lat' dir='ltr'><strong>ﬁgura</strong></span> <span class='ocrx_word' id='word_1_25' title='bbox 3420 489 3517 529; x_wconf 90' lang='lat' dir='ltr'><strong>cor</strong></span> <span class='ocrx_word' id='word_1_26' title='bbox 3539 504 3563 514; x_wconf 85' lang='lat'><strong>-</strong></span> 
     </span>
    </p>
   </div>
   <div class='ocr_carea' id='block_1_5' title="bbox 285 562 1873 643">
    <p class='ocr_par' dir='ltr' id='par_1_5' title="bbox 285 562 1873 643">
     <span class='ocr_line' id='line_1_5' title="bbox 285 562 1873 643; baseline -0.001 -19"><span class='ocrx_word' id='word_1_27' title='bbox 285 586 455 643; x_wconf 86' lang='lat' dir='ltr'><strong>quam</strong></span> <span class='ocrx_word' id='word_1_28' title='bbox 481 564 758 637; x_wconf 77' lang='lat' dir='ltr'><strong>naufragio</strong></span> <span class='ocrx_word' id='word_1_29' title='bbox 783 579 881 621; x_wconf 76' lang='lat' dir='ltr'><strong>Suo</strong></span> <span class='ocrx_word' id='word_1_30' title='bbox 914 564 1224 636; x_wconf 84' lang='lat' dir='ltr'><strong>passionem</strong></span> <span class='ocrx_word' id='word_1_31' title='bbox 1271 562 1495 631; x_wconf 85' lang='lat' dir='ltr'><strong>Christi,</strong></span> <span class='ocrx_word' id='word_1_32' title='bbox 1535 573 1873 639; x_wconf 85' lang='lat' dir='ltr'><strong>mortemque</strong></span> 
     </span>
    </p>
   </div>
   <div class='ocr_carea' id='block_1_6' title="bbox 287 656 1872 729">
    <p class='ocr_par' dir='ltr' id='par_1_6' title="bbox 287 656 1872 729">
     <span class='ocr_line' id='line_1_6' title="bbox 287 656 1872 729; baseline -0.004 -9"><span class='ocrx_word' id='word_1_33' title='bbox 287 656 834 720; x_wconf 45' lang='lat' dir='ltr'><strong>et&#39;resurrectionem</strong></span> <span class='ocrx_word' id='word_1_34' title='bbox 885 656 1127 729; x_wconf 89' lang='lat' dir='ltr'><strong>ﬁgurat:</strong></span> <span class='ocrx_word' id='word_1_35' title='bbox 1160 656 1271 713; x_wconf 83' lang='lat' dir='ltr'><strong>sive</strong></span> <span class='ocrx_word' id='word_1_36' title='bbox 1317 656 1461 726; x_wconf 86' lang='lat' dir='ltr'><strong>quod</strong></span> <span class='ocrx_word' id='word_1_37' title='bbox 1514 658 1581 714; x_wconf 88' lang='lat' dir='ltr'><strong>de</strong></span> <span class='ocrx_word' id='word_1_38' title='bbox 1623 674 1765 713; x_wconf 89' lang='lat' dir='ltr'><strong>nave</strong></span> <span class='ocrx_word' id='word_1_39' title='bbox 1809 658 1872 713; x_wconf 90' lang='lat' dir='ltr'><strong>ad</strong></span> 
     </span>
    </p>
   </div>
   <div class='ocr_carea' id='block_1_7' title="bbox 288 742 1869 822">
    <p class='ocr_par' dir='ltr' id='par_1_7' title="bbox 288 742 1869 822">
     <span class='ocr_line' id='line_1_7' title="bbox 288 742 1869 822; baseline -0.007 -11"><span class='ocrx_word' id='word_1_40' title='bbox 288 752 461 819; x_wconf 79' lang='lat' dir='ltr'><strong>mare,</strong></span> <span class='ocrx_word' id='word_1_41' title='bbox 492 758 745 822; x_wconf 81' lang='lat' dir='ltr'><strong>tanquam</strong></span> <span class='ocrx_word' id='word_1_42' title='bbox 775 747 841 804; x_wconf 89' lang='lat' dir='ltr'><strong>de</strong></span> <span class='ocrx_word' id='word_1_43' title='bbox 867 761 1027 805; x_wconf 81' lang='lat' dir='ltr'><strong>cruce</strong></span> <span class='ocrx_word' id='word_1_44' title='bbox 1074 748 1141 803; x_wconf 91' lang='lat' dir='ltr'><strong>ad</strong></span> <span class='ocrx_word' id='word_1_45' title='bbox 1183 757 1406 814; x_wconf 85' lang='lat' dir='ltr'><strong>terram,</strong></span> <span class='ocrx_word' id='word_1_46' title='bbox 1434 742 1711 820; x_wconf 81' lang='lat' dir='ltr'><strong>projectus</strong></span> <span class='ocrx_word' id='word_1_47' title='bbox 1741 755 1827 803; x_wconf 87' lang='lat' dir='ltr'><strong>est</strong></span> <span class='ocrx_word' id='word_1_48' title='bbox 1855 764 1869 800; x_wconf 90' lang='lat'><strong>:</strong></span> 
     </span>
    </p>
   </div>
   <div class='ocr_carea' id='block_1_8' title="bbox 293 838 1874 915">
    <p class='ocr_par' dir='ltr' id='par_1_8' title="bbox 293 838 1874 915">
     <span class='ocr_line' id='line_1_8' title="bbox 293 838 1874 915; baseline -0.003 -16"><span class='ocrx_word' id='word_1_49' title='bbox 293 847 400 907; x_wconf 60' lang='lat' dir='ltr'><strong>sive</strong></span> <span class='ocrx_word' id='word_1_50' title='bbox 413 839 558 915; x_wconf 85' lang='lat' dir='ltr'><strong>quod</strong></span> <span class='ocrx_word' id='word_1_51' title='bbox 585 840 829 897; x_wconf 89' lang='lat' dir='ltr'><strong>invenire</strong></span> <span class='ocrx_word' id='word_1_52' title='bbox 857 838 934 914; x_wconf 89' lang='lat' dir='ltr'><strong>[in</strong></span> <span class='ocrx_word' id='word_1_53' title='bbox 960 839 1173 913; x_wconf 83' lang='lat' dir='ltr'><strong>ventre]</strong></span> <span class='ocrx_word' id='word_1_54' title='bbox 1198 841 1325 896; x_wconf 88' lang='lat' dir='ltr'><strong>coeti</strong></span> <span class='ocrx_word' id='word_1_55' title='bbox 1351 842 1608 911; x_wconf 61' lang='lat' dir='ltr'><strong>exceptus</strong></span> <span class='ocrx_word' id='word_1_56' title='bbox 1628 846 1731 906; x_wconf 87' lang='lat' dir='ltr'><strong>est,</strong></span> <span class='ocrx_word' id='word_1_57' title='bbox 1756 847 1874 895; x_wconf 86' lang='lat' dir='ltr'><strong>tan-</strong></span> 
     </span>
    </p>
   </div>
   <div class='ocr_carea' id='block_1_9' title="bbox 287 930 1873 1009">
    <p class='ocr_par' dir='ltr' id='par_1_9' title="bbox 287 930 1873 1009">
     <span class='ocr_line' id='line_1_9' title="bbox 287 930 1873 1009; baseline -0.004 -18"><span class='ocrx_word' id='word_1_58' title='bbox 287 942 451 1009; x_wconf 65' lang='lat' dir='ltr'><strong>quam</strong></span> <span class='ocrx_word' id='word_1_59' title='bbox 482 936 538 990; x_wconf 84' lang='lat' dir='ltr'><strong>in</strong></span> <span class='ocrx_word' id='word_1_60' title='bbox 561 934 839 1005; x_wconf 83' lang='lat' dir='ltr'><strong>sepultura</strong></span> <span class='ocrx_word' id='word_1_61' title='bbox 856 942 1037 999; x_wconf 67' lang='lat' dir='ltr'><strong>terrm,</strong></span> <span class='ocrx_word' id='word_1_62' title='bbox 1068 930 1245 989; x_wconf 81' lang='lat' dir='ltr'><strong>tribu&#39;s</strong></span> <span class='ocrx_word' id='word_1_63' title='bbox 1271 933 1459 988; x_wconf 90' lang='lat' dir='ltr'><strong>diebus</strong></span> <span class='ocrx_word' id='word_1_64' title='bbox 1486 934 1541 986; x_wconf 91' lang='lat' dir='ltr'><strong>et</strong></span> <span class='ocrx_word' id='word_1_65' title='bbox 1572 932 1743 1009; x_wconf 82' lang='lat' dir='ltr'><strong>tribus</strong></span> <span class='ocrx_word' id='word_1_66' title='bbox 1774 944 1873 986; x_wconf 52' lang='lat' dir='ltr'><strong>no:-</strong></span> 
     </span>
    </p>
   </div>
   <div class='ocr_carea' id='block_1_10' title="bbox 266 1008 1875 1096">
    <p class='ocr_par' dir='ltr' id='par_1_10' title="bbox 266 1008 1875 1096">
     <span class='ocr_line' id='line_1_10' title="bbox 266 1008 1875 1096; baseline -0.004 -12"><span class='ocrx_word' id='word_1_67' title='bbox 266 1008 467 1084; x_wconf 60' lang='lat' dir='ltr'><strong>&#39;ctibus</strong></span> <span class='ocrx_word' id='word_1_68' title='bbox 500 1024 812 1081; x_wconf 83' lang='lat' dir='ltr'><strong>reconditus</strong></span> <span class='ocrx_word' id='word_1_69' title='bbox 843 1032 927 1080; x_wconf 88' lang='lat' dir='ltr'><strong>est</strong></span> <span class='ocrx_word' id='word_1_70' title='bbox 962 1040 976 1078; x_wconf 87' lang='lat'><strong>:</strong></span> <span class='ocrx_word' id='word_1_71' title='bbox 1018 1032 1074 1079; x_wconf 87' lang='lat' dir='ltr'><strong>et</strong></span> <span class='ocrx_word' id='word_1_72' title='bbox 1102 1024 1245 1095; x_wconf 87' lang='lat' dir='ltr'><strong>quod</strong></span> <span class='ocrx_word' id='word_1_73' title='bbox 1272 1038 1369 1096; x_wconf 88' lang='lat' dir='ltr'><strong>per</strong></span> <span class='ocrx_word' id='word_1_74' title='bbox 1398 1022 1625 1094; x_wconf 86' lang='lat' dir='ltr'><strong>ﬁguram</strong></span> <span class='ocrx_word' id='word_1_75' title='bbox 1655 1008 1875 1077; x_wconf 74' lang='lat' dir='ltr'><strong>Ninives</strong></span> 
     </span>
    </p>
   </div>
   <div class='ocr_carea' id='block_1_11' title="bbox 282 1110 1873 1191">
    <p class='ocr_par' dir='ltr' id='par_1_11' title="bbox 282 1110 1873 1191">
     <span class='ocr_line' id='line_1_11' title="bbox 282 1110 1873 1191; baseline -0.004 -17"><span class='ocrx_word' id='word_1_76' title='bbox 282 1116 663 1191; x_wconf 69' lang='lat' dir='ltr'><strong>ptenitentiam</strong></span> <span class='ocrx_word' id='word_1_77' title='bbox 695 1112 880 1171; x_wconf 90' lang='lat' dir='ltr'><strong>mundi</strong></span> <span class='ocrx_word' id='word_1_78' title='bbox 908 1115 1177 1186; x_wconf 74' lang='lat' dir='ltr'><strong>praedixit,</strong></span> <span class='ocrx_word' id='word_1_79' title='bbox 1208 1115 1260 1173; x_wconf 91' lang='lat' dir='ltr'><strong>in</strong></span> <span class='ocrx_word' id='word_1_80' title='bbox 1298 1110 1648 1185; x_wconf 79' lang='lat' dir='ltr'><strong>sequentibus</strong></span> <span class='ocrx_word' id='word_1_81' title='bbox 1691 1110 1873 1185; x_wconf 87' lang='lat' dir='ltr'><strong>typum</strong></span> 
     </span>
    </p>
   </div>
   <div class='ocr_carea' id='block_1_12' title="bbox 282 1202 1876 1283">
    <p class='ocr_par' dir='ltr' id='par_1_12' title="bbox 282 1202 1876 1283">
     <span class='ocr_line' id='line_1_12' title="bbox 282 1202 1876 1283; baseline -0.003 -22"><span class='ocrx_word' id='word_1_82' title='bbox 282 1202 761 1283; x_wconf 21' lang='lat' dir='ltr'><strong>gerit‘Ju‘dtcorum</strong></span> <span class='ocrx_word' id='word_1_83' title='bbox 812 1206 904 1277; x_wconf 88' lang='lat' dir='ltr'><strong>qui</strong></span> <span class='ocrx_word' id='word_1_84' title='bbox 948 1205 1177 1262; x_wconf 83' lang='lat' dir='ltr'><strong>salutem</strong></span> <span class='ocrx_word' id='word_1_85' title='bbox 1222 1207 1463 1279; x_wconf 82' lang='lat' dir='ltr'><strong>gentium</strong></span> <span class='ocrx_word' id='word_1_86' title='bbox 1515 1220 1624 1260; x_wconf 91' lang='lat' dir='ltr'><strong>non</strong></span> <span class='ocrx_word' id='word_1_87' title='bbox 1667 1210 1876 1257; x_wconf 90' lang='lat' dir='ltr'><strong>tantum</strong></span> 
     </span>
    </p>
   </div>
   <div class='ocr_carea' id='block_1_13' title="bbox 282 1294 1873 1362">
    <p class='ocr_par' dir='ltr' id='par_1_13' title="bbox 282 1294 1873 1362">
     <span class='ocr_line' id='line_1_13' title="bbox 282 1294 1873 1362; baseline -0.006 -6"><span class='ocrx_word' id='word_1_88' title='bbox 282 1301 542 1356; x_wconf 84' lang='lat' dir='ltr'><strong>advenire</strong></span> <span class='ocrx_word' id='word_1_89' title='bbox 598 1294 885 1355; x_wconf 75' lang='lat' dir='ltr'><strong>noluerunt</strong></span> <span class='ocrx_word' id='word_1_90' title='bbox 929 1317 941 1351; x_wconf 91' lang='lat'>:</span> <span class='ocrx_word' id='word_1_91' title='bbox 988 1298 1082 1353; x_wconf 90' lang='lat' dir='ltr'><strong>sed</strong></span> <span class='ocrx_word' id='word_1_92' title='bbox 1145 1313 1268 1354; x_wconf 92' lang='lat' dir='ltr'><strong>cum</strong></span> <span class='ocrx_word' id='word_1_93' title='bbox 1319 1296 1485 1362; x_wconf 86' lang='lat' dir='ltr'><strong>venit,</strong></span> <span class='ocrx_word' id='word_1_94' title='bbox 1526 1296 1684 1351; x_wconf 78' lang='lat' dir='ltr'><strong>invisi</strong></span> <span class='ocrx_word' id='word_1_95' title='bbox 1730 1298 1873 1349; x_wconf 88' lang='lat' dir='ltr'><strong>sunt.</strong></span> 
     </span>
    </p>
   </div>
   <div class='ocr_carea' id='block_1_14' title="bbox 280 1378 1878 1462">
    <p class='ocr_par' dir='ltr' id='par_1_14' title="bbox 280 1378 1878 1462">
     <span class='ocr_line' id='line_1_14' title="bbox 280 1378 1878 1462; baseline -0.005 -15"><span class='ocrx_word' id='word_1_96' title='bbox 280 1392 473 1447; x_wconf 67' lang='lat' dir='ltr'><strong>Ninive</strong></span> <span class='ocrx_word' id='word_1_97' title='bbox 494 1403 715 1462; x_wconf 87' lang='lat' dir='ltr'><strong>quoque</strong></span> <span class='ocrx_word' id='word_1_98' title='bbox 735 1378 977 1461; x_wconf 87' lang='lat' dir='ltr'><strong>gentium</strong></span> <span class='ocrx_word' id='word_1_99' title='bbox 998 1388 1272 1460; x_wconf 90' lang='lat' dir='ltr'><strong>signiﬁcat</strong></span> <span class='ocrx_word' id='word_1_100' title='bbox 1293 1387 1547 1458; x_wconf 84' lang='lat' dir='ltr'><strong>speciem,</strong></span> <span class='ocrx_word' id='word_1_101' title='bbox 1561 1384 1726 1441; x_wconf 83' lang='lat' dir='ltr'><strong>Jonas</strong></span> <span class='ocrx_word' id='word_1_102' title='bbox 1748 1394 1878 1439; x_wconf 82' lang='lat' dir='ltr'><strong>vero</strong></span> 
     </span>
    </p>
   </div>
   <div class='ocr_carea' id='block_1_15' title="bbox 278 1476 1876 1550">
    <p class='ocr_par' dir='ltr' id='par_1_15' title="bbox 278 1476 1876 1550">
     <span class='ocr_line' id='line_1_15' title="bbox 278 1476 1876 1550; baseline -0.005 -12"><span class='ocrx_word' id='word_1_103' title='bbox 278 1482 334 1539; x_wconf 78' lang='lat' dir='ltr'><strong>in</strong></span> <span class='ocrx_word' id='word_1_104' title='bbox 364 1483 467 1538; x_wconf 90' lang='lat' dir='ltr'><strong>hoc</strong></span> <span class='ocrx_word' id='word_1_105' title='bbox 502 1482 620 1537; x_wconf 85' lang='lat' dir='ltr'><strong>loco</strong></span> <span class='ocrx_word' id='word_1_106' title='bbox 655 1479 985 1537; x_wconf 72' lang='lat' dir='ltr'><strong>Judteorum.</strong></span> <span class='ocrx_word' id='word_1_107' title='bbox 1020 1478 1154 1534; x_wconf 82' lang='lat' dir='ltr'><strong>Nam</strong></span> <span class='ocrx_word' id='word_1_108' title='bbox 1190 1478 1637 1550; x_wconf 86' lang='lat' dir='ltr'><strong>quemadmodum</strong></span> <span class='ocrx_word' id='word_1_109' title='bbox 1666 1476 1876 1531; x_wconf 86' lang='lat' dir='ltr'><strong>Ninivi-</strong></span> 
     </span>
    </p>
   </div>
   <div class='ocr_carea' id='block_1_16' title="bbox 264 1566 1877 1642">
    <p class='ocr_par' dir='ltr' id='par_1_16' title="bbox 264 1566 1877 1642">
     <span class='ocr_line' id='line_1_16' title="bbox 264 1566 1877 1642; baseline -0.004 -11"><span class='ocrx_word' id='word_1_110' title='bbox 264 1585 457 1632; x_wconf 69' lang='lat' dir='ltr'><strong>tarum</strong></span> <span class='ocrx_word' id='word_1_111' title='bbox 499 1568 646 1630; x_wconf 90' lang='lat' dir='ltr'><strong>salus</strong></span> <span class='ocrx_word' id='word_1_112' title='bbox 667 1573 731 1628; x_wconf 92' lang='lat' dir='ltr'><strong>ad</strong></span> <span class='ocrx_word' id='word_1_113' title='bbox 756 1570 1159 1628; x_wconf 78' lang='lat' dir='ltr'><strong>:emulationem</strong></span> <span class='ocrx_word' id='word_1_114' title='bbox 1197 1572 1512 1642; x_wconf 78' lang='lat' dir='ltr'><strong>provocavit</strong></span> <span class='ocrx_word' id='word_1_115' title='bbox 1533 1568 1725 1625; x_wconf 88' lang='lat' dir='ltr'><strong>Jonam</strong></span> <span class='ocrx_word' id='word_1_116' title='bbox 1758 1585 1772 1623; x_wconf 87' lang='lat'><strong>:</strong></span> <span class='ocrx_word' id='word_1_117' title='bbox 1805 1566 1877 1624; x_wconf 76' lang='lat' dir='ltr'><strong>ita</strong></span> 
     </span>
    </p>
   </div>
   <div class='ocr_carea' id='block_1_17' title="bbox 279 1654 1875 1739">
    <p class='ocr_par' dir='ltr' id='par_1_17' title="bbox 279 1654 1875 1739">
     <span class='ocr_line' id='line_1_17' title="bbox 279 1654 1875 1739; baseline -0.004 -18"><span class='ocrx_word' id='word_1_118' title='bbox 279 1654 595 1739; x_wconf 73' lang='lat' dir='ltr'><strong>redemptio</strong></span> <span class='ocrx_word' id='word_1_119' title='bbox 622 1664 865 1737; x_wconf 87' lang='lat' dir='ltr'><strong>gentium</strong></span> <span class='ocrx_word' id='word_1_120' title='bbox 920 1663 1232 1720; x_wconf 87' lang='lat' dir='ltr'><strong>scandalum</strong></span> <span class='ocrx_word' id='word_1_121' title='bbox 1291 1664 1499 1719; x_wconf 77' lang='lat' dir='ltr'><strong>exstitit</strong></span> <span class='ocrx_word' id='word_1_122' title='bbox 1547 1660 1875 1718; x_wconf 81' lang='lat' dir='ltr'><strong>Judaeorum.</strong></span> 
     </span>
    </p>
   </div>
   <div class='ocr_carea' id='block_1_18' title="bbox 280 1750 1880 1823">
    <p class='ocr_par' dir='ltr' id='par_1_18' title="bbox 280 1750 1880 1823">
     <span class='ocr_line' id='line_1_18' title="bbox 280 1750 1880 1823; baseline -0.003 -12"><span class='ocrx_word' id='word_1_123' title='bbox 280 1756 473 1811; x_wconf 69' lang='lat' dir='ltr'><strong>Merito</strong></span> <span class='ocrx_word' id='word_1_124' title='bbox 512 1762 567 1810; x_wconf 90' lang='lat' dir='ltr'><strong>et</strong></span> <span class='ocrx_word' id='word_1_125' title='bbox 596 1762 785 1811; x_wconf 89' lang='lat' dir='ltr'><strong>contra</strong></span> <span class='ocrx_word' id='word_1_126' title='bbox 818 1752 1093 1810; x_wconf 85' lang='lat' dir='ltr'><strong>Orientem</strong></span> <span class='ocrx_word' id='word_1_127' title='bbox 1145 1753 1381 1809; x_wconf 82' lang='lat' dir='ltr'><strong>civitatis</strong></span> <span class='ocrx_word' id='word_1_128' title='bbox 1429 1750 1636 1809; x_wconf 83' lang='lat' dir='ltr'><strong>sedisse</strong></span> <span class='ocrx_word' id='word_1_129' title='bbox 1681 1750 1880 1823; x_wconf 80' lang='lat' dir='ltr'><strong>legitur</strong></span> 
     </span>
    </p>
   </div>
   <div class='ocr_carea' id='block_1_19' title="bbox 1974 560 3562 634">
    <p class='ocr_par' dir='ltr' id='par_1_19' title="bbox 1974 560 3562 634">
     <span class='ocr_line' id='line_1_19' title="bbox 1974 560 3562 634; baseline 0.004 -19"><span class='ocrx_word' id='word_1_130' title='bbox 1974 561 2122 633; x_wconf 91' lang='lat' dir='ltr'><strong>poris</strong></span> <span class='ocrx_word' id='word_1_131' title='bbox 2144 561 2345 618; x_wconf 85' lang='lat' dir='ltr'><strong>Christi</strong></span> <span class='ocrx_word' id='word_1_132' title='bbox 2370 576 2587 617; x_wconf 86' lang='lat' dir='ltr'><strong>roseum</strong></span> <span class='ocrx_word' id='word_1_133' title='bbox 2614 563 2933 631; x_wconf 85' lang='lat' dir='ltr'><strong>sanguinem</strong></span> <span class='ocrx_word' id='word_1_134' title='bbox 2966 560 3236 634; x_wconf 86' lang='lat' dir='ltr'><strong>passionis</strong></span> <span class='ocrx_word' id='word_1_135' title='bbox 3284 562 3398 619; x_wconf 82' lang='lat' dir='ltr'><strong>sive</strong></span> <span class='ocrx_word' id='word_1_136' title='bbox 3448 578 3562 621; x_wconf 88' lang='lat' dir='ltr'><strong>me-</strong></span> 
     </span>
    </p>
   </div>
   <div class='ocr_carea' id='block_1_20' title="bbox 1975 650 3565 725">
    <p class='ocr_par' dir='ltr' id='par_1_20' title="bbox 1975 650 3565 725">
     <span class='ocr_line' id='line_1_20' title="bbox 1975 650 3565 725; baseline 0 -16"><span class='ocrx_word' id='word_1_137' title='bbox 1975 652 2079 709; x_wconf 85' lang='lat' dir='ltr'><strong>rita</strong></span> <span class='ocrx_word' id='word_1_138' title='bbox 2106 651 2291 723; x_wconf 87' lang='lat' dir='ltr'><strong>populi</strong></span> <span class='ocrx_word' id='word_1_139' title='bbox 2311 650 2555 725; x_wconf 84' lang='lat' dir='ltr'><strong>gentium</strong></span> <span class='ocrx_word' id='word_1_140' title='bbox 2585 650 3225 724; x_wconf 82' lang='lat' dir='ltr'><strong>signiﬁcantem.Aspicit</strong></span> <span class='ocrx_word' id='word_1_141' title='bbox 3249 661 3303 708; x_wconf 90' lang='lat' dir='ltr'><strong>et</strong></span> <span class='ocrx_word' id='word_1_142' title='bbox 3331 652 3565 724; x_wconf 81' lang='lat' dir='ltr'><strong>quatuor</strong></span> 
     </span>
    </p>
   </div>
   <div class='ocr_carea' id='block_1_21' title="bbox 1972 736 3566 816">
    <p class='ocr_par' dir='ltr' id='par_1_21' title="bbox 1972 736 3566 816">
     <span class='ocr_line' id='line_1_21' title="bbox 1972 736 3566 816; baseline -0.002 -17"><span class='ocrx_word' id='word_1_143' title='bbox 1972 759 2182 799; x_wconf 88' lang='lat' dir='ltr'><strong>cornua</strong></span> <span class='ocrx_word' id='word_1_144' title='bbox 2210 743 2323 799; x_wconf 86' lang='lat' dir='ltr'><strong>sive</strong></span> <span class='ocrx_word' id='word_1_145' title='bbox 2351 743 2532 805; x_wconf 79' lang='lat' dir='ltr'><strong>fabros</strong></span> <span class='ocrx_word' id='word_1_146' title='bbox 2560 743 2616 799; x_wconf 89' lang='lat' dir='ltr'><strong>in</strong></span> <span class='ocrx_word' id='word_1_147' title='bbox 2645 742 2817 816; x_wconf 85' lang='lat' dir='ltr'><strong>ﬁgura</strong></span> <span class='ocrx_word' id='word_1_148' title='bbox 2844 744 3107 815; x_wconf 86' lang='lat' dir='ltr'><strong>gentium,</strong></span> <span class='ocrx_word' id='word_1_149' title='bbox 3135 742 3258 814; x_wconf 66' lang='lat' dir='ltr'><strong>quae</strong></span> <span class='ocrx_word' id='word_1_150' title='bbox 3282 741 3475 799; x_wconf 73' lang='lat' dir='ltr'><strong>Iudam</strong></span> <span class='ocrx_word' id='word_1_151' title='bbox 3511 736 3566 796; x_wconf 89' lang='lat' dir='ltr'><strong>et</strong></span> 
     </span>
    </p>
   </div>
   <div class='ocr_carea' id='block_1_22' title="bbox 1974 829 3562 911">
    <p class='ocr_par' dir='ltr' id='par_1_22' title="bbox 1974 829 3562 911">
     <span class='ocr_line' id='line_1_22' title="bbox 1974 829 3562 911; baseline 0 -23"><span class='ocrx_word' id='word_1_152' title='bbox 1974 832 2142 890; x_wconf 86' lang='lat' dir='ltr'><strong>Israel</strong></span> <span class='ocrx_word' id='word_1_153' title='bbox 2174 829 2546 903; x_wconf 73' lang='lat' dir='ltr'><strong>dispergentes</strong></span> <span class='ocrx_word' id='word_1_154' title='bbox 2570 834 2721 906; x_wconf 88' lang='lat' dir='ltr'><strong>gravi</strong></span> <span class='ocrx_word' id='word_1_155' title='bbox 2747 835 2987 911; x_wconf 88' lang='lat' dir='ltr'><strong>pondere</strong></span> <span class='ocrx_word' id='word_1_156' title='bbox 3030 832 3434 904; x_wconf 76' lang='lat' dir='ltr'><strong>depresserunt.</strong></span> <span class='ocrx_word' id='word_1_157' title='bbox 3480 833 3562 888; x_wconf 89' lang='lat' dir='ltr'><strong>ln-</strong></span> 
     </span>
    </p>
   </div>
   <div class='ocr_carea' id='block_1_23' title="bbox 1976 910 3565 983">
    <p class='ocr_par' dir='ltr' id='par_1_23' title="bbox 1976 910 3565 983">
     <span class='ocr_line' id='line_1_23' title="bbox 1976 910 3565 983; baseline 0 -5"><span class='ocrx_word' id='word_1_158' title='bbox 1976 926 2161 979; x_wconf 84' lang='lat' dir='ltr'><strong>tuetur</strong></span> <span class='ocrx_word' id='word_1_159' title='bbox 2188 922 2438 981; x_wconf 78' lang='lat' dir='ltr'><strong>similiter</strong></span> <span class='ocrx_word' id='word_1_160' title='bbox 2463 934 2519 983; x_wconf 85' lang='lat' dir='ltr'><strong>et</strong></span> <span class='ocrx_word' id='word_1_161' title='bbox 2553 916 2741 981; x_wconf 74' lang='lat' dir='ltr'><strong>Jesuin</strong></span> <span class='ocrx_word' id='word_1_162' title='bbox 2772 910 3023 981; x_wconf 77' lang='lat' dir='ltr'><strong>Sordibus</strong></span> <span class='ocrx_word' id='word_1_163' title='bbox 3082 924 3264 980; x_wconf 87' lang='lat' dir='ltr'><strong>carnis</strong></span> <span class='ocrx_word' id='word_1_164' title='bbox 3311 932 3367 978; x_wconf 88' lang='lat' dir='ltr'><strong>et</strong></span> <span class='ocrx_word' id='word_1_165' title='bbox 3419 940 3565 980; x_wconf 74' lang='lat' dir='ltr'><strong>mor-</strong></span> 
     </span>
    </p>
   </div>
   <div class='ocr_carea' id='block_1_24' title="bbox 1978 1012 3566 1087">
    <p class='ocr_par' dir='ltr' id='par_1_24' title="bbox 1978 1012 3566 1087">
     <span class='ocr_line' id='line_1_24' title="bbox 1978 1012 3566 1087; baseline 0 -18"><span class='ocrx_word' id='word_1_166' title='bbox 1978 1016 2187 1071; x_wconf 87' lang='lat' dir='ltr'><strong>talitate</strong></span> <span class='ocrx_word' id='word_1_167' title='bbox 2237 1018 2492 1072; x_wconf 88' lang='lat' dir='ltr'><strong>vestitum</strong></span> <span class='ocrx_word' id='word_1_168' title='bbox 2545 1032 2644 1087; x_wconf 87' lang='lat' dir='ltr'><strong>per</strong></span> <span class='ocrx_word' id='word_1_169' title='bbox 2693 1017 2922 1087; x_wconf 88' lang='lat' dir='ltr'><strong>ﬁguram</strong></span> <span class='ocrx_word' id='word_1_170' title='bbox 2960 1012 3256 1071; x_wconf 88' lang='lat' dir='ltr'><strong>sacerdotis</strong></span> <span class='ocrx_word' id='word_1_171' title='bbox 3307 1030 3320 1069; x_wconf 91' lang='lat'><strong>:</strong></span> <span class='ocrx_word' id='word_1_172' title='bbox 3369 1015 3566 1086; x_wconf 79' lang='lat' dir='ltr'><strong>quibus</strong></span> 
     </span>
    </p>
   </div>
   <div class='ocr_carea' id='block_1_25' title="bbox 1979 1102 3568 1180">
    <p class='ocr_par' dir='ltr' id='par_1_25' title="bbox 1979 1102 3568 1180">
     <span class='ocr_line' id='line_1_25' title="bbox 1979 1102 3568 1180; baseline 0.001 -18"><span class='ocrx_word' id='word_1_173' title='bbox 1979 1106 2194 1173; x_wconf 86' lang='lat' dir='ltr'><strong>ablatis,</strong></span> <span class='ocrx_word' id='word_1_174' title='bbox 2226 1102 2471 1163; x_wconf 82' lang='lat' dir='ltr'><strong>indutum</strong></span> <span class='ocrx_word' id='word_1_175' title='bbox 2518 1106 2926 1164; x_wconf 87' lang='lat' dir='ltr'><strong>immortalitate</strong></span> <span class='ocrx_word' id='word_1_176' title='bbox 2968 1116 3024 1165; x_wconf 87' lang='lat' dir='ltr'><strong>et</strong></span> <span class='ocrx_word' id='word_1_177' title='bbox 3068 1106 3238 1180; x_wconf 86' lang='lat' dir='ltr'><strong>gloria</strong></span> <span class='ocrx_word' id='word_1_178' title='bbox 3292 1106 3480 1171; x_wconf 87' lang='lat' dir='ltr'><strong>cernit,</strong></span> <span class='ocrx_word' id='word_1_179' title='bbox 3512 1115 3568 1164; x_wconf 82' lang='lat' dir='ltr'><strong>et</strong></span> 
     </span>
    </p>
   </div>
   <div class='ocr_carea' id='block_1_26' title="bbox 1972 1188 3565 1271">
    <p class='ocr_par' dir='ltr' id='par_1_26' title="bbox 1972 1188 3565 1271">
     <span class='ocr_line' id='line_1_26' title="bbox 1972 1188 3565 1271; baseline -0.002 -17"><span class='ocrx_word' id='word_1_180' title='bbox 1972 1188 2233 1271; x_wconf 76' lang='lat' dir='ltr'><strong>lapidem,</strong></span> <span class='ocrx_word' id='word_1_181' title='bbox 2266 1199 2356 1268; x_wconf 82' lang='lat' dir='ltr'><strong>qui</strong></span> <span class='ocrx_word' id='word_1_182' title='bbox 2385 1208 2467 1255; x_wconf 89' lang='lat' dir='ltr'><strong>est</strong></span> <span class='ocrx_word' id='word_1_183' title='bbox 2497 1198 2763 1261; x_wconf 85' lang='lat' dir='ltr'><strong>Christus,</strong></span> <span class='ocrx_word' id='word_1_184' title='bbox 2798 1207 3006 1271; x_wconf 87' lang='lat' dir='ltr'><strong>septem</strong></span> <span class='ocrx_word' id='word_1_185' title='bbox 3043 1197 3228 1254; x_wconf 89' lang='lat' dir='ltr'><strong>oculos</strong></span> <span class='ocrx_word' id='word_1_186' title='bbox 3252 1196 3565 1263; x_wconf 86' lang='lat' dir='ltr'><strong>habentem,</strong></span> 
     </span>
    </p>
   </div>
   <div class='ocr_carea' id='block_1_27' title="bbox 1979 1286 3569 1360">
    <p class='ocr_par' dir='ltr' id='par_1_27' title="bbox 1979 1286 3569 1360">
     <span class='ocr_line' id='line_1_27' title="bbox 1979 1286 3569 1360; baseline -0.001 -15"><span class='ocrx_word' id='word_1_187' title='bbox 1979 1288 2033 1345; x_wconf 84' lang='lat' dir='ltr'><strong>id</strong></span> <span class='ocrx_word' id='word_1_188' title='bbox 2061 1294 2162 1355; x_wconf 85' lang='lat' dir='ltr'><strong>est,</strong></span> <span class='ocrx_word' id='word_1_189' title='bbox 2195 1288 2525 1360; x_wconf 71' lang='lat' dir='ltr'><strong>semiformis</strong></span> <span class='ocrx_word' id='word_1_190' title='bbox 2553 1289 2773 1360; x_wconf 87' lang='lat' dir='ltr'><strong>spiritus</strong></span> <span class='ocrx_word' id='word_1_191' title='bbox 2808 1286 3216 1360; x_wconf 89' lang='lat' dir='ltr'><strong>plenitudinem.</strong></span> <span class='ocrx_word' id='word_1_192' title='bbox 3265 1288 3410 1344; x_wconf 84' lang='lat' dir='ltr'><strong>Inter</strong></span> <span class='ocrx_word' id='word_1_193' title='bbox 3452 1286 3569 1357; x_wconf 65' lang='lat' dir='ltr'><strong>haec</strong></span> 
     </span>
    </p>
   </div>
   <div class='ocr_carea' id='block_1_28' title="bbox 1980 1382 3570 1450">
    <p class='ocr_par' dir='ltr' id='par_1_28' title="bbox 1980 1382 3570 1450">
     <span class='ocr_line' id='line_1_28' title="bbox 1980 1382 3570 1450; baseline -0.001 -11"><span class='ocrx_word' id='word_1_194' title='bbox 1980 1385 2222 1439; x_wconf 85' lang='lat' dir='ltr'><strong>intuetur</strong></span> <span class='ocrx_word' id='word_1_195' title='bbox 2241 1393 2295 1437; x_wconf 91' lang='lat' dir='ltr'><strong>et</strong></span> <span class='ocrx_word' id='word_1_196' title='bbox 2313 1384 2503 1438; x_wconf 88' lang='lat' dir='ltr'><strong>turrim</strong></span> <span class='ocrx_word' id='word_1_197' title='bbox 2527 1394 2579 1440; x_wconf 89' lang='lat' dir='ltr'><strong>et</strong></span> <span class='ocrx_word' id='word_1_198' title='bbox 2607 1384 2853 1438; x_wconf 88' lang='lat' dir='ltr'><strong>titionem</strong></span> <span class='ocrx_word' id='word_1_199' title='bbox 2877 1384 3225 1449; x_wconf 82' lang='lat' dir='ltr'><strong>exstinctum,</strong></span> <span class='ocrx_word' id='word_1_200' title='bbox 3250 1382 3303 1440; x_wconf 93' lang='lat' dir='ltr'><strong>id</strong></span> <span class='ocrx_word' id='word_1_201' title='bbox 3324 1393 3428 1450; x_wconf 89' lang='lat' dir='ltr'><strong>est,</strong></span> <span class='ocrx_word' id='word_1_202' title='bbox 3454 1384 3570 1438; x_wconf 83' lang='lat' dir='ltr'><strong>dia-</strong></span> 
     </span>
    </p>
   </div>
   <div class='ocr_carea' id='block_1_29' title="bbox 1979 1474 3571 1548">
    <p class='ocr_par' dir='ltr' id='par_1_29' title="bbox 1979 1474 3571 1548">
     <span class='ocr_line' id='line_1_29' title="bbox 1979 1474 3571 1548; baseline -0.002 -15"><span class='ocrx_word' id='word_1_203' title='bbox 1979 1477 2181 1543; x_wconf 87' lang='lat' dir='ltr'><strong>bolum,</strong></span> <span class='ocrx_word' id='word_1_204' title='bbox 2214 1474 2597 1532; x_wconf 83' lang='lat' dir='ltr'><strong>candelabrum</strong></span> <span class='ocrx_word' id='word_1_205' title='bbox 2620 1476 2870 1532; x_wconf 86' lang='lat' dir='ltr'><strong>videlicet</strong></span> <span class='ocrx_word' id='word_1_206' title='bbox 2895 1477 2948 1531; x_wconf 92' lang='lat' dir='ltr'><strong>in</strong></span> <span class='ocrx_word' id='word_1_207' title='bbox 2974 1476 3200 1548; x_wconf 87' lang='lat' dir='ltr'><strong>ﬁguram</strong></span> <span class='ocrx_word' id='word_1_208' title='bbox 3226 1475 3427 1531; x_wconf 87' lang='lat' dir='ltr'><strong>Christi</strong></span> <span class='ocrx_word' id='word_1_209' title='bbox 3448 1491 3571 1531; x_wconf 87' lang='lat' dir='ltr'><strong>cum</strong></span> 
     </span>
    </p>
   </div>
   <div class='ocr_carea' id='block_1_30' title="bbox 1979 1570 3567 1647">
    <p class='ocr_par' dir='ltr' id='par_1_30' title="bbox 1979 1570 3567 1647">
     <span class='ocr_line' id='line_1_30' title="bbox 1979 1570 3567 1647; baseline -0.002 -22"><span class='ocrx_word' id='word_1_210' title='bbox 1979 1570 2215 1628; x_wconf 86' lang='lat' dir='ltr'><strong>lucernis</strong></span> <span class='ocrx_word' id='word_1_211' title='bbox 2241 1579 2468 1641; x_wconf 87' lang='lat' dir='ltr'><strong>septem,</strong></span> <span class='ocrx_word' id='word_1_212' title='bbox 2497 1587 2616 1641; x_wconf 78' lang='lat' dir='ltr'><strong>quae</strong></span> <span class='ocrx_word' id='word_1_213' title='bbox 2650 1581 2777 1627; x_wconf 82' lang='lat' dir='ltr'><strong>sunt</strong></span> <span class='ocrx_word' id='word_1_214' title='bbox 2822 1580 3025 1647; x_wconf 79' lang='lat' dir='ltr'><strong>septem</strong></span> <span class='ocrx_word' id='word_1_215' title='bbox 3080 1572 3220 1626; x_wconf 88' lang='lat' dir='ltr'><strong>dona</strong></span> <span class='ocrx_word' id='word_1_216' title='bbox 3272 1571 3507 1642; x_wconf 85' lang='lat' dir='ltr'><strong>Spiritus</strong></span> <span class='ocrx_word' id='word_1_217' title='bbox 3546 1588 3567 1622; x_wconf 74' lang='grc' dir='ltr'><strong>ιτ</strong></span> 
     </span>
    </p>
   </div>
   <div class='ocr_carea' id='block_1_31' title="bbox 1974 1662 3571 1719">
    <p class='ocr_par' dir='ltr' id='par_1_31' title="bbox 1974 1662 3571 1719">
     <span class='ocr_line' id='line_1_31' title="bbox 1974 1662 3571 1719; baseline 0 -2"><span class='ocrx_word' id='word_1_218' title='bbox 1974 1662 2082 1718; x_wconf 81' lang='lat' dir='ltr'><strong>nec</strong></span> <span class='ocrx_word' id='word_1_219' title='bbox 2108 1678 2214 1717; x_wconf 92' lang='lat' dir='ltr'><strong>non</strong></span> <span class='ocrx_word' id='word_1_220' title='bbox 2242 1671 2296 1717; x_wconf 90' lang='lat' dir='ltr'><strong>et</strong></span> <span class='ocrx_word' id='word_1_221' title='bbox 2325 1663 2457 1719; x_wconf 88' lang='lat' dir='ltr'><strong>duas</strong></span> <span class='ocrx_word' id='word_1_222' title='bbox 2480 1662 2650 1718; x_wconf 90' lang='lat' dir='ltr'><strong>olivas</strong></span> <span class='ocrx_word' id='word_1_223' title='bbox 2684 1666 2753 1718; x_wconf 89' lang='lat' dir='ltr'><strong>ad</strong></span> <span class='ocrx_word' id='word_1_224' title='bbox 2781 1662 3057 1719; x_wconf 78' lang='lat' dir='ltr'><strong>dexteram</strong></span> <span class='ocrx_word' id='word_1_225' title='bbox 3085 1670 3140 1718; x_wconf 92' lang='lat' dir='ltr'><strong>et</strong></span> <span class='ocrx_word' id='word_1_226' title='bbox 3182 1663 3250 1718; x_wconf 90' lang='lat' dir='ltr'><strong>ad</strong></span> <span class='ocrx_word' id='word_1_227' title='bbox 3295 1662 3571 1718; x_wconf 79' lang='lat' dir='ltr'><strong>sinistram</strong></span> 
     </span>
    </p>
   </div>
   <div class='ocr_carea' id='block_1_32' title="bbox 1981 1753 3570 1826">
    <p class='ocr_par' dir='ltr' id='par_1_32' title="bbox 1981 1753 3570 1826">
     <span class='ocr_line' id='line_1_32' title="bbox 1981 1753 3570 1826; baseline -0.002 -16"><span class='ocrx_word' id='word_1_228' title='bbox 1981 1753 2289 1811; x_wconf 87' lang='lat' dir='ltr'><strong>candelabri</strong></span> <span class='ocrx_word' id='word_1_229' title='bbox 2328 1756 2554 1825; x_wconf 89' lang='lat' dir='ltr'><strong>positas,</strong></span> <span class='ocrx_word' id='word_1_230' title='bbox 2598 1756 2826 1810; x_wconf 90' lang='lat' dir='ltr'><strong>duorum</strong></span> <span class='ocrx_word' id='word_1_231' title='bbox 2883 1764 3329 1811; x_wconf 87' lang='lat' dir='ltr'><strong>testamentorum</strong></span> <span class='ocrx_word' id='word_1_232' title='bbox 3386 1764 3570 1826; x_wconf 83' lang='lat' dir='ltr'><strong>typum</strong></span> 
     </span>
    </p>
   </div>
   <div class='ocr_carea' id='block_1_33' title="bbox 279 1834 3574 1918">
    <p class='ocr_par' dir='ltr' id='par_1_33' title="bbox 279 1834 3574 1918">
     <span class='ocr_line' id='line_1_33' title="bbox 279 1834 3574 1918; baseline -0 -19"><span class='ocrx_word' id='word_1_233' title='bbox 279 1844 507 1900; x_wconf 72' lang='lat' dir='ltr'><strong>hedera:</strong></span> <span class='ocrx_word' id='word_1_234' title='bbox 539 1844 637 1900; x_wconf 87' lang='lat' dir='ltr'><strong>sub</strong></span> <span class='ocrx_word' id='word_1_235' title='bbox 660 1842 855 1899; x_wconf 86' lang='lat' dir='ltr'><strong>umbra</strong></span> <span class='ocrx_word' id='word_1_236' title='bbox 886 1862 897 1898; x_wconf 94' lang='lat'><strong>:</strong></span> <span class='ocrx_word' id='word_1_237' title='bbox 924 1845 998 1899; x_wconf 90' lang='lat' dir='ltr'><strong>ita</strong></span> <span class='ocrx_word' id='word_1_238' title='bbox 1043 1842 1230 1900; x_wconf 89' lang='lat' dir='ltr'><strong>eadem</strong></span> <span class='ocrx_word' id='word_1_239' title='bbox 1275 1844 1425 1915; x_wconf 86' lang='lat' dir='ltr'><strong>plebs</strong></span> <span class='ocrx_word' id='word_1_240' title='bbox 1454 1856 1714 1915; x_wconf 78' lang='lat' dir='ltr'><strong>separatis</strong></span> <span class='ocrx_word' id='word_1_241' title='bbox 1758 1860 1817 1899; x_wconf 87' lang='lat' dir='ltr'><strong>se</strong></span> <span class='ocrx_word' id='word_1_242' title='bbox 1846 1859 1876 1898; x_wconf 91' lang='lat' dir='ltr'><strong>a</strong></span> <span class='ocrx_word' id='word_1_243' title='bbox 1984 1844 2298 1918; x_wconf 86' lang='lat' dir='ltr'><strong>ﬁgurantcs.</strong></span> <span class='ocrx_word' id='word_1_244' title='bbox 2327 1847 2569 1903; x_wconf 85' lang='lat' dir='ltr'><strong>Assumit</strong></span> <span class='ocrx_word' id='word_1_245' title='bbox 2588 1863 2802 1918; x_wconf 91' lang='lat' dir='ltr'><strong>quoque</strong></span> <span class='ocrx_word' id='word_1_246' title='bbox 2823 1847 2962 1902; x_wconf 88' lang='lat' dir='ltr'><strong>idem</strong></span> <span class='ocrx_word' id='word_1_247' title='bbox 2988 1848 3123 1902; x_wconf 89' lang='lat' dir='ltr'><strong>duas</strong></span> <span class='ocrx_word' id='word_1_248' title='bbox 3144 1847 3324 1918; x_wconf 82' lang='lat' dir='ltr'><strong>virgas</strong></span> <span class='ocrx_word' id='word_1_249' title='bbox 3351 1838 3574 1899; x_wconf 72' lang='lat' dir='ltr'><strong>itttiiculi</strong></span> 
     </span>
    </p>
   </div>
   <div class='ocr_carea' id='block_1_34' title="bbox 283 1934 1878 2002">
    <p class='ocr_par' dir='ltr' id='par_1_34' title="bbox 283 1934 1878 2002">
     <span class='ocr_line' id='line_1_34' title="bbox 283 1934 1878 2002; baseline -0.001 -12"><span class='ocrx_word' id='word_1_250' title='bbox 283 1936 458 1991; x_wconf 87' lang='lat' dir='ltr'><strong>salute</strong></span> <span class='ocrx_word' id='word_1_251' title='bbox 484 1935 764 2000; x_wconf 77' lang='lat' dir='ltr'><strong>Ecclesiae,</strong></span> <span class='ocrx_word' id='word_1_252' title='bbox 797 1935 984 1992; x_wconf 88' lang='lat' dir='ltr'><strong>dolore</strong></span> <span class='ocrx_word' id='word_1_253' title='bbox 1025 1935 1227 2002; x_wconf 88' lang='lat' dir='ltr'><strong>tabida,</strong></span> <span class='ocrx_word' id='word_1_254' title='bbox 1261 1946 1450 1992; x_wconf 85' lang='lat' dir='ltr'><strong>contra</strong></span> <span class='ocrx_word' id='word_1_255' title='bbox 1498 1934 1790 2001; x_wconf 86' lang='lat' dir='ltr'><strong>Christum,</strong></span> <span class='ocrx_word' id='word_1_256' title='bbox 1823 1934 1878 1989; x_wconf 86' lang='lat' dir='ltr'><strong>id</strong></span> 
     </span>
    </p>
   </div>
   <div class='ocr_carea' id='block_1_35' title="bbox 281 2022 1878 2098">
    <p class='ocr_par' dir='ltr' id='par_1_35' title="bbox 281 2022 1878 2098">
     <span class='ocr_line' id='line_1_35' title="bbox 281 2022 1878 2098; baseline -0.003 -16"><span class='ocrx_word' id='word_1_257' title='bbox 281 2035 385 2093; x_wconf 76' lang='lat' dir='ltr'><strong>est,</strong></span> <span class='ocrx_word' id='word_1_258' title='bbox 408 2026 692 2084; x_wconf 84' lang='lat' dir='ltr'><strong>Orientem</strong></span> <span class='ocrx_word' id='word_1_259' title='bbox 713 2026 974 2096; x_wconf 81' lang='lat' dir='ltr'><strong>ecclesiae,</strong></span> <span class='ocrx_word' id='word_1_260' title='bbox 990 2022 1229 2098; x_wconf 83' lang='lat' dir='ltr'><strong>linguam</strong></span> <span class='ocrx_word' id='word_1_261' title='bbox 1250 2042 1407 2083; x_wconf 88' lang='lat' dir='ltr'><strong>suam</strong></span> <span class='ocrx_word' id='word_1_262' title='bbox 1425 2030 1643 2082; x_wconf 88' lang='lat' dir='ltr'><strong>movere</strong></span> <span class='ocrx_word' id='word_1_263' title='bbox 1664 2025 1878 2093; x_wconf 89' lang='lat' dir='ltr'><strong>nititur,</strong></span> 
     </span>
    </p>
   </div>
   <div class='ocr_carea' id='block_1_36' title="bbox 280 2114 1879 2189">
    <p class='ocr_par' dir='ltr' id='par_1_36' title="bbox 280 2114 1879 2189">
     <span class='ocr_line' id='line_1_36' title="bbox 280 2114 1879 2189; baseline -0.003 -16"><span class='ocrx_word' id='word_1_264' title='bbox 280 2119 474 2173; x_wconf 86' lang='lat' dir='ltr'><strong>sedens</strong></span> <span class='ocrx_word' id='word_1_265' title='bbox 502 2118 607 2173; x_wconf 88' lang='lat' dir='ltr'><strong>sub</strong></span> <span class='ocrx_word' id='word_1_266' title='bbox 636 2118 824 2173; x_wconf 87' lang='lat' dir='ltr'><strong>umbra</strong></span> <span class='ocrx_word' id='word_1_267' title='bbox 854 2117 1009 2189; x_wconf 82' lang='lat' dir='ltr'><strong>legis,</strong></span> <span class='ocrx_word' id='word_1_268' title='bbox 1036 2131 1156 2189; x_wconf 79' lang='lat' dir='ltr'><strong>quae</strong></span> <span class='ocrx_word' id='word_1_269' title='bbox 1190 2119 1382 2172; x_wconf 85' lang='lat' dir='ltr'><strong>umbra</strong></span> <span class='ocrx_word' id='word_1_270' title='bbox 1424 2116 1595 2172; x_wconf 82' lang='lat' dir='ltr'><strong>ferme</strong></span> <span class='ocrx_word' id='word_1_271' title='bbox 1640 2114 1879 2170; x_wconf 82' lang='lat' dir='ltr'><strong>arefacta</strong></span> 
     </span>
    </p>
   </div>
   <div class='ocr_carea' id='block_1_37' title="bbox 278 2206 1881 2281">
    <p class='ocr_par' dir='ltr' id='par_1_37' title="bbox 278 2206 1881 2281">
     <span class='ocr_line' id='line_1_37' title="bbox 278 2206 1881 2281; baseline -0.002 -14"><span class='ocrx_word' id='word_1_272' title='bbox 278 2212 551 2281; x_wconf 80' lang='lat' dir='ltr'><strong>estquia,</strong></span> <span class='ocrx_word' id='word_1_273' title='bbox 592 2210 911 2266; x_wconf 84' lang='lat' dir='ltr'><strong>adveniente</strong></span> <span class='ocrx_word' id='word_1_274' title='bbox 952 2206 1198 2275; x_wconf 89' lang='lat' dir='ltr'><strong>Christo,</strong></span> <span class='ocrx_word' id='word_1_275' title='bbox 1234 2218 1404 2265; x_wconf 71' lang='lat' dir='ltr'><strong>celera</strong></span> <span class='ocrx_word' id='word_1_276' title='bbox 1450 2206 1803 2274; x_wconf 75' lang='lat' dir='ltr'><strong>transierunt,</strong></span> <span class='ocrx_word' id='word_1_277' title='bbox 1833 2218 1881 2263; x_wconf 84' lang='lat' dir='ltr'><strong>et</strong></span> 
     </span>
    </p>
   </div>
   <div class='ocr_carea' id='block_1_38' title="bbox 280 2294 1883 2374">
    <p class='ocr_par' dir='ltr' id='par_1_38' title="bbox 280 2294 1883 2374">
     <span class='ocr_line' id='line_1_38' title="bbox 280 2294 1883 2374; baseline -0.002 -17"><span class='ocrx_word' id='word_1_278' title='bbox 280 2312 399 2357; x_wconf 70' lang='lat' dir='ltr'><strong>ecce</strong></span> <span class='ocrx_word' id='word_1_279' title='bbox 424 2301 579 2372; x_wconf 76' lang='lat' dir='ltr'><strong>facta</strong></span> <span class='ocrx_word' id='word_1_280' title='bbox 615 2311 735 2357; x_wconf 76' lang='lat' dir='ltr'><strong>sunt</strong></span> <span class='ocrx_word' id='word_1_281' title='bbox 765 2300 939 2357; x_wconf 76' lang='lat' dir='ltr'><strong>munia</strong></span> <span class='ocrx_word' id='word_1_282' title='bbox 980 2318 1111 2356; x_wconf 83' lang='lat' dir='ltr'><strong>nova</strong></span> <span class='ocrx_word' id='word_1_283' title='bbox 1144 2298 1226 2374; x_wconf 84' lang='lat' dir='ltr'><strong>(ll</strong></span> <span class='ocrx_word' id='word_1_284' title='bbox 1269 2294 1389 2356; x_wconf 85' lang='lat' dir='ltr'><strong>Cor.</strong></span> <span class='ocrx_word' id='word_1_285' title='bbox 1422 2300 1498 2372; x_wconf 91' lang='lat' dir='ltr'><strong>v).</strong></span> <span class='ocrx_word' id='word_1_286' title='bbox 1532 2298 1883 2370; x_wconf 83' lang='lat' dir='ltr'><strong>Prophetavit</strong></span> 
     </span>
    </p>
   </div>
   <div class='ocr_carea' id='block_1_39' title="bbox 264 2388 1883 2463">
    <p class='ocr_par' dir='ltr' id='par_1_39' title="bbox 264 2388 1883 2463">
     <span class='ocr_line' id='line_1_39' title="bbox 264 2388 1883 2463; baseline -0.001 -16"><span class='ocrx_word' id='word_1_287' title='bbox 264 2400 461 2448; x_wconf 72' lang='lat' dir='ltr'><strong>autem</strong></span> <span class='ocrx_word' id='word_1_288' title='bbox 488 2393 605 2448; x_wconf 79' lang='lat' dir='ltr'><strong>sub</strong></span> <span class='ocrx_word' id='word_1_289' title='bbox 621 2392 751 2449; x_wconf 82' lang='lat' dir='ltr'><strong>Ozia</strong></span> <span class='ocrx_word' id='word_1_290' title='bbox 784 2394 908 2461; x_wconf 81' lang='lat' dir='ltr'><strong>rege</strong></span> <span class='ocrx_word' id='word_1_291' title='bbox 934 2392 1089 2457; x_wconf 80' lang='lat' dir='ltr'><strong>.luda,</strong></span> <span class='ocrx_word' id='word_1_292' title='bbox 1115 2394 1332 2463; x_wconf 89' lang='lat' dir='ltr'><strong>quando</strong></span> <span class='ocrx_word' id='word_1_293' title='bbox 1366 2402 1422 2447; x_wconf 90' lang='lat' dir='ltr'><strong>et</strong></span> <span class='ocrx_word' id='word_1_294' title='bbox 1466 2392 1603 2449; x_wconf 88' lang='lat' dir='ltr'><strong>Osee</strong></span> <span class='ocrx_word' id='word_1_295' title='bbox 1637 2400 1691 2446; x_wconf 90' lang='lat' dir='ltr'><strong>et</strong></span> <span class='ocrx_word' id='word_1_296' title='bbox 1718 2388 1883 2446; x_wconf 78' lang='lat' dir='ltr'><strong>Amos</strong></span> 
     </span>
    </p>
   </div>
   <div class='ocr_carea' id='block_1_40' title="bbox 282 2474 1059 2554">
    <p class='ocr_par' dir='ltr' id='par_1_40' title="bbox 282 2474 1059 2554">
     <span class='ocr_line' id='line_1_40' title="bbox 282 2474 1059 2554; baseline -0.001 -16"><span class='ocrx_word' id='word_1_297' title='bbox 282 2489 337 2538; x_wconf 74' lang='lat' dir='ltr'><strong>et</strong></span> <span class='ocrx_word' id='word_1_298' title='bbox 369 2482 550 2538; x_wconf 86' lang='lat' dir='ltr'><strong>lsaias</strong></span> <span class='ocrx_word' id='word_1_299' title='bbox 577 2474 1059 2554; x_wconf 75' lang='lat' dir='ltr'><strong>prophetaverun‘t.</strong></span> 
     </span>
    </p>
   </div>
   <div class='ocr_carea' id='block_1_41' title="bbox 290 2572 1883 2646">
    <p class='ocr_par' dir='ltr' id='par_1_41' title="bbox 290 2572 1883 2646">
     <span class='ocr_line' id='line_1_41' title="bbox 290 2572 1883 2646; baseline -0.004 -15"><span class='ocrx_word' id='word_1_300' title='bbox 290 2622 293 2625; x_wconf 47' lang='grc' dir='ltr'><strong><em>μ</em></strong></span> <span class='ocrx_word' id='word_1_301' title='bbox 352 2573 644 2640; x_wconf 60' lang='lat' dir='ltr'><strong>licium,</strong></span> <span class='ocrx_word' id='word_1_302' title='bbox 671 2574 727 2630; x_wconf 83' lang='lat' dir='ltr'><strong>id</strong></span> <span class='ocrx_word' id='word_1_303' title='bbox 750 2582 856 2641; x_wconf 87' lang='lat' dir='ltr'><strong>est,</strong></span> <span class='ocrx_word' id='word_1_304' title='bbox 876 2574 992 2645; x_wconf 68' lang='lat' dir='ltr'><strong>quis</strong></span> <span class='ocrx_word' id='word_1_305' title='bbox 1018 2574 1101 2629; x_wconf 73' lang='lat' dir='ltr'><strong>hic</strong></span> <span class='ocrx_word' id='word_1_306' title='bbox 1123 2574 1252 2630; x_wconf 81' lang='lat' dir='ltr'><strong>?vel</strong></span> <span class='ocrx_word' id='word_1_307' title='bbox 1277 2575 1395 2646; x_wconf 72' lang='lat' dir='ltr'><strong>quis</strong></span> <span class='ocrx_word' id='word_1_308' title='bbox 1416 2576 1554 2629; x_wconf 81' lang='lat' dir='ltr'><strong>iste?</strong></span> <span class='ocrx_word' id='word_1_309' title='bbox 1597 2572 1682 2629; x_wconf 86' lang='lat' dir='ltr'><strong>vel</strong></span> <span class='ocrx_word' id='word_1_310' title='bbox 1709 2574 1883 2628; x_wconf 80' lang='lat' dir='ltr'><strong>humi-</strong></span> 
     </span>
    </p>
   </div>
   <div class='ocr_carea' id='block_1_42' title="bbox 280 2662 1883 2736">
    <p class='ocr_par' dir='ltr' id='par_1_42' title="bbox 280 2662 1883 2736">
     <span class='ocr_line' id='line_1_42' title="bbox 280 2662 1883 2736; baseline -0.002 -14"><span class='ocrx_word' id='word_1_311' title='bbox 280 2663 724 2722; x_wconf 64' lang='lat' dir='ltr'><strong>litas..llichaeas</strong></span> <span class='ocrx_word' id='word_1_312' title='bbox 749 2666 1010 2736; x_wconf 78' lang='lat' dir='ltr'><strong>propheta</strong></span> <span class='ocrx_word' id='word_1_313' title='bbox 1037 2667 1399 2722; x_wconf 82' lang='lat' dir='ltr'><strong>comminatur</strong></span> <span class='ocrx_word' id='word_1_314' title='bbox 1439 2662 1702 2721; x_wconf 80' lang='lat' dir='ltr'><strong>Samariae</strong></span> <span class='ocrx_word' id='word_1_315' title='bbox 1747 2664 1883 2720; x_wconf 87' lang='lat' dir='ltr'><strong>iram</strong></span> 
     </span>
    </p>
   </div>
   <div class='ocr_carea' id='block_1_43' title="bbox 258 2752 1880 2828">
    <p class='ocr_par' dir='ltr' id='par_1_43' title="bbox 258 2752 1880 2828">
     <span class='ocr_line' id='line_1_43' title="bbox 258 2752 1880 2828; baseline -0.002 -13"><span class='ocrx_word' id='word_1_316' title='bbox 258 2755 505 2815; x_wconf 60' lang='lat' dir='ltr'><strong>Domini</strong></span> <span class='ocrx_word' id='word_1_317' title='bbox 524 2758 609 2813; x_wconf 29' lang='lat' dir='ltr'><strong>iob</strong></span> <span class='ocrx_word' id='word_1_318' title='bbox 633 2768 853 2814; x_wconf 79' lang='lat' dir='ltr'><strong>causam</strong></span> <span class='ocrx_word' id='word_1_319' title='bbox 898 2752 1333 2823; x_wconf 79' lang='lat' dir='ltr'><strong>sinmlacrorum,</strong></span> <span class='ocrx_word' id='word_1_320' title='bbox 1366 2756 1754 2827; x_wconf 84' lang='lat' dir='ltr'><strong>interitumque</strong></span> <span class='ocrx_word' id='word_1_321' title='bbox 1781 2771 1880 2828; x_wconf 85' lang='lat' dir='ltr'><strong>po-</strong></span> 
     </span>
    </p>
   </div>
   <div class='ocr_carea' id='block_1_44' title="bbox 280 2848 1885 2922">
    <p class='ocr_par' dir='ltr' id='par_1_44' title="bbox 280 2848 1885 2922">
     <span class='ocr_line' id='line_1_44' title="bbox 280 2848 1885 2922; baseline 0 -17"><span class='ocrx_word' id='word_1_322' title='bbox 280 2849 400 2921; x_wconf 82' lang='lat' dir='ltr'><strong>puli</strong></span> <span class='ocrx_word' id='word_1_323' title='bbox 424 2848 603 2906; x_wconf 81' lang='lat' dir='ltr'><strong>lsrael</strong></span> <span class='ocrx_word' id='word_1_324' title='bbox 622 2857 907 2905; x_wconf 87' lang='lat' dir='ltr'><strong>venturum</strong></span> <span class='ocrx_word' id='word_1_325' title='bbox 943 2851 1248 2917; x_wconf 83' lang='lat' dir='ltr'><strong>denuntiat,</strong></span> <span class='ocrx_word' id='word_1_326' title='bbox 1277 2851 1453 2908; x_wconf 92' lang='lat' dir='ltr'><strong>locum</strong></span> <span class='ocrx_word' id='word_1_327' title='bbox 1484 2849 1668 2917; x_wconf 84' lang='lat' dir='ltr'><strong>etiam,</strong></span> <span class='ocrx_word' id='word_1_328' title='bbox 1694 2851 1748 2905; x_wconf 92' lang='lat' dir='ltr'><strong>in</strong></span> <span class='ocrx_word' id='word_1_329' title='bbox 1778 2864 1885 2922; x_wconf 90' lang='lat' dir='ltr'><strong>quo</strong></span> 
     </span>
    </p>
   </div>
   <div class='ocr_carea' id='block_1_45' title="bbox 283 2940 1883 3018">
    <p class='ocr_par' dir='ltr' id='par_1_45' title="bbox 283 2940 1883 3018">
     <span class='ocr_line' id='line_1_45' title="bbox 283 2940 1883 3018; baseline 0.004 -19"><span class='ocrx_word' id='word_1_330' title='bbox 283 2940 552 3001; x_wconf 68' lang='lat' dir='ltr'><strong>Christus</strong></span> <span class='ocrx_word' id='word_1_331' title='bbox 582 2952 917 3013; x_wconf 85' lang='lat' dir='ltr'><strong>nasceretur,</strong></span> <span class='ocrx_word' id='word_1_332' title='bbox 964 2944 1319 3003; x_wconf 84' lang='lat' dir='ltr'><strong>demonstrat.</strong></span> <span class='ocrx_word' id='word_1_333' title='bbox 1378 2946 1731 3018; x_wconf 82' lang='lat' dir='ltr'><strong>Prophetavit</strong></span> <span class='ocrx_word' id='word_1_334' title='bbox 1782 2945 1883 3005; x_wconf 81' lang='lat' dir='ltr'><strong>sub</strong></span> 
     </span>
    </p>
   </div>
   <div class='ocr_carea' id='block_1_46' title="bbox 282 3027 1125 3109">
    <p class='ocr_par' dir='ltr' id='par_1_46' title="bbox 282 3027 1125 3109">
     <span class='ocr_line' id='line_1_46' title="bbox 282 3027 1125 3109; baseline 0.001 -16"><span class='ocrx_word' id='word_1_335' title='bbox 282 3033 439 3103; x_wconf 68' lang='lat' dir='ltr'><strong>Otia,</strong></span> <span class='ocrx_word' id='word_1_336' title='bbox 466 3036 703 3107; x_wconf 77' lang='lat' dir='ltr'><strong>quando</strong></span> <span class='ocrx_word' id='word_1_337' title='bbox 725 3044 781 3094; x_wconf 79' lang='lat' dir='ltr'><strong>et</strong></span> <span class='ocrx_word' id='word_1_338' title='bbox 804 3027 1125 3109; x_wconf 72' lang='lat' dir='ltr'><strong>Sophonras.</strong></span> 
     </span>
    </p>
   </div>
   <div class='ocr_carea' id='block_1_47' title="bbox 357 3125 1881 3200">
    <p class='ocr_par' dir='ltr' id='par_1_47' title="bbox 357 3125 1881 3200">
     <span class='ocr_line' id='line_1_47' title="bbox 357 3125 1881 3200; baseline 0.003 -18"><span class='ocrx_word' id='word_1_339' title='bbox 357 3125 692 3199; x_wconf 41' lang='lat' dir='ltr'><strong>Naum,.qui</strong></span> <span class='ocrx_word' id='word_1_340' title='bbox 744 3129 1158 3200; x_wconf 85' lang='lat' dir='ltr'><strong>interpretatur,</strong></span> <span class='ocrx_word' id='word_1_341' title='bbox 1202 3130 1541 3198; x_wconf 76' lang='lat' dir='ltr'><strong>consolator,</strong></span> <span class='ocrx_word' id='word_1_342' title='bbox 1591 3128 1881 3186; x_wconf 88' lang='lat' dir='ltr'><strong>simulacra</strong></span> 
     </span>
    </p>
   </div>
   <div class='ocr_carea' id='block_1_48' title="bbox 280 3193 1956 3289">
    <p class='ocr_par' dir='ltr' id='par_1_48' title="bbox 280 3193 1956 3289">
     <span class='ocr_line' id='line_1_48' title="bbox 280 3193 1956 3289; baseline 0.005 -17"><span class='ocrx_word' id='word_1_343' title='bbox 280 3193 977 3289; x_wconf 54' lang='lat' dir='ltr'><strong>gmtiumenterminanda</strong></span> <span class='ocrx_word' id='word_1_344' title='bbox 1006 3193 1307 3289; x_wconf 86' lang='lat' dir='ltr'><strong>denuntiat,</strong></span> <span class='ocrx_word' id='word_1_345' title='bbox 1336 3239 1435 3280; x_wconf 91' lang='lat' dir='ltr'><strong>nec</strong></span> <span class='ocrx_word' id='word_1_346' title='bbox 1473 3193 1577 3279; x_wconf 86' lang='lat' dir='ltr'><strong>non</strong></span> <span class='ocrx_word' id='word_1_347' title='bbox 1607 3232 1665 3279; x_wconf 90' lang='lat' dir='ltr'><strong>et</strong></span> <span class='ocrx_word' id='word_1_348' title='bbox 1691 3224 1883 3281; x_wconf 87' lang='lat' dir='ltr'><strong>urbem</strong></span> <span class='ocrx_word' id='word_1_349' title='bbox 1910 3193 1956 3258; x_wconf 62' lang='grc' dir='ltr'><strong>Ο</strong></span> 
     </span>
    </p>
   </div>
   <div class='ocr_carea' id='block_1_49' title="bbox 285 3310 1887 3388">
    <p class='ocr_par' dir='ltr' id='par_1_49' title="bbox 285 3310 1887 3388">
     <span class='ocr_line' id='line_1_49' title="bbox 285 3310 1887 3388; baseline 0.006 -22"><span class='ocrx_word' id='word_1_350' title='bbox 285 3314 623 3384; x_wconf 61' lang='lat' dir='ltr'><strong>anguinum</strong></span> <span class='ocrx_word' id='word_1_351' title='bbox 664 3310 969 3370; x_wconf 72' lang='lat' dir='ltr'><strong>Jerusalem</strong></span> <span class='ocrx_word' id='word_1_352' title='bbox 1008 3333 1020 3369; x_wconf 93' lang='lat'><strong>:</strong></span> <span class='ocrx_word' id='word_1_353' title='bbox 1054 3325 1185 3386; x_wconf 75' lang='lat' dir='ltr'><strong>post</strong></span> <span class='ocrx_word' id='word_1_354' title='bbox 1208 3315 1365 3386; x_wconf 86' lang='lat' dir='ltr'><strong>cujus</strong></span> <span class='ocrx_word' id='word_1_355' title='bbox 1398 3316 1674 3373; x_wconf 88' lang='lat' dir='ltr'><strong>interitum</strong></span> <span class='ocrx_word' id='word_1_356' title='bbox 1722 3318 1887 3388; x_wconf 87' lang='lat' dir='ltr'><strong>pedes</strong></span> 
     </span>
    </p>
   </div>
   <div class='ocr_carea' id='block_1_50' title="bbox 266 3403 1885 3480">
    <p class='ocr_par' dir='ltr' id='par_1_50' title="bbox 266 3403 1885 3480">
     <span class='ocr_line' id='line_1_50' title="bbox 266 3403 1885 3480; baseline 0.004 -19"><span class='ocrx_word' id='word_1_357' title='bbox 266 3403 675 3461; x_wconf 48' lang='lat' dir='ltr'><strong>damnantis</strong></span> <span class='ocrx_word' id='word_1_358' title='bbox 692 3405 983 3476; x_wconf 83' lang='lat' dir='ltr'><strong>pacem,id</strong></span> <span class='ocrx_word' id='word_1_359' title='bbox 1004 3413 1108 3472; x_wconf 86' lang='lat' dir='ltr'><strong>est,</strong></span> <span class='ocrx_word' id='word_1_360' title='bbox 1125 3407 1413 3463; x_wconf 84' lang='lat' dir='ltr'><strong>adventum</strong></span> <span class='ocrx_word' id='word_1_361' title='bbox 1437 3406 1734 3464; x_wconf 80' lang='lat' dir='ltr'><strong>Salv&#39;atoris</strong></span> <span class='ocrx_word' id='word_1_362' title='bbox 1756 3423 1885 3480; x_wconf 87' lang='lat' dir='ltr'><strong>pro-</strong></span> 
     </span>
    </p>
   </div>
   <div class='ocr_carea' id='block_1_51' title="bbox 282 3493 1497 3550">
    <p class='ocr_par' dir='ltr' id='par_1_51' title="bbox 282 3493 1497 3550">
     <span class='ocr_line' id='line_1_51' title="bbox 282 3493 1497 3550; baseline -0.007 0"><span class='ocrx_word' id='word_1_363' title='bbox 282 3493 519 3550; x_wconf 72' lang='lat' dir='ltr'><strong>clamat.</strong></span> <span class='ocrx_word' id='word_1_364' title='bbox 1494 3534 1497 3541; x_wconf 93' lang='lat'>.</span> 
     </span>
    </p>
   </div>
   <div class='ocr_carea' id='block_1_52' title="bbox 307 3583 1885 3660">
    <p class='ocr_par' dir='ltr' id='par_1_52' title="bbox 307 3583 1885 3660">
     <span class='ocr_line' id='line_1_52' title="bbox 307 3583 1885 3660; baseline 0.004 -21"><span class='ocrx_word' id='word_1_365' title='bbox 307 3622 313 3639; x_wconf 91' lang='lat'><strong>.</strong></span> <span class='ocrx_word' id='word_1_366' title='bbox 356 3583 611 3649; x_wconf 76' lang='lat' dir='ltr'><strong>Abaeuu,</strong></span> <span class='ocrx_word' id='word_1_367' title='bbox 638 3585 966 3657; x_wconf 68' lang='lat' dir='ltr'><strong>arripiamus,</strong></span> <span class='ocrx_word' id='word_1_368' title='bbox 996 3588 1112 3644; x_wconf 83' lang='lat' dir='ltr'><strong>sive</strong></span> <span class='ocrx_word' id='word_1_369' title='bbox 1153 3588 1378 3643; x_wconf 77' lang='lat' dir='ltr'><strong>luctator</strong></span> <span class='ocrx_word' id='word_1_370' title='bbox 1401 3588 1574 3658; x_wconf 75' lang='lat' dir='ltr'><strong>fortis,</strong></span> <span class='ocrx_word' id='word_1_371' title='bbox 1599 3589 1655 3645; x_wconf 92' lang='lat' dir='ltr'><strong>in</strong></span> <span class='ocrx_word' id='word_1_372' title='bbox 1686 3588 1885 3660; x_wconf 82' lang='lat' dir='ltr'><strong>princi-</strong></span> 
     </span>
    </p>
   </div>
   <div class='ocr_carea' id='block_1_53' title="bbox 283 3674 1887 3745">
    <p class='ocr_par' dir='ltr' id='par_1_53' title="bbox 283 3674 1887 3745">
     <span class='ocr_line' id='line_1_53' title="bbox 283 3674 1887 3745; baseline 0.007 -17"><span class='ocrx_word' id='word_1_373' title='bbox 283 3675 383 3745; x_wconf 78' lang='lat' dir='ltr'><strong>pio</strong></span> <span class='ocrx_word' id='word_1_374' title='bbox 407 3674 709 3731; x_wconf 75' lang='lat' dir='ltr'><strong>voluminis</strong></span> <span class='ocrx_word' id='word_1_375' title='bbox 730 3677 816 3733; x_wconf 74' lang='lat' dir='ltr'><strong>sui</strong></span> <span class='ocrx_word' id='word_1_376' title='bbox 846 3676 1105 3734; x_wconf 84' lang='lat' dir='ltr'><strong>describit</strong></span> <span class='ocrx_word' id='word_1_377' title='bbox 1132 3678 1406 3736; x_wconf 78' lang='lat' dir='ltr'><strong>diabolum</strong></span> <span class='ocrx_word' id='word_1_378' title='bbox 1455 3697 1579 3737; x_wconf 89' lang='lat' dir='ltr'><strong>eum</strong></span> <span class='ocrx_word' id='word_1_379' title='bbox 1629 3682 1887 3740; x_wconf 83' lang='lat' dir='ltr'><strong>membris</strong></span> 
     </span>
    </p>
   </div>
   <div class='ocr_carea' id='block_1_54' title="bbox 279 3762 1888 3838">
    <p class='ocr_par' dir='ltr' id='par_1_54' title="bbox 279 3762 1888 3838">
     <span class='ocr_line' id='line_1_54' title="bbox 279 3762 1888 3838; baseline 0.007 -20"><span class='ocrx_word' id='word_1_380' title='bbox 279 3782 357 3824; x_wconf 74' lang='lat' dir='ltr'><strong>ac</strong></span> <span class='ocrx_word' id='word_1_381' title='bbox 381 3762 636 3820; x_wconf 75' lang='lat' dir='ltr'><strong>moribus</strong></span> <span class='ocrx_word' id='word_1_382' title='bbox 663 3764 775 3821; x_wconf 83' lang='lat' dir='ltr'><strong>suis</strong></span> <span class='ocrx_word' id='word_1_383' title='bbox 806 3784 818 3818; x_wconf 94' lang='lat'>:</span> <span class='ocrx_word' id='word_1_384' title='bbox 856 3765 912 3821; x_wconf 90' lang='lat' dir='ltr'><strong>in</strong></span> <span class='ocrx_word' id='word_1_385' title='bbox 938 3767 1052 3823; x_wconf 79' lang='lat' dir='ltr'><strong>ﬁne</strong></span> <span class='ocrx_word' id='word_1_386' title='bbox 1079 3764 1209 3824; x_wconf 81' lang='lat' dir='ltr'><strong>vero</strong></span> <span class='ocrx_word' id='word_1_387' title='bbox 1238 3771 1547 3838; x_wconf 85' lang='lat' dir='ltr'><strong>pronuntiat</strong></span> <span class='ocrx_word' id='word_1_388' title='bbox 1594 3772 1888 3830; x_wconf 87' lang='lat' dir='ltr'><strong>adventum</strong></span> 
     </span>
    </p>
   </div>
   <div class='ocr_carea' id='block_1_55' title="bbox 282 3852 1725 3929">
    <p class='ocr_par' dir='ltr' id='par_1_55' title="bbox 282 3852 1725 3929">
     <span class='ocr_line' id='line_1_55' title="bbox 282 3852 1725 3929; baseline -0.002 -19"><span class='ocrx_word' id='word_1_389' title='bbox 282 3854 721 3929; x_wconf 64' lang='lat' dir='ltr'><strong>pasionetnque</strong></span> <span class='ocrx_word' id='word_1_390' title='bbox 746 3852 1070 3913; x_wconf 84' lang='lat' dir='ltr'><strong>Salvatoris.</strong></span> <span class='ocrx_word' id='word_1_391' title='bbox 1724 3890 1725 3893; x_wconf 60' lang='grc' dir='ltr'><strong>η</strong></span> 
     </span>
    </p>
   </div>
   <div class='ocr_carea' id='block_1_56' title="bbox 334 3943 1891 4022">
    <p class='ocr_par' dir='ltr' id='par_1_56' title="bbox 334 3943 1891 4022">
     <span class='ocr_line' id='line_1_56' title="bbox 334 3943 1891 4022; baseline 0.004 -20"><span class='ocrx_word' id='word_1_392' title='bbox 334 3984 337 3987; x_wconf 95' lang='grc'><strong><em>-</em></strong></span> <span class='ocrx_word' id='word_1_393' title='bbox 360 3943 697 4017; x_wconf 69' lang='lat' dir='ltr'><strong>Sophonias&#39;,</strong></span> <span class='ocrx_word' id='word_1_394' title='bbox 714 3947 1011 4017; x_wconf 65' lang='lat' dir='ltr'><strong>specularer</strong></span> <span class='ocrx_word' id='word_1_395' title='bbox 1022 3948 1386 4019; x_wconf 69' lang='lat' dir='ltr'><strong>mysteriorum</strong></span> <span class='ocrx_word' id='word_1_396' title='bbox 1404 3944 1518 4017; x_wconf 70' lang='lat' dir='ltr'><strong>Dei,</strong></span> <span class='ocrx_word' id='word_1_397' title='bbox 1537 3948 1891 4022; x_wconf 86' lang='lat' dir='ltr'><strong>cernitcapti-</strong></span> 
     </span>
    </p>
   </div>
   <div class='ocr_carea' id='block_1_57' title="bbox 289 4036 1892 4114">
    <p class='ocr_par' dir='ltr' id='par_1_57' title="bbox 289 4036 1892 4114">
     <span class='ocr_line' id='line_1_57' title="bbox 289 4036 1892 4114; baseline 0 -16"><span class='ocrx_word' id='word_1_398' title='bbox 289 4040 525 4098; x_wconf 70' lang='lat' dir='ltr'><strong>vitatum</strong></span> <span class='ocrx_word' id='word_1_399' title='bbox 559 4036 857 4096; x_wconf 70' lang='lat' dir='ltr'><strong>Jerusalem</strong></span> <span class='ocrx_word' id='word_1_400' title='bbox 895 4038 1051 4096; x_wconf 81' lang='lat' dir='ltr'><strong>urbis</strong></span> <span class='ocrx_word' id='word_1_401' title='bbox 1079 4046 1133 4095; x_wconf 64' lang='grc' dir='ltr'><strong>πε</strong></span> <span class='ocrx_word' id='word_1_402' title='bbox 1168 4041 1429 4097; x_wconf 74' lang='lat' dir='ltr'><strong>Romanis</strong></span> <span class='ocrx_word' id='word_1_403' title='bbox 1476 4042 1737 4109; x_wconf 73' lang='lat' dir='ltr'><strong>futuram,</strong></span> <span class='ocrx_word' id='word_1_404' title='bbox 1794 4042 1892 4114; x_wconf 67' lang='lat' dir='ltr'><strong>per</strong></span> 
     </span>
    </p>
   </div>
   <div class='ocr_carea' id='block_1_58' title="bbox 289 4129 1893 4205">
    <p class='ocr_par' dir='ltr' id='par_1_58' title="bbox 289 4129 1893 4205">
     <span class='ocr_line' id='line_1_58' title="bbox 289 4129 1893 4205; baseline 0.002 -17"><span class='ocrx_word' id='word_1_405' title='bbox 289 4144 497 4193; x_wconf 75' lang='lat' dir='ltr'><strong>vocem.</strong></span> <span class='ocrx_word' id='word_1_406' title='bbox 512 4129 775 4188; x_wconf 68' lang='lat' dir='ltr'><strong>clamans</strong></span> <span class='ocrx_word' id='word_1_407' title='bbox 796 4147 825 4185; x_wconf 91' lang='lat' dir='ltr'><strong>a</strong></span> <span class='ocrx_word' id='word_1_408' title='bbox 851 4136 1009 4201; x_wconf 78' lang='lat' dir='ltr'><strong>porta</strong></span> <span class='ocrx_word' id='word_1_409' title='bbox 1031 4131 1287 4202; x_wconf 78' lang='lat' dir='ltr'><strong>piscium,</strong></span> <span class='ocrx_word' id='word_1_410' title='bbox 1310 4142 1366 4189; x_wconf 86' lang='lat' dir='ltr'><strong>et</strong></span> <span class='ocrx_word' id='word_1_411' title='bbox 1390 4146 1487 4205; x_wconf 87' lang='lat' dir='ltr'><strong>per</strong></span> <span class='ocrx_word' id='word_1_412' title='bbox 1512 4132 1728 4190; x_wconf 75' lang='lat' dir='ltr'><strong>collium</strong></span> <span class='ocrx_word' id='word_1_413' title='bbox 1759 4150 1893 4191; x_wconf 80' lang='lat' dir='ltr'><strong>con-</strong></span> 
     </span>
    </p>
   </div>
   <div class='ocr_carea' id='block_1_59' title="bbox 293 4214 1888 4295">
    <p class='ocr_par' dir='ltr' id='par_1_59' title="bbox 293 4214 1888 4295">
     <span class='ocr_line' id='line_1_59' title="bbox 293 4214 1888 4295; baseline 0.001 -14"><span class='ocrx_word' id='word_1_414' title='bbox 293 4223 601 4289; x_wconf 69' lang='lat' dir='ltr'><strong>tritionem&#39;,</strong></span> <span class='ocrx_word' id='word_1_415' title='bbox 632 4221 687 4279; x_wconf 90' lang='lat' dir='ltr'><strong>id</strong></span> <span class='ocrx_word' id='word_1_416' title='bbox 710 4231 795 4280; x_wconf 87' lang='lat' dir='ltr'><strong>est</strong></span> <span class='ocrx_word' id='word_1_417' title='bbox 819 4224 1018 4281; x_wconf 76' lang='lat' dir='ltr'><strong>montis</strong></span> <span class='ocrx_word' id='word_1_418' title='bbox 1043 4214 1198 4291; x_wconf 79' lang='lat' dir='ltr'><strong>Sion,</strong></span> <span class='ocrx_word' id='word_1_419' title='bbox 1222 4220 1321 4295; x_wconf 77' lang='lat' dir='ltr'><strong>qui</strong></span> <span class='ocrx_word' id='word_1_420' title='bbox 1340 4232 1451 4281; x_wconf 81' lang='lat' dir='ltr'><strong>est&#39;</strong></span> <span class='ocrx_word' id='word_1_421' title='bbox 1469 4225 1622 4282; x_wconf 86' lang='lat' dir='ltr'><strong>collis</strong></span> <span class='ocrx_word' id='word_1_422' title='bbox 1666 4224 1888 4282; x_wconf 76' lang='lat' dir='ltr'><strong>Jerusa-</strong></span> 
     </span>
    </p>
   </div>
   <div class='ocr_carea' id='block_1_60' title="bbox 293 4312 1887 4387">
    <p class='ocr_par' dir='ltr' id='par_1_60' title="bbox 293 4312 1887 4387">
     <span class='ocr_line' id='line_1_60' title="bbox 293 4312 1887 4387; baseline 0.003 -20"><span class='ocrx_word' id='word_1_423' title='bbox 293 4313 423 4380; x_wconf 88' lang='lat' dir='ltr'><strong>lem,</strong></span> <span class='ocrx_word' id='word_1_424' title='bbox 441 4327 548 4369; x_wconf 86' lang='lat' dir='ltr'><strong>nec</strong></span> <span class='ocrx_word' id='word_1_425' title='bbox 566 4322 681 4369; x_wconf 72' lang='lat' dir='ltr'><strong>non</strong></span> <span class='ocrx_word' id='word_1_426' title='bbox 712 4312 943 4371; x_wconf 80' lang='lat' dir='ltr'><strong>aliarum</strong></span> <span class='ocrx_word' id='word_1_427' title='bbox 970 4316 1214 4385; x_wconf 75' lang='lat' dir='ltr'><strong>gentium</strong></span> <span class='ocrx_word' id='word_1_428' title='bbox 1235 4316 1576 4372; x_wconf 81' lang='lat' dir='ltr'><strong>eversionem</strong></span> <span class='ocrx_word' id='word_1_429' title='bbox 1606 4314 1887 4387; x_wconf 57' lang='lat' dir='ltr'><strong>pradicat,</strong></span> 
     </span>
    </p>
   </div>
   <div class='ocr_carea' id='block_1_61' title="bbox 296 4400 1907 4480">
    <p class='ocr_par' dir='ltr' id='par_1_61' title="bbox 296 4400 1907 4480">
     <span class='ocr_line' id='line_1_61' title="bbox 296 4400 1907 4480; baseline 0.005 -19"><span class='ocrx_word' id='word_1_430' title='bbox 296 4412 675 4475; x_wconf 70' lang='lat' dir='ltr'><strong>terroremque</strong></span> <span class='ocrx_word' id='word_1_431' title='bbox 710 4404 875 4462; x_wconf 80' lang='lat' dir='ltr'><strong>divini</strong></span> <span class='ocrx_word' id='word_1_432' title='bbox 906 4400 1092 4476; x_wconf 53' lang='grc' dir='ltr'><strong>ᾕᾶίῶί</strong></span> <span class='ocrx_word' id='word_1_433' title='bbox 1126 4406 1357 4464; x_wconf 79' lang='lat' dir='ltr'><strong>imonat.</strong></span> <span class='ocrx_word' id='word_1_434' title='bbox 1403 4406 1673 4480; x_wconf 78' lang='lat' dir='ltr'><strong>Loquitur</strong></span> <span class='ocrx_word' id='word_1_435' title='bbox 1719 4406 1907 4469; x_wconf 75' lang='lat' dir='ltr'><strong>etiam</strong></span> 
     </span>
    </p>
   </div>
   <div class='ocr_carea' id='block_1_62' title="bbox 296 4494 1891 4571">
    <p class='ocr_par' dir='ltr' id='par_1_62' title="bbox 296 4494 1891 4571">
     <span class='ocr_line' id='line_1_62' title="bbox 296 4494 1891 4571; baseline 0.001 -16"><span class='ocrx_word' id='word_1_436' title='bbox 296 4506 493 4555; x_wconf 70' lang='lat' dir='ltr'><strong>contra</strong></span> <span class='ocrx_word' id='word_1_437' title='bbox 512 4495 678 4553; x_wconf 70' lang='lat' dir='ltr'><strong>Moab</strong></span> <span class='ocrx_word' id='word_1_438' title='bbox 700 4505 757 4553; x_wconf 89' lang='lat' dir='ltr'><strong>et</strong></span> <span class='ocrx_word' id='word_1_439' title='bbox 779 4497 1008 4553; x_wconf 78' lang='lat' dir='ltr'><strong>Ammon</strong></span> <span class='ocrx_word' id='word_1_440' title='bbox 1029 4539 1042 4564; x_wconf 94' lang='lat'><strong>,</strong></span> <span class='ocrx_word' id='word_1_441' title='bbox 1065 4494 1165 4554; x_wconf 73' lang='lat' dir='ltr'><strong>sed</strong></span> <span class='ocrx_word' id='word_1_442' title='bbox 1178 4512 1280 4568; x_wconf 89' lang='lat' dir='ltr'><strong>per</strong></span> <span class='ocrx_word' id='word_1_443' title='bbox 1307 4498 1450 4571; x_wconf 84' lang='lat' dir='ltr'><strong>ipsos</strong></span> <span class='ocrx_word' id='word_1_444' title='bbox 1474 4504 1741 4571; x_wconf 82' lang='lat' dir='ltr'><strong>tanquam</strong></span> <span class='ocrx_word' id='word_1_445' title='bbox 1768 4494 1891 4558; x_wconf 86' lang='lat' dir='ltr'><strong>lini-</strong></span> 
     </span>
    </p>
   </div>
   <div class='ocr_carea' id='block_1_63' title="bbox 1982 1934 3575 2010">
    <p class='ocr_par' dir='ltr' id='par_1_63' title="bbox 1982 1934 3575 2010">
     <span class='ocr_line' id='line_1_63' title="bbox 1982 1934 3575 2010; baseline -0.004 -15"><span class='ocrx_word' id='word_1_446' title='bbox 1982 1948 2035 1995; x_wconf 87' lang='lat' dir='ltr'><strong>et</strong></span> <span class='ocrx_word' id='word_1_447' title='bbox 2061 1938 2271 1995; x_wconf 87' lang='lat' dir='ltr'><strong>decoris</strong></span> <span class='ocrx_word' id='word_1_448' title='bbox 2316 1939 2368 1993; x_wconf 92' lang='lat' dir='ltr'><strong>in</strong></span> <span class='ocrx_word' id='word_1_449' title='bbox 2417 1947 2541 2010; x_wconf 88' lang='lat' dir='ltr'><strong>typo</strong></span> <span class='ocrx_word' id='word_1_450' title='bbox 2587 1934 2894 1995; x_wconf 68' lang='lat' dir='ltr'><strong>Judzeorum</strong></span> <span class='ocrx_word' id='word_1_451' title='bbox 2950 1947 3007 1992; x_wconf 89' lang='lat' dir='ltr'><strong>et</strong></span> <span class='ocrx_word' id='word_1_452' title='bbox 3048 1938 3310 2009; x_wconf 89' lang='lat' dir='ltr'><strong>gentium.</strong></span> <span class='ocrx_word' id='word_1_453' title='bbox 3368 1934 3575 2003; x_wconf 81' lang='lat' dir='ltr'><strong>Aspicit</strong></span> 
     </span>
    </p>
   </div>
   <div class='ocr_carea' id='block_1_64' title="bbox 1983 2024 3574 2107">
    <p class='ocr_par' dir='ltr' id='par_1_64' title="bbox 1983 2024 3574 2107">
     <span class='ocr_line' id='line_1_64' title="bbox 1983 2024 3574 2107; baseline -0.003 -23"><span class='ocrx_word' id='word_1_454' title='bbox 1983 2024 2175 2084; x_wconf 86' lang='lat' dir='ltr'><strong>deinde</strong></span> <span class='ocrx_word' id='word_1_455' title='bbox 2221 2028 2354 2084; x_wconf 90' lang='lat' dir='ltr'><strong>duas</strong></span> <span class='ocrx_word' id='word_1_456' title='bbox 2382 2028 2664 2091; x_wconf 88' lang='lat' dir='ltr'><strong>mulieres,</strong></span> <span class='ocrx_word' id='word_1_457' title='bbox 2697 2030 2753 2085; x_wconf 87' lang='lat' dir='ltr'><strong>id</strong></span> <span class='ocrx_word' id='word_1_458' title='bbox 2783 2036 2888 2094; x_wconf 91' lang='lat' dir='ltr'><strong>est,</strong></span> <span class='ocrx_word' id='word_1_459' title='bbox 2915 2027 3223 2107; x_wconf 61' lang='lat' dir='ltr'><strong>Iudaeorum</strong></span> <span class='ocrx_word' id='word_1_460' title='bbox 3252 2035 3309 2082; x_wconf 88' lang='lat' dir='ltr'><strong>et</strong></span> <span class='ocrx_word' id='word_1_461' title='bbox 3334 2024 3574 2098; x_wconf 81' lang='lat' dir='ltr'><strong>gentium</strong></span> 
     </span>
    </p>
   </div>
   <div class='ocr_carea' id='block_1_65' title="bbox 1981 2114 3575 2195">
    <p class='ocr_par' dir='ltr' id='par_1_65' title="bbox 1981 2114 3575 2195">
     <span class='ocr_line' id='line_1_65' title="bbox 1981 2114 3575 2195; baseline -0.004 -18"><span class='ocrx_word' id='word_1_462' title='bbox 1981 2122 2167 2195; x_wconf 88' lang='lat' dir='ltr'><strong>plebes</strong></span> <span class='ocrx_word' id='word_1_463' title='bbox 2192 2123 2245 2177; x_wconf 90' lang='lat' dir='ltr'><strong>in</strong></span> <span class='ocrx_word' id='word_1_464' title='bbox 2270 2123 2402 2179; x_wconf 88' lang='lat' dir='ltr'><strong>alias</strong></span> <span class='ocrx_word' id='word_1_465' title='bbox 2431 2123 2673 2179; x_wconf 88' lang='lat' dir='ltr'><strong>levantes</strong></span> <span class='ocrx_word' id='word_1_466' title='bbox 2696 2123 3031 2194; x_wconf 85' lang='lat' dir='ltr'><strong>amphoram,</strong></span> <span class='ocrx_word' id='word_1_467' title='bbox 3049 2123 3101 2177; x_wconf 89' lang='lat' dir='ltr'><strong>id</strong></span> <span class='ocrx_word' id='word_1_468' title='bbox 3125 2131 3229 2186; x_wconf 91' lang='lat' dir='ltr'><strong>est,</strong></span> <span class='ocrx_word' id='word_1_469' title='bbox 3253 2114 3575 2176; x_wconf 89' lang='lat' dir='ltr'><strong>diabolicam</strong></span> 
     </span>
    </p>
   </div>
   <div class='ocr_carea' id='block_1_66' title="bbox 1984 2203 3577 2286">
    <p class='ocr_par' dir='ltr' id='par_1_66' title="bbox 1984 2203 3577 2286">
     <span class='ocr_line' id='line_1_66' title="bbox 1984 2203 3577 2286; baseline -0.004 -16"><span class='ocrx_word' id='word_1_470' title='bbox 1984 2215 2306 2271; x_wconf 88' lang='lat' dir='ltr'><strong>doctrinam.</strong></span> <span class='ocrx_word' id='word_1_471' title='bbox 2340 2203 2571 2272; x_wconf 79' lang='lat' dir='ltr'><strong>Massam</strong></span> <span class='ocrx_word' id='word_1_472' title='bbox 2598 2230 2813 2286; x_wconf 90' lang='lat' dir='ltr'><strong>quoque</strong></span> <span class='ocrx_word' id='word_1_473' title='bbox 2837 2214 3063 2284; x_wconf 87' lang='lat' dir='ltr'><strong>plumbi,</strong></span> <span class='ocrx_word' id='word_1_474' title='bbox 3090 2215 3233 2285; x_wconf 89' lang='lat' dir='ltr'><strong>quod</strong></span> <span class='ocrx_word' id='word_1_475' title='bbox 3259 2222 3344 2269; x_wconf 92' lang='lat' dir='ltr'><strong>est</strong></span> <span class='ocrx_word' id='word_1_476' title='bbox 3366 2206 3577 2285; x_wconf 87' lang='lat' dir='ltr'><strong>pondus</strong></span> 
     </span>
    </p>
   </div>
   <div class='ocr_carea' id='block_1_67' title="bbox 1983 2300 3577 2376">
    <p class='ocr_par' dir='ltr' id='par_1_67' title="bbox 1983 2300 3577 2376">
     <span class='ocr_line' id='line_1_67' title="bbox 1983 2300 3577 2376; baseline -0.001 -16"><span class='ocrx_word' id='word_1_477' title='bbox 1983 2302 2191 2376; x_wconf 85' lang='lat' dir='ltr'><strong>peccati</strong></span> <span class='ocrx_word' id='word_1_478' title='bbox 2224 2300 2621 2375; x_wconf 86' lang='lat' dir='ltr'><strong>gravissimum,</strong></span> <span class='ocrx_word' id='word_1_479' title='bbox 2654 2304 2768 2360; x_wconf 90' lang='lat' dir='ltr'><strong>sive</strong></span> <span class='ocrx_word' id='word_1_480' title='bbox 2807 2304 3059 2361; x_wconf 90' lang='lat' dir='ltr'><strong>volumen</strong></span> <span class='ocrx_word' id='word_1_481' title='bbox 3109 2303 3331 2371; x_wconf 87' lang='lat' dir='ltr'><strong>volans,</strong></span> <span class='ocrx_word' id='word_1_482' title='bbox 3372 2304 3424 2358; x_wconf 89' lang='lat' dir='ltr'><strong>in</strong></span> <span class='ocrx_word' id='word_1_483' title='bbox 3470 2318 3577 2374; x_wconf 90' lang='lat' dir='ltr'><strong>quo</strong></span> 
     </span>
    </p>
   </div>
   <div class='ocr_carea' id='block_1_68' title="bbox 1981 2392 3581 2469">
    <p class='ocr_par' dir='ltr' id='par_1_68' title="bbox 1981 2392 3581 2469">
     <span class='ocr_line' id='line_1_68' title="bbox 1981 2392 3581 2469; baseline 0 -19"><span class='ocrx_word' id='word_1_484' title='bbox 1981 2406 2204 2468; x_wconf 84' lang='lat' dir='ltr'><strong>peccata</strong></span> <span class='ocrx_word' id='word_1_485' title='bbox 2254 2397 2533 2453; x_wconf 90' lang='lat' dir='ltr'><strong>hominum</strong></span> <span class='ocrx_word' id='word_1_486' title='bbox 2574 2406 2629 2453; x_wconf 90' lang='lat' dir='ltr'><strong>et</strong></span> <span class='ocrx_word' id='word_1_487' title='bbox 2690 2394 2949 2469; x_wconf 88' lang='lat' dir='ltr'><strong>supplicia</strong></span> <span class='ocrx_word' id='word_1_488' title='bbox 3003 2396 3367 2453; x_wconf 89' lang='lat' dir='ltr'><strong>ascribuntur.</strong></span> <span class='ocrx_word' id='word_1_489' title='bbox 3421 2392 3581 2453; x_wconf 74' lang='lat' dir='ltr'><strong>Videt</strong></span> 
     </span>
    </p>
   </div>
   <div class='ocr_carea' id='block_1_69' title="bbox 1982 2480 3579 2563">
    <p class='ocr_par' dir='ltr' id='par_1_69' title="bbox 1982 2480 3579 2563">
     <span class='ocr_line' id='line_1_69' title="bbox 1982 2480 3579 2563; baseline 0 -23"><span class='ocrx_word' id='word_1_490' title='bbox 1982 2492 2038 2563; x_wconf 81' lang='lat' dir='ltr'><strong>et</strong></span> <span class='ocrx_word' id='word_1_491' title='bbox 2062 2486 2355 2557; x_wconf 83' lang='lat' dir='ltr'><strong>quadrigas</strong></span> <span class='ocrx_word' id='word_1_492' title='bbox 2383 2493 2615 2555; x_wconf 89' lang='lat' dir='ltr'><strong>quatuor</strong></span> <span class='ocrx_word' id='word_1_493' title='bbox 2653 2500 2761 2540; x_wconf 92' lang='lat' dir='ltr'><strong>uno</strong></span> <span class='ocrx_word' id='word_1_494' title='bbox 2801 2480 3201 2556; x_wconf 76' lang='lat' dir='ltr'><strong>praedicationis</strong></span> <span class='ocrx_word' id='word_1_495' title='bbox 3242 2480 3579 2555; x_wconf 73' lang='lat' dir='ltr'><strong>EVangelica:</strong></span> 
     </span>
    </p>
   </div>
   <div class='ocr_carea' id='block_1_70' title="bbox 1978 2577 3580 2650">
    <p class='ocr_par' dir='ltr' id='par_1_70' title="bbox 1978 2577 3580 2650">
     <span class='ocr_line' id='line_1_70' title="bbox 1978 2577 3580 2650; baseline 0 -19"><span class='ocrx_word' id='word_1_496' title='bbox 1978 2578 2110 2650; x_wconf 82' lang='lat' dir='ltr'><strong>jugo</strong></span> <span class='ocrx_word' id='word_1_497' title='bbox 2133 2588 2437 2634; x_wconf 88' lang='lat' dir='ltr'><strong>currentes.</strong></span> <span class='ocrx_word' id='word_1_498' title='bbox 2479 2577 2609 2633; x_wconf 91' lang='lat' dir='ltr'><strong>Post</strong></span> <span class='ocrx_word' id='word_1_499' title='bbox 2647 2578 2761 2633; x_wconf 83' lang='lat' dir='ltr'><strong>haec</strong></span> <span class='ocrx_word' id='word_1_500' title='bbox 2805 2577 2997 2649; x_wconf 83' lang='lat' dir='ltr'><strong>aspicit</strong></span> <span class='ocrx_word' id='word_1_501' title='bbox 3043 2593 3213 2649; x_wconf 92' lang='lat' dir='ltr'><strong>equos</strong></span> <span class='ocrx_word' id='word_1_502' title='bbox 3262 2578 3460 2633; x_wconf 90' lang='lat' dir='ltr'><strong>missos</strong></span> <span class='ocrx_word' id='word_1_503' title='bbox 3512 2577 3580 2631; x_wconf 84' lang='lat' dir='ltr'><strong>ad</strong></span> 
     </span>
    </p>
   </div>
   <div class='ocr_carea' id='block_1_71' title="bbox 1986 2664 3582 2740">
    <p class='ocr_par' dir='ltr' id='par_1_71' title="bbox 1986 2664 3582 2740">
     <span class='ocr_line' id='line_1_71' title="bbox 1986 2664 3582 2740; baseline 0.001 -17"><span class='ocrx_word' id='word_1_504' title='bbox 1986 2668 2424 2739; x_wconf 69' lang='lat' dir='ltr'><strong>przedicationem</strong></span> <span class='ocrx_word' id='word_1_505' title='bbox 2452 2670 2660 2725; x_wconf 88' lang='lat' dir='ltr'><strong>mundi.</strong></span> <span class='ocrx_word' id='word_1_506' title='bbox 2689 2668 2930 2723; x_wconf 82' lang='lat' dir='ltr'><strong>Primum</strong></span> <span class='ocrx_word' id='word_1_507' title='bbox 2958 2664 3141 2724; x_wconf 83' lang='lat' dir='ltr'><strong>rufum</strong></span> <span class='ocrx_word' id='word_1_508' title='bbox 3181 2668 3426 2740; x_wconf 87' lang='lat' dir='ltr'><strong>martyrii</strong></span> <span class='ocrx_word' id='word_1_509' title='bbox 3458 2682 3582 2738; x_wconf 86' lang='lat' dir='ltr'><strong>pas-</strong></span> 
     </span>
    </p>
   </div>
   <div class='ocr_carea' id='block_1_72' title="bbox 1986 2756 3583 2834">
    <p class='ocr_par' dir='ltr' id='par_1_72' title="bbox 1986 2756 3583 2834">
     <span class='ocr_line' id='line_1_72' title="bbox 1986 2756 3583 2834; baseline -0.001 -16"><span class='ocrx_word' id='word_1_510' title='bbox 1986 2760 2157 2818; x_wconf 90' lang='lat' dir='ltr'><strong>sione.</strong></span> <span class='ocrx_word' id='word_1_511' title='bbox 2187 2758 2492 2819; x_wconf 90' lang='lat' dir='ltr'><strong>Sccundum</strong></span> <span class='ocrx_word' id='word_1_512' title='bbox 2524 2762 2741 2834; x_wconf 89' lang='lat' dir='ltr'><strong>nigrum</strong></span> <span class='ocrx_word' id='word_1_513' title='bbox 2769 2760 3024 2832; x_wconf 86' lang='lat' dir='ltr'><strong>squalore</strong></span> <span class='ocrx_word' id='word_1_514' title='bbox 3056 2761 3408 2832; x_wconf 82' lang='lat' dir='ltr'><strong>poenitentiae.</strong></span> <span class='ocrx_word' id='word_1_515' title='bbox 3457 2756 3499 2815; x_wconf 84' lang='grc' dir='ltr'><strong>Τ</strong></span> <span class='ocrx_word' id='word_1_516' title='bbox 3502 2776 3583 2817; x_wconf 82' lang='lat' dir='ltr'><strong>er-</strong></span> 
     </span>
    </p>
   </div>
   <div class='ocr_carea' id='block_1_73' title="bbox 1987 2850 3579 2921">
    <p class='ocr_par' dir='ltr' id='par_1_73' title="bbox 1987 2850 3579 2921">
     <span class='ocr_line' id='line_1_73' title="bbox 1987 2850 3579 2921; baseline -0.001 -14"><span class='ocrx_word' id='word_1_517' title='bbox 1987 2853 2123 2907; x_wconf 83' lang='lat' dir='ltr'><strong>titnn</strong></span> <span class='ocrx_word' id='word_1_518' title='bbox 2154 2852 2334 2910; x_wconf 86' lang='lat' dir='ltr'><strong>album</strong></span> <span class='ocrx_word' id='word_1_519' title='bbox 2367 2851 2602 2908; x_wconf 88' lang='lat' dir='ltr'><strong>candore</strong></span> <span class='ocrx_word' id='word_1_520' title='bbox 2627 2851 2902 2921; x_wconf 89' lang='lat' dir='ltr'><strong>baptismi.</strong></span> <span class='ocrx_word' id='word_1_521' title='bbox 2950 2852 3213 2918; x_wconf 80' lang='lat' dir='ltr'><strong>Quartum</strong></span> <span class='ocrx_word' id='word_1_522' title='bbox 3243 2850 3452 2904; x_wconf 90' lang='lat' dir='ltr'><strong>varium</strong></span> <span class='ocrx_word' id='word_1_523' title='bbox 3486 2864 3579 2905; x_wconf 86' lang='lat' dir='ltr'><strong>va—</strong></span> 
     </span>
    </p>
   </div>
   <div class='ocr_carea' id='block_1_74' title="bbox 1985 2938 3580 3021">
    <p class='ocr_par' dir='ltr' id='par_1_74' title="bbox 1985 2938 3580 3021">
     <span class='ocr_line' id='line_1_74' title="bbox 1985 2938 3580 3021; baseline -0.004 -20"><span class='ocrx_word' id='word_1_524' title='bbox 1985 2944 2177 3002; x_wconf 87' lang='lat' dir='ltr'><strong>rietate</strong></span> <span class='ocrx_word' id='word_1_525' title='bbox 2204 2946 2485 3001; x_wconf 88' lang='lat' dir='ltr'><strong>virtutum.</strong></span> <span class='ocrx_word' id='word_1_526' title='bbox 2519 2938 2709 3002; x_wconf 87' lang='lat' dir='ltr'><strong>Cernit</strong></span> <span class='ocrx_word' id='word_1_527' title='bbox 2736 2959 2951 3015; x_wconf 85' lang='lat' dir='ltr'><strong>quoque</strong></span> <span class='ocrx_word' id='word_1_528' title='bbox 2978 2951 3032 3000; x_wconf 90' lang='lat' dir='ltr'><strong>et</strong></span> <span class='ocrx_word' id='word_1_529' title='bbox 3053 2942 3209 2999; x_wconf 89' lang='lat' dir='ltr'><strong>tubas</strong></span> <span class='ocrx_word' id='word_1_530' title='bbox 3246 2950 3580 3021; x_wconf 85' lang='lat' dir='ltr'><strong>sanctorum,</strong></span> 
     </span>
    </p>
   </div>
   <div class='ocr_carea' id='block_1_75' title="bbox 1984 3033 3587 3111">
    <p class='ocr_par' dir='ltr' id='par_1_75' title="bbox 1984 3033 3587 3111">
     <span class='ocr_line' id='line_1_75' title="bbox 1984 3033 3587 3111; baseline -0.005 -17"><span class='ocrx_word' id='word_1_531' title='bbox 1984 3047 2263 3111; x_wconf 80' lang='lat' dir='ltr'><strong>gestantes</strong></span> <span class='ocrx_word' id='word_1_532' title='bbox 2290 3035 2539 3110; x_wconf 81' lang='lat' dir='ltr'><strong>ﬁguram,</strong></span> <span class='ocrx_word' id='word_1_533' title='bbox 2568 3051 2665 3107; x_wconf 87' lang='lat' dir='ltr'><strong>per</strong></span> <span class='ocrx_word' id='word_1_534' title='bbox 2696 3052 2833 3109; x_wconf 89' lang='lat' dir='ltr'><strong>quos</strong></span> <span class='ocrx_word' id='word_1_535' title='bbox 2878 3034 3136 3092; x_wconf 89' lang='lat' dir='ltr'><strong>Dominus</strong></span> <span class='ocrx_word' id='word_1_536' title='bbox 3187 3034 3390 3091; x_wconf 89' lang='lat' dir='ltr'><strong>mundo</strong></span> <span class='ocrx_word' id='word_1_537' title='bbox 3436 3033 3587 3088; x_wconf 88' lang='lat' dir='ltr'><strong>canit</strong></span> 
     </span>
    </p>
   </div>
   <div class='ocr_carea' id='block_1_76' title="bbox 1989 3120 3575 3201">
    <p class='ocr_par' dir='ltr' id='par_1_76' title="bbox 1989 3120 3575 3201">
     <span class='ocr_line' id='line_1_76' title="bbox 1989 3120 3575 3201; baseline -0.004 -14"><span class='ocrx_word' id='word_1_538' title='bbox 1989 3134 2086 3187; x_wconf 88' lang='lat' dir='ltr'><strong>sua</strong></span> <span class='ocrx_word' id='word_1_539' title='bbox 2116 3138 2386 3201; x_wconf 74' lang='lat' dir='ltr'><strong>praecepta</strong></span> <span class='ocrx_word' id='word_1_540' title='bbox 2416 3147 2429 3184; x_wconf 87' lang='lat'><strong>:</strong></span> <span class='ocrx_word' id='word_1_541' title='bbox 2463 3136 2626 3198; x_wconf 89' lang='lat' dir='ltr'><strong>atque</strong></span> <span class='ocrx_word' id='word_1_542' title='bbox 2668 3120 2952 3199; x_wconf 84' lang='lat' dir='ltr'><strong>Angelum,</strong></span> <span class='ocrx_word' id='word_1_543' title='bbox 2978 3126 3031 3181; x_wconf 91' lang='lat' dir='ltr'><strong>in</strong></span> <span class='ocrx_word' id='word_1_544' title='bbox 3070 3141 3176 3197; x_wconf 90' lang='lat' dir='ltr'><strong>quo</strong></span> <span class='ocrx_word' id='word_1_545' title='bbox 3223 3122 3329 3180; x_wconf 85' lang='lat' dir='ltr'><strong>duo</strong></span> <span class='ocrx_word' id='word_1_546' title='bbox 3371 3141 3435 3180; x_wconf 87' lang='lat' dir='ltr'><strong>ex</strong></span> <span class='ocrx_word' id='word_1_547' title='bbox 3485 3123 3575 3180; x_wconf 83' lang='lat' dir='ltr'><strong>ad-</strong></span> 
     </span>
    </p>
   </div>
   <div class='ocr_carea' id='block_1_77' title="bbox 1988 3211 3587 3290">
    <p class='ocr_par' dir='ltr' id='par_1_77' title="bbox 1988 3211 3587 3290">
     <span class='ocr_line' id='line_1_77' title="bbox 1988 3211 3587 3290; baseline -0.004 -15"><span class='ocrx_word' id='word_1_548' title='bbox 1988 3228 2145 3275; x_wconf 82' lang='lat' dir='ltr'><strong>verso</strong></span> <span class='ocrx_word' id='word_1_549' title='bbox 2167 3216 2346 3289; x_wconf 90' lang='lat' dir='ltr'><strong>populi</strong></span> <span class='ocrx_word' id='word_1_550' title='bbox 2366 3216 2687 3290; x_wconf 82' lang='lat' dir='ltr'><strong>junguntur,</strong></span> <span class='ocrx_word' id='word_1_551' title='bbox 2706 3218 2818 3272; x_wconf 91' lang='lat' dir='ltr'><strong>sive</strong></span> <span class='ocrx_word' id='word_1_552' title='bbox 2838 3214 3097 3287; x_wconf 77' lang='lat' dir='ltr'><strong>paxillum</strong></span> <span class='ocrx_word' id='word_1_553' title='bbox 3118 3213 3420 3286; x_wconf 88' lang='lat' dir='ltr'><strong>ﬁguraliter</strong></span> <span class='ocrx_word' id='word_1_554' title='bbox 3434 3211 3587 3269; x_wconf 50' lang='lat' dir='ltr'><strong>Chri-</strong></span> 
     </span>
    </p>
   </div>
   <div class='ocr_carea' id='block_1_78' title="bbox 1988 3302 3586 3379">
    <p class='ocr_par' dir='ltr' id='par_1_78' title="bbox 1988 3302 3586 3379">
     <span class='ocr_line' id='line_1_78' title="bbox 1988 3302 3586 3379; baseline -0.006 -11"><span class='ocrx_word' id='word_1_555' title='bbox 1988 3318 2129 3368; x_wconf 90' lang='lat' dir='ltr'><strong>stum</strong></span> <span class='ocrx_word' id='word_1_556' title='bbox 2178 3302 2401 3366; x_wconf 79' lang='lat' dir='ltr'><strong>inlixum</strong></span> <span class='ocrx_word' id='word_1_557' title='bbox 2434 3302 2689 3366; x_wconf 88' lang='lat' dir='ltr'><strong>cordibus</strong></span> <span class='ocrx_word' id='word_1_558' title='bbox 2716 3306 3037 3379; x_wconf 88' lang='lat' dir='ltr'><strong>populorum</strong></span> <span class='ocrx_word' id='word_1_559' title='bbox 3068 3306 3346 3373; x_wconf 89' lang='lat' dir='ltr'><strong>describit,</strong></span> <span class='ocrx_word' id='word_1_560' title='bbox 3391 3315 3445 3360; x_wconf 93' lang='lat' dir='ltr'><strong>et</strong></span> <span class='ocrx_word' id='word_1_561' title='bbox 3489 3321 3586 3375; x_wconf 84' lang='lat' dir='ltr'><strong>pa-</strong></span> 
     </span>
    </p>
   </div>
   <div class='ocr_carea' id='block_1_79' title="bbox 1988 3394 3587 3472">
    <p class='ocr_par' dir='ltr' id='par_1_79' title="bbox 1988 3394 3587 3472">
     <span class='ocr_line' id='line_1_79' title="bbox 1988 3394 3587 3472; baseline -0.004 -13"><span class='ocrx_word' id='word_1_562' title='bbox 1988 3410 2197 3459; x_wconf 88' lang='lat' dir='ltr'><strong>storum</strong></span> <span class='ocrx_word' id='word_1_563' title='bbox 2228 3400 2532 3457; x_wconf 87' lang='lat' dir='ltr'><strong>antichristi</strong></span> <span class='ocrx_word' id='word_1_564' title='bbox 2561 3415 2697 3472; x_wconf 88' lang='lat' dir='ltr'><strong>opus</strong></span> <span class='ocrx_word' id='word_1_565' title='bbox 2747 3407 2803 3456; x_wconf 88' lang='lat' dir='ltr'><strong>et</strong></span> <span class='ocrx_word' id='word_1_566' title='bbox 2854 3399 3209 3456; x_wconf 86' lang='lat' dir='ltr'><strong>intentionem</strong></span> <span class='ocrx_word' id='word_1_567' title='bbox 3259 3398 3313 3452; x_wconf 94' lang='lat' dir='ltr'><strong>in</strong></span> <span class='ocrx_word' id='word_1_568' title='bbox 3353 3394 3587 3463; x_wconf 82' lang='lat' dir='ltr'><strong>sinistris</strong></span> 
     </span>
    </p>
   </div>
   <div class='ocr_carea' id='block_1_80' title="bbox 1987 3486 3584 3564">
    <p class='ocr_par' dir='ltr' id='par_1_80' title="bbox 1987 3486 3584 3564">
     <span class='ocr_line' id='line_1_80' title="bbox 1987 3486 3584 3564; baseline -0.004 -15"><span class='ocrx_word' id='word_1_569' title='bbox 1987 3494 2278 3550; x_wconf 87' lang='lat' dir='ltr'><strong>habentem</strong></span> <span class='ocrx_word' id='word_1_570' title='bbox 2315 3511 2328 3550; x_wconf 83' lang='lat'><strong>:</strong></span> <span class='ocrx_word' id='word_1_571' title='bbox 2362 3508 2561 3564; x_wconf 88' lang='lat' dir='ltr'><strong>equum</strong></span> <span class='ocrx_word' id='word_1_572' title='bbox 2610 3498 2825 3564; x_wconf 83' lang='lat' dir='ltr'><strong>quoque</strong></span> <span class='ocrx_word' id='word_1_573' title='bbox 2852 3491 2907 3549; x_wconf 92' lang='lat' dir='ltr'><strong>in</strong></span> <span class='ocrx_word' id='word_1_574' title='bbox 2938 3491 3164 3564; x_wconf 88' lang='lat' dir='ltr'><strong>ﬁguram</strong></span> <span class='ocrx_word' id='word_1_575' title='bbox 3204 3487 3375 3560; x_wconf 89' lang='lat' dir='ltr'><strong>plebis</strong></span> <span class='ocrx_word' id='word_1_576' title='bbox 3408 3486 3584 3551; x_wconf 64' lang='lat' dir='ltr'><strong>haere-</strong></span> 
     </span>
    </p>
   </div>
   <div class='ocr_carea' id='block_1_81' title="bbox 1989 3580 3588 3656">
    <p class='ocr_par' dir='ltr' id='par_1_81' title="bbox 1989 3580 3588 3656">
     <span class='ocr_line' id='line_1_81' title="bbox 1989 3580 3588 3656; baseline -0.005 -13"><span class='ocrx_word' id='word_1_577' title='bbox 1989 3586 2259 3653; x_wconf 81' lang='lat' dir='ltr'><strong>ticOrum,</strong></span> <span class='ocrx_word' id='word_1_578' title='bbox 2291 3592 2347 3641; x_wconf 92' lang='lat' dir='ltr'><strong>et</strong></span> <span class='ocrx_word' id='word_1_579' title='bbox 2380 3600 2728 3643; x_wconf 88' lang='lat' dir='ltr'><strong>ascensorem</strong></span> <span class='ocrx_word' id='word_1_580' title='bbox 2776 3581 2893 3656; x_wconf 76' lang='lat' dir='ltr'><strong>eius</strong></span> <span class='ocrx_word' id='word_1_581' title='bbox 2938 3582 3211 3639; x_wconf 89' lang='lat' dir='ltr'><strong>diabolum</strong></span> <span class='ocrx_word' id='word_1_582' title='bbox 3259 3602 3273 3636; x_wconf 88' lang='lat'>:</span> <span class='ocrx_word' id='word_1_583' title='bbox 3327 3580 3588 3654; x_wconf 78' lang='lat' dir='ltr'><strong>praedicat</strong></span> 
     </span>
    </p>
   </div>
   <div class='ocr_carea' id='block_1_82' title="bbox 1988 3669 3587 3745">
    <p class='ocr_par' dir='ltr' id='par_1_82' title="bbox 1988 3669 3587 3745">
     <span class='ocr_line' id='line_1_82' title="bbox 1988 3669 3587 3745; baseline -0.006 -11"><span class='ocrx_word' id='word_1_584' title='bbox 1988 3674 2158 3734; x_wconf 86' lang='lat' dir='ltr'><strong>etiam</strong></span> <span class='ocrx_word' id='word_1_585' title='bbox 2186 3676 2388 3733; x_wconf 81' lang='lat' dir='ltr'><strong>fontem</strong></span> <span class='ocrx_word' id='word_1_586' title='bbox 2419 3676 2473 3733; x_wconf 92' lang='lat' dir='ltr'><strong>in</strong></span> <span class='ocrx_word' id='word_1_587' title='bbox 2502 3674 2664 3734; x_wconf 91' lang='lat' dir='ltr'><strong>domo</strong></span> <span class='ocrx_word' id='word_1_588' title='bbox 2688 3676 2799 3732; x_wconf 88' lang='lat' dir='ltr'><strong>veri</strong></span> <span class='ocrx_word' id='word_1_589' title='bbox 2820 3672 2992 3731; x_wconf 86' lang='lat' dir='ltr'><strong>David</strong></span> <span class='ocrx_word' id='word_1_590' title='bbox 3028 3682 3301 3745; x_wconf 84' lang='lat' dir='ltr'><strong>patentem</strong></span> <span class='ocrx_word' id='word_1_591' title='bbox 3346 3672 3399 3729; x_wconf 90' lang='lat' dir='ltr'><strong>in</strong></span> <span class='ocrx_word' id='word_1_592' title='bbox 3447 3669 3587 3735; x_wconf 79' lang='lat' dir='ltr'><strong>lava-</strong></span> 
     </span>
    </p>
   </div>
   <div class='ocr_carea' id='block_1_83' title="bbox 1990 3762 3587 3836">
    <p class='ocr_par' dir='ltr' id='par_1_83' title="bbox 1990 3762 3587 3836">
     <span class='ocr_line' id='line_1_83' title="bbox 1990 3762 3587 3836; baseline -0.003 -12"><span class='ocrx_word' id='word_1_593' title='bbox 1990 3774 2086 3824; x_wconf 83' lang='lat' dir='ltr'><strong>cro</strong></span> <span class='ocrx_word' id='word_1_594' title='bbox 2114 3767 2563 3836; x_wconf 78' lang='lat' dir='ltr'><strong>regenerationis.</strong></span> <span class='ocrx_word' id='word_1_595' title='bbox 2594 3762 2735 3832; x_wconf 81' lang='lat' dir='ltr'><strong>Alia,</strong></span> <span class='ocrx_word' id='word_1_596' title='bbox 2762 3764 3099 3836; x_wconf 77' lang='lat' dir='ltr'><strong>quzecu‘nquc</strong></span> <span class='ocrx_word' id='word_1_597' title='bbox 3135 3762 3373 3834; x_wconf 87' lang='lat' dir='ltr'><strong>scripsit,</strong></span> <span class='ocrx_word' id='word_1_598' title='bbox 3400 3770 3491 3818; x_wconf 91' lang='lat' dir='ltr'><strong>aut</strong></span> <span class='ocrx_word' id='word_1_599' title='bbox 3518 3762 3587 3819; x_wconf 85' lang='lat' dir='ltr'><strong>dc</strong></span> 
     </span>
    </p>
   </div>
   <div class='ocr_carea' id='block_1_84' title="bbox 1993 3852 3588 3927">
    <p class='ocr_par' dir='ltr' id='par_1_84' title="bbox 1993 3852 3588 3927">
     <span class='ocr_line' id='line_1_84' title="bbox 1993 3852 3588 3927; baseline -0.003 -12"><span class='ocrx_word' id='word_1_600' title='bbox 1993 3854 2228 3915; x_wconf 74' lang='lat' dir='ltr'><strong>adventu</strong></span> <span class='ocrx_word' id='word_1_601' title='bbox 2252 3854 2468 3913; x_wconf 87' lang='lat' dir='ltr'><strong>Domini</strong></span> <span class='ocrx_word' id='word_1_602' title='bbox 2496 3864 2741 3922; x_wconf 84' lang='lat' dir='ltr'><strong>narrant,</strong></span> <span class='ocrx_word' id='word_1_603' title='bbox 2768 3864 2861 3912; x_wconf 89' lang='lat' dir='ltr'><strong>aut</strong></span> <span class='ocrx_word' id='word_1_604' title='bbox 2886 3856 2950 3912; x_wconf 89' lang='lat' dir='ltr'><strong>de</strong></span> <span class='ocrx_word' id='word_1_605' title='bbox 2980 3854 3232 3927; x_wconf 73' lang='lat' dir='ltr'><strong>paSs&#39;ione</strong></span> <span class='ocrx_word' id='word_1_606' title='bbox 3270 3854 3410 3924; x_wconf 83' lang='lat' dir='ltr'><strong>ejus,</strong></span> <span class='ocrx_word' id='word_1_607' title='bbox 3432 3860 3489 3910; x_wconf 88' lang='lat' dir='ltr'><strong>et</strong></span> <span class='ocrx_word' id='word_1_608' title='bbox 3520 3852 3588 3911; x_wconf 83' lang='lat' dir='ltr'><strong>de</strong></span> 
     </span>
    </p>
   </div>
   <div class='ocr_carea' id='block_1_85' title="bbox 1991 3944 3586 4020">
    <p class='ocr_par' dir='ltr' id='par_1_85' title="bbox 1991 3944 3586 4020">
     <span class='ocr_line' id='line_1_85' title="bbox 1991 3944 3586 4020; baseline -0.001 -16"><span class='ocrx_word' id='word_1_609' title='bbox 1991 3946 2173 4004; x_wconf 83' lang='lat' dir='ltr'><strong>saeculi</strong></span> <span class='ocrx_word' id='word_1_610' title='bbox 2203 3947 2330 4015; x_wconf 82' lang='lat' dir='ltr'><strong>ﬁne,</strong></span> <span class='ocrx_word' id='word_1_611' title='bbox 2358 3957 2414 4005; x_wconf 89' lang='lat' dir='ltr'><strong>et</strong></span> <span class='ocrx_word' id='word_1_612' title='bbox 2438 3949 2502 4005; x_wconf 91' lang='lat' dir='ltr'><strong>de</strong></span> <span class='ocrx_word' id='word_1_613' title='bbox 2523 3944 2725 4018; x_wconf 69' lang='lat' dir='ltr'><strong>iudicio</strong></span> <span class='ocrx_word' id='word_1_614' title='bbox 2760 3964 2878 4004; x_wconf 92' lang='lat' dir='ltr'><strong>suo.</strong></span> <span class='ocrx_word' id='word_1_615' title='bbox 2903 3944 3254 4020; x_wconf 81' lang='lat' dir='ltr'><strong>PrOphetavit</strong></span> <span class='ocrx_word' id='word_1_616' title='bbox 3285 3954 3463 4003; x_wconf 89' lang='lat' dir='ltr'><strong>autem</strong></span> <span class='ocrx_word' id='word_1_617' title='bbox 3490 3962 3586 4009; x_wconf 84' lang='lat' dir='ltr'><strong>an-</strong></span> 
     </span>
    </p>
   </div>
   <div class='ocr_carea' id='block_1_86' title="bbox 1993 4036 3586 4111">
    <p class='ocr_par' dir='ltr' id='par_1_86' title="bbox 1993 4036 3586 4111">
     <span class='ocr_line' id='line_1_86' title="bbox 1993 4036 3586 4111; baseline 0.001 -15"><span class='ocrx_word' id='word_1_618' title='bbox 1993 4040 2081 4096; x_wconf 87' lang='lat' dir='ltr'><strong>nis</strong></span> <span class='ocrx_word' id='word_1_619' title='bbox 2127 4037 2337 4095; x_wconf 85' lang='lat' dir='ltr'><strong>duobus</strong></span> <span class='ocrx_word' id='word_1_620' title='bbox 2360 4036 2509 4095; x_wconf 87' lang='lat' dir='ltr'><strong>Darii</strong></span> <span class='ocrx_word' id='word_1_621' title='bbox 2536 4040 2679 4110; x_wconf 88' lang='lat' dir='ltr'><strong>regis</strong></span> <span class='ocrx_word' id='word_1_622' title='bbox 2702 4038 3002 4105; x_wconf 76' lang='lat' dir='ltr'><strong>Medorum,</strong></span> <span class='ocrx_word' id='word_1_623' title='bbox 3034 4038 3223 4103; x_wconf 87' lang='lat' dir='ltr'><strong>iisdem</strong></span> <span class='ocrx_word' id='word_1_624' title='bbox 3254 4040 3586 4111; x_wconf 88' lang='lat' dir='ltr'><strong>temporibus</strong></span> 
     </span>
    </p>
   </div>
   <div class='ocr_carea' id='block_1_87' title="bbox 1994 4122 3587 4203">
    <p class='ocr_par' dir='ltr' id='par_1_87' title="bbox 1994 4122 3587 4203">
     <span class='ocr_line' id='line_1_87' title="bbox 1994 4122 3587 4203; baseline 0.003 -18"><span class='ocrx_word' id='word_1_625' title='bbox 1994 4122 2191 4200; x_wconf 77' lang='lat' dir='ltr'><strong>quibus</strong></span> <span class='ocrx_word' id='word_1_626' title='bbox 2210 4123 2455 4201; x_wconf 53' lang='grc' dir='ltr'><strong>Καείρης,</strong></span> <span class='ocrx_word' id='word_1_627' title='bbox 2480 4136 2623 4187; x_wconf 76' lang='lat' dir='ltr'><strong>anno</strong></span> <span class='ocrx_word' id='word_1_628' title='bbox 2641 4126 3045 4203; x_wconf 75' lang='lat' dir='ltr'><strong>sepmagesilno</strong></span> <span class='ocrx_word' id='word_1_629' title='bbox 3065 4128 3431 4193; x_wconf 84' lang='lat' dir='ltr'><strong>dissolutionis</strong></span> <span class='ocrx_word' id='word_1_630' title='bbox 3450 4141 3587 4195; x_wconf 87' lang='lat' dir='ltr'><strong>tem-</strong></span> 
     </span>
    </p>
   </div>
   <div class='ocr_carea' id='block_1_88' title="bbox 1993 4218 3507 4294">
    <p class='ocr_par' dir='ltr' id='par_1_88' title="bbox 1993 4218 3507 4294">
     <span class='ocr_line' id='line_1_88' title="bbox 1993 4218 3507 4294; baseline 0.003 -18"><span class='ocrx_word' id='word_1_631' title='bbox 1993 4220 2067 4293; x_wconf 84' lang='lat' dir='ltr'><strong>pli</strong></span> <span class='ocrx_word' id='word_1_632' title='bbox 2092 4230 2147 4278; x_wconf 87' lang='lat' dir='ltr'><strong>et</strong></span> <span class='ocrx_word' id='word_1_633' title='bbox 2174 4220 2503 4291; x_wconf 71' lang='lat' dir='ltr'><strong>captivitatis</strong></span> <span class='ocrx_word' id='word_1_634' title='bbox 2526 4218 2728 4294; x_wconf 82' lang='lat' dir='ltr'><strong>populi.</strong></span> <span class='ocrx_word' id='word_1_635' title='bbox 3504 4270 3507 4275; x_wconf 49' lang='grc' dir='ltr'>μ</span> 
     </span>
    </p>
   </div>
   <div class='ocr_carea' id='block_1_89' title="bbox 2064 4308 3582 4390">
    <p class='ocr_par' dir='ltr' id='par_1_89' title="bbox 2064 4308 3582 4390">
     <span class='ocr_line' id='line_1_89' title="bbox 2064 4308 3582 4390; baseline 0.002 -19"><span class='ocrx_word' id='word_1_636' title='bbox 2064 4310 2376 4383; x_wconf 77' lang='lat' dir='ltr'><strong>Malacliias,</strong></span> <span class='ocrx_word' id='word_1_637' title='bbox 2421 4308 2514 4388; x_wconf 89' lang='lat' dir='ltr'><strong>qui</strong></span> <span class='ocrx_word' id='word_1_638' title='bbox 2564 4313 2974 4387; x_wconf 88' lang='lat' dir='ltr'><strong>interpretatur,</strong></span> <span class='ocrx_word' id='word_1_639' title='bbox 3000 4317 3229 4390; x_wconf 75' lang='lat' dir='ltr'><strong>Angelus</strong></span> <span class='ocrx_word' id='word_1_640' title='bbox 3268 4317 3498 4385; x_wconf 72' lang='lat' dir='ltr'><strong>Domini,</strong></span> <span class='ocrx_word' id='word_1_641' title='bbox 3526 4318 3582 4374; x_wconf 83' lang='lat' dir='ltr'><strong>in</strong></span> 
     </span>
    </p>
   </div>
   <div class='ocr_carea' id='block_1_90' title="bbox 1992 4404 3586 4478">
    <p class='ocr_par' dir='ltr' id='par_1_90' title="bbox 1992 4404 3586 4478">
     <span class='ocr_line' id='line_1_90' title="bbox 1992 4404 3586 4478; baseline 0.004 -17"><span class='ocrx_word' id='word_1_642' title='bbox 1992 4404 2260 4478; x_wconf 87' lang='lat' dir='ltr'><strong>principio</strong></span> <span class='ocrx_word' id='word_1_643' title='bbox 2286 4406 2574 4463; x_wconf 81' lang='lat' dir='ltr'><strong>voluminis</strong></span> <span class='ocrx_word' id='word_1_644' title='bbox 2597 4407 2679 4463; x_wconf 91' lang='lat' dir='ltr'><strong>sui</strong></span> <span class='ocrx_word' id='word_1_645' title='bbox 2709 4405 3044 4465; x_wconf 87' lang='lat' dir='ltr'><strong>demonstrat</strong></span> <span class='ocrx_word' id='word_1_646' title='bbox 3066 4409 3249 4465; x_wconf 83' lang='lat' dir='ltr'><strong>odium</strong></span> <span class='ocrx_word' id='word_1_647' title='bbox 3275 4407 3586 4469; x_wconf 65' lang='lat' dir='ltr'><strong>Iudaeorum</strong></span> 
     </span>
    </p>
   </div>
   <div class='ocr_carea' id='block_1_91' title="bbox 1994 4492 3582 4573">
    <p class='ocr_par' dir='ltr' id='par_1_91' title="bbox 1994 4492 3582 4573">
     <span class='ocr_line' id='line_1_91' title="bbox 1994 4492 3582 4573; baseline 0.003 -19"><span class='ocrx_word' id='word_1_648' title='bbox 1994 4498 2050 4559; x_wconf 90' lang='lat' dir='ltr'><strong>in</strong></span> <span class='ocrx_word' id='word_1_649' title='bbox 2075 4496 2225 4556; x_wconf 83' lang='lat' dir='ltr'><strong>Esau</strong></span> <span class='ocrx_word' id='word_1_650' title='bbox 2248 4508 2303 4561; x_wconf 87' lang='lat' dir='ltr'><strong>et</strong></span> <span class='ocrx_word' id='word_1_651' title='bbox 2337 4492 2683 4556; x_wconf 85' lang='lat' dir='ltr'><strong>dilectionem</strong></span> <span class='ocrx_word' id='word_1_652' title='bbox 2714 4500 2949 4572; x_wconf 88' lang='lat' dir='ltr'><strong>junioris</strong></span> <span class='ocrx_word' id='word_1_653' title='bbox 2980 4499 3172 4573; x_wconf 83' lang='lat' dir='ltr'><strong>pepuli</strong></span> <span class='ocrx_word' id='word_1_654' title='bbox 3200 4501 3258 4555; x_wconf 89' lang='lat' dir='ltr'><strong>in</strong></span> <span class='ocrx_word' id='word_1_655' title='bbox 3280 4498 3493 4558; x_wconf 44' lang='lat' dir='ltr'><strong>Jacobu</strong></span> <span class='ocrx_word' id='word_1_656' title='bbox 3524 4502 3582 4559; x_wconf 79' lang='lat' dir='ltr'><strong>in</strong></span> 
     </span>
    </p>
   </div>
   <div class='ocr_carea' id='block_1_92' title="bbox 298 4574 3582 4662">
    <p class='ocr_par' dir='ltr' id='par_1_92' title="bbox 298 4574 3582 4662">
     <span class='ocr_line' id='line_1_92' title="bbox 298 4574 3582 4662; baseline -0.001 -15"><span class='ocrx_word' id='word_1_657' title='bbox 298 4593 415 4647; x_wconf 77' lang='lat' dir='ltr'><strong>tum</strong></span> <span class='ocrx_word' id='word_1_658' title='bbox 442 4586 750 4662; x_wconf 79' lang='lat' dir='ltr'><strong>[ﬁnitimos]</strong></span> <span class='ocrx_word' id='word_1_659' title='bbox 776 4585 1100 4659; x_wconf 70' lang='lat' dir='ltr'><strong>poptﬂi&#39;Dei,</strong></span> <span class='ocrx_word' id='word_1_660' title='bbox 1138 4586 1371 4661; x_wconf 77' lang='lat' dir='ltr'><strong>prexlmi</strong></span> <span class='ocrx_word' id='word_1_661' title='bbox 1401 4586 1681 4647; x_wconf 79' lang='lat' dir='ltr'><strong>catholicis</strong></span> <span class='ocrx_word' id='word_1_662' title='bbox 1709 4574 1971 4647; x_wconf 62' lang='lat' dir='ltr'><strong>sacra-t9</strong></span> <span class='ocrx_word' id='word_1_663' title='bbox 1997 4588 2349 4659; x_wconf 80' lang='lat' dir='ltr'><strong>sequentibus</strong></span> <span class='ocrx_word' id='word_1_664' title='bbox 2390 4596 2571 4645; x_wconf 90' lang='lat' dir='ltr'><strong>autem</strong></span> <span class='ocrx_word' id='word_1_665' title='bbox 2616 4596 2830 4646; x_wconf 87' lang='lat' dir='ltr'><strong>veteres</strong></span> <span class='ocrx_word' id='word_1_666' title='bbox 2864 4588 3059 4649; x_wconf 63' lang='lat' dir='ltr'><strong>Indicae</strong></span> <span class='ocrx_word' id='word_1_667' title='bbox 3096 4589 3345 4648; x_wconf 83' lang='lat' dir='ltr'><strong>victimas</strong></span> <span class='ocrx_word' id='word_1_668' title='bbox 3396 4605 3582 4659; x_wconf 82' lang='lat' dir='ltr'><strong>repro-</strong></span> 
     </span>
    </p>
   </div>
   <div class='ocr_carea' id='block_1_93' title="bbox 302 4679 1890 4753">
    <p class='ocr_par' dir='ltr' id='par_1_93' title="bbox 302 4679 1890 4753">
     <span class='ocr_line' id='line_1_93' title="bbox 302 4679 1890 4753; baseline -0.002 -13"><span class='ocrx_word' id='word_1_669' title='bbox 302 4682 501 4741; x_wconf 73' lang='lat' dir='ltr'><strong>mentis</strong></span> <span class='ocrx_word' id='word_1_670' title='bbox 530 4680 772 4739; x_wconf 67' lang='lat' dir='ltr'><strong>heretici</strong></span> <span class='ocrx_word' id='word_1_671' title='bbox 805 4689 1122 4753; x_wconf 84' lang='lat' dir='ltr'><strong>arguuntur.</strong></span> <span class='ocrx_word' id='word_1_672' title='bbox 1151 4679 1252 4739; x_wconf 79' lang='lat' dir='ltr'><strong>Hic</strong></span> <span class='ocrx_word' id='word_1_673' title='bbox 1276 4683 1496 4737; x_wconf 81' lang='lat' dir='ltr'><strong>tertium</strong></span> <span class='ocrx_word' id='word_1_674' title='bbox 1534 4682 1681 4738; x_wconf 89' lang='lat' dir='ltr'><strong>diem</strong></span> <span class='ocrx_word' id='word_1_675' title='bbox 1707 4690 1890 4738; x_wconf 87' lang='lat' dir='ltr'><strong>resur-</strong></span> 
     </span>
    </p>
   </div>
   <div class='ocr_carea' id='block_1_94' title="bbox 306 4770 1891 4843">
    <p class='ocr_par' dir='ltr' id='par_1_94' title="bbox 306 4770 1891 4843">
     <span class='ocr_line' id='line_1_94' title="bbox 306 4770 1891 4843; baseline 0 -16"><span class='ocrx_word' id='word_1_676' title='bbox 306 4772 566 4828; x_wconf 83' lang='lat' dir='ltr'><strong>rectionis</strong></span> <span class='ocrx_word' id='word_1_677' title='bbox 590 4772 799 4829; x_wconf 85' lang='lat' dir='ltr'><strong>Christi</strong></span> <span class='ocrx_word' id='word_1_678' title='bbox 815 4772 1103 4843; x_wconf 86' lang='lat' dir='ltr'><strong>prophetat</strong></span> <span class='ocrx_word' id='word_1_679' title='bbox 1119 4814 1133 4840; x_wconf 98' lang='lat'><strong>,</strong></span> <span class='ocrx_word' id='word_1_680' title='bbox 1159 4773 1395 4843; x_wconf 84' lang='lat' dir='ltr'><strong>atquein</strong></span> <span class='ocrx_word' id='word_1_681' title='bbox 1423 4774 1657 4828; x_wconf 87' lang='lat' dir='ltr'><strong>adventu</strong></span> <span class='ocrx_word' id='word_1_682' title='bbox 1686 4770 1891 4829; x_wconf 84' lang='lat' dir='ltr'><strong>Christi</strong></span> 
     </span>
    </p>
   </div>
   <div class='ocr_carea' id='block_1_95' title="bbox 304 4862 1892 4935">
    <p class='ocr_par' dir='ltr' id='par_1_95' title="bbox 304 4862 1892 4935">
     <span class='ocr_line' id='line_1_95' title="bbox 304 4862 1892 4935; baseline -0.001 -15"><span class='ocrx_word' id='word_1_683' title='bbox 304 4862 410 4920; x_wconf 69' lang='lat' dir='ltr'><strong>sub</strong></span> <span class='ocrx_word' id='word_1_684' title='bbox 437 4862 693 4935; x_wconf 77' lang='lat' dir='ltr'><strong>unojugo</strong></span> <span class='ocrx_word' id='word_1_685' title='bbox 718 4863 932 4919; x_wconf 69' lang='lat' dir='ltr'><strong>Bullini</strong></span> <span class='ocrx_word' id='word_1_686' title='bbox 964 4870 1135 4919; x_wconf 81' lang='lat' dir='ltr'><strong>totum</strong></span> <span class='ocrx_word' id='word_1_687' title='bbox 1162 4863 1422 4919; x_wconf 82' lang='lat' dir='ltr'><strong>mundum</strong></span> <span class='ocrx_word' id='word_1_688' title='bbox 1448 4863 1777 4920; x_wconf 84' lang='lat' dir='ltr'><strong>serviturum</strong></span> <span class='ocrx_word' id='word_1_689' title='bbox 1802 4875 1892 4918; x_wconf 89' lang='lat' dir='ltr'><strong>an-</strong></span> 
     </span>
    </p>
   </div>
   <div class='ocr_carea' id='block_1_96' title="bbox 306 4950 1639 5024">
    <p class='ocr_par' dir='ltr' id='par_1_96' title="bbox 306 4950 1639 5024">
     <span class='ocr_line' id='line_1_96' title="bbox 306 4950 1639 5024; baseline -0.003 -13"><span class='ocrx_word' id='word_1_690' title='bbox 306 4954 540 5011; x_wconf 75' lang='lat' dir='ltr'><strong>nuntiat.</strong></span> <span class='ocrx_word' id='word_1_691' title='bbox 567 4950 916 5024; x_wconf 73' lang='lat' dir='ltr'><strong>Prophetavit</strong></span> <span class='ocrx_word' id='word_1_692' title='bbox 938 4951 1043 5008; x_wconf 82' lang='lat' dir='ltr'><strong>sub</strong></span> <span class='ocrx_word' id='word_1_693' title='bbox 1066 4951 1236 5020; x_wconf 75' lang='lat' dir='ltr'><strong>Josia,</strong></span> <span class='ocrx_word' id='word_1_694' title='bbox 1261 4962 1325 5009; x_wconf 86' lang='lat' dir='ltr'><strong>ut</strong></span> <span class='ocrx_word' id='word_1_695' title='bbox 1354 4951 1639 5011; x_wconf 80' lang='lat' dir='ltr'><strong>Jeremias.</strong></span> 
     </span>
    </p>
   </div>
   <div class='ocr_carea' id='block_1_97' title="bbox 334 5044 1893 5118">
    <p class='ocr_par' dir='ltr' id='par_1_97' title="bbox 334 5044 1893 5118">
     <span class='ocr_line' id='line_1_97' title="bbox 334 5044 1893 5118; baseline -0.001 -16"><span class='ocrx_word' id='word_1_696' title='bbox 334 5086 335 5093; x_wconf 58' lang='grc' dir='ltr'><strong>η</strong></span> <span class='ocrx_word' id='word_1_697' title='bbox 380 5045 629 5118; x_wconf 70' lang='lat' dir='ltr'><strong>Aggaeus,</strong></span> <span class='ocrx_word' id='word_1_698' title='bbox 655 5045 750 5118; x_wconf 74' lang='lat' dir='ltr'><strong>qui</strong></span> <span class='ocrx_word' id='word_1_699' title='bbox 792 5046 1199 5116; x_wconf 72' lang='lat' dir='ltr'><strong>interpretatur,</strong></span> <span class='ocrx_word' id='word_1_700' title='bbox 1228 5046 1494 5103; x_wconf 75' lang='lat' dir='ltr'><strong>solemnis.</strong></span> <span class='ocrx_word' id='word_1_701' title='bbox 1527 5044 1711 5102; x_wconf 80' lang='lat' dir='ltr'><strong>Hicin</strong></span> <span class='ocrx_word' id='word_1_702' title='bbox 1756 5044 1893 5109; x_wconf 84' lang='lat' dir='ltr'><strong>vati-</strong></span> 
     </span>
    </p>
   </div>
   <div class='ocr_carea' id='block_1_98' title="bbox 311 5134 1896 5208">
    <p class='ocr_par' dir='ltr' id='par_1_98' title="bbox 311 5134 1896 5208">
     <span class='ocr_line' id='line_1_98' title="bbox 311 5134 1896 5208; baseline 0.001 -16"><span class='ocrx_word' id='word_1_703' title='bbox 311 5137 561 5194; x_wconf 79' lang='lat' dir='ltr'><strong>cinii-sui</strong></span> <span class='ocrx_word' id='word_1_704' title='bbox 582 5142 743 5195; x_wconf 74' lang='lat' dir='ltr'><strong>textu</strong></span> <span class='ocrx_word' id='word_1_705' title='bbox 764 5134 1031 5208; x_wconf 75' lang='lat' dir='ltr'><strong>templum</strong></span> <span class='ocrx_word' id='word_1_706' title='bbox 1052 5136 1264 5195; x_wconf 83' lang='lat' dir='ltr'><strong>Domini</strong></span> <span class='ocrx_word' id='word_1_707' title='bbox 1313 5137 1723 5195; x_wconf 82' lang='lat' dir='ltr'><strong>instaurandum</strong></span> <span class='ocrx_word' id='word_1_708' title='bbox 1758 5152 1896 5208; x_wconf 67' lang='lat' dir='ltr'><strong>prce-</strong></span> 
     </span>
    </p>
   </div>
   <div class='ocr_carea' id='block_1_99' title="bbox 312 5229 1896 5304">
    <p class='ocr_par' dir='ltr' id='par_1_99' title="bbox 312 5229 1896 5304">
     <span class='ocr_line' id='line_1_99' title="bbox 312 5229 1896 5304; baseline 0.001 -17"><span class='ocrx_word' id='word_1_709' title='bbox 312 5233 474 5303; x_wconf 73' lang='lat' dir='ltr'><strong>cepit,</strong></span> <span class='ocrx_word' id='word_1_710' title='bbox 501 5232 878 5289; x_wconf 78' lang='lat' dir='ltr'><strong>contritionem</strong></span> <span class='ocrx_word' id='word_1_711' title='bbox 894 5230 1159 5302; x_wconf 62' lang='lat' dir='ltr'><strong>praedicat</strong></span> <span class='ocrx_word' id='word_1_712' title='bbox 1190 5231 1453 5304; x_wconf 86' lang='lat' dir='ltr'><strong>gentium,</strong></span> <span class='ocrx_word' id='word_1_713' title='bbox 1469 5229 1896 5291; x_wconf 63' lang='lat' dir='ltr'><strong>vel‘commotio-</strong></span> 
     </span>
    </p>
   </div>
   <div class='ocr_carea' id='block_1_100' title="bbox 312 5320 1894 5396">
    <p class='ocr_par' dir='ltr' id='par_1_100' title="bbox 312 5320 1894 5396">
     <span class='ocr_line' id='line_1_100' title="bbox 312 5320 1894 5396; baseline 0 -18"><span class='ocrx_word' id='word_1_714' title='bbox 312 5332 435 5378; x_wconf 74' lang='lat' dir='ltr'><strong>nem</strong></span> <span class='ocrx_word' id='word_1_715' title='bbox 464 5325 633 5381; x_wconf 85' lang='lat' dir='ltr'><strong>totius</strong></span> <span class='ocrx_word' id='word_1_716' title='bbox 655 5324 843 5381; x_wconf 83' lang='lat' dir='ltr'><strong>mundi</strong></span> <span class='ocrx_word' id='word_1_717' title='bbox 880 5322 1147 5396; x_wconf 76' lang='lat' dir='ltr'><strong>praedicit,</strong></span> <span class='ocrx_word' id='word_1_718' title='bbox 1178 5334 1243 5380; x_wconf 83' lang='lat' dir='ltr'><strong>ac</strong></span> <span class='ocrx_word' id='word_1_719' title='bbox 1262 5325 1365 5381; x_wconf 87' lang='lat' dir='ltr'><strong>sub</strong></span> <span class='ocrx_word' id='word_1_720' title='bbox 1393 5324 1563 5395; x_wconf 80' lang='lat' dir='ltr'><strong>ﬁgura</strong></span> <span class='ocrx_word' id='word_1_721' title='bbox 1593 5320 1894 5379; x_wconf 85' lang='lat' dir='ltr'><strong>Zorobabel</strong></span> 
     </span>
    </p>
   </div>
   <div class='ocr_carea' id='block_1_101' title="bbox 312 5410 1892 5489">
    <p class='ocr_par' dir='ltr' id='par_1_101' title="bbox 312 5410 1892 5489">
     <span class='ocr_line' id='line_1_101' title="bbox 312 5410 1892 5489; baseline 0.003 -18"><span class='ocrx_word' id='word_1_722' title='bbox 312 5410 519 5472; x_wconf 79' lang='lat' dir='ltr'><strong>Christi</strong></span> <span class='ocrx_word' id='word_1_723' title='bbox 539 5417 828 5474; x_wconf 80' lang='lat' dir='ltr'><strong>adventum</strong></span> <span class='ocrx_word' id='word_1_724' title='bbox 875 5418 1205 5474; x_wconf 83' lang='lat' dir='ltr'><strong>vaticinatur</strong></span> <span class='ocrx_word' id='word_1_725' title='bbox 1233 5436 1247 5473; x_wconf 90' lang='lat'><strong>:</strong></span> <span class='ocrx_word' id='word_1_726' title='bbox 1279 5417 1678 5489; x_wconf 81' lang='lat' dir='ltr'><strong>septuagesimo</strong></span> <span class='ocrx_word' id='word_1_727' title='bbox 1710 5427 1892 5475; x_wconf 86' lang='lat' dir='ltr'><strong>autem</strong></span> 
     </span>
    </p>
   </div>
   <div class='ocr_carea' id='block_1_102' title="bbox 314 5508 1893 5581">
    <p class='ocr_par' dir='ltr' id='par_1_102' title="bbox 314 5508 1893 5581">
     <span class='ocr_line' id='line_1_102' title="bbox 314 5508 1893 5581; baseline 0.003 -23"><span class='ocrx_word' id='word_1_728' title='bbox 314 5516 455 5565; x_wconf 67' lang='lat' dir='ltr'><strong>anno</strong></span> <span class='ocrx_word' id='word_1_729' title='bbox 476 5509 807 5581; x_wconf 76' lang='lat' dir='ltr'><strong>captivitatis</strong></span> <span class='ocrx_word' id='word_1_730' title='bbox 830 5508 1012 5581; x_wconf 90' lang='lat' dir='ltr'><strong>populi</strong></span> <span class='ocrx_word' id='word_1_731' title='bbox 1055 5509 1420 5580; x_wconf 87' lang='lat' dir='ltr'><strong>prophetavit,</strong></span> <span class='ocrx_word' id='word_1_732' title='bbox 1450 5509 1658 5565; x_wconf 88' lang='lat' dir='ltr'><strong>duobus</strong></span> <span class='ocrx_word' id='word_1_733' title='bbox 1687 5514 1893 5564; x_wconf 87' lang='lat' dir='ltr'><strong>tantum</strong></span> 
     </span>
    </p>
   </div>
   <div class='ocr_carea' id='block_1_103' title="bbox 317 5600 1724 5671">
    <p class='ocr_par' dir='ltr' id='par_1_103' title="bbox 317 5600 1724 5671">
     <span class='ocr_line' id='line_1_103' title="bbox 317 5600 1724 5671; baseline 0.004 -20"><span class='ocrx_word' id='word_1_734' title='bbox 317 5600 591 5657; x_wconf 70' lang='lat' dir='ltr'><strong>mensibus</strong></span> <span class='ocrx_word' id='word_1_735' title='bbox 611 5601 935 5665; x_wconf 73' lang='lat' dir='ltr'><strong>Zachariam</strong></span> <span class='ocrx_word' id='word_1_736' title='bbox 976 5602 1230 5657; x_wconf 79' lang='lat' dir='ltr'><strong>vaticinia</strong></span> <span class='ocrx_word' id='word_1_737' title='bbox 1256 5612 1356 5657; x_wconf 89' lang='lat' dir='ltr'><strong>suo</strong></span> <span class='ocrx_word' id='word_1_738' title='bbox 1386 5601 1724 5671; x_wconf 61' lang='lat' dir='ltr'><strong>praecedens.</strong></span> 
     </span>
    </p>
   </div>
   <div class='ocr_carea' id='block_1_104' title="bbox 384 5689 1896 5764">
    <p class='ocr_par' dir='ltr' id='par_1_104' title="bbox 384 5689 1896 5764">
     <span class='ocr_line' id='line_1_104' title="bbox 384 5689 1896 5764; baseline 0.004 -20"><span class='ocrx_word' id='word_1_739' title='bbox 384 5689 699 5759; x_wconf 75' lang='lat' dir='ltr'><strong>Zacharias,</strong></span> <span class='ocrx_word' id='word_1_740' title='bbox 727 5695 818 5764; x_wconf 82' lang='lat' dir='ltr'><strong>qui</strong></span> <span class='ocrx_word' id='word_1_741' title='bbox 846 5693 1174 5758; x_wconf 78' lang='lat' dir='ltr'><strong>nominatur,</strong></span> <span class='ocrx_word' id='word_1_742' title='bbox 1205 5693 1458 5749; x_wconf 71' lang='lat' dir='ltr'><strong>moria</strong></span> <span class='ocrx_word' id='word_1_743' title='bbox 1486 5691 1732 5758; x_wconf 78' lang='lat' dir='ltr'><strong>Domini,</strong></span> <span class='ocrx_word' id='word_1_744' title='bbox 1751 5701 1896 5763; x_wconf 86' lang='lat' dir='ltr'><strong>post-</strong></span> 
     </span>
    </p>
   </div>
   <div class='ocr_carea' id='block_1_105' title="bbox 319 5780 1895 5857">
    <p class='ocr_par' dir='ltr' id='par_1_105' title="bbox 319 5780 1895 5857">
     <span class='ocr_line' id='line_1_105' title="bbox 319 5780 1895 5857; baseline 0.003 -18"><span class='ocrx_word' id='word_1_745' title='bbox 319 5788 477 5854; x_wconf 71' lang='lat' dir='ltr'><strong>quam</strong></span> <span class='ocrx_word' id='word_1_746' title='bbox 506 5782 641 5842; x_wconf 84' lang='lat' dir='ltr'><strong>iram</strong></span> <span class='ocrx_word' id='word_1_747' title='bbox 663 5780 881 5843; x_wconf 86' lang='lat' dir='ltr'><strong>Domini</strong></span> <span class='ocrx_word' id='word_1_748' title='bbox 910 5785 966 5841; x_wconf 89' lang='lat' dir='ltr'><strong>in</strong></span> <span class='ocrx_word' id='word_1_749' title='bbox 987 5784 1231 5857; x_wconf 86' lang='lat' dir='ltr'><strong>patribus</strong></span> <span class='ocrx_word' id='word_1_750' title='bbox 1257 5784 1601 5857; x_wconf 85' lang='lat' dir='ltr'><strong>prophetavit</strong></span> <span class='ocrx_word' id='word_1_751' title='bbox 1630 5803 1643 5842; x_wconf 89' lang='lat'><strong>:</strong></span> <span class='ocrx_word' id='word_1_752' title='bbox 1675 5788 1811 5843; x_wconf 78' lang='lat' dir='ltr'><strong>vidit</strong></span> <span class='ocrx_word' id='word_1_753' title='bbox 1836 5794 1895 5843; x_wconf 81' lang='lat' dir='ltr'><strong>et</strong></span> 
     </span>
    </p>
   </div>
   <div class='ocr_carea' id='block_1_106' title="bbox 1992 4676 3586 4749">
    <p class='ocr_par' dir='ltr' id='par_1_106' title="bbox 1992 4676 3586 4749">
     <span class='ocr_line' id='line_1_106' title="bbox 1992 4676 3586 4749; baseline 0.006 -15"><span class='ocrx_word' id='word_1_754' title='bbox 1992 4678 2112 4744; x_wconf 87' lang='lat' dir='ltr'><strong>bat,</strong></span> <span class='ocrx_word' id='word_1_755' title='bbox 2135 4682 2191 4734; x_wconf 83' lang='lat' dir='ltr'><strong>et</strong></span> <span class='ocrx_word' id='word_1_756' title='bbox 2210 4676 2539 4735; x_wconf 86' lang='lat' dir='ltr'><strong>sacriﬁcium</strong></span> <span class='ocrx_word' id='word_1_757' title='bbox 2569 4680 2853 4738; x_wconf 82' lang='lat' dir='ltr'><strong>transferri</strong></span> <span class='ocrx_word' id='word_1_758' title='bbox 2893 4683 2959 4737; x_wconf 87' lang='lat' dir='ltr'><strong>ad</strong></span> <span class='ocrx_word' id='word_1_759' title='bbox 2986 4680 3211 4749; x_wconf 85' lang='lat' dir='ltr'><strong>Gentes,</strong></span> <span class='ocrx_word' id='word_1_760' title='bbox 3236 4681 3291 4741; x_wconf 85' lang='lat' dir='ltr'><strong>in</strong></span> <span class='ocrx_word' id='word_1_761' title='bbox 3321 4681 3430 4737; x_wconf 77' lang='lat' dir='ltr'><strong>ﬁne</strong></span> <span class='ocrx_word' id='word_1_762' title='bbox 3460 4697 3586 4743; x_wconf 64' lang='lat' dir='ltr'><strong>vero</strong></span> 
     </span>
    </p>
   </div>
   <div class='ocr_carea' id='block_1_107' title="bbox 1996 4764 3584 4847">
    <p class='ocr_par' dir='ltr' id='par_1_107' title="bbox 1996 4764 3584 4847">
     <span class='ocr_line' id='line_1_107' title="bbox 1996 4764 3584 4847; baseline 0.005 -22"><span class='ocrx_word' id='word_1_763' title='bbox 1996 4771 2287 4831; x_wconf 84' lang='lat' dir='ltr'><strong>adventum</strong></span> <span class='ocrx_word' id='word_1_764' title='bbox 2319 4764 2536 4829; x_wconf 87' lang='lat' dir='ltr'><strong>Domini</strong></span> <span class='ocrx_word' id='word_1_765' title='bbox 2566 4775 2870 4829; x_wconf 89' lang='lat' dir='ltr'><strong>annuntiat.</strong></span> <span class='ocrx_word' id='word_1_766' title='bbox 2920 4764 3073 4831; x_wconf 83' lang='lat' dir='ltr'><strong>Diem</strong></span> <span class='ocrx_word' id='word_1_767' title='bbox 3115 4789 3329 4846; x_wconf 87' lang='lat' dir='ltr'><strong>quoque</strong></span> <span class='ocrx_word' id='word_1_768' title='bbox 3371 4776 3584 4847; x_wconf 75' lang='lat' dir='ltr'><strong>iudicii,</strong></span> 
     </span>
    </p>
   </div>
   <div class='ocr_carea' id='block_1_108' title="bbox 1988 4856 3584 4937">
    <p class='ocr_par' dir='ltr' id='par_1_108' title="bbox 1988 4856 3584 4937">
     <span class='ocr_line' id='line_1_108' title="bbox 1988 4856 3584 4937; baseline 0.005 -18"><span class='ocrx_word' id='word_1_769' title='bbox 1988 4861 2371 4935; x_wconf 77' lang='lat' dir='ltr'><strong>iustorumque</strong></span> <span class='ocrx_word' id='word_1_770' title='bbox 2392 4862 2639 4936; x_wconf 68' lang='lat' dir='ltr'><strong>praemia,</strong></span> <span class='ocrx_word' id='word_1_771' title='bbox 2667 4873 2723 4921; x_wconf 92' lang='lat' dir='ltr'><strong>et</strong></span> <span class='ocrx_word' id='word_1_772' title='bbox 2751 4856 3039 4937; x_wconf 88' lang='lat' dir='ltr'><strong>impiorum</strong></span> <span class='ocrx_word' id='word_1_773' title='bbox 3069 4881 3291 4936; x_wconf 55' lang='lat' dir='ltr'><strong>poenas,</strong></span> <span class='ocrx_word' id='word_1_774' title='bbox 3319 4866 3584 4927; x_wconf 84' lang='lat' dir='ltr'><strong>Joannem</strong></span> 
     </span>
    </p>
   </div>
   <div class='ocr_carea' id='block_1_109' title="bbox 1995 4944 3588 5027">
    <p class='ocr_par' dir='ltr' id='par_1_109' title="bbox 1995 4944 3588 5027">
     <span class='ocr_line' id='line_1_109' title="bbox 1995 4944 3588 5027; baseline 0.001 -15"><span class='ocrx_word' id='word_1_775' title='bbox 1995 4954 2160 5012; x_wconf 85' lang='lat' dir='ltr'><strong>etiam</strong></span> <span class='ocrx_word' id='word_1_776' title='bbox 2189 4950 2450 5025; x_wconf 77' lang='lat' dir='ltr'><strong>praedicat</strong></span> <span class='ocrx_word' id='word_1_777' title='bbox 2479 4962 2607 5013; x_wconf 89' lang='lat' dir='ltr'><strong>ante</strong></span> <span class='ocrx_word' id='word_1_778' title='bbox 2640 4954 2927 5013; x_wconf 88' lang='lat' dir='ltr'><strong>adventum</strong></span> <span class='ocrx_word' id='word_1_779' title='bbox 2958 4944 3196 5027; x_wconf 86' lang='lat' dir='ltr'><strong>primum</strong></span> <span class='ocrx_word' id='word_1_780' title='bbox 3218 4952 3431 5015; x_wconf 90' lang='lat' dir='ltr'><strong>Domini</strong></span> <span class='ocrx_word' id='word_1_781' title='bbox 3457 4959 3588 5014; x_wconf 83' lang='lat' dir='ltr'><strong>mis-</strong></span> 
     </span>
    </p>
   </div>
   <div class='ocr_carea' id='block_1_110' title="bbox 2002 5036 3585 5129">
    <p class='ocr_par' dir='ltr' id='par_1_110' title="bbox 2002 5036 3585 5129">
     <span class='ocr_line' id='line_1_110' title="bbox 2002 5036 3585 5129; baseline -0.004 -22"><span class='ocrx_word' id='word_1_782' title='bbox 2002 5054 2145 5115; x_wconf 85' lang='lat' dir='ltr'><strong>sum,</strong></span> <span class='ocrx_word' id='word_1_783' title='bbox 2193 5055 2249 5105; x_wconf 89' lang='lat' dir='ltr'><strong>et</strong></span> <span class='ocrx_word' id='word_1_784' title='bbox 2284 5036 2462 5105; x_wconf 77' lang='lat' dir='ltr'><strong>Elia‘m</strong></span> <span class='ocrx_word' id='word_1_785' title='bbox 2490 5055 2616 5106; x_wconf 89' lang='lat' dir='ltr'><strong>ante</strong></span> <span class='ocrx_word' id='word_1_786' title='bbox 2646 5047 2945 5107; x_wconf 88' lang='lat' dir='ltr'><strong>secundum</strong></span> <span class='ocrx_word' id='word_1_787' title='bbox 2980 5040 3270 5105; x_wconf 88' lang='lat' dir='ltr'><strong>adventum</strong></span> <span class='ocrx_word' id='word_1_788' title='bbox 3299 5048 3585 5129; x_wconf 73' lang='lat' dir='ltr'><strong>annuntiat</strong></span> 
     </span>
    </p>
   </div>
   <div class='ocr_carea' id='block_1_111' title="bbox 2000 5132 3580 5199">
    <p class='ocr_par' dir='ltr' id='par_1_111' title="bbox 2000 5132 3580 5199">
     <span class='ocr_line' id='line_1_111' title="bbox 2000 5132 3580 5199; baseline -0.002 -1"><span class='ocrx_word' id='word_1_789' title='bbox 2000 5154 2123 5199; x_wconf 85' lang='lat' dir='ltr'><strong>esse</strong></span> <span class='ocrx_word' id='word_1_790' title='bbox 2152 5141 2493 5197; x_wconf 80' lang='lat' dir='ltr'><strong>mittendum.</strong></span> <span class='ocrx_word' id='word_1_791' title='bbox 2521 5138 2668 5199; x_wconf 84' lang='lat' dir='ltr'><strong>Inter</strong></span> <span class='ocrx_word' id='word_1_792' title='bbox 2694 5142 2813 5198; x_wconf 65' lang='lat' dir='ltr'><strong>haec</strong></span> <span class='ocrx_word' id='word_1_793' title='bbox 2839 5132 3093 5199; x_wconf 88' lang='lat' dir='ltr'><strong>nonnulla</strong></span> <span class='ocrx_word' id='word_1_794' title='bbox 3127 5141 3353 5199; x_wconf 88' lang='lat' dir='ltr'><strong>moralia</strong></span> <span class='ocrx_word' id='word_1_795' title='bbox 3398 5149 3456 5198; x_wconf 87' lang='lat' dir='ltr'><strong>et</strong></span> <span class='ocrx_word' id='word_1_796' title='bbox 3499 5141 3580 5197; x_wconf 43' lang='lat' dir='ltr'><strong>die</strong></span> 
     </span>
    </p>
   </div>
   <div class='ocr_carea' id='block_1_112' title="bbox 2001 5232 3583 5304">
    <p class='ocr_par' dir='ltr' id='par_1_112' title="bbox 2001 5232 3583 5304">
     <span class='ocr_line' id='line_1_112' title="bbox 2001 5232 3583 5304; baseline 0.002 -14"><span class='ocrx_word' id='word_1_797' title='bbox 2001 5232 2242 5303; x_wconf 85' lang='lat' dir='ltr'><strong>sciplini&#39;s</strong></span> <span class='ocrx_word' id='word_1_798' title='bbox 2270 5233 2619 5304; x_wconf 80' lang='lat' dir='ltr'><strong>congruentia</strong></span> <span class='ocrx_word' id='word_1_799' title='bbox 2645 5232 2910 5303; x_wconf 83' lang='lat' dir='ltr'><strong>explicat,</strong></span> <span class='ocrx_word' id='word_1_800' title='bbox 2938 5232 2994 5289; x_wconf 91' lang='lat' dir='ltr'><strong>in</strong></span> <span class='ocrx_word' id='word_1_801' title='bbox 3022 5235 3217 5304; x_wconf 90' lang='lat' dir='ltr'><strong>quibus</strong></span> <span class='ocrx_word' id='word_1_802' title='bbox 3240 5233 3467 5304; x_wconf 88' lang='lat' dir='ltr'><strong>corripit</strong></span> <span class='ocrx_word' id='word_1_803' title='bbox 3488 5248 3583 5304; x_wconf 82' lang='lat' dir='ltr'><strong>po-</strong></span> 
     </span>
    </p>
   </div>
   <div class='ocr_carea' id='block_1_113' title="bbox 1996 5323 3587 5397">
    <p class='ocr_par' dir='ltr' id='par_1_113' title="bbox 1996 5323 3587 5397">
     <span class='ocr_line' id='line_1_113' title="bbox 1996 5323 3587 5397; baseline -0.001 -17"><span class='ocrx_word' id='word_1_804' title='bbox 1996 5326 2183 5397; x_wconf 86' lang='lat' dir='ltr'><strong>pulum</strong></span> <span class='ocrx_word' id='word_1_805' title='bbox 2210 5324 2323 5381; x_wconf 90' lang='lat' dir='ltr'><strong>sive</strong></span> <span class='ocrx_word' id='word_1_806' title='bbox 2354 5323 2663 5382; x_wconf 88' lang='lat' dir='ltr'><strong>sacerdotes</strong></span> <span class='ocrx_word' id='word_1_807' title='bbox 2682 5323 3037 5397; x_wconf 85' lang='lat' dir='ltr'><strong>despicientes</strong></span> <span class='ocrx_word' id='word_1_808' title='bbox 3059 5342 3255 5383; x_wconf 88' lang='lat' dir='ltr'><strong>nomen</strong></span> <span class='ocrx_word' id='word_1_809' title='bbox 3282 5323 3398 5391; x_wconf 89' lang='lat' dir='ltr'><strong>Dei,</strong></span> <span class='ocrx_word' id='word_1_810' title='bbox 3423 5334 3587 5396; x_wconf 84' lang='lat' dir='ltr'><strong>atque</strong></span> 
     </span>
    </p>
   </div>
   <div class='ocr_carea' id='block_1_114' title="bbox 1999 5408 3586 5485">
    <p class='ocr_par' dir='ltr' id='par_1_114' title="bbox 1999 5408 3586 5485">
     <span class='ocr_line' id='line_1_114' title="bbox 1999 5408 3586 5485; baseline -0.001 -15"><span class='ocrx_word' id='word_1_811' title='bbox 1999 5415 2116 5485; x_wconf 85' lang='lat' dir='ltr'><strong>ejus</strong></span> <span class='ocrx_word' id='word_1_812' title='bbox 2144 5412 2498 5472; x_wconf 86' lang='lat' dir='ltr'><strong>Sacramenta</strong></span> <span class='ocrx_word' id='word_1_813' title='bbox 2522 5412 2740 5484; x_wconf 89' lang='lat' dir='ltr'><strong>pollutis</strong></span> <span class='ocrx_word' id='word_1_814' title='bbox 2787 5408 3150 5472; x_wconf 89' lang='lat' dir='ltr'><strong>oblationibus</strong></span> <span class='ocrx_word' id='word_1_815' title='bbox 3197 5423 3251 5471; x_wconf 89' lang='lat' dir='ltr'><strong>et</strong></span> <span class='ocrx_word' id='word_1_816' title='bbox 3300 5413 3586 5471; x_wconf 86' lang='lat' dir='ltr'><strong>sacriﬁciis</strong></span> 
     </span>
    </p>
   </div>
   <div class='ocr_carea' id='block_1_115' title="bbox 1996 5507 3588 5579">
    <p class='ocr_par' dir='ltr' id='par_1_115' title="bbox 1996 5507 3588 5579">
     <span class='ocr_line' id='line_1_115' title="bbox 1996 5507 3588 5579; baseline -0.002 -15"><span class='ocrx_word' id='word_1_817' title='bbox 1996 5507 2279 5572; x_wconf 80' lang='lat' dir='ltr'><strong>violantes,</strong></span> <span class='ocrx_word' id='word_1_818' title='bbox 2308 5507 2403 5576; x_wconf 91' lang='lat' dir='ltr'><strong>qui</strong></span> <span class='ocrx_word' id='word_1_819' title='bbox 2429 5515 2614 5563; x_wconf 90' lang='lat' dir='ltr'><strong>monet</strong></span> <span class='ocrx_word' id='word_1_820' title='bbox 2638 5510 2801 5563; x_wconf 87' lang='lat' dir='ltr'><strong>etiam</strong></span> <span class='ocrx_word' id='word_1_821' title='bbox 2831 5509 3115 5579; x_wconf 81' lang='lat' dir='ltr'><strong>episeopos</strong></span> <span class='ocrx_word' id='word_1_822' title='bbox 3154 5507 3340 5562; x_wconf 86' lang='lat' dir='ltr'><strong>doctos</strong></span> <span class='ocrx_word' id='word_1_823' title='bbox 3378 5513 3431 5561; x_wconf 90' lang='lat' dir='ltr'><strong>et</strong></span> <span class='ocrx_word' id='word_1_824' title='bbox 3465 5507 3588 5561; x_wconf 82' lang='lat' dir='ltr'><strong>sine</strong></span> 
     </span>
    </p>
   </div>
   <div class='ocr_carea' id='block_1_116' title="bbox 1998 5598 3587 5670">
    <p class='ocr_par' dir='ltr' id='par_1_116' title="bbox 1998 5598 3587 5670">
     <span class='ocr_line' id='line_1_116' title="bbox 1998 5598 3587 5670; baseline 0 -17"><span class='ocrx_word' id='word_1_825' title='bbox 1998 5598 2209 5653; x_wconf 89' lang='lat' dir='ltr'><strong>macula</strong></span> <span class='ocrx_word' id='word_1_826' title='bbox 2231 5611 2349 5653; x_wconf 88' lang='lat' dir='ltr'><strong>csse</strong></span> <span class='ocrx_word' id='word_1_827' title='bbox 2379 5598 2593 5665; x_wconf 89' lang='lat' dir='ltr'><strong>debere,</strong></span> <span class='ocrx_word' id='word_1_828' title='bbox 2612 5608 2738 5664; x_wconf 87' lang='lat' dir='ltr'><strong>etc.,</strong></span> <span class='ocrx_word' id='word_1_829' title='bbox 2768 5614 3120 5670; x_wconf 87' lang='lat' dir='ltr'><strong>personarum</strong></span> <span class='ocrx_word' id='word_1_830' title='bbox 3131 5601 3249 5654; x_wconf 89' lang='lat' dir='ltr'><strong>sine</strong></span> <span class='ocrx_word' id='word_1_831' title='bbox 3271 5599 3587 5669; x_wconf 82' lang='lat' dir='ltr'><strong>acceptione</strong></span> 
     </span>
    </p>
   </div>
   <div class='ocr_carea' id='block_1_117' title="bbox 1998 5686 3587 5762">
    <p class='ocr_par' dir='ltr' id='par_1_117' title="bbox 1998 5686 3587 5762">
     <span class='ocr_line' id='line_1_117' title="bbox 1998 5686 3587 5762; baseline 0.001 -18"><span class='ocrx_word' id='word_1_832' title='bbox 1998 5686 2222 5761; x_wconf 89' lang='lat' dir='ltr'><strong>populos</strong></span> <span class='ocrx_word' id='word_1_833' title='bbox 2254 5688 2533 5748; x_wconf 89' lang='lat' dir='ltr'><strong>veritatem</strong></span> <span class='ocrx_word' id='word_1_834' title='bbox 2564 5690 2835 5748; x_wconf 77' lang='lat' dir='ltr'><strong>instnuere</strong></span> <span class='ocrx_word' id='word_1_835' title='bbox 2874 5710 2886 5745; x_wconf 90' lang='lat'>:</span> <span class='ocrx_word' id='word_1_836' title='bbox 2929 5690 3205 5747; x_wconf 87' lang='lat' dir='ltr'><strong>discordes</strong></span> <span class='ocrx_word' id='word_1_837' title='bbox 3248 5704 3463 5762; x_wconf 86' lang='lat' dir='ltr'><strong>quoque</strong></span> <span class='ocrx_word' id='word_1_838' title='bbox 3498 5703 3587 5745; x_wconf 82' lang='lat' dir='ltr'><strong>ar-</strong></span> 
     </span>
    </p>
   </div>
   <div class='ocr_carea' id='block_1_118' title="bbox 1999 5775 3579 5856">
    <p class='ocr_par' dir='ltr' id='par_1_118' title="bbox 1999 5775 3579 5856">
     <span class='ocr_line' id='line_1_118' title="bbox 1999 5775 3579 5856; baseline -0.001 -18"><span class='ocrx_word' id='word_1_839' title='bbox 1999 5783 2137 5856; x_wconf 81' lang='lat' dir='ltr'><strong>guit,</strong></span> <span class='ocrx_word' id='word_1_840' title='bbox 2177 5781 2416 5839; x_wconf 85' lang='lat' dir='ltr'><strong>decimas</strong></span> <span class='ocrx_word' id='word_1_841' title='bbox 2443 5791 2497 5840; x_wconf 91' lang='lat' dir='ltr'><strong>et</strong></span> <span class='ocrx_word' id='word_1_842' title='bbox 2524 5782 2791 5855; x_wconf 86' lang='lat' dir='ltr'><strong>primitias</strong></span> <span class='ocrx_word' id='word_1_843' title='bbox 2828 5781 3130 5839; x_wconf 85' lang='lat' dir='ltr'><strong>reddendas</strong></span> <span class='ocrx_word' id='word_1_844' title='bbox 3153 5781 3366 5854; x_wconf 87' lang='lat' dir='ltr'><strong>populis</strong></span> <span class='ocrx_word' id='word_1_845' title='bbox 3392 5775 3579 5837; x_wconf 79' lang='lat' dir='ltr'><strong>Eccle-</strong></span> 
     </span>
    </p>
   </div>
  </div>
