  <div class='ocr_page' id='page_1' title='image "/cluster/home/n/w/nwhite01/storage/ocr_20150623/111/hvd.32044009716333/069.png"; bbox 0 0 4074 6316; ppageno 0'>
   <div class='ocr_carea' id='block_1_1' title="bbox 500 380 606 469">
    <p class='ocr_par' dir='ltr' id='par_1_1' title="bbox 500 380 606 469">
     <span class='ocr_line' id='line_1_1' title="bbox 500 380 606 469; baseline 0 -30"><span class='ocrx_word' id='word_1_1' title='bbox 500 380 606 469; x_wconf 70' lang='lat' dir='ltr'><strong>las</strong></span> 
     </span>
    </p>
   </div>
   <div class='ocr_carea' id='block_1_2' title="bbox 1131 348 3085 432">
    <p class='ocr_par' dir='ltr' id='par_1_2' title="bbox 1131 348 3085 432">
     <span class='ocr_line' id='line_1_2' title="bbox 1131 348 3085 432; baseline -0.008 0"><span class='ocrx_word' id='word_1_2' title='bbox 1131 374 1191 432; x_wconf 92' lang='lat' dir='ltr'><strong>B.</strong></span> <span class='ocrx_word' id='word_1_3' title='bbox 1231 372 1484 431; x_wconf 60' lang='lat' dir='ltr'><strong>annm</strong></span> <span class='ocrx_word' id='word_1_4' title='bbox 1522 368 1742 428; x_wconf 80' lang='lat' dir='ltr'><strong>MAURI</strong></span> <span class='ocrx_word' id='word_1_5' title='bbox 1778 348 2097 425; x_wconf 79' lang='lat' dir='ltr'><strong>ARClliEP.</strong></span> <span class='ocrx_word' id='word_1_6' title='bbox 2139 352 2447 424; x_wconf 73' lang='lat' dir='ltr'><strong>Monum.</strong></span> <span class='ocrx_word' id='word_1_7' title='bbox 2488 362 2988 423; x_wconf 68' lang='lat' dir='ltr'><strong>orenunpans</strong></span> <span class='ocrx_word' id='word_1_8' title='bbox 3023 363 3085 419; x_wconf 85' lang='grc' dir='ltr'><strong>ιι.</strong></span> 
     </span>
    </p>
   </div>
   <div class='ocr_carea' id='block_1_3' title="bbox 3657 364 3765 421">
    <p class='ocr_par' dir='ltr' id='par_1_3' title="bbox 3657 364 3765 421">
     <span class='ocr_line' id='line_1_3' title="bbox 3657 364 3765 421; baseline 0.009 -1"><span class='ocrx_word' id='word_1_9' title='bbox 3657 364 3765 421; x_wconf 63' lang='grc'><strong>124</strong></span> 
     </span>
    </p>
   </div>
   <div class='ocr_carea' id='block_1_4' title="bbox 498 460 3765 571">
    <p class='ocr_par' dir='ltr' id='par_1_4' title="bbox 498 460 3765 571">
     <span class='ocr_line' id='line_1_4' title="bbox 498 460 3765 571; baseline -0.003 -24"><span class='ocrx_word' id='word_1_10' title='bbox 692 464 975 565; x_wconf 61' lang='lat' dir='ltr'><strong>Dominum</strong></span> <span class='ocrx_word' id='word_1_11' title='bbox 1020 494 1183 550; x_wconf 83' lang='lat' dir='ltr'><strong>Deum</strong></span> <span class='ocrx_word' id='word_1_12' title='bbox 1230 502 1375 547; x_wconf 83' lang='lat' dir='ltr'><strong>tuum</strong></span> <span class='ocrx_word' id='word_1_13' title='bbox 1401 492 1580 565; x_wconf 84' lang='lat' dir='ltr'><strong>(Deut.</strong></span> <span class='ocrx_word' id='word_1_14' title='bbox 1600 460 1707 561; x_wconf 33' lang='lat' dir='ltr'><strong>vr);</strong></span> <span class='ocrx_word' id='word_1_15' title='bbox 1734 497 1788 544; x_wconf 90' lang='lat' dir='ltr'><strong>et</strong></span> <span class='ocrx_word' id='word_1_16' title='bbox 1813 506 1825 541; x_wconf 86' lang='lat'><strong>:</strong></span> <span class='ocrx_word' id='word_1_17' title='bbox 1855 486 2075 541; x_wconf 87' lang='lat' dir='ltr'><strong>Honora</strong></span> <span class='ocrx_word' id='word_1_18' title='bbox 2102 476 2157 543; x_wconf 78' lang='grc' dir='ltr'><strong>Α</strong></span> <span class='ocrx_word' id='word_1_19' title='bbox 2178 481 2379 536; x_wconf 83' lang='lat' dir='ltr'><strong>bebant</strong></span> <span class='ocrx_word' id='word_1_20' title='bbox 2414 481 2641 551; x_wconf 79' lang='lat' dir='ltr'><strong>antiqui,</strong></span> <span class='ocrx_word' id='word_1_21' title='bbox 2684 480 2823 536; x_wconf 88' lang='lat' dir='ltr'><strong>sicut</strong></span> <span class='ocrx_word' id='word_1_22' title='bbox 2849 487 3035 535; x_wconf 88' lang='lat' dir='ltr'><strong>aratur</strong></span> <span class='ocrx_word' id='word_1_23' title='bbox 3072 487 3237 534; x_wconf 86' lang='lat' dir='ltr'><strong>terra.</strong></span> <span class='ocrx_word' id='word_1_24' title='bbox 3269 476 3315 532; x_wconf 82' lang='lat' dir='ltr'><strong>A</strong></span> <span class='ocrx_word' id='word_1_25' title='bbox 3355 476 3572 535; x_wconf 80' lang='lat' dir='ltr'><strong>sinistra</strong></span> <span class='ocrx_word' id='word_1_26' title='bbox 3604 476 3765 536; x_wconf 75' lang='lat' dir='ltr'><strong>enim</strong></span> 
     </span>
    </p>
   </div>
   <div class='ocr_carea' id='block_1_5' title="bbox 494 580 2080 666">
    <p class='ocr_par' dir='ltr' id='par_1_5' title="bbox 494 580 2080 666">
     <span class='ocr_line' id='line_1_5' title="bbox 494 580 2080 666; baseline -0.009 -19"><span class='ocrx_word' id='word_1_27' title='bbox 494 598 862 666; x_wconf 68' lang='lat' dir='ltr'><strong>patremtuum</strong></span> <span class='ocrx_word' id='word_1_28' title='bbox 886 598 934 653; x_wconf 79' lang='lat' dir='ltr'><strong>et</strong></span> <span class='ocrx_word' id='word_1_29' title='bbox 956 596 1188 661; x_wconf 76' lang='lat' dir='ltr'><strong>matrem</strong></span> <span class='ocrx_word' id='word_1_30' title='bbox 1212 594 1357 639; x_wconf 84' lang='lat' dir='ltr'><strong>tuam</strong></span> <span class='ocrx_word' id='word_1_31' title='bbox 1380 584 1579 657; x_wconf 69' lang='lat' dir='ltr'><strong>(Exod.</strong></span> <span class='ocrx_word' id='word_1_32' title='bbox 1629 580 1755 654; x_wconf 84' lang='lat' dir='ltr'><strong>xx);</strong></span> <span class='ocrx_word' id='word_1_33' title='bbox 1797 580 1926 650; x_wconf 89' lang='lat' dir='ltr'><strong>quid</strong></span> <span class='ocrx_word' id='word_1_34' title='bbox 1971 593 2080 633; x_wconf 88' lang='lat' dir='ltr'><strong>non</strong></span> 
     </span>
    </p>
   </div>
   <div class='ocr_carea' id='block_1_6' title="bbox 491 668 2076 759">
    <p class='ocr_par' dir='ltr' id='par_1_6' title="bbox 491 668 2076 759">
     <span class='ocr_line' id='line_1_6' title="bbox 491 668 2076 759; baseline -0.011 -22"><span class='ocrx_word' id='word_1_35' title='bbox 491 672 909 755; x_wconf 58' lang='grc' dir='ltr'><strong>Δίξδθίίιηζίιιιεῐιιιη.</strong></span> <span class='ocrx_word' id='word_1_36' title='bbox 932 695 945 731; x_wconf 87' lang='lat'><strong>:</strong></span> <span class='ocrx_word' id='word_1_37' title='bbox 972 676 1097 731; x_wconf 83' lang='lat' dir='ltr'><strong>Non</strong></span> <span class='ocrx_word' id='word_1_38' title='bbox 1142 672 1512 759; x_wconf 65' lang='lat' dir='ltr'><strong>mwchaberis;</strong></span> <span class='ocrx_word' id='word_1_39' title='bbox 1560 687 1665 725; x_wconf 85' lang='lat' dir='ltr'><strong>non</strong></span> <span class='ocrx_word' id='word_1_40' title='bbox 1687 668 1886 739; x_wconf 85' lang='lat' dir='ltr'><strong>furtum</strong></span> <span class='ocrx_word' id='word_1_41' title='bbox 1915 668 2076 738; x_wconf 75' lang='lat' dir='ltr'><strong>[acies</strong></span> 
     </span>
    </p>
   </div>
   <div class='ocr_carea' id='block_1_7' title="bbox 496 756 2080 849">
    <p class='ocr_par' dir='ltr' id='par_1_7' title="bbox 496 756 2080 849">
     <span class='ocr_line' id='line_1_7' title="bbox 496 756 2080 849; baseline -0.011 -18"><span class='ocrx_word' id='word_1_42' title='bbox 496 770 707 849; x_wconf 78' lang='lat' dir='ltr'><strong>(Ibid.).</strong></span> <span class='ocrx_word' id='word_1_43' title='bbox 739 770 1001 832; x_wconf 73' lang='lat' dir='ltr'><strong>Similiter</strong></span> <span class='ocrx_word' id='word_1_44' title='bbox 1026 777 1084 829; x_wconf 88' lang='lat' dir='ltr'><strong>et</strong></span> <span class='ocrx_word' id='word_1_45' title='bbox 1125 756 1402 841; x_wconf 80' lang='lat' dir='ltr'><strong>gentilium</strong></span> <span class='ocrx_word' id='word_1_46' title='bbox 1454 772 1719 836; x_wconf 64' lang='lat' dir='ltr'><strong>praaccpta</strong></span> <span class='ocrx_word' id='word_1_47' title='bbox 1762 760 1847 818; x_wconf 85' lang='lat' dir='ltr'><strong>vel</strong></span> <span class='ocrx_word' id='word_1_48' title='bbox 1889 756 2080 829; x_wconf 76' lang='lat' dir='ltr'><strong>iubent</strong></span> 
     </span>
    </p>
   </div>
   <div class='ocr_carea' id='block_1_8' title="bbox 497 850 2079 931">
    <p class='ocr_par' dir='ltr' id='par_1_8' title="bbox 497 850 2079 931">
     <span class='ocr_line' id='line_1_8' title="bbox 497 850 2079 931; baseline -0.011 -7"><span class='ocrx_word' id='word_1_49' title='bbox 497 863 583 927; x_wconf 76' lang='lat' dir='ltr'><strong>vel</strong></span> <span class='ocrx_word' id='word_1_50' title='bbox 601 870 786 919; x_wconf 83' lang='lat' dir='ltr'><strong>vetant</strong></span> <span class='ocrx_word' id='word_1_51' title='bbox 807 880 828 915; x_wconf 87' lang='lat'><strong>-:</strong></span> <span class='ocrx_word' id='word_1_52' title='bbox 854 859 1047 931; x_wconf 86' lang='lat' dir='ltr'><strong>jubent</strong></span> <span class='ocrx_word' id='word_1_53' title='bbox 1082 857 1408 923; x_wconf 80' lang='lat' dir='ltr'><strong>faciendum,</strong></span> <span class='ocrx_word' id='word_1_54' title='bbox 1438 862 1498 909; x_wconf 90' lang='lat' dir='ltr'><strong>ut</strong></span> <span class='ocrx_word' id='word_1_55' title='bbox 1526 869 1541 907; x_wconf 87' lang='lat'><strong>:</strong></span> <span class='ocrx_word' id='word_1_56' title='bbox 1585 850 1778 907; x_wconf 85' lang='lat' dir='ltr'><strong>Nudus</strong></span> <span class='ocrx_word' id='word_1_57' title='bbox 1803 867 1945 929; x_wconf 74' lang='lat' dir='ltr'><strong>aras,</strong></span> <span class='ocrx_word' id='word_1_58' title='bbox 1968 866 2079 906; x_wconf 78' lang='lat' dir='ltr'><strong>sere</strong></span> 
     </span>
    </p>
   </div>
   <div class='ocr_carea' id='block_1_9' title="bbox 497 943 2072 1019">
    <p class='ocr_par' dir='ltr' id='par_1_9' title="bbox 497 943 2072 1019">
     <span class='ocr_line' id='line_1_9' title="bbox 497 943 2072 1019; baseline -0.013 -4"><span class='ocrx_word' id='word_1_59' title='bbox 497 956 669 1017; x_wconf 67' lang='lat' dir='ltr'><strong>nudus</strong></span> <span class='ocrx_word' id='word_1_60' title='bbox 693 971 713 1011; x_wconf 90' lang='lat'><strong><em>:</em></strong></span> <span class='ocrx_word' id='word_1_61' title='bbox 735 962 941 1019; x_wconf 86' lang='lat' dir='ltr'><strong>vetant,</strong></span> <span class='ocrx_word' id='word_1_62' title='bbox 963 961 1044 1019; x_wconf 80' lang='lat' dir='ltr'><strong>ut,</strong></span> <span class='ocrx_word' id='word_1_63' title='bbox 1068 949 1208 1007; x_wconf 84' lang='lat' dir='ltr'><strong>Neve</strong></span> <span class='ocrx_word' id='word_1_64' title='bbox 1229 950 1364 1004; x_wconf 83' lang='lat' dir='ltr'><strong>inter</strong></span> <span class='ocrx_word' id='word_1_65' title='bbox 1393 946 1519 1002; x_wconf 84' lang='lat' dir='ltr'><strong>vites</strong></span> <span class='ocrx_word' id='word_1_66' title='bbox 1543 943 1763 1000; x_wconf 80' lang='lat' dir='ltr'><strong>corilum</strong></span> <span class='ocrx_word' id='word_1_67' title='bbox 1790 960 1919 1009; x_wconf 82' lang='lat' dir='ltr'><strong>sere,</strong></span> <span class='ocrx_word' id='word_1_68' title='bbox 1950 957 2072 996; x_wconf 83' lang='lat' dir='ltr'><strong>neve</strong></span> 
     </span>
    </p>
   </div>
   <div class='ocr_carea' id='block_1_10' title="bbox 495 1032 2078 1123">
    <p class='ocr_par' dir='ltr' id='par_1_10' title="bbox 495 1032 2078 1123">
     <span class='ocr_line' id='line_1_10' title="bbox 495 1032 2078 1123; baseline -0.012 -16"><span class='ocrx_word' id='word_1_69' title='bbox 495 1045 721 1123; x_wconf 65' lang='lat' dir='ltr'><strong>ﬂagella,</strong></span> <span class='ocrx_word' id='word_1_70' title='bbox 753 1044 973 1101; x_wconf 87' lang='lat' dir='ltr'><strong>Summa</strong></span> <span class='ocrx_word' id='word_1_71' title='bbox 996 1050 1131 1115; x_wconf 85' lang='lat' dir='ltr'><strong>pete.</strong></span> <span class='ocrx_word' id='word_1_72' title='bbox 1176 1040 1389 1097; x_wconf 80' lang='lat' dir='ltr'><strong>Primus</strong></span> <span class='ocrx_word' id='word_1_73' title='bbox 1430 1048 1613 1094; x_wconf 88' lang='lat' dir='ltr'><strong>autem</strong></span> <span class='ocrx_word' id='word_1_74' title='bbox 1656 1036 1796 1106; x_wconf 89' lang='lat' dir='ltr'><strong>apud</strong></span> <span class='ocrx_word' id='word_1_75' title='bbox 1816 1032 2078 1089; x_wconf 75' lang='lat' dir='ltr'><strong>Hebraeus</strong></span> 
     </span>
    </p>
   </div>
   <div class='ocr_carea' id='block_1_11' title="bbox 493 1124 2081 1211">
    <p class='ocr_par' dir='ltr' id='par_1_11' title="bbox 493 1124 2081 1211">
     <span class='ocr_line' id='line_1_11' title="bbox 493 1124 2081 1211; baseline -0.008 -19"><span class='ocrx_word' id='word_1_76' title='bbox 493 1124 762 1209; x_wconf 67' lang='lat' dir='ltr'><strong>prmoepta</strong></span> <span class='ocrx_word' id='word_1_77' title='bbox 815 1134 1025 1207; x_wconf 82' lang='lat' dir='ltr'><strong>Moyses</strong></span> <span class='ocrx_word' id='word_1_78' title='bbox 1073 1132 1336 1211; x_wconf 77' lang='lat' dir='ltr'><strong>scripsit:</strong></span> <span class='ocrx_word' id='word_1_79' title='bbox 1385 1130 1526 1203; x_wconf 81' lang='lat' dir='ltr'><strong>apud</strong></span> <span class='ocrx_word' id='word_1_80' title='bbox 1566 1127 1787 1184; x_wconf 87' lang='lat' dir='ltr'><strong>Latinos</strong></span> <span class='ocrx_word' id='word_1_81' title='bbox 1843 1126 2081 1206; x_wconf 79' lang='lat' dir='ltr'><strong>Marcius</strong></span> 
     </span>
    </p>
   </div>
   <div class='ocr_carea' id='block_1_12' title="bbox 492 1218 2081 1302">
    <p class='ocr_par' dir='ltr' id='par_1_12' title="bbox 492 1218 2081 1302">
     <span class='ocr_line' id='line_1_12' title="bbox 492 1218 2081 1302; baseline -0.009 -15"><span class='ocrx_word' id='word_1_82' title='bbox 492 1239 644 1290; x_wconf 86' lang='lat' dir='ltr'><strong>vates</strong></span> <span class='ocrx_word' id='word_1_83' title='bbox 686 1228 892 1302; x_wconf 84' lang='lat' dir='ltr'><strong>primus</strong></span> <span class='ocrx_word' id='word_1_84' title='bbox 944 1234 1211 1300; x_wconf 71' lang='lat' dir='ltr'><strong>praecepta</strong></span> <span class='ocrx_word' id='word_1_85' title='bbox 1261 1223 1581 1294; x_wconf 75' lang='lat' dir='ltr'><strong>composuit,</strong></span> <span class='ocrx_word' id='word_1_86' title='bbox 1642 1235 1709 1275; x_wconf 78' lang='lat' dir='ltr'><strong>ex</strong></span> <span class='ocrx_word' id='word_1_87' title='bbox 1757 1218 1953 1289; x_wconf 88' lang='lat' dir='ltr'><strong>quibus</strong></span> <span class='ocrx_word' id='word_1_88' title='bbox 1993 1222 2081 1298; x_wconf 82' lang='lat' dir='ltr'><strong>est</strong></span> 
     </span>
    </p>
   </div>
   <div class='ocr_carea' id='block_1_13' title="bbox 493 1308 2077 1388">
    <p class='ocr_par' dir='ltr' id='par_1_13' title="bbox 493 1308 2077 1388">
     <span class='ocr_line' id='line_1_13' title="bbox 493 1308 2077 1388; baseline -0.011 -9"><span class='ocrx_word' id='word_1_89' title='bbox 493 1320 622 1381; x_wconf 74' lang='lat' dir='ltr'><strong>illud</strong></span> <span class='ocrx_word' id='word_1_90' title='bbox 648 1337 663 1375; x_wconf 90' lang='lat'><strong>:</strong></span> <span class='ocrx_word' id='word_1_91' title='bbox 693 1317 998 1375; x_wconf 75' lang='lat' dir='ltr'><strong>Postremus</strong></span> <span class='ocrx_word' id='word_1_92' title='bbox 1040 1317 1212 1383; x_wconf 74' lang='lat' dir='ltr'><strong>dicas,</strong></span> <span class='ocrx_word' id='word_1_93' title='bbox 1241 1318 1441 1388; x_wconf 74' lang='lat' dir='ltr'><strong>primus</strong></span> <span class='ocrx_word' id='word_1_94' title='bbox 1493 1322 1659 1369; x_wconf 82' lang='lat' dir='ltr'><strong>tactas</strong></span> <span class='ocrx_word' id='word_1_95' title='bbox 1689 1308 1887 1383; x_wconf 73' lang='lat' dir='ltr'><strong>[agas].</strong></span> <span class='ocrx_word' id='word_1_96' title='bbox 1908 1308 2077 1363; x_wconf 88' lang='lat' dir='ltr'><strong>Para-</strong></span> 
     </span>
    </p>
   </div>
   <div class='ocr_carea' id='block_1_14' title="bbox 492 1402 2083 1483">
    <p class='ocr_par' dir='ltr' id='par_1_14' title="bbox 492 1402 2083 1483">
     <span class='ocr_line' id='line_1_14' title="bbox 492 1402 2083 1483; baseline -0.009 -11"><span class='ocrx_word' id='word_1_97' title='bbox 492 1413 618 1471; x_wconf 61' lang='grc' dir='ltr'><strong>Βοὴ</strong></span> <span class='ocrx_word' id='word_1_98' title='bbox 646 1421 705 1469; x_wconf 85' lang='lat' dir='ltr'><strong>et</strong></span> <span class='ocrx_word' id='word_1_99' title='bbox 724 1411 1061 1483; x_wconf 73' lang='lat' dir='ltr'><strong>problemata</strong></span> <span class='ocrx_word' id='word_1_100' title='bbox 1079 1409 1389 1467; x_wconf 86' lang='lat' dir='ltr'><strong>nominibus</strong></span> <span class='ocrx_word' id='word_1_101' title='bbox 1410 1407 1522 1463; x_wconf 88' lang='lat' dir='ltr'><strong>suis</strong></span> <span class='ocrx_word' id='word_1_102' title='bbox 1550 1404 1809 1469; x_wconf 89' lang='lat' dir='ltr'><strong>indicant,</strong></span> <span class='ocrx_word' id='word_1_103' title='bbox 1836 1402 2000 1457; x_wconf 88' lang='lat' dir='ltr'><strong>altius</strong></span> <span class='ocrx_word' id='word_1_104' title='bbox 2019 1410 2083 1457; x_wconf 69' lang='lat' dir='ltr'><strong>se’</strong></span> 
     </span>
    </p>
   </div>
   <div class='ocr_carea' id='block_1_15' title="bbox 491 1488 2074 1576">
    <p class='ocr_par' dir='ltr' id='par_1_15' title="bbox 491 1488 2074 1576">
     <span class='ocr_line' id='line_1_15' title="bbox 491 1488 2074 1576; baseline -0.007 -17"><span class='ocrx_word' id='word_1_105' title='bbox 491 1503 828 1576; x_wconf 71' lang='lat' dir='ltr'><strong>perscrutari</strong></span> <span class='ocrx_word' id='word_1_106' title='bbox 857 1509 1128 1572; x_wconf 90' lang='lat' dir='ltr'><strong>oportere.</strong></span> <span class='ocrx_word' id='word_1_107' title='bbox 1178 1498 1441 1554; x_wconf 90' lang='lat' dir='ltr'><strong>Parabola</strong></span> <span class='ocrx_word' id='word_1_108' title='bbox 1483 1496 1677 1569; x_wconf 89' lang='lat' dir='ltr'><strong>quippe</strong></span> <span class='ocrx_word' id='word_1_109' title='bbox 1716 1492 1941 1562; x_wconf 76' lang='lat' dir='ltr'><strong>alicujus</strong></span> <span class='ocrx_word' id='word_1_110' title='bbox 1999 1488 2074 1549; x_wconf 97' lang='lat' dir='ltr'><strong>rei</strong></span> 
     </span>
    </p>
   </div>
   <div class='ocr_carea' id='block_1_16' title="bbox 382 1586 2074 1667">
    <p class='ocr_par' dir='ltr' id='par_1_16' title="bbox 382 1586 2074 1667">
     <span class='ocr_line' id='line_1_16' title="bbox 382 1586 2074 1667; baseline -0.008 -15"><span class='ocrx_word' id='word_1_111' title='bbox 382 1608 387 1611; x_wconf 84' lang='lat'>‘</span> <span class='ocrx_word' id='word_1_112' title='bbox 490 1592 897 1651; x_wconf 77' lang='lat' dir='ltr'><strong>similitudinem</strong></span> <span class='ocrx_word' id='word_1_113' title='bbox 922 1607 1020 1667; x_wconf 89' lang='lat' dir='ltr'><strong>per</strong></span> <span class='ocrx_word' id='word_1_114' title='bbox 1046 1589 1200 1665; x_wconf 64' lang='lat' dir='ltr'><strong>[prae]</strong></span> <span class='ocrx_word' id='word_1_115' title='bbox 1225 1605 1282 1647; x_wconf 89' lang='lat' dir='ltr'><strong>se</strong></span> <span class='ocrx_word' id='word_1_116' title='bbox 1306 1589 1462 1662; x_wconf 85' lang='lat' dir='ltr'><strong>gerit.</strong></span> <span class='ocrx_word' id='word_1_117' title='bbox 1490 1586 1640 1654; x_wconf 87' lang='lat' dir='ltr'><strong>Quod</strong></span> <span class='ocrx_word' id='word_1_118' title='bbox 1668 1586 1792 1641; x_wconf 89' lang='lat' dir='ltr'><strong>licet</strong></span> <span class='ocrx_word' id='word_1_119' title='bbox 1820 1586 1890 1640; x_wconf 90' lang='lat' dir='ltr'><strong>sit</strong></span> <span class='ocrx_word' id='word_1_120' title='bbox 1914 1600 2074 1641; x_wconf 87' lang='lat' dir='ltr'><strong>voea-</strong></span> 
     </span>
    </p>
   </div>
   <div class='ocr_carea' id='block_1_17' title="bbox 489 1676 2077 1757">
    <p class='ocr_par' dir='ltr' id='par_1_17' title="bbox 489 1676 2077 1757">
     <span class='ocr_line' id='line_1_17' title="bbox 489 1676 2077 1757; baseline -0.006 -20"><span class='ocrx_word' id='word_1_121' title='bbox 489 1676 677 1757; x_wconf 82' lang='lat' dir='ltr'><strong>bulum</strong></span> <span class='ocrx_word' id='word_1_122' title='bbox 700 1679 968 1747; x_wconf 63' lang='lat' dir='ltr'><strong>Graecum,</strong></span> <span class='ocrx_word' id='word_1_123' title='bbox 986 1679 1098 1751; x_wconf 87' lang='lat' dir='ltr'><strong>jam</strong></span> <span class='ocrx_word' id='word_1_124' title='bbox 1128 1688 1308 1739; x_wconf 86' lang='lat' dir='ltr'><strong>tamen</strong></span> <span class='ocrx_word' id='word_1_125' title='bbox 1332 1691 1429 1751; x_wconf 86' lang='lat' dir='ltr'><strong>pro</strong></span> <span class='ocrx_word' id='word_1_126' title='bbox 1451 1677 1644 1731; x_wconf 91' lang='lat' dir='ltr'><strong>Latino</strong></span> <span class='ocrx_word' id='word_1_127' title='bbox 1665 1682 1958 1744; x_wconf 81' lang='lat' dir='ltr'><strong>usurpatur</strong></span> <span class='ocrx_word' id='word_1_128' title='bbox 1984 1692 1995 1726; x_wconf 96' lang='lat'>:</span> <span class='ocrx_word' id='word_1_129' title='bbox 2022 1681 2077 1727; x_wconf 92' lang='lat' dir='ltr'><strong>et</strong></span> 
     </span>
    </p>
   </div>
   <div class='ocr_carea' id='block_1_18' title="bbox 2180 571 3771 644">
    <p class='ocr_par' dir='ltr' id='par_1_18' title="bbox 2180 571 3771 644">
     <span class='ocr_line' id='line_1_18' title="bbox 2180 571 3771 644; baseline 0.001 -15"><span class='ocrx_word' id='word_1_130' title='bbox 2180 575 2250 630; x_wconf 88' lang='lat' dir='ltr'><strong>ad</strong></span> <span class='ocrx_word' id='word_1_131' title='bbox 2300 574 2577 630; x_wconf 82' lang='lat' dir='ltr'><strong>dexteram</strong></span> <span class='ocrx_word' id='word_1_132' title='bbox 2618 574 2853 644; x_wconf 88' lang='lat' dir='ltr'><strong>primum</strong></span> <span class='ocrx_word' id='word_1_133' title='bbox 2907 572 3241 628; x_wconf 85' lang='lat' dir='ltr'><strong>deducebant</strong></span> <span class='ocrx_word' id='word_1_134' title='bbox 3294 571 3510 643; x_wconf 84' lang='lat' dir='ltr'><strong>stylum,</strong></span> <span class='ocrx_word' id='word_1_135' title='bbox 3560 572 3771 631; x_wconf 70' lang='lat' dir='ltr'><strong>deinde</strong></span> 
     </span>
    </p>
   </div>
   <div class='ocr_carea' id='block_1_19' title="bbox 2180 662 3765 743">
    <p class='ocr_par' dir='ltr' id='par_1_19' title="bbox 2180 662 3765 743">
     <span class='ocr_line' id='line_1_19' title="bbox 2180 662 3765 743; baseline 0.001 -23"><span class='ocrx_word' id='word_1_136' title='bbox 2180 664 2632 743; x_wconf 85' lang='lat' dir='ltr'><strong>convertebantur</strong></span> <span class='ocrx_word' id='word_1_137' title='bbox 2667 663 2735 719; x_wconf 88' lang='lat' dir='ltr'><strong>ab</strong></span> <span class='ocrx_word' id='word_1_138' title='bbox 2772 662 3031 727; x_wconf 74' lang='lat' dir='ltr'><strong>inferiori,</strong></span> <span class='ocrx_word' id='word_1_139' title='bbox 3073 671 3127 719; x_wconf 86' lang='lat' dir='ltr'><strong>et</strong></span> <span class='ocrx_word' id='word_1_140' title='bbox 3164 676 3351 719; x_wconf 85' lang='lat' dir='ltr'><strong>rursus</strong></span> <span class='ocrx_word' id='word_1_141' title='bbox 3382 664 3453 719; x_wconf 84' lang='lat' dir='ltr'><strong>ad</strong></span> <span class='ocrx_word' id='word_1_142' title='bbox 3479 664 3765 721; x_wconf 81' lang='lat' dir='ltr'><strong>dexteram</strong></span> 
     </span>
    </p>
   </div>
   <div class='ocr_carea' id='block_1_20' title="bbox 2178 755 3769 828">
    <p class='ocr_par' dir='ltr' id='par_1_20' title="bbox 2178 755 3769 828">
     <span class='ocr_line' id='line_1_20' title="bbox 2178 755 3769 828; baseline 0.001 -14"><span class='ocrx_word' id='word_1_143' title='bbox 2178 773 2388 824; x_wconf 89' lang='lat' dir='ltr'><strong>versus,</strong></span> <span class='ocrx_word' id='word_1_144' title='bbox 2411 773 2545 828; x_wconf 90' lang='lat' dir='ltr'><strong>quos</strong></span> <span class='ocrx_word' id='word_1_145' title='bbox 2575 756 2844 827; x_wconf 86' lang='lat' dir='ltr'><strong>hodieque</strong></span> <span class='ocrx_word' id='word_1_146' title='bbox 2871 756 3059 813; x_wconf 87' lang='lat' dir='ltr'><strong>rustici</strong></span> <span class='ocrx_word' id='word_1_147' title='bbox 3088 764 3282 813; x_wconf 89' lang='lat' dir='ltr'><strong>vocant</strong></span> <span class='ocrx_word' id='word_1_148' title='bbox 3306 764 3516 814; x_wconf 65' lang='lat' dir='ltr'><strong>remis.</strong></span> <span class='ocrx_word' id='word_1_149' title='bbox 3545 755 3769 815; x_wconf 71' lang='lat' dir='ltr'><strong>Seheda&#39;</strong></span> 
     </span>
    </p>
   </div>
   <div class='ocr_carea' id='block_1_21' title="bbox 2179 846 3763 919">
    <p class='ocr_par' dir='ltr' id='par_1_21' title="bbox 2179 846 3763 919">
     <span class='ocr_line' id='line_1_21' title="bbox 2179 846 3763 919; baseline 0.003 -15"><span class='ocrx_word' id='word_1_150' title='bbox 2179 859 2262 904; x_wconf 89' lang='lat' dir='ltr'><strong>est</strong></span> <span class='ocrx_word' id='word_1_151' title='bbox 2281 890 2295 914; x_wconf 95' lang='lat'><strong>,</strong></span> <span class='ocrx_word' id='word_1_152' title='bbox 2328 848 2472 919; x_wconf 91' lang='lat' dir='ltr'><strong>quod</strong></span> <span class='ocrx_word' id='word_1_153' title='bbox 2493 846 2669 904; x_wconf 82' lang='lat' dir='ltr'><strong>adhuc</strong></span> <span class='ocrx_word' id='word_1_154' title='bbox 2702 850 3041 913; x_wconf 86' lang='lat' dir='ltr'><strong>emendatur.</strong></span> <span class='ocrx_word' id='word_1_155' title='bbox 3067 856 3122 905; x_wconf 91' lang='lat' dir='ltr'><strong>et</strong></span> <span class='ocrx_word' id='word_1_156' title='bbox 3154 851 3382 906; x_wconf 86' lang='lat' dir='ltr'><strong>necdum</strong></span> <span class='ocrx_word' id='word_1_157' title='bbox 3407 850 3465 905; x_wconf 90' lang='lat' dir='ltr'><strong>in</strong></span> <span class='ocrx_word' id='word_1_158' title='bbox 3488 848 3643 907; x_wconf 79' lang='lat' dir='ltr'><strong>libris</strong></span> <span class='ocrx_word' id='word_1_159' title='bbox 3670 864 3763 908; x_wconf 44' lang='lat' dir='ltr'><strong>rei</strong></span> 
     </span>
    </p>
   </div>
   <div class='ocr_carea' id='block_1_22' title="bbox 2179 936 3758 1000">
    <p class='ocr_par' dir='ltr' id='par_1_22' title="bbox 2179 936 3758 1000">
     <span class='ocr_line' id='line_1_22' title="bbox 2179 936 3758 1000; baseline 0.002 -4"><span class='ocrx_word' id='word_1_160' title='bbox 2179 936 2397 996; x_wconf 87' lang='lat' dir='ltr'><strong>dactum</strong></span> <span class='ocrx_word' id='word_1_161' title='bbox 2432 948 2515 995; x_wconf 89' lang='lat' dir='ltr'><strong>est</strong></span> <span class='ocrx_word' id='word_1_162' title='bbox 2546 954 2561 994; x_wconf 88' lang='lat'><strong>:</strong></span> <span class='ocrx_word' id='word_1_163' title='bbox 2588 947 2642 995; x_wconf 90' lang='lat' dir='ltr'><strong>et</strong></span> <span class='ocrx_word' id='word_1_164' title='bbox 2669 942 2753 995; x_wconf 89' lang='lat' dir='ltr'><strong>est</strong></span> <span class='ocrx_word' id='word_1_165' title='bbox 2788 954 2986 995; x_wconf 87' lang='lat' dir='ltr'><strong>nomen</strong></span> <span class='ocrx_word' id='word_1_166' title='bbox 3021 936 3267 997; x_wconf 71' lang='lat' dir='ltr'><strong>GrteCum</strong></span> <span class='ocrx_word' id='word_1_167' title='bbox 3309 941 3449 999; x_wconf 84' lang='lat' dir='ltr'><strong>sicut</strong></span> <span class='ocrx_word' id='word_1_168' title='bbox 3475 948 3531 999; x_wconf 88' lang='lat' dir='ltr'><strong>et</strong></span> <span class='ocrx_word' id='word_1_169' title='bbox 3560 948 3758 1000; x_wconf 82' lang='lat' dir='ltr'><strong>tomus.</strong></span> 
     </span>
    </p>
   </div>
   <div class='ocr_carea' id='block_1_23' title="bbox 2780 1040 3635 1110">
    <p class='ocr_par' dir='ltr' id='par_1_23' title="bbox 2780 1040 3635 1110">
     <span class='ocr_line' id='line_1_23' title="bbox 2780 1040 3635 1110; baseline 0.007 -2"><span class='ocrx_word' id='word_1_170' title='bbox 2780 1051 3007 1109; x_wconf 82' lang='lat' dir='ltr'><strong>CAPUT</strong></span> <span class='ocrx_word' id='word_1_171' title='bbox 3037 1040 3127 1110; x_wconf 77' lang='lat' dir='ltr'><strong>v1.</strong></span> <span class='ocrx_word' id='word_1_172' title='bbox 3634 1056 3635 1059; x_wconf 74' lang='lat'>‘</span> 
     </span>
    </p>
   </div>
   <div class='ocr_carea' id='block_1_24' title="bbox 2508 1119 3376 1199">
    <p class='ocr_par' dir='ltr' id='par_1_24' title="bbox 2508 1119 3376 1199">
     <span class='ocr_line' id='line_1_24' title="bbox 2508 1119 3376 1199; baseline 0.009 -25"><span class='ocrx_word' id='word_1_173' title='bbox 2508 1196 2509 1199; x_wconf 13' lang='grc' dir='ltr'><strong>η</strong></span> <span class='ocrx_word' id='word_1_174' title='bbox 2540 1119 2618 1175; x_wconf 87' lang='lat' dir='ltr'><strong>De</strong></span> <span class='ocrx_word' id='word_1_175' title='bbox 2639 1123 2925 1179; x_wconf 70' lang='lat' dir='ltr'><strong>renonibus</strong></span> <span class='ocrx_word' id='word_1_176' title='bbox 2953 1123 3376 1196; x_wconf 79' lang='lat' dir='ltr'><strong>Euangeliorum.</strong></span> 
     </span>
    </p>
   </div>
   <div class='ocr_carea' id='block_1_25' title="bbox 2194 1210 3763 1296">
    <p class='ocr_par' dir='ltr' id='par_1_25' title="bbox 2194 1210 3763 1296">
     <span class='ocr_line' id='line_1_25' title="bbox 2194 1210 3763 1296; baseline 0.008 -28"><span class='ocrx_word' id='word_1_177' title='bbox 2194 1274 2197 1277; x_wconf 39' lang='grc'><strong>,</strong></span> <span class='ocrx_word' id='word_1_178' title='bbox 2248 1212 2496 1271; x_wconf 85' lang='lat' dir='ltr'><strong>Canones</strong></span> <span class='ocrx_word' id='word_1_179' title='bbox 2527 1214 2942 1289; x_wconf 85' lang='lat' dir='ltr'><strong>Evangeliorum</strong></span> <span class='ocrx_word' id='word_1_180' title='bbox 2965 1218 3281 1277; x_wconf 85' lang='lat' dir='ltr'><strong>Ammonius</strong></span> <span class='ocrx_word' id='word_1_181' title='bbox 3307 1222 3515 1292; x_wconf 81' lang='lat' dir='ltr'><strong>primus</strong></span> <span class='ocrx_word' id='word_1_182' title='bbox 3542 1210 3763 1296; x_wconf 50' lang='lat' dir='ltr'><strong>excogii</strong></span> 
     </span>
    </p>
   </div>
   <div class='ocr_carea' id='block_1_26' title="bbox 2179 1296 3775 1380">
    <p class='ocr_par' dir='ltr' id='par_1_26' title="bbox 2179 1296 3775 1380">
     <span class='ocr_line' id='line_1_26' title="bbox 2179 1296 3775 1380; baseline 0.008 -21"><span class='ocrx_word' id='word_1_183' title='bbox 2179 1307 2311 1360; x_wconf 87' lang='lat' dir='ltr'><strong>tavit</strong></span> <span class='ocrx_word' id='word_1_184' title='bbox 2334 1307 2676 1379; x_wconf 62' lang='lat' dir='ltr'><strong>Alexandriae</strong></span> <span class='ocrx_word' id='word_1_185' title='bbox 2693 1350 2708 1375; x_wconf 87' lang='lat'><strong>,</strong></span> <span class='ocrx_word' id='word_1_186' title='bbox 2740 1326 2875 1380; x_wconf 89' lang='lat' dir='ltr'><strong>quos</strong></span> <span class='ocrx_word' id='word_1_187' title='bbox 2904 1319 3089 1380; x_wconf 88' lang='lat' dir='ltr'><strong>postea</strong></span> <span class='ocrx_word' id='word_1_188' title='bbox 3114 1310 3376 1370; x_wconf 84' lang='lat' dir='ltr'><strong>Eusebius</strong></span> <span class='ocrx_word' id='word_1_189' title='bbox 3403 1296 3775 1372; x_wconf 52' lang='lat' dir='ltr'><strong>Cmsariensis&#39;</strong></span> 
     </span>
    </p>
   </div>
   <div class='ocr_carea' id='block_1_27' title="bbox 2176 1398 3761 1471">
    <p class='ocr_par' dir='ltr' id='par_1_27' title="bbox 2176 1398 3761 1471">
     <span class='ocr_line' id='line_1_27' title="bbox 2176 1398 3761 1471; baseline 0.006 -20"><span class='ocrx_word' id='word_1_190' title='bbox 2176 1404 2391 1454; x_wconf 82' lang='lat' dir='ltr'><strong>seeutus</strong></span> <span class='ocrx_word' id='word_1_191' title='bbox 2428 1398 2640 1468; x_wconf 80' lang='lat' dir='ltr'><strong>plenius</strong></span> <span class='ocrx_word' id='word_1_192' title='bbox 2678 1400 2997 1471; x_wconf 82' lang='lat' dir='ltr'><strong>compesu&#39;it.</strong></span> <span class='ocrx_word' id='word_1_193' title='bbox 3043 1400 3145 1469; x_wconf 87' lang='lat' dir='ltr'><strong>Qui</strong></span> <span class='ocrx_word' id='word_1_194' title='bbox 3188 1403 3309 1459; x_wconf 87' lang='lat' dir='ltr'><strong>ideo</strong></span> <span class='ocrx_word' id='word_1_195' title='bbox 3350 1400 3477 1460; x_wconf 81' lang='lat' dir='ltr'><strong>facti</strong></span> <span class='ocrx_word' id='word_1_196' title='bbox 3518 1414 3664 1471; x_wconf 89' lang='lat' dir='ltr'><strong>sunt,</strong></span> <span class='ocrx_word' id='word_1_197' title='bbox 3697 1412 3761 1460; x_wconf 76' lang='lat' dir='ltr'><strong>ut</strong></span> 
     </span>
    </p>
   </div>
   <div class='ocr_carea' id='block_1_28' title="bbox 2174 1489 3760 1568">
    <p class='ocr_par' dir='ltr' id='par_1_28' title="bbox 2174 1489 3760 1568">
     <span class='ocr_line' id='line_1_28' title="bbox 2174 1489 3760 1568; baseline 0.007 -26"><span class='ocrx_word' id='word_1_198' title='bbox 2174 1500 2276 1558; x_wconf 89' lang='lat' dir='ltr'><strong>per</strong></span> <span class='ocrx_word' id='word_1_199' title='bbox 2300 1503 2394 1543; x_wconf 89' lang='lat' dir='ltr'><strong>eos</strong></span> <span class='ocrx_word' id='word_1_200' title='bbox 2434 1489 2679 1546; x_wconf 83' lang='lat' dir='ltr'><strong>invenire</strong></span> <span class='ocrx_word' id='word_1_201' title='bbox 2708 1500 2762 1546; x_wconf 90' lang='lat' dir='ltr'><strong>et</strong></span> <span class='ocrx_word' id='word_1_202' title='bbox 2789 1491 2929 1549; x_wconf 87' lang='lat' dir='ltr'><strong>scire</strong></span> <span class='ocrx_word' id='word_1_203' title='bbox 2961 1493 3228 1562; x_wconf 88' lang='lat' dir='ltr'><strong>possimus</strong></span> <span class='ocrx_word' id='word_1_204' title='bbox 3253 1536 3267 1562; x_wconf 96' lang='lat'><strong>,</strong></span> <span class='ocrx_word' id='word_1_205' title='bbox 3301 1494 3393 1565; x_wconf 87' lang='lat' dir='ltr'><strong>qui</strong></span> <span class='ocrx_word' id='word_1_206' title='bbox 3424 1496 3760 1568; x_wconf 84' lang='lat' dir='ltr'><strong>reliquorum</strong></span> 
     </span>
    </p>
   </div>
   <div class='ocr_carea' id='block_1_29' title="bbox 2175 1572 3765 1658">
    <p class='ocr_par' dir='ltr' id='par_1_29' title="bbox 2175 1572 3765 1658">
     <span class='ocr_line' id='line_1_29' title="bbox 2175 1572 3765 1658; baseline 0.009 -25"><span class='ocrx_word' id='word_1_207' title='bbox 2175 1578 2639 1651; x_wconf 81' lang='lat' dir='ltr'><strong>Evangelistarum</strong></span> <span class='ocrx_word' id='word_1_208' title='bbox 2685 1580 2880 1641; x_wconf 87' lang='lat' dir='ltr'><strong>similia</strong></span> <span class='ocrx_word' id='word_1_209' title='bbox 2921 1593 3016 1643; x_wconf 80' lang='lat' dir='ltr'><strong>aut</strong></span> <span class='ocrx_word' id='word_1_210' title='bbox 3052 1586 3269 1658; x_wconf 90' lang='lat' dir='ltr'><strong>propria</strong></span> <span class='ocrx_word' id='word_1_211' title='bbox 3312 1586 3564 1645; x_wconf 75' lang='lat' dir='ltr'><strong>dixerint.</strong></span> <span class='ocrx_word' id='word_1_212' title='bbox 3612 1572 3765 1647; x_wconf 52' lang='lat' dir='ltr'><strong>Sunii</strong></span> 
     </span>
    </p>
   </div>
   <div class='ocr_carea' id='block_1_30' title="bbox 2177 1674 3765 1750">
    <p class='ocr_par' dir='ltr' id='par_1_30' title="bbox 2177 1674 3765 1750">
     <span class='ocr_line' id='line_1_30' title="bbox 2177 1674 3765 1750; baseline 0.01 -25"><span class='ocrx_word' id='word_1_213' title='bbox 2177 1679 2355 1726; x_wconf 88' lang='lat' dir='ltr'><strong>autem</strong></span> <span class='ocrx_word' id='word_1_214' title='bbox 2392 1687 2616 1729; x_wconf 89' lang='lat' dir='ltr'><strong>numero</strong></span> <span class='ocrx_word' id='word_1_215' title='bbox 2641 1674 2859 1743; x_wconf 88' lang='lat' dir='ltr'><strong>decem,</strong></span> <span class='ocrx_word' id='word_1_216' title='bbox 2893 1690 3119 1747; x_wconf 88' lang='lat' dir='ltr'><strong>quorum</strong></span> <span class='ocrx_word' id='word_1_217' title='bbox 3147 1680 3357 1750; x_wconf 87' lang='lat' dir='ltr'><strong>primus</strong></span> <span class='ocrx_word' id='word_1_218' title='bbox 3388 1682 3628 1739; x_wconf 87' lang='lat' dir='ltr'><strong>continet</strong></span> <span class='ocrx_word' id='word_1_219' title='bbox 3650 1682 3765 1740; x_wconf 59' lang='lat' dir='ltr'><strong>nuJ</strong></span> 
     </span>
    </p>
   </div>
   <div class='ocr_carea' id='block_1_31' title="bbox 491 1758 3759 1845">
    <p class='ocr_par' dir='ltr' id='par_1_31' title="bbox 491 1758 3759 1845">
     <span class='ocr_line' id='line_1_31' title="bbox 491 1758 3759 1845; baseline 0.002 -19"><span class='ocrx_word' id='word_1_220' title='bbox 491 1758 679 1827; x_wconf 85' lang='lat' dir='ltr'><strong>notum</strong></span> <span class='ocrx_word' id='word_1_221' title='bbox 706 1781 812 1839; x_wconf 90' lang='lat' dir='ltr'><strong>est,</strong></span> <span class='ocrx_word' id='word_1_222' title='bbox 837 1764 982 1845; x_wconf 87' lang='lat' dir='ltr'><strong>quod</strong></span> <span class='ocrx_word' id='word_1_223' title='bbox 1007 1773 1063 1827; x_wconf 91' lang='lat' dir='ltr'><strong>in</strong></span> <span class='ocrx_word' id='word_1_224' title='bbox 1087 1768 1381 1841; x_wconf 86' lang='lat' dir='ltr'><strong>parabolis,</strong></span> <span class='ocrx_word' id='word_1_225' title='bbox 1436 1783 1557 1838; x_wconf 81' lang='lat' dir='ltr'><strong>quae</strong></span> <span class='ocrx_word' id='word_1_226' title='bbox 1605 1763 1858 1821; x_wconf 87' lang='lat' dir='ltr'><strong>dicuntur</strong></span> <span class='ocrx_word' id='word_1_227' title='bbox 1887 1779 2071 1819; x_wconf 89' lang='lat' dir='ltr'><strong>rerum</strong></span> <span class='ocrx_word' id='word_1_228' title='bbox 2100 1830 2149 1845; x_wconf 74' lang='lat'><strong><em>_</em></strong></span> <span class='ocrx_word' id='word_1_229' title='bbox 2172 1768 2373 1827; x_wconf 85' lang='lat' dir='ltr'><strong>meros,</strong></span> <span class='ocrx_word' id='word_1_230' title='bbox 2394 1763 2447 1817; x_wconf 92' lang='lat' dir='ltr'><strong>in</strong></span> <span class='ocrx_word' id='word_1_231' title='bbox 2463 1764 2658 1833; x_wconf 86' lang='lat' dir='ltr'><strong>quibus</strong></span> <span class='ocrx_word' id='word_1_232' title='bbox 2670 1776 2902 1835; x_wconf 79' lang='lat' dir='ltr'><strong>quatuor</strong></span> <span class='ocrx_word' id='word_1_233' title='bbox 2918 1769 3108 1824; x_wconf 88' lang='lat' dir='ltr'><strong>eadem</strong></span> <span class='ocrx_word' id='word_1_234' title='bbox 3131 1769 3388 1827; x_wconf 83' lang='lat' dir='ltr'><strong>dixerunt</strong></span> <span class='ocrx_word' id='word_1_235' title='bbox 3411 1787 3426 1827; x_wconf 90' lang='lat'><strong>:</strong></span> <span class='ocrx_word' id='word_1_236' title='bbox 3449 1768 3759 1843; x_wconf 63' lang='lat' dir='ltr'><strong>Matthaeus,&quot;</strong></span> 
     </span>
    </p>
   </div>
   <div class='ocr_carea' id='block_1_32' title="bbox 490 1830 3761 1937">
    <p class='ocr_par' dir='ltr' id='par_1_32' title="bbox 490 1830 3761 1937">
     <span class='ocr_line' id='line_1_32' title="bbox 490 1830 3761 1937; baseline 0.003 -22"><span class='ocrx_word' id='word_1_237' title='bbox 490 1830 891 1929; x_wconf 68' lang='lat' dir='ltr'><strong>similitudines,</strong></span> <span class='ocrx_word' id='word_1_238' title='bbox 927 1830 1109 1929; x_wconf 58' lang='lat' dir='ltr'><strong>rebus;</strong></span> <span class='ocrx_word' id='word_1_239' title='bbox 1141 1862 1207 1919; x_wconf 82' lang='lat' dir='ltr'><strong>de</strong></span> <span class='ocrx_word' id='word_1_240' title='bbox 1256 1830 1473 1929; x_wconf 48' lang='lat' dir='ltr'><strong>quibus-</strong></span> <span class='ocrx_word' id='word_1_241' title='bbox 1486 1858 1682 1928; x_wconf 81' lang='lat' dir='ltr'><strong>agitur,</strong></span> <span class='ocrx_word' id='word_1_242' title='bbox 1732 1852 2069 1926; x_wconf 82' lang='lat' dir='ltr'><strong>comparant.</strong></span> <span class='ocrx_word' id='word_1_243' title='bbox 2100 1830 2150 1892; x_wconf 63' lang='grc'>³</span> <span class='ocrx_word' id='word_1_244' title='bbox 2181 1850 2409 1919; x_wconf 76' lang='lat' dir='ltr'><strong>Marcus,</strong></span> <span class='ocrx_word' id='word_1_245' title='bbox 2437 1830 2630 1921; x_wconf 72' lang='lat' dir='ltr'><strong>Lucas,</strong></span> <span class='ocrx_word' id='word_1_246' title='bbox 2672 1830 2926 1915; x_wconf 74' lang='lat' dir='ltr'><strong>Joannes.</strong></span> <span class='ocrx_word' id='word_1_247' title='bbox 2956 1859 3256 1931; x_wconf 90' lang='lat' dir='ltr'><strong>Secundus,</strong></span> <span class='ocrx_word' id='word_1_248' title='bbox 3302 1864 3357 1920; x_wconf 91' lang='lat' dir='ltr'><strong>in</strong></span> <span class='ocrx_word' id='word_1_249' title='bbox 3381 1867 3580 1937; x_wconf 87' lang='lat' dir='ltr'><strong>quibus</strong></span> <span class='ocrx_word' id='word_1_250' title='bbox 3615 1830 3761 1925; x_wconf 62' lang='lat' dir='ltr'><strong>tres;</strong></span> 
     </span>
    </p>
   </div>
   <div class='ocr_carea' id='block_1_33' title="bbox 489 1945 2079 2029">
    <p class='ocr_par' dir='ltr' id='par_1_33' title="bbox 489 1945 2079 2029">
     <span class='ocr_line' id='line_1_33' title="bbox 489 1945 2079 2029; baseline -0.004 -22"><span class='ocrx_word' id='word_1_251' title='bbox 489 1950 831 2009; x_wconf 83' lang='lat' dir='ltr'><strong>Problemata</strong></span> <span class='ocrx_word' id='word_1_252' title='bbox 857 1962 1060 2019; x_wconf 80' lang='lat' dir='ltr'><strong>autem,</strong></span> <span class='ocrx_word' id='word_1_253' title='bbox 1088 1968 1207 2024; x_wconf 60' lang='lat' dir='ltr'><strong>qua</strong></span> <span class='ocrx_word' id='word_1_254' title='bbox 1236 1948 1427 2029; x_wconf 83' lang='lat' dir='ltr'><strong>Latine</strong></span> <span class='ocrx_word' id='word_1_255' title='bbox 1478 1947 1815 2019; x_wconf 86' lang='lat' dir='ltr'><strong>appellantur</strong></span> <span class='ocrx_word' id='word_1_256' title='bbox 1840 1945 2079 2017; x_wconf 43' lang='lat' dir='ltr'><strong>proposié</strong></span> 
     </span>
    </p>
   </div>
   <div class='ocr_carea' id='block_1_34' title="bbox 492 2037 2078 2116">
    <p class='ocr_par' dir='ltr' id='par_1_34' title="bbox 492 2037 2078 2116">
     <span class='ocr_line' id='line_1_34' title="bbox 492 2037 2078 2116; baseline -0.006 -15"><span class='ocrx_word' id='word_1_257' title='bbox 492 2045 690 2111; x_wconf 83' lang='lat' dir='ltr'><strong>tiones,</strong></span> <span class='ocrx_word' id='word_1_258' title='bbox 703 2044 1029 2116; x_wconf 67' lang='lat' dir='ltr'><strong>quaestiones</strong></span> <span class='ocrx_word' id='word_1_259' title='bbox 1047 2052 1190 2107; x_wconf 83' lang='lat' dir='ltr'><strong>sunt,</strong></span> <span class='ocrx_word' id='word_1_260' title='bbox 1216 2042 1478 2098; x_wconf 85' lang='lat' dir='ltr'><strong>habentes</strong></span> <span class='ocrx_word' id='word_1_261' title='bbox 1497 2038 1719 2111; x_wconf 86' lang='lat' dir='ltr'><strong>aliquid,</strong></span> <span class='ocrx_word' id='word_1_262' title='bbox 1734 2037 1875 2108; x_wconf 88' lang='lat' dir='ltr'><strong>quod</strong></span> <span class='ocrx_word' id='word_1_263' title='bbox 1895 2037 2078 2109; x_wconf 82' lang='lat' dir='ltr'><strong>dispu-</strong></span> 
     </span>
    </p>
   </div>
   <div class='ocr_carea' id='block_1_35' title="bbox 490 2132 2077 2203">
    <p class='ocr_par' dir='ltr' id='par_1_35' title="bbox 490 2132 2077 2203">
     <span class='ocr_line' id='line_1_35' title="bbox 490 2132 2077 2203; baseline -0.003 -12"><span class='ocrx_word' id='word_1_264' title='bbox 490 2136 697 2200; x_wconf 79' lang='lat' dir='ltr'><strong>tatione</strong></span> <span class='ocrx_word' id='word_1_265' title='bbox 721 2133 1035 2203; x_wconf 85' lang='lat' dir='ltr'><strong>solvendum</strong></span> <span class='ocrx_word' id='word_1_266' title='bbox 1055 2135 1145 2190; x_wconf 90' lang='lat' dir='ltr'><strong>sit.</strong></span> <span class='ocrx_word' id='word_1_267' title='bbox 1175 2132 1411 2203; x_wconf 77' lang='lat' dir='ltr'><strong>Quaestio</strong></span> <span class='ocrx_word' id='word_1_268' title='bbox 1439 2138 1619 2187; x_wconf 89' lang='lat' dir='ltr'><strong>autem</strong></span> <span class='ocrx_word' id='word_1_269' title='bbox 1648 2140 1753 2197; x_wconf 87' lang='lat' dir='ltr'><strong>est,</strong></span> <span class='ocrx_word' id='word_1_270' title='bbox 1786 2146 1909 2187; x_wconf 91' lang='lat' dir='ltr'><strong>cum</strong></span> <span class='ocrx_word' id='word_1_271' title='bbox 1930 2147 2077 2202; x_wconf 75' lang='lat' dir='ltr'><strong>qua:-</strong></span> 
     </span>
    </p>
   </div>
   <div class='ocr_carea' id='block_1_36' title="bbox 489 2221 2075 2296">
    <p class='ocr_par' dir='ltr' id='par_1_36' title="bbox 489 2221 2075 2296">
     <span class='ocr_line' id='line_1_36' title="bbox 489 2221 2075 2296; baseline -0.003 -15"><span class='ocrx_word' id='word_1_272' title='bbox 489 2223 740 2292; x_wconf 87' lang='lat' dir='ltr'><strong>ritur,an</strong></span> <span class='ocrx_word' id='word_1_273' title='bbox 773 2224 902 2296; x_wconf 87' lang='lat' dir='ltr'><strong>quid</strong></span> <span class='ocrx_word' id='word_1_274' title='bbox 925 2225 1139 2291; x_wconf 82' lang='lat' dir='ltr'><strong>sit,&#39;aut</strong></span> <span class='ocrx_word' id='word_1_275' title='bbox 1167 2223 1326 2294; x_wconf 84' lang='lat' dir='ltr'><strong>quale</strong></span> <span class='ocrx_word' id='word_1_276' title='bbox 1359 2223 1449 2278; x_wconf 88' lang='lat' dir='ltr'><strong>sit.</strong></span> <span class='ocrx_word' id='word_1_277' title='bbox 1478 2221 1869 2293; x_wconf 80' lang='lat' dir='ltr'><strong>Argumentum</strong></span> <span class='ocrx_word' id='word_1_278' title='bbox 1894 2229 2075 2277; x_wconf 86' lang='lat' dir='ltr'><strong>autem</strong></span> 
     </span>
    </p>
   </div>
   <div class='ocr_carea' id='block_1_37' title="bbox 491 2312 2074 2387">
    <p class='ocr_par' dir='ltr' id='par_1_37' title="bbox 491 2312 2074 2387">
     <span class='ocr_line' id='line_1_37' title="bbox 491 2312 2074 2387; baseline -0.003 -15"><span class='ocrx_word' id='word_1_279' title='bbox 491 2314 717 2383; x_wconf 88' lang='lat' dir='ltr'><strong>dictum,</strong></span> <span class='ocrx_word' id='word_1_280' title='bbox 749 2318 906 2387; x_wconf 87' lang='lat' dir='ltr'><strong>quasi</strong></span> <span class='ocrx_word' id='word_1_281' title='bbox 939 2323 1209 2387; x_wconf 84' lang='lat' dir='ltr'><strong>argutum,</strong></span> <span class='ocrx_word' id='word_1_282' title='bbox 1243 2314 1330 2373; x_wconf 87' lang='lat' dir='ltr'><strong>vel</strong></span> <span class='ocrx_word' id='word_1_283' title='bbox 1362 2312 1505 2386; x_wconf 90' lang='lat' dir='ltr'><strong>quod</strong></span> <span class='ocrx_word' id='word_1_284' title='bbox 1533 2313 1604 2369; x_wconf 89' lang='lat' dir='ltr'><strong>sit</strong></span> <span class='ocrx_word' id='word_1_285' title='bbox 1649 2319 1838 2384; x_wconf 77' lang='lat' dir='ltr'><strong>argute</strong></span> <span class='ocrx_word' id='word_1_286' title='bbox 1883 2313 2074 2368; x_wconf 90' lang='lat' dir='ltr'><strong>inven-</strong></span> 
     </span>
    </p>
   </div>
   <div class='ocr_carea' id='block_1_38' title="bbox 489 2401 2075 2480">
    <p class='ocr_par' dir='ltr' id='par_1_38' title="bbox 489 2401 2075 2480">
     <span class='ocr_line' id='line_1_38' title="bbox 489 2401 2075 2480; baseline -0.003 -16"><span class='ocrx_word' id='word_1_287' title='bbox 489 2417 603 2464; x_wconf 87' lang='lat' dir='ltr'><strong>tum</strong></span> <span class='ocrx_word' id='word_1_288' title='bbox 631 2407 700 2465; x_wconf 85' lang='lat' dir='ltr'><strong>ad</strong></span> <span class='ocrx_word' id='word_1_289' title='bbox 721 2407 1147 2480; x_wconf 86' lang='lat' dir='ltr'><strong>comprobandas</strong></span> <span class='ocrx_word' id='word_1_290' title='bbox 1173 2422 1280 2463; x_wconf 89' lang='lat' dir='ltr'><strong>res.</strong></span> <span class='ocrx_word' id='word_1_291' title='bbox 1324 2404 1621 2476; x_wconf 88' lang='lat' dir='ltr'><strong>Epistolam</strong></span> <span class='ocrx_word' id='word_1_292' title='bbox 1654 2403 1875 2476; x_wconf 84' lang='lat' dir='ltr'><strong>proprie</strong></span> <span class='ocrx_word' id='word_1_293' title='bbox 1902 2401 2075 2460; x_wconf 72' lang='lat' dir='ltr'><strong>Graeci</strong></span> 
     </span>
    </p>
   </div>
   <div class='ocr_carea' id='block_1_39' title="bbox 486 2493 2074 2571">
    <p class='ocr_par' dir='ltr' id='par_1_39' title="bbox 486 2493 2074 2571">
     <span class='ocr_line' id='line_1_39' title="bbox 486 2493 2074 2571; baseline -0.004 -16"><span class='ocrx_word' id='word_1_294' title='bbox 486 2508 705 2566; x_wconf 87' lang='lat' dir='ltr'><strong>vocant,</strong></span> <span class='ocrx_word' id='word_1_295' title='bbox 734 2513 855 2571; x_wconf 71' lang='lat' dir='ltr'><strong>quae</strong></span> <span class='ocrx_word' id='word_1_296' title='bbox 885 2499 1272 2569; x_wconf 88' lang='lat' dir='ltr'><strong>interpretatur</strong></span> <span class='ocrx_word' id='word_1_297' title='bbox 1297 2493 1512 2562; x_wconf 87' lang='lat' dir='ltr'><strong>Latine,</strong></span> <span class='ocrx_word' id='word_1_298' title='bbox 1534 2495 1721 2551; x_wconf 88' lang='lat' dir='ltr'><strong>missa.</strong></span> <span class='ocrx_word' id='word_1_299' title='bbox 1754 2493 1905 2566; x_wconf 88' lang='lat' dir='ltr'><strong>Styla</strong></span> <span class='ocrx_word' id='word_1_300' title='bbox 1927 2494 2074 2549; x_wconf 87' lang='lat' dir='ltr'><strong>enim</strong></span> 
     </span>
    </p>
   </div>
   <div class='ocr_carea' id='block_1_40' title="bbox 489 2584 2105 2660">
    <p class='ocr_par' dir='ltr' id='par_1_40' title="bbox 489 2584 2105 2660">
     <span class='ocr_line' id='line_1_40' title="bbox 489 2584 2105 2660; baseline -0.006 -13"><span class='ocrx_word' id='word_1_301' title='bbox 489 2604 584 2647; x_wconf 83' lang='lat' dir='ltr'><strong>seu</strong></span> <span class='ocrx_word' id='word_1_302' title='bbox 625 2589 774 2660; x_wconf 80' lang='lat' dir='ltr'><strong>styli,</strong></span> <span class='ocrx_word' id='word_1_303' title='bbox 812 2589 974 2646; x_wconf 86' lang='lat' dir='ltr'><strong>missa</strong></span> <span class='ocrx_word' id='word_1_304' title='bbox 1020 2588 1107 2644; x_wconf 90' lang='lat' dir='ltr'><strong>vel</strong></span> <span class='ocrx_word' id='word_1_305' title='bbox 1130 2587 1285 2643; x_wconf 90' lang='lat' dir='ltr'><strong>missi</strong></span> <span class='ocrx_word' id='word_1_306' title='bbox 1308 2593 1432 2659; x_wconf 85' lang='lat' dir='ltr'><strong>ante</strong></span> <span class='ocrx_word' id='word_1_307' title='bbox 1454 2584 1892 2642; x_wconf 86' lang='lat' dir='ltr'><strong>membranarum</strong></span> <span class='ocrx_word' id='word_1_308' title='bbox 1915 2594 2105 2653; x_wconf 19' lang='lat' dir='ltr'><strong>usum,</strong></span> 
     </span>
    </p>
   </div>
   <div class='ocr_carea' id='block_1_41' title="bbox 494 2676 2074 2752">
    <p class='ocr_par' dir='ltr' id='par_1_41' title="bbox 494 2676 2074 2752">
     <span class='ocr_line' id='line_1_41' title="bbox 494 2676 2074 2752; baseline -0.006 -13"><span class='ocrx_word' id='word_1_309' title='bbox 494 2681 553 2739; x_wconf 84' lang='lat' dir='ltr'><strong>in</strong></span> <span class='ocrx_word' id='word_1_310' title='bbox 599 2681 862 2738; x_wconf 87' lang='lat' dir='ltr'><strong>dedolatis</strong></span> <span class='ocrx_word' id='word_1_311' title='bbox 906 2680 1103 2752; x_wconf 80' lang='lat' dir='ltr'><strong>ligneis</strong></span> <span class='ocrx_word' id='word_1_312' title='bbox 1146 2677 1418 2735; x_wconf 88' lang='lat' dir='ltr'><strong>codicellis</strong></span> <span class='ocrx_word' id='word_1_313' title='bbox 1447 2676 1798 2749; x_wconf 86' lang='lat' dir='ltr'><strong>epistolarum</strong></span> <span class='ocrx_word' id='word_1_314' title='bbox 1843 2676 2074 2746; x_wconf 86' lang='lat' dir='ltr'><strong>alloquia</strong></span> 
     </span>
    </p>
   </div>
   <div class='ocr_carea' id='block_1_42' title="bbox 489 2767 2073 2842">
    <p class='ocr_par' dir='ltr' id='par_1_42' title="bbox 489 2767 2073 2842">
     <span class='ocr_line' id='line_1_42' title="bbox 489 2767 2073 2842; baseline -0.006 -11"><span class='ocrx_word' id='word_1_315' title='bbox 489 2773 867 2835; x_wconf 85' lang='lat' dir='ltr'><strong>scribebantur</strong></span> <span class='ocrx_word' id='word_1_316' title='bbox 898 2791 912 2827; x_wconf 87' lang='lat'><strong>:</strong></span> <span class='ocrx_word' id='word_1_317' title='bbox 943 2772 1085 2829; x_wconf 89' lang='lat' dir='ltr'><strong>unde</strong></span> <span class='ocrx_word' id='word_1_318' title='bbox 1110 2770 1398 2842; x_wconf 86' lang='lat' dir='ltr'><strong>portitores</strong></span> <span class='ocrx_word' id='word_1_319' title='bbox 1422 2783 1612 2825; x_wconf 87' lang='lat' dir='ltr'><strong>earum</strong></span> <span class='ocrx_word' id='word_1_320' title='bbox 1648 2767 1957 2825; x_wconf 89' lang='lat' dir='ltr'><strong>tabellarios</strong></span> <span class='ocrx_word' id='word_1_321' title='bbox 1975 2782 2073 2823; x_wconf 87' lang='lat' dir='ltr'><strong>vn-</strong></span> 
     </span>
    </p>
   </div>
   <div class='ocr_carea' id='block_1_43' title="bbox 488 2861 2076 2931">
    <p class='ocr_par' dir='ltr' id='par_1_43' title="bbox 488 2861 2076 2931">
     <span class='ocr_line' id='line_1_43' title="bbox 488 2861 2076 2931; baseline -0.003 -7"><span class='ocrx_word' id='word_1_322' title='bbox 488 2874 769 2925; x_wconf 84' lang='lat' dir='ltr'><strong>caverunt.</strong></span> <span class='ocrx_word' id='word_1_323' title='bbox 794 2864 974 2924; x_wconf 82' lang='lat' dir='ltr'><strong>Codex</strong></span> <span class='ocrx_word' id='word_1_324' title='bbox 995 2864 1291 2922; x_wconf 90' lang='lat' dir='ltr'><strong>multorum</strong></span> <span class='ocrx_word' id='word_1_325' title='bbox 1318 2862 1583 2921; x_wconf 88' lang='lat' dir='ltr'><strong>librorum</strong></span> <span class='ocrx_word' id='word_1_326' title='bbox 1618 2872 1718 2931; x_wconf 88' lang='lat' dir='ltr'><strong>est,</strong></span> <span class='ocrx_word' id='word_1_327' title='bbox 1749 2862 1888 2920; x_wconf 88' lang='lat' dir='ltr'><strong>liber</strong></span> <span class='ocrx_word' id='word_1_328' title='bbox 1913 2861 2076 2919; x_wconf 89' lang='lat' dir='ltr'><strong>unius</strong></span> 
     </span>
    </p>
   </div>
   <div class='ocr_carea' id='block_1_44' title="bbox 488 2950 2076 3032">
    <p class='ocr_par' dir='ltr' id='par_1_44' title="bbox 488 2950 2076 3032">
     <span class='ocr_line' id='line_1_44' title="bbox 488 2950 2076 3032; baseline -0.004 -15"><span class='ocrx_word' id='word_1_329' title='bbox 488 2957 796 3023; x_wconf 70' lang='lat' dir='ltr'><strong>voluminis,</strong></span> <span class='ocrx_word' id='word_1_330' title='bbox 828 2967 884 3014; x_wconf 91' lang='lat' dir='ltr'><strong>et</strong></span> <span class='ocrx_word' id='word_1_331' title='bbox 923 2958 1099 3014; x_wconf 89' lang='lat' dir='ltr'><strong>dictus</strong></span> <span class='ocrx_word' id='word_1_332' title='bbox 1147 2956 1326 3032; x_wconf 1' lang='lat' dir='ltr'><strong>codex,</strong></span> <span class='ocrx_word' id='word_1_333' title='bbox 1353 2970 1453 3027; x_wconf 92' lang='lat' dir='ltr'><strong>per</strong></span> <span class='ocrx_word' id='word_1_334' title='bbox 1502 2950 1911 3011; x_wconf 84' lang='lat' dir='ltr'><strong>translationem</strong></span> <span class='ocrx_word' id='word_1_335' title='bbox 1934 2972 1964 3011; x_wconf 88' lang='lat' dir='ltr'><strong>a</strong></span> <span class='ocrx_word' id='word_1_336' title='bbox 1991 2969 2076 3010; x_wconf 87' lang='lat' dir='ltr'><strong>co-</strong></span> 
     </span>
    </p>
   </div>
   <div class='ocr_carea' id='block_1_45' title="bbox 489 3047 2071 3119">
    <p class='ocr_par' dir='ltr' id='par_1_45' title="bbox 489 3047 2071 3119">
     <span class='ocr_line' id='line_1_45' title="bbox 489 3047 2071 3119; baseline -0.003 -11"><span class='ocrx_word' id='word_1_337' title='bbox 489 3051 704 3108; x_wconf 83' lang='lat' dir='ltr'><strong>dicibus</strong></span> <span class='ocrx_word' id='word_1_338' title='bbox 721 3052 977 3108; x_wconf 88' lang='lat' dir='ltr'><strong>arborum</strong></span> <span class='ocrx_word' id='word_1_339' title='bbox 1003 3067 1099 3108; x_wconf 87' lang='lat' dir='ltr'><strong>seu</strong></span> <span class='ocrx_word' id='word_1_340' title='bbox 1121 3050 1331 3115; x_wconf 85' lang='lat' dir='ltr'><strong>vitium,</strong></span> <span class='ocrx_word' id='word_1_341' title='bbox 1362 3048 1521 3119; x_wconf 83' lang='lat' dir='ltr'><strong>quasi</strong></span> <span class='ocrx_word' id='word_1_342' title='bbox 1562 3049 1795 3115; x_wconf 78' lang='lat' dir='ltr'><strong>caudex,</strong></span> <span class='ocrx_word' id='word_1_343' title='bbox 1825 3047 1970 3119; x_wconf 88' lang='lat' dir='ltr'><strong>quod</strong></span> <span class='ocrx_word' id='word_1_344' title='bbox 2004 3063 2071 3103; x_wconf 78' lang='lat' dir='ltr'><strong>ex</strong></span> 
     </span>
    </p>
   </div>
   <div class='ocr_carea' id='block_1_46' title="bbox 489 3139 2072 3211">
    <p class='ocr_par' dir='ltr' id='par_1_46' title="bbox 489 3139 2072 3211">
     <span class='ocr_line' id='line_1_46' title="bbox 489 3139 2072 3211; baseline -0.004 -12"><span class='ocrx_word' id='word_1_345' title='bbox 489 3155 551 3199; x_wconf 87' lang='lat' dir='ltr'><strong>se</strong></span> <span class='ocrx_word' id='word_1_346' title='bbox 596 3140 992 3199; x_wconf 88' lang='lat' dir='ltr'><strong>multitudinem</strong></span> <span class='ocrx_word' id='word_1_347' title='bbox 1016 3141 1302 3207; x_wconf 89' lang='lat' dir='ltr'><strong>librorum,</strong></span> <span class='ocrx_word' id='word_1_348' title='bbox 1328 3140 1485 3211; x_wconf 87' lang='lat' dir='ltr'><strong>quasi</strong></span> <span class='ocrx_word' id='word_1_349' title='bbox 1532 3139 1922 3205; x_wconf 82' lang='lat' dir='ltr'><strong>Romanorum,</strong></span> <span class='ocrx_word' id='word_1_350' title='bbox 1950 3154 2072 3194; x_wconf 91' lang='lat' dir='ltr'><strong>con-</strong></span> 
     </span>
    </p>
   </div>
   <div class='ocr_carea' id='block_1_47' title="bbox 490 3203 2144 3300">
    <p class='ocr_par' dir='ltr' id='par_1_47' title="bbox 490 3203 2144 3300">
     <span class='ocr_line' id='line_1_47' title="bbox 490 3203 2144 3300; baseline -0.002 -9"><span class='ocrx_word' id='word_1_351' title='bbox 490 3232 685 3299; x_wconf 82' lang='lat' dir='ltr'><strong>tineat.</strong></span> <span class='ocrx_word' id='word_1_352' title='bbox 729 3235 992 3292; x_wconf 85' lang='lat' dir='ltr'><strong>Volumen</strong></span> <span class='ocrx_word' id='word_1_353' title='bbox 1039 3232 1177 3292; x_wconf 89' lang='lat' dir='ltr'><strong>liber</strong></span> <span class='ocrx_word' id='word_1_354' title='bbox 1219 3203 1301 3290; x_wconf 80' lang='lat' dir='ltr'><strong>est</strong></span> <span class='ocrx_word' id='word_1_355' title='bbox 1329 3203 1365 3288; x_wconf 59' lang='grc' dir='ltr'><strong>τί</strong></span> <span class='ocrx_word' id='word_1_356' title='bbox 1389 3232 1656 3290; x_wconf 90' lang='lat' dir='ltr'><strong>volvendo</strong></span> <span class='ocrx_word' id='word_1_357' title='bbox 1685 3232 1881 3300; x_wconf 89' lang='lat' dir='ltr'><strong>dictus,</strong></span> <span class='ocrx_word' id='word_1_358' title='bbox 1909 3203 2073 3288; x_wconf 13' lang='lat' dir='ltr'><strong>Vsicut</strong></span> <span class='ocrx_word' id='word_1_359' title='bbox 2096 3203 2144 3266; x_wconf 54' lang='grc' dir='ltr'><strong>(ἶ</strong></span> 
     </span>
    </p>
   </div>
   <div class='ocr_carea' id='block_1_48' title="bbox 488 3321 2074 3401">
    <p class='ocr_par' dir='ltr' id='par_1_48' title="bbox 488 3321 2074 3401">
     <span class='ocr_line' id='line_1_48' title="bbox 488 3321 2074 3401; baseline -0.003 -19"><span class='ocrx_word' id='word_1_360' title='bbox 488 3325 633 3401; x_wconf 79' lang='lat' dir='ltr'><strong>apud</strong></span> <span class='ocrx_word' id='word_1_361' title='bbox 672 3323 926 3383; x_wconf 67' lang='lat' dir='ltr'><strong>Hebrmos</strong></span> <span class='ocrx_word' id='word_1_362' title='bbox 972 3325 1244 3382; x_wconf 87' lang='lat' dir='ltr'><strong>volumina</strong></span> <span class='ocrx_word' id='word_1_363' title='bbox 1270 3322 1427 3396; x_wconf 85' lang='lat' dir='ltr'><strong>legis,</strong></span> <span class='ocrx_word' id='word_1_364' title='bbox 1462 3322 1734 3381; x_wconf 84' lang='lat' dir='ltr'><strong>volumina</strong></span> <span class='ocrx_word' id='word_1_365' title='bbox 1777 3321 2074 3396; x_wconf 87' lang='lat' dir='ltr'><strong>Propheta-</strong></span> 
     </span>
    </p>
   </div>
   <div class='ocr_carea' id='block_1_49' title="bbox 494 3404 2076 3487">
    <p class='ocr_par' dir='ltr' id='par_1_49' title="bbox 494 3404 2076 3487">
     <span class='ocr_line' id='line_1_49' title="bbox 494 3404 2076 3487; baseline -0.003 -12"><span class='ocrx_word' id='word_1_366' title='bbox 494 3433 639 3475; x_wconf 87' lang='lat' dir='ltr'><strong>rum.</strong></span> <span class='ocrx_word' id='word_1_367' title='bbox 684 3415 848 3473; x_wconf 88' lang='lat' dir='ltr'><strong>Liber</strong></span> <span class='ocrx_word' id='word_1_368' title='bbox 901 3424 984 3474; x_wconf 91' lang='lat' dir='ltr'><strong>est</strong></span> <span class='ocrx_word' id='word_1_369' title='bbox 1028 3404 1255 3473; x_wconf 85' lang='lat' dir='ltr'><strong>interior</strong></span> <span class='ocrx_word' id='word_1_370' title='bbox 1285 3414 1469 3471; x_wconf 91' lang='lat' dir='ltr'><strong>tunica</strong></span> <span class='ocrx_word' id='word_1_371' title='bbox 1499 3412 1737 3479; x_wconf 87' lang='lat' dir='ltr'><strong>corticis,</strong></span> <span class='ocrx_word' id='word_1_372' title='bbox 1771 3430 1891 3487; x_wconf 74' lang='lat' dir='ltr'><strong>qua:</strong></span> <span class='ocrx_word' id='word_1_373' title='bbox 1932 3412 2076 3485; x_wconf 89' lang='lat' dir='ltr'><strong>ligno</strong></span> 
     </span>
    </p>
   </div>
   <div class='ocr_carea' id='block_1_50' title="bbox 478 3502 2071 3580">
    <p class='ocr_par' dir='ltr' id='par_1_50' title="bbox 478 3502 2071 3580">
     <span class='ocr_line' id='line_1_50' title="bbox 478 3502 2071 3580; baseline -0.006 -11"><span class='ocrx_word' id='word_1_374' title='bbox 478 3506 750 3575; x_wconf 68' lang='lat' dir='ltr'><strong>.collatret,</strong></span> <span class='ocrx_word' id='word_1_375' title='bbox 767 3509 834 3565; x_wconf 90' lang='lat' dir='ltr'><strong>de</strong></span> <span class='ocrx_word' id='word_1_376' title='bbox 846 3523 954 3579; x_wconf 89' lang='lat' dir='ltr'><strong>quo</strong></span> <span class='ocrx_word' id='word_1_377' title='bbox 968 3507 1223 3580; x_wconf 76' lang='lat' dir='ltr'><strong>Virgilius</strong></span> <span class='ocrx_word' id='word_1_378' title='bbox 1237 3504 1317 3563; x_wconf 90' lang='lat' dir='ltr'><strong>sic</strong></span> <span class='ocrx_word' id='word_1_379' title='bbox 1335 3525 1349 3561; x_wconf 86' lang='lat'><strong><em>:</em></strong></span> <span class='ocrx_word' id='word_1_380' title='bbox 1376 3504 1499 3560; x_wconf 83' lang='lat' dir='ltr'><strong>Alta</strong></span> <span class='ocrx_word' id='word_1_381' title='bbox 1513 3502 1644 3561; x_wconf 83' lang='lat' dir='ltr'><strong>liber</strong></span> <span class='ocrx_word' id='word_1_382' title='bbox 1658 3505 1816 3561; x_wconf 80' lang='lat' dir='ltr'><strong>lueret</strong></span> <span class='ocrx_word' id='word_1_383' title='bbox 1839 3504 1893 3558; x_wconf 79' lang='lat' dir='ltr'><strong>in</strong></span> <span class='ocrx_word' id='word_1_384' title='bbox 1911 3503 2071 3560; x_wconf 87' lang='lat' dir='ltr'><strong>ulmo.</strong></span> 
     </span>
    </p>
   </div>
   <div class='ocr_carea' id='block_1_51' title="bbox 497 3596 2075 3672">
    <p class='ocr_par' dir='ltr' id='par_1_51' title="bbox 497 3596 2075 3672">
     <span class='ocr_line' id='line_1_51' title="bbox 497 3596 2075 3672; baseline -0.002 -15"><span class='ocrx_word' id='word_1_385' title='bbox 497 3600 645 3671; x_wconf 81' lang='lat' dir='ltr'><strong>Unde</strong></span> <span class='ocrx_word' id='word_1_386' title='bbox 666 3609 722 3658; x_wconf 86' lang='lat' dir='ltr'><strong>et</strong></span> <span class='ocrx_word' id='word_1_387' title='bbox 744 3599 883 3658; x_wconf 86' lang='lat' dir='ltr'><strong>liber</strong></span> <span class='ocrx_word' id='word_1_388' title='bbox 904 3597 1121 3669; x_wconf 77' lang='lat' dir='ltr'><strong>dicitur,</strong></span> <span class='ocrx_word' id='word_1_389' title='bbox 1165 3599 1221 3657; x_wconf 89' lang='lat' dir='ltr'><strong>in</strong></span> <span class='ocrx_word' id='word_1_390' title='bbox 1272 3614 1382 3672; x_wconf 87' lang='lat' dir='ltr'><strong>quo</strong></span> <span class='ocrx_word' id='word_1_391' title='bbox 1430 3598 1717 3655; x_wconf 87' lang='lat' dir='ltr'><strong>scribimus</strong></span> <span class='ocrx_word' id='word_1_392' title='bbox 1748 3616 1759 3651; x_wconf 88' lang='lat'><strong>:</strong></span> <span class='ocrx_word' id='word_1_393' title='bbox 1795 3596 1921 3667; x_wconf 87' lang='lat' dir='ltr'><strong>quia</strong></span> <span class='ocrx_word' id='word_1_394' title='bbox 1947 3605 2075 3654; x_wconf 87' lang='lat' dir='ltr'><strong>ante</strong></span> 
     </span>
    </p>
   </div>
   <div class='ocr_carea' id='block_1_52' title="bbox 490 3686 2077 3769">
    <p class='ocr_par' dir='ltr' id='par_1_52' title="bbox 490 3686 2077 3769">
     <span class='ocr_line' id='line_1_52' title="bbox 490 3686 2077 3769; baseline -0.001 -25"><span class='ocrx_word' id='word_1_395' title='bbox 490 3706 649 3769; x_wconf 81' lang='lat' dir='ltr'><strong>usum</strong></span> <span class='ocrx_word' id='word_1_396' title='bbox 670 3690 874 3769; x_wconf 69' lang='lat' dir='ltr'><strong>charta:</strong></span> <span class='ocrx_word' id='word_1_397' title='bbox 896 3690 983 3747; x_wconf 88' lang='lat' dir='ltr'><strong>vel</strong></span> <span class='ocrx_word' id='word_1_398' title='bbox 1001 3691 1438 3747; x_wconf 84' lang='lat' dir='ltr'><strong>membranarum</strong></span> <span class='ocrx_word' id='word_1_399' title='bbox 1453 3686 1517 3745; x_wconf 88' lang='lat' dir='ltr'><strong>de</strong></span> <span class='ocrx_word' id='word_1_400' title='bbox 1541 3686 1692 3742; x_wconf 88' lang='lat' dir='ltr'><strong>libris</strong></span> <span class='ocrx_word' id='word_1_401' title='bbox 1717 3686 1971 3744; x_wconf 80' lang='lat' dir='ltr'><strong>arborum</strong></span> <span class='ocrx_word' id='word_1_402' title='bbox 1989 3700 2077 3742; x_wconf 91' lang='lat' dir='ltr'><strong>vo-</strong></span> 
     </span>
    </p>
   </div>
   <div class='ocr_carea' id='block_1_53' title="bbox 478 3770 2075 3853">
    <p class='ocr_par' dir='ltr' id='par_1_53' title="bbox 478 3770 2075 3853">
     <span class='ocr_line' id='line_1_53' title="bbox 478 3770 2075 3853; baseline -0.002 -16"><span class='ocrx_word' id='word_1_403' title='bbox 478 3770 697 3847; x_wconf 75' lang='lat' dir='ltr'><strong>lumina</strong></span> <span class='ocrx_word' id='word_1_404' title='bbox 723 3781 925 3839; x_wconf 79' lang='lat' dir='ltr'><strong>ﬁebant</strong></span> <span class='ocrx_word' id='word_1_405' title='bbox 951 3786 1006 3838; x_wconf 91' lang='lat' dir='ltr'><strong>et</strong></span> <span class='ocrx_word' id='word_1_406' title='bbox 1029 3770 1568 3853; x_wconf 77' lang='lat' dir='ltr'><strong>Compaginabantur.</strong></span> <span class='ocrx_word' id='word_1_407' title='bbox 1591 3774 1742 3836; x_wconf 82' lang='lat' dir='ltr'><strong>Unde</strong></span> <span class='ocrx_word' id='word_1_408' title='bbox 1769 3784 1824 3834; x_wconf 92' lang='lat' dir='ltr'><strong>et</strong></span> <span class='ocrx_word' id='word_1_409' title='bbox 1845 3778 2075 3849; x_wconf 88' lang='lat' dir='ltr'><strong>scripto—</strong></span> 
     </span>
    </p>
   </div>
   <div class='ocr_carea' id='block_1_54' title="bbox 492 3868 2075 3955">
    <p class='ocr_par' dir='ltr' id='par_1_54' title="bbox 492 3868 2075 3955">
     <span class='ocr_line' id='line_1_54' title="bbox 492 3868 2075 3955; baseline -0.003 -24"><span class='ocrx_word' id='word_1_410' title='bbox 492 3891 583 3955; x_wconf 79' lang='lat' dir='ltr'><strong>res</strong></span> <span class='ocrx_word' id='word_1_411' title='bbox 612 3891 643 3931; x_wconf 86' lang='lat' dir='ltr'><strong>a</strong></span> <span class='ocrx_word' id='word_1_412' title='bbox 676 3874 833 3955; x_wconf 79' lang='lat' dir='ltr'><strong>libris</strong></span> <span class='ocrx_word' id='word_1_413' title='bbox 861 3876 1115 3932; x_wconf 88' lang='lat' dir='ltr'><strong>arborum</strong></span> <span class='ocrx_word' id='word_1_414' title='bbox 1143 3875 1397 3931; x_wconf 88' lang='lat' dir='ltr'><strong>librarios</strong></span> <span class='ocrx_word' id='word_1_415' title='bbox 1434 3881 1785 3930; x_wconf 86' lang='lat' dir='ltr'><strong>vocaverunt.</strong></span> <span class='ocrx_word' id='word_1_416' title='bbox 1839 3868 2075 3930; x_wconf 82' lang='lat' dir='ltr'><strong>Librarii</strong></span> 
     </span>
    </p>
   </div>
   <div class='ocr_carea' id='block_1_55' title="bbox 490 3958 2074 4049">
    <p class='ocr_par' dir='ltr' id='par_1_55' title="bbox 490 3958 2074 4049">
     <span class='ocr_line' id='line_1_55' title="bbox 490 3958 2074 4049; baseline -0.004 -22"><span class='ocrx_word' id='word_1_417' title='bbox 490 3976 649 4039; x_wconf 79' lang='lat' dir='ltr'><strong>antea</strong></span> <span class='ocrx_word' id='word_1_418' title='bbox 696 3966 1177 4049; x_wconf 71' lang='lat' dir='ltr'><strong>bibliopolaedieti.</strong></span> <span class='ocrx_word' id='word_1_419' title='bbox 1217 3967 1440 4024; x_wconf 88' lang='lat' dir='ltr'><strong>Librum</strong></span> <span class='ocrx_word' id='word_1_420' title='bbox 1474 3965 1620 4022; x_wconf 89' lang='lat' dir='ltr'><strong>enim</strong></span> <span class='ocrx_word' id='word_1_421' title='bbox 1658 3962 1834 4022; x_wconf 64' lang='lat' dir='ltr'><strong>Graeci</strong></span> <span class='ocrx_word' id='word_1_422' title='bbox 1870 3958 2074 4022; x_wconf 86' lang='lat' dir='ltr'><strong>biblum</strong></span> 
     </span>
    </p>
   </div>
   <div class='ocr_carea' id='block_1_56' title="bbox 489 4054 2069 4131">
    <p class='ocr_par' dir='ltr' id='par_1_56' title="bbox 489 4054 2069 4131">
     <span class='ocr_line' id='line_1_56' title="bbox 489 4054 2069 4131; baseline 0 -18"><span class='ocrx_word' id='word_1_423' title='bbox 489 4068 702 4131; x_wconf 81' lang='lat' dir='ltr'><strong>vocant.</strong></span> <span class='ocrx_word' id='word_1_424' title='bbox 734 4054 968 4116; x_wconf 86' lang='lat' dir='ltr'><strong>Librarii</strong></span> <span class='ocrx_word' id='word_1_425' title='bbox 993 4070 1194 4127; x_wconf 88' lang='lat' dir='ltr'><strong>autem,</strong></span> <span class='ocrx_word' id='word_1_426' title='bbox 1230 4059 1287 4117; x_wconf 91' lang='lat' dir='ltr'><strong>id</strong></span> <span class='ocrx_word' id='word_1_427' title='bbox 1313 4066 1414 4127; x_wconf 81' lang='lat' dir='ltr'><strong>est,</strong></span> <span class='ocrx_word' id='word_1_428' title='bbox 1448 4054 1743 4128; x_wconf 87' lang='lat' dir='ltr'><strong>antiquarii</strong></span> <span class='ocrx_word' id='word_1_429' title='bbox 1770 4064 2069 4113; x_wconf 73' lang='lat' dir='ltr'><strong>vocantur:</strong></span> 
     </span>
    </p>
   </div>
   <div class='ocr_carea' id='block_1_57' title="bbox 491 4149 2070 4222">
    <p class='ocr_par' dir='ltr' id='par_1_57' title="bbox 491 4149 2070 4222">
     <span class='ocr_line' id='line_1_57' title="bbox 491 4149 2070 4222; baseline -0.002 -15"><span class='ocrx_word' id='word_1_430' title='bbox 491 4151 585 4207; x_wconf 78' lang='lat' dir='ltr'><strong>sed</strong></span> <span class='ocrx_word' id='word_1_431' title='bbox 616 4149 826 4221; x_wconf 84' lang='lat' dir='ltr'><strong>librarii</strong></span> <span class='ocrx_word' id='word_1_432' title='bbox 871 4161 1016 4221; x_wconf 86' lang='lat' dir='ltr'><strong>sunt,</strong></span> <span class='ocrx_word' id='word_1_433' title='bbox 1054 4153 1146 4222; x_wconf 87' lang='lat' dir='ltr'><strong>qui</strong></span> <span class='ocrx_word' id='word_1_434' title='bbox 1188 4156 1243 4207; x_wconf 88' lang='lat' dir='ltr'><strong>et</strong></span> <span class='ocrx_word' id='word_1_435' title='bbox 1272 4167 1414 4206; x_wconf 86' lang='lat' dir='ltr'><strong>nova</strong></span> <span class='ocrx_word' id='word_1_436' title='bbox 1453 4150 1699 4209; x_wconf 86' lang='lat' dir='ltr'><strong>scribunt</strong></span> <span class='ocrx_word' id='word_1_437' title='bbox 1740 4156 1794 4203; x_wconf 89' lang='lat' dir='ltr'><strong>et</strong></span> <span class='ocrx_word' id='word_1_438' title='bbox 1828 4156 2010 4204; x_wconf 84' lang='lat' dir='ltr'><strong>vetera</strong></span> <span class='ocrx_word' id='word_1_439' title='bbox 2052 4164 2070 4204; x_wconf 88' lang='lat'><strong>:</strong></span> 
     </span>
    </p>
   </div>
   <div class='ocr_carea' id='block_1_58' title="bbox 490 4224 2071 4315">
    <p class='ocr_par' dir='ltr' id='par_1_58' title="bbox 490 4224 2071 4315">
     <span class='ocr_line' id='line_1_58' title="bbox 490 4224 2071 4315; baseline 0.001 -19"><span class='ocrx_word' id='word_1_440' title='bbox 490 4241 804 4312; x_wconf 87' lang='lat' dir='ltr'><strong>antiquarii,</strong></span> <span class='ocrx_word' id='word_1_441' title='bbox 835 4242 928 4315; x_wconf 89' lang='lat' dir='ltr'><strong>qui</strong></span> <span class='ocrx_word' id='word_1_442' title='bbox 962 4224 1332 4297; x_wconf 80' lang='lat' dir='ltr'><strong>tantummodo</strong></span> <span class='ocrx_word' id='word_1_443' title='bbox 1367 4249 1551 4297; x_wconf 87' lang='lat' dir='ltr'><strong>vetera</strong></span> <span class='ocrx_word' id='word_1_444' title='bbox 1580 4259 1593 4294; x_wconf 92' lang='lat'>:</span> <span class='ocrx_word' id='word_1_445' title='bbox 1628 4238 1767 4295; x_wconf 91' lang='lat' dir='ltr'><strong>unde</strong></span> <span class='ocrx_word' id='word_1_446' title='bbox 1797 4248 1851 4295; x_wconf 90' lang='lat' dir='ltr'><strong>et</strong></span> <span class='ocrx_word' id='word_1_447' title='bbox 1876 4240 2071 4298; x_wconf 88' lang='lat' dir='ltr'><strong>nomen</strong></span> 
     </span>
    </p>
   </div>
   <div class='ocr_carea' id='block_1_59' title="bbox 491 4320 2069 4402">
    <p class='ocr_par' dir='ltr' id='par_1_59' title="bbox 491 4320 2069 4402">
     <span class='ocr_line' id='line_1_59' title="bbox 491 4320 2069 4402; baseline 0 -14"><span class='ocrx_word' id='word_1_448' title='bbox 491 4339 856 4402; x_wconf 86' lang='lat' dir='ltr'><strong>sumpserunt.</strong></span> <span class='ocrx_word' id='word_1_449' title='bbox 888 4330 1221 4388; x_wconf 81' lang='lat' dir='ltr'><strong>Ascribendo</strong></span> <span class='ocrx_word' id='word_1_450' title='bbox 1254 4340 1432 4387; x_wconf 85' lang='lat' dir='ltr'><strong>autem</strong></span> <span class='ocrx_word' id='word_1_451' title='bbox 1473 4328 1651 4387; x_wconf 89' lang='lat' dir='ltr'><strong>scriba</strong></span> <span class='ocrx_word' id='word_1_452' title='bbox 1691 4344 1886 4387; x_wconf 90' lang='lat' dir='ltr'><strong>nomen</strong></span> <span class='ocrx_word' id='word_1_453' title='bbox 1913 4320 2069 4388; x_wconf 86' lang='lat' dir='ltr'><strong>acce-</strong></span> 
     </span>
    </p>
   </div>
   <div class='ocr_carea' id='block_1_60' title="bbox 490 4410 2068 4501">
    <p class='ocr_par' dir='ltr' id='par_1_60' title="bbox 490 4410 2068 4501">
     <span class='ocr_line' id='line_1_60' title="bbox 490 4410 2068 4501; baseline 0.001 -25"><span class='ocrx_word' id='word_1_454' title='bbox 490 4422 603 4494; x_wconf 81' lang='lat' dir='ltr'><strong>pit,</strong></span> <span class='ocrx_word' id='word_1_455' title='bbox 643 4418 873 4476; x_wconf 82' lang='lat' dir='ltr'><strong>ollicium</strong></span> <span class='ocrx_word' id='word_1_456' title='bbox 904 4420 1215 4491; x_wconf 76' lang='lat' dir='ltr'><strong>exprimens</strong></span> <span class='ocrx_word' id='word_1_457' title='bbox 1254 4410 1818 4501; x_wconf 46' lang='lat' dir='ltr'><strong>vocabuli&#39;qualitate.</strong></span> <span class='ocrx_word' id='word_1_458' title='bbox 1859 4414 2068 4477; x_wconf 82' lang='lat' dir='ltr'><strong>Instru-</strong></span> 
     </span>
    </p>
   </div>
   <div class='ocr_carea' id='block_1_61' title="bbox 491 4512 2089 4593">
    <p class='ocr_par' dir='ltr' id='par_1_61' title="bbox 491 4512 2089 4593">
     <span class='ocr_line' id='line_1_61' title="bbox 491 4512 2089 4593; baseline -0.001 -23"><span class='ocrx_word' id='word_1_459' title='bbox 491 4520 674 4570; x_wconf 87' lang='lat' dir='ltr'><strong>menta</strong></span> <span class='ocrx_word' id='word_1_460' title='bbox 699 4512 889 4569; x_wconf 68' lang='lat' dir='ltr'><strong>scribm</strong></span> <span class='ocrx_word' id='word_1_461' title='bbox 913 4512 1151 4569; x_wconf 85' lang='lat' dir='ltr'><strong>calamus</strong></span> <span class='ocrx_word' id='word_1_462' title='bbox 1178 4522 1233 4570; x_wconf 91' lang='lat' dir='ltr'><strong>et</strong></span> <span class='ocrx_word' id='word_1_463' title='bbox 1259 4529 1435 4585; x_wconf 87' lang='lat' dir='ltr'><strong>penna</strong></span> <span class='ocrx_word' id='word_1_464' title='bbox 1469 4531 1481 4567; x_wconf 89' lang='lat'><strong>:</strong></span> <span class='ocrx_word' id='word_1_465' title='bbox 1517 4530 1583 4569; x_wconf 82' lang='lat' dir='ltr'><strong>ex</strong></span> <span class='ocrx_word' id='word_1_466' title='bbox 1620 4513 1704 4571; x_wconf 86' lang='lat' dir='ltr'><strong>bis</strong></span> <span class='ocrx_word' id='word_1_467' title='bbox 1733 4515 1877 4571; x_wconf 89' lang='lat' dir='ltr'><strong>enim</strong></span> <span class='ocrx_word' id='word_1_468' title='bbox 1905 4512 2089 4593; x_wconf 74' lang='lat' dir='ltr'><strong>verba</strong></span> 
     </span>
    </p>
   </div>
   <div class='ocr_carea' id='block_1_62' title="bbox 491 4594 2067 4679">
    <p class='ocr_par' dir='ltr' id='par_1_62' title="bbox 491 4594 2067 4679">
     <span class='ocr_line' id='line_1_62' title="bbox 491 4594 2067 4679; baseline 0.001 -18"><span class='ocrx_word' id='word_1_469' title='bbox 491 4602 702 4677; x_wconf 76' lang='lat' dir='ltr'><strong>paginis</strong></span> <span class='ocrx_word' id='word_1_470' title='bbox 732 4604 1027 4676; x_wconf 83' lang='lat' dir='ltr'><strong>inﬁguntur</strong></span> <span class='ocrx_word' id='word_1_471' title='bbox 1054 4623 1067 4659; x_wconf 88' lang='lat'><strong>:</strong></span> <span class='ocrx_word' id='word_1_472' title='bbox 1090 4605 1183 4660; x_wconf 88' lang='lat' dir='ltr'><strong>sed</strong></span> <span class='ocrx_word' id='word_1_473' title='bbox 1219 4594 1698 4663; x_wconf 37' lang='lat' dir='ltr'><strong>calamus‘arboris‘</strong></span> <span class='ocrx_word' id='word_1_474' title='bbox 1728 4600 1812 4663; x_wconf 79' lang='lat' dir='ltr'><strong>eSt</strong></span> <span class='ocrx_word' id='word_1_475' title='bbox 1848 4624 1861 4662; x_wconf 92' lang='lat'>:</span> <span class='ocrx_word' id='word_1_476' title='bbox 1892 4600 2067 4679; x_wconf 81' lang='lat' dir='ltr'><strong>penna</strong></span> 
     </span>
    </p>
   </div>
   <div class='ocr_carea' id='block_1_63' title="bbox 492 4684 2068 4772">
    <p class='ocr_par' dir='ltr' id='par_1_63' title="bbox 492 4684 2068 4772">
     <span class='ocr_line' id='line_1_63' title="bbox 492 4684 2068 4772; baseline 0.002 -18"><span class='ocrx_word' id='word_1_477' title='bbox 492 4698 631 4765; x_wconf 83' lang='lat' dir='ltr'><strong>avis,</strong></span> <span class='ocrx_word' id='word_1_478' title='bbox 657 4695 809 4768; x_wconf 82' lang='lat' dir='ltr'><strong>cujus</strong></span> <span class='ocrx_word' id='word_1_479' title='bbox 843 4711 1102 4755; x_wconf 87' lang='lat' dir='ltr'><strong>cacumen</strong></span> <span class='ocrx_word' id='word_1_480' title='bbox 1127 4698 1181 4759; x_wconf 86' lang='lat' dir='ltr'><strong>in</strong></span> <span class='ocrx_word' id='word_1_481' title='bbox 1204 4684 1309 4754; x_wconf 86' lang='lat' dir='ltr'><strong>duo</strong></span> <span class='ocrx_word' id='word_1_482' title='bbox 1328 4698 1606 4767; x_wconf 83' lang='lat' dir='ltr'><strong>dividitur,</strong></span> <span class='ocrx_word' id='word_1_483' title='bbox 1638 4700 1693 4755; x_wconf 91' lang='lat' dir='ltr'><strong>in</strong></span> <span class='ocrx_word' id='word_1_484' title='bbox 1713 4708 1827 4757; x_wconf 87' lang='lat' dir='ltr'><strong>toto</strong></span> <span class='ocrx_word' id='word_1_485' title='bbox 1843 4706 2068 4772; x_wconf 87' lang='lat' dir='ltr'><strong>corpore</strong></span> 
     </span>
    </p>
   </div>
   <div class='ocr_carea' id='block_1_64' title="bbox 493 4788 2070 4864">
    <p class='ocr_par' dir='ltr' id='par_1_64' title="bbox 493 4788 2070 4864">
     <span class='ocr_line' id='line_1_64' title="bbox 493 4788 2070 4864; baseline 0.001 -16"><span class='ocrx_word' id='word_1_486' title='bbox 493 4790 701 4849; x_wconf 85' lang='lat' dir='ltr'><strong>unitate</strong></span> <span class='ocrx_word' id='word_1_487' title='bbox 729 4798 943 4846; x_wconf 87' lang='lat' dir='ltr'><strong>servata</strong></span> <span class='ocrx_word' id='word_1_488' title='bbox 964 4788 1147 4858; x_wconf 87' lang='lat' dir='ltr'><strong>credo,</strong></span> <span class='ocrx_word' id='word_1_489' title='bbox 1173 4798 1392 4864; x_wconf 88' lang='lat' dir='ltr'><strong>propter</strong></span> <span class='ocrx_word' id='word_1_490' title='bbox 1415 4793 1749 4863; x_wconf 82' lang='lat' dir='ltr'><strong>mysterium,</strong></span> <span class='ocrx_word' id='word_1_491' title='bbox 1773 4796 1835 4848; x_wconf 86' lang='lat' dir='ltr'><strong>ut</strong></span> <span class='ocrx_word' id='word_1_492' title='bbox 1860 4788 1914 4847; x_wconf 88' lang='lat' dir='ltr'><strong>in</strong></span> <span class='ocrx_word' id='word_1_493' title='bbox 1938 4794 2070 4849; x_wconf 88' lang='lat' dir='ltr'><strong>duo-</strong></span> 
     </span>
    </p>
   </div>
   <div class='ocr_carea' id='block_1_65' title="bbox 492 4881 2070 4956">
    <p class='ocr_par' dir='ltr' id='par_1_65' title="bbox 492 4881 2070 4956">
     <span class='ocr_line' id='line_1_65' title="bbox 492 4881 2070 4956; baseline -0.001 -14"><span class='ocrx_word' id='word_1_494' title='bbox 492 4882 598 4942; x_wconf 79' lang='lat' dir='ltr'><strong>bus</strong></span> <span class='ocrx_word' id='word_1_495' title='bbox 618 4883 861 4956; x_wconf 88' lang='lat' dir='ltr'><strong>apicibus</strong></span> <span class='ocrx_word' id='word_1_496' title='bbox 884 4881 1051 4940; x_wconf 84' lang='lat' dir='ltr'><strong>Vetus</strong></span> <span class='ocrx_word' id='word_1_497' title='bbox 1079 4890 1133 4939; x_wconf 87' lang='lat' dir='ltr'><strong>et</strong></span> <span class='ocrx_word' id='word_1_498' title='bbox 1160 4882 1368 4941; x_wconf 86' lang='lat' dir='ltr'><strong>Novum</strong></span> <span class='ocrx_word' id='word_1_499' title='bbox 1395 4883 1799 4941; x_wconf 85' lang='lat' dir='ltr'><strong>Testamentum</strong></span> <span class='ocrx_word' id='word_1_500' title='bbox 1834 4882 2070 4955; x_wconf 84' lang='lat' dir='ltr'><strong>signare-</strong></span> 
     </span>
    </p>
   </div>
   <div class='ocr_carea' id='block_1_66' title="bbox 494 4966 2070 5048">
    <p class='ocr_par' dir='ltr' id='par_1_66' title="bbox 494 4966 2070 5048">
     <span class='ocr_line' id='line_1_66' title="bbox 494 4966 2070 5048; baseline -0.001 -16"><span class='ocrx_word' id='word_1_501' title='bbox 494 4985 583 5032; x_wconf 89' lang='lat' dir='ltr'><strong>tur</strong></span> <span class='ocrx_word' id='word_1_502' title='bbox 610 4993 623 5030; x_wconf 87' lang='lat'>:</span> <span class='ocrx_word' id='word_1_503' title='bbox 652 4975 847 5046; x_wconf 87' lang='lat' dir='ltr'><strong>quibus</strong></span> <span class='ocrx_word' id='word_1_504' title='bbox 867 4976 1184 5048; x_wconf 85' lang='lat' dir='ltr'><strong>exprimitur</strong></span> <span class='ocrx_word' id='word_1_505' title='bbox 1198 4966 1347 5032; x_wconf 85' lang='lat' dir='ltr'><strong>verbi</strong></span> <span class='ocrx_word' id='word_1_506' title='bbox 1375 4976 1785 5033; x_wconf 87' lang='lat' dir='ltr'><strong>Sacramentum</strong></span> <span class='ocrx_word' id='word_1_507' title='bbox 1811 4975 2070 5046; x_wconf 85' lang='lat' dir='ltr'><strong>sanguine</strong></span> 
     </span>
    </p>
   </div>
   <div class='ocr_carea' id='block_1_67' title="bbox 492 5060 2063 5140">
    <p class='ocr_par' dir='ltr' id='par_1_67' title="bbox 492 5060 2063 5140">
     <span class='ocr_line' id='line_1_67' title="bbox 492 5060 2063 5140; baseline 0 -19"><span class='ocrx_word' id='word_1_508' title='bbox 492 5067 761 5140; x_wconf 79' lang='lat' dir='ltr'><strong>passionis</strong></span> <span class='ocrx_word' id='word_1_509' title='bbox 800 5065 1047 5123; x_wconf 67' lang='lat' dir='ltr'><strong>effusum.</strong></span> <span class='ocrx_word' id='word_1_510' title='bbox 1083 5066 1268 5124; x_wconf 86' lang='lat' dir='ltr'><strong>Dictus</strong></span> <span class='ocrx_word' id='word_1_511' title='bbox 1310 5075 1488 5125; x_wconf 86' lang='lat' dir='ltr'><strong>autem</strong></span> <span class='ocrx_word' id='word_1_512' title='bbox 1530 5069 1795 5134; x_wconf 87' lang='lat' dir='ltr'><strong>calamus,</strong></span> <span class='ocrx_word' id='word_1_513' title='bbox 1836 5066 1980 5139; x_wconf 89' lang='lat' dir='ltr'><strong>quod</strong></span> <span class='ocrx_word' id='word_1_514' title='bbox 1996 5060 2063 5121; x_wconf 81' lang='grc' dir='ltr'><strong>Ἰἰ-</strong></span> 
     </span>
    </p>
   </div>
   <div class='ocr_carea' id='block_1_68' title="bbox 494 5154 2072 5237">
    <p class='ocr_par' dir='ltr' id='par_1_68' title="bbox 494 5154 2072 5237">
     <span class='ocr_line' id='line_1_68' title="bbox 494 5154 2072 5237; baseline 0.001 -25"><span class='ocrx_word' id='word_1_515' title='bbox 494 5174 720 5237; x_wconf 82' lang='lat' dir='ltr'><strong>quorem</strong></span> <span class='ocrx_word' id='word_1_516' title='bbox 747 5166 930 5228; x_wconf 89' lang='lat' dir='ltr'><strong>ponat.</strong></span> <span class='ocrx_word' id='word_1_517' title='bbox 968 5154 1123 5214; x_wconf 89' lang='lat' dir='ltr'><strong>Unde</strong></span> <span class='ocrx_word' id='word_1_518' title='bbox 1152 5166 1206 5213; x_wconf 90' lang='lat' dir='ltr'><strong>et</strong></span> <span class='ocrx_word' id='word_1_519' title='bbox 1238 5158 1379 5230; x_wconf 90' lang='lat' dir='ltr'><strong>apud</strong></span> <span class='ocrx_word' id='word_1_520' title='bbox 1409 5167 1602 5215; x_wconf 89' lang='lat' dir='ltr'><strong>nautas</strong></span> <span class='ocrx_word' id='word_1_521' title='bbox 1641 5157 1835 5224; x_wconf 83' lang='lat' dir='ltr'><strong>calare,</strong></span> <span class='ocrx_word' id='word_1_522' title='bbox 1870 5170 2072 5228; x_wconf 85' lang='lat' dir='ltr'><strong>ponere</strong></span> 
     </span>
    </p>
   </div>
   <div class='ocr_carea' id='block_1_69' title="bbox 492 5248 2071 5323">
    <p class='ocr_par' dir='ltr' id='par_1_69' title="bbox 492 5248 2071 5323">
     <span class='ocr_line' id='line_1_69' title="bbox 492 5248 2071 5323; baseline 0 -17"><span class='ocrx_word' id='word_1_523' title='bbox 492 5251 713 5307; x_wconf 82' lang='lat' dir='ltr'><strong>dicitur.</strong></span> <span class='ocrx_word' id='word_1_524' title='bbox 743 5249 927 5307; x_wconf 89' lang='lat' dir='ltr'><strong>Penna</strong></span> <span class='ocrx_word' id='word_1_525' title='bbox 952 5258 1128 5307; x_wconf 87' lang='lat' dir='ltr'><strong>autem</strong></span> <span class='ocrx_word' id='word_1_526' title='bbox 1167 5268 1200 5308; x_wconf 89' lang='lat' dir='ltr'><strong>a</strong></span> <span class='ocrx_word' id='word_1_527' title='bbox 1227 5250 1506 5323; x_wconf 88' lang='lat' dir='ltr'><strong>pendendo</strong></span> <span class='ocrx_word' id='word_1_528' title='bbox 1538 5259 1759 5318; x_wconf 88' lang='lat' dir='ltr'><strong>vocata,</strong></span> <span class='ocrx_word' id='word_1_529' title='bbox 1792 5248 1845 5305; x_wconf 90' lang='lat' dir='ltr'><strong>id</strong></span> <span class='ocrx_word' id='word_1_530' title='bbox 1873 5258 1957 5305; x_wconf 91' lang='lat' dir='ltr'><strong>est</strong></span> <span class='ocrx_word' id='word_1_531' title='bbox 1977 5266 2071 5306; x_wconf 91' lang='lat' dir='ltr'><strong>vo-</strong></span> 
     </span>
    </p>
   </div>
   <div class='ocr_carea' id='block_1_70' title="bbox 493 5342 2071 5419">
    <p class='ocr_par' dir='ltr' id='par_1_70' title="bbox 493 5342 2071 5419">
     <span class='ocr_line' id='line_1_70' title="bbox 493 5342 2071 5419; baseline -0.001 -19"><span class='ocrx_word' id='word_1_532' title='bbox 493 5342 674 5400; x_wconf 88' lang='lat' dir='ltr'><strong>lando.</strong></span> <span class='ocrx_word' id='word_1_533' title='bbox 716 5343 814 5400; x_wconf 86' lang='lat' dir='ltr'><strong>Est</strong></span> <span class='ocrx_word' id='word_1_534' title='bbox 835 5344 985 5401; x_wconf 84' lang='lat' dir='ltr'><strong>enim</strong></span> <span class='ocrx_word' id='word_1_535' title='bbox 1026 5344 1109 5419; x_wconf 88' lang='lat' dir='ltr'><strong>(ut</strong></span> <span class='ocrx_word' id='word_1_536' title='bbox 1142 5343 1396 5417; x_wconf 85' lang='lat' dir='ltr'><strong>diximus)</strong></span> <span class='ocrx_word' id='word_1_537' title='bbox 1445 5344 1645 5398; x_wconf 90' lang='lat' dir='ltr'><strong>avium.</strong></span> <span class='ocrx_word' id='word_1_538' title='bbox 1694 5342 1845 5398; x_wconf 88' lang='lat' dir='ltr'><strong>Folia</strong></span> <span class='ocrx_word' id='word_1_539' title='bbox 1888 5352 2071 5399; x_wconf 90' lang='lat' dir='ltr'><strong>autem</strong></span> 
     </span>
    </p>
   </div>
   <div class='ocr_carea' id='block_1_71' title="bbox 491 5424 2068 5506">
    <p class='ocr_par' dir='ltr' id='par_1_71' title="bbox 491 5424 2068 5506">
     <span class='ocr_line' id='line_1_71' title="bbox 491 5424 2068 5506; baseline -0.001 -17"><span class='ocrx_word' id='word_1_540' title='bbox 491 5431 755 5489; x_wconf 88' lang='lat' dir='ltr'><strong>librorum</strong></span> <span class='ocrx_word' id='word_1_541' title='bbox 783 5434 1069 5506; x_wconf 89' lang='lat' dir='ltr'><strong>appellata,</strong></span> <span class='ocrx_word' id='word_1_542' title='bbox 1099 5435 1211 5490; x_wconf 89' lang='lat' dir='ltr'><strong>sive</strong></span> <span class='ocrx_word' id='word_1_543' title='bbox 1230 5449 1296 5488; x_wconf 83' lang='lat' dir='ltr'><strong>ex</strong></span> <span class='ocrx_word' id='word_1_544' title='bbox 1320 5430 1667 5487; x_wconf 87' lang='lat' dir='ltr'><strong>similitudine</strong></span> <span class='ocrx_word' id='word_1_545' title='bbox 1698 5424 1946 5487; x_wconf 80' lang='lat' dir='ltr'><strong>foliorum</strong></span> <span class='ocrx_word' id='word_1_546' title='bbox 1977 5450 2068 5488; x_wconf 90' lang='lat' dir='ltr'><strong>ar-</strong></span> 
     </span>
    </p>
   </div>
   <div class='ocr_carea' id='block_1_72' title="bbox 495 5518 2067 5596">
    <p class='ocr_par' dir='ltr' id='par_1_72' title="bbox 495 5518 2067 5596">
     <span class='ocr_line' id='line_1_72' title="bbox 495 5518 2067 5596; baseline -0.002 -16"><span class='ocrx_word' id='word_1_547' title='bbox 495 5522 709 5596; x_wconf 87' lang='lat' dir='ltr'><strong>borum,</strong></span> <span class='ocrx_word' id='word_1_548' title='bbox 740 5540 836 5581; x_wconf 89' lang='lat' dir='ltr'><strong>seu</strong></span> <span class='ocrx_word' id='word_1_549' title='bbox 864 5525 991 5596; x_wconf 88' lang='lat' dir='ltr'><strong>quia</strong></span> <span class='ocrx_word' id='word_1_550' title='bbox 1013 5540 1081 5580; x_wconf 80' lang='lat' dir='ltr'><strong>ex</strong></span> <span class='ocrx_word' id='word_1_551' title='bbox 1108 5522 1321 5579; x_wconf 79' lang='lat' dir='ltr'><strong>follibus</strong></span> <span class='ocrx_word' id='word_1_552' title='bbox 1352 5519 1503 5587; x_wconf 85' lang='lat' dir='ltr'><strong>ﬁunt,</strong></span> <span class='ocrx_word' id='word_1_553' title='bbox 1539 5518 1590 5575; x_wconf 89' lang='lat' dir='ltr'><strong>id</strong></span> <span class='ocrx_word' id='word_1_554' title='bbox 1612 5531 1694 5576; x_wconf 91' lang='lat' dir='ltr'><strong>est</strong></span> <span class='ocrx_word' id='word_1_555' title='bbox 1721 5535 1788 5576; x_wconf 81' lang='lat' dir='ltr'><strong>ex</strong></span> <span class='ocrx_word' id='word_1_556' title='bbox 1815 5520 2067 5592; x_wconf 85' lang='lat' dir='ltr'><strong>pellibus,</strong></span> 
     </span>
    </p>
   </div>
   <div class='ocr_carea' id='block_1_73' title="bbox 466 5594 2071 5686">
    <p class='ocr_par' dir='ltr' id='par_1_73' title="bbox 466 5594 2071 5686">
     <span class='ocr_line' id='line_1_73' title="bbox 466 5594 2071 5686; baseline 0 -18"><span class='ocrx_word' id='word_1_557' title='bbox 466 5594 682 5683; x_wconf 37' lang='lat' dir='ltr'><strong>&#39;qui&#39;de</strong></span> <span class='ocrx_word' id='word_1_558' title='bbox 704 5594 899 5672; x_wconf 66' lang='lat' dir='ltr'><strong>occisis</strong></span> <span class='ocrx_word' id='word_1_559' title='bbox 913 5612 1205 5686; x_wconf 81' lang='lat' dir='ltr'><strong>pecudibus</strong></span> <span class='ocrx_word' id='word_1_560' title='bbox 1217 5610 1427 5666; x_wconf 89' lang='lat' dir='ltr'><strong>detrahi</strong></span> <span class='ocrx_word' id='word_1_561' title='bbox 1452 5609 1624 5665; x_wconf 85' lang='lat' dir='ltr'><strong>solent</strong></span> <span class='ocrx_word' id='word_1_562' title='bbox 1656 5630 1668 5663; x_wconf 90' lang='lat'>:</span> <span class='ocrx_word' id='word_1_563' title='bbox 1709 5609 1860 5680; x_wconf 85' lang='lat' dir='ltr'><strong>cujus</strong></span> <span class='ocrx_word' id='word_1_564' title='bbox 1887 5621 2071 5682; x_wconf 84' lang='lat' dir='ltr'><strong>partes</strong></span> 
     </span>
    </p>
   </div>
   <div class='ocr_carea' id='block_1_74' title="bbox 492 5704 2069 5782">
    <p class='ocr_par' dir='ltr' id='par_1_74' title="bbox 492 5704 2069 5782">
     <span class='ocr_line' id='line_1_74' title="bbox 492 5704 2069 5782; baseline -0.004 -14"><span class='ocrx_word' id='word_1_565' title='bbox 492 5709 704 5782; x_wconf 64' lang='lat' dir='ltr'><strong>pagina:</strong></span> <span class='ocrx_word' id='word_1_566' title='bbox 729 5712 985 5769; x_wconf 85' lang='lat' dir='ltr'><strong>dicuntur</strong></span> <span class='ocrx_word' id='word_1_567' title='bbox 1001 5748 1019 5775; x_wconf 88' lang='lat'><strong>,</strong></span> <span class='ocrx_word' id='word_1_568' title='bbox 1042 5720 1109 5764; x_wconf 87' lang='lat' dir='ltr'><strong>eo</strong></span> <span class='ocrx_word' id='word_1_569' title='bbox 1132 5705 1274 5776; x_wconf 91' lang='lat' dir='ltr'><strong>quod</strong></span> <span class='ocrx_word' id='word_1_570' title='bbox 1303 5704 1406 5761; x_wconf 90' lang='lat' dir='ltr'><strong>sibi</strong></span> <span class='ocrx_word' id='word_1_571' title='bbox 1430 5706 1656 5762; x_wconf 81' lang='lat' dir='ltr'><strong>invicem</strong></span> <span class='ocrx_word' id='word_1_572' title='bbox 1686 5707 2069 5779; x_wconf 85' lang='lat' dir='ltr'><strong>compaginan-</strong></span> 
     </span>
    </p>
   </div>
   <div class='ocr_carea' id='block_1_75' title="bbox 492 5795 2068 5873">
    <p class='ocr_par' dir='ltr' id='par_1_75' title="bbox 492 5795 2068 5873">
     <span class='ocr_line' id='line_1_75' title="bbox 492 5795 2068 5873; baseline -0.001 -14"><span class='ocrx_word' id='word_1_573' title='bbox 492 5805 610 5867; x_wconf 62' lang='grc' dir='ltr'><strong>ιω.</strong></span> <span class='ocrx_word' id='word_1_574' title='bbox 640 5799 842 5864; x_wconf 84' lang='lat' dir='ltr'><strong>Versus</strong></span> <span class='ocrx_word' id='word_1_575' title='bbox 879 5806 1061 5858; x_wconf 83' lang='lat' dir='ltr'><strong>autem</strong></span> <span class='ocrx_word' id='word_1_576' title='bbox 1096 5795 1223 5856; x_wconf 87' lang='lat' dir='ltr'><strong>inde</strong></span> <span class='ocrx_word' id='word_1_577' title='bbox 1255 5795 1417 5873; x_wconf 79' lang='lat' dir='ltr'><strong>vulgo</strong></span> <span class='ocrx_word' id='word_1_578' title='bbox 1446 5797 1644 5870; x_wconf 85' lang='lat' dir='ltr'><strong>vocati,</strong></span> <span class='ocrx_word' id='word_1_579' title='bbox 1680 5796 1806 5873; x_wconf 85' lang='lat' dir='ltr'><strong>quia</strong></span> <span class='ocrx_word' id='word_1_580' title='bbox 1831 5798 1910 5858; x_wconf 86' lang='lat' dir='ltr'><strong>sic</strong></span> <span class='ocrx_word' id='word_1_581' title='bbox 1933 5799 2068 5857; x_wconf 86' lang='lat' dir='ltr'><strong>scri-</strong></span> 
     </span>
    </p>
   </div>
   <div class='ocr_carea' id='block_1_76' title="bbox 2180 1944 3756 2029">
    <p class='ocr_par' dir='ltr' id='par_1_76' title="bbox 2180 1944 3756 2029">
     <span class='ocr_line' id='line_1_76' title="bbox 2180 1944 3756 2029; baseline 0.012 -29"><span class='ocrx_word' id='word_1_582' title='bbox 2180 1944 2480 2016; x_wconf 83' lang='lat' dir='ltr'><strong>Matthaeus,</strong></span> <span class='ocrx_word' id='word_1_583' title='bbox 2521 1948 2756 2018; x_wconf 75' lang='lat' dir='ltr'><strong>Marcus,</strong></span> <span class='ocrx_word' id='word_1_584' title='bbox 2799 1952 2993 2010; x_wconf 90' lang='lat' dir='ltr'><strong>Lucas.</strong></span> <span class='ocrx_word' id='word_1_585' title='bbox 3032 1954 3269 2023; x_wconf 90' lang='lat' dir='ltr'><strong>Tertius,</strong></span> <span class='ocrx_word' id='word_1_586' title='bbox 3300 1954 3355 2012; x_wconf 91' lang='lat' dir='ltr'><strong>in</strong></span> <span class='ocrx_word' id='word_1_587' title='bbox 3380 1958 3574 2029; x_wconf 84' lang='lat' dir='ltr'><strong>quibus</strong></span> <span class='ocrx_word' id='word_1_588' title='bbox 3597 1968 3710 2018; x_wconf 86' lang='lat' dir='ltr'><strong>tres</strong></span> <span class='ocrx_word' id='word_1_589' title='bbox 3741 1951 3756 2018; x_wconf 69' lang='grc' dir='ltr'><em>ἐ</em></span> 
     </span>
    </p>
   </div>
   <div class='ocr_carea' id='block_1_77' title="bbox 2180 2034 3757 2123">
    <p class='ocr_par' dir='ltr' id='par_1_77' title="bbox 2180 2034 3757 2123">
     <span class='ocr_line' id='line_1_77' title="bbox 2180 2034 3757 2123; baseline 0.01 -28"><span class='ocrx_word' id='word_1_590' title='bbox 2180 2034 2481 2107; x_wconf 72' lang='lat' dir='ltr'><strong>Matthmus,</strong></span> <span class='ocrx_word' id='word_1_591' title='bbox 2509 2041 2704 2110; x_wconf 87' lang='lat' dir='ltr'><strong>Lucas,</strong></span> <span class='ocrx_word' id='word_1_592' title='bbox 2730 2042 2987 2102; x_wconf 83' lang='lat' dir='ltr'><strong>Joannes.</strong></span> <span class='ocrx_word' id='word_1_593' title='bbox 3015 2046 3355 2118; x_wconf 56' lang='lat' dir='ltr'><strong>Quartus,&#39;in</strong></span> <span class='ocrx_word' id='word_1_594' title='bbox 3388 2050 3582 2123; x_wconf 86' lang='lat' dir='ltr'><strong>quibus</strong></span> <span class='ocrx_word' id='word_1_595' title='bbox 3610 2060 3757 2110; x_wconf 88' lang='lat' dir='ltr'><strong>tres:</strong></span> 
     </span>
    </p>
   </div>
   <div class='ocr_carea' id='block_1_78' title="bbox 2179 2126 3761 2213">
    <p class='ocr_par' dir='ltr' id='par_1_78' title="bbox 2179 2126 3761 2213">
     <span class='ocr_line' id='line_1_78' title="bbox 2179 2126 3761 2213; baseline 0.013 -31"><span class='ocrx_word' id='word_1_596' title='bbox 2179 2126 2477 2199; x_wconf 84' lang='lat' dir='ltr'><strong>Matthaeus,</strong></span> <span class='ocrx_word' id='word_1_597' title='bbox 2506 2130 2737 2198; x_wconf 83' lang='lat' dir='ltr'><strong>Marcus,</strong></span> <span class='ocrx_word' id='word_1_598' title='bbox 2768 2132 3021 2193; x_wconf 83' lang='lat' dir='ltr'><strong>Joannes.</strong></span> <span class='ocrx_word' id='word_1_599' title='bbox 3050 2138 3280 2206; x_wconf 84' lang='lat' dir='ltr'><strong>Quintus</strong></span> <span class='ocrx_word' id='word_1_600' title='bbox 3310 2142 3362 2196; x_wconf 91' lang='lat' dir='ltr'><strong>in</strong></span> <span class='ocrx_word' id='word_1_601' title='bbox 3386 2139 3581 2213; x_wconf 87' lang='lat' dir='ltr'><strong>quibus</strong></span> <span class='ocrx_word' id='word_1_602' title='bbox 3607 2145 3715 2201; x_wconf 88' lang='lat' dir='ltr'><strong>duo</strong></span> <span class='ocrx_word' id='word_1_603' title='bbox 3739 2129 3761 2201; x_wconf 71' lang='grc' dir='ltr'><em>ἑ</em></span> 
     </span>
    </p>
   </div>
   <div class='ocr_carea' id='block_1_79' title="bbox 2177 2224 3758 2319">
    <p class='ocr_par' dir='ltr' id='par_1_79' title="bbox 2177 2224 3758 2319">
     <span class='ocr_line' id='line_1_79' title="bbox 2177 2224 3758 2319; baseline 0.01 -39"><span class='ocrx_word' id='word_1_604' title='bbox 2177 2224 2479 2319; x_wconf 58' lang='lat' dir='ltr'><strong>blattbaeus,</strong></span> <span class='ocrx_word' id='word_1_605' title='bbox 2515 2227 2711 2286; x_wconf 91' lang='lat' dir='ltr'><strong>Lucas.</strong></span> <span class='ocrx_word' id='word_1_606' title='bbox 2750 2227 2949 2287; x_wconf 81' lang='lat' dir='ltr'><strong>Sextus</strong></span> <span class='ocrx_word' id='word_1_607' title='bbox 2965 2232 3022 2287; x_wconf 89' lang='lat' dir='ltr'><strong>in</strong></span> <span class='ocrx_word' id='word_1_608' title='bbox 3043 2234 3237 2304; x_wconf 85' lang='lat' dir='ltr'><strong>quibus</strong></span> <span class='ocrx_word' id='word_1_609' title='bbox 3262 2236 3364 2291; x_wconf 92' lang='lat' dir='ltr'><strong>duo</strong></span> <span class='ocrx_word' id='word_1_610' title='bbox 3395 2256 3408 2292; x_wconf 88' lang='lat'>:</span> <span class='ocrx_word' id='word_1_611' title='bbox 3449 2237 3758 2319; x_wconf 72' lang='lat' dir='ltr'><strong>Matthmus,</strong></span> 
     </span>
    </p>
   </div>
   <div class='ocr_carea' id='block_1_80' title="bbox 2175 2313 3759 2397">
    <p class='ocr_par' dir='ltr' id='par_1_80' title="bbox 2175 2313 3759 2397">
     <span class='ocr_line' id='line_1_80' title="bbox 2175 2313 3759 2397; baseline 0.009 -22"><span class='ocrx_word' id='word_1_612' title='bbox 2175 2313 2411 2375; x_wconf 87' lang='lat' dir='ltr'><strong>Marcus.</strong></span> <span class='ocrx_word' id='word_1_613' title='bbox 2451 2316 2747 2389; x_wconf 87' lang='lat' dir='ltr'><strong>Septimus,</strong></span> <span class='ocrx_word' id='word_1_614' title='bbox 2777 2321 2832 2377; x_wconf 91' lang='lat' dir='ltr'><strong>in</strong></span> <span class='ocrx_word' id='word_1_615' title='bbox 2862 2323 3058 2395; x_wconf 88' lang='lat' dir='ltr'><strong>quibus</strong></span> <span class='ocrx_word' id='word_1_616' title='bbox 3085 2326 3190 2381; x_wconf 89' lang='lat' dir='ltr'><strong>duo</strong></span> <span class='ocrx_word' id='word_1_617' title='bbox 3224 2345 3236 2380; x_wconf 91' lang='lat'><strong>:</strong></span> <span class='ocrx_word' id='word_1_618' title='bbox 3267 2324 3568 2397; x_wconf 70' lang='lat' dir='ltr'><strong>Mattlneus,</strong></span> <span class='ocrx_word' id='word_1_619' title='bbox 3597 2313 3759 2388; x_wconf 45' lang='lat' dir='ltr'><strong>JoanQ</strong></span> 
     </span>
    </p>
   </div>
   <div class='ocr_carea' id='block_1_81' title="bbox 2176 2406 3755 2496">
    <p class='ocr_par' dir='ltr' id='par_1_81' title="bbox 2176 2406 3755 2496">
     <span class='ocr_line' id='line_1_81' title="bbox 2176 2406 3755 2496; baseline 0.009 -32"><span class='ocrx_word' id='word_1_620' title='bbox 2176 2423 2293 2465; x_wconf 85' lang='lat' dir='ltr'><strong>nes.</strong></span> <span class='ocrx_word' id='word_1_621' title='bbox 2325 2409 2583 2478; x_wconf 84' lang='lat' dir='ltr'><strong>Octavus,</strong></span> <span class='ocrx_word' id='word_1_622' title='bbox 2604 2411 2660 2467; x_wconf 91' lang='lat' dir='ltr'><strong>in</strong></span> <span class='ocrx_word' id='word_1_623' title='bbox 2680 2412 2877 2483; x_wconf 84' lang='lat' dir='ltr'><strong>quibus</strong></span> <span class='ocrx_word' id='word_1_624' title='bbox 2898 2412 3004 2470; x_wconf 85' lang='lat' dir='ltr'><strong>duo</strong></span> <span class='ocrx_word' id='word_1_625' title='bbox 3031 2434 3044 2470; x_wconf 92' lang='lat'><strong><em>:</em></strong></span> <span class='ocrx_word' id='word_1_626' title='bbox 3073 2415 3264 2485; x_wconf 86' lang='lat' dir='ltr'><strong>Lucas,</strong></span> <span class='ocrx_word' id='word_1_627' title='bbox 3293 2414 3521 2476; x_wconf 78' lang='lat' dir='ltr'><strong>Marcus.</strong></span> <span class='ocrx_word' id='word_1_628' title='bbox 3544 2406 3755 2496; x_wconf 75' lang='lat' dir='ltr'><strong>Nonus,</strong></span> 
     </span>
    </p>
   </div>
   <div class='ocr_carea' id='block_1_82' title="bbox 2178 2500 3761 2589">
    <p class='ocr_par' dir='ltr' id='par_1_82' title="bbox 2178 2500 3761 2589">
     <span class='ocr_line' id='line_1_82' title="bbox 2178 2500 3761 2589; baseline 0.01 -33"><span class='ocrx_word' id='word_1_629' title='bbox 2178 2501 2232 2556; x_wconf 92' lang='lat' dir='ltr'><strong>in</strong></span> <span class='ocrx_word' id='word_1_630' title='bbox 2258 2501 2454 2573; x_wconf 84' lang='lat' dir='ltr'><strong>quibus</strong></span> <span class='ocrx_word' id='word_1_631' title='bbox 2481 2504 2587 2560; x_wconf 92' lang='lat' dir='ltr'><strong>duo</strong></span> <span class='ocrx_word' id='word_1_632' title='bbox 2620 2522 2634 2559; x_wconf 89' lang='lat'><strong>:</strong></span> <span class='ocrx_word' id='word_1_633' title='bbox 2661 2504 2863 2573; x_wconf 88' lang='lat' dir='ltr'><strong>Lucas,</strong></span> <span class='ocrx_word' id='word_1_634' title='bbox 2888 2506 3143 2589; x_wconf 70' lang='lat' dir='ltr'><strong>Joannes.</strong></span> <span class='ocrx_word' id='word_1_635' title='bbox 3182 2508 3465 2580; x_wconf 81' lang='lat' dir='ltr'><strong>Decimus,</strong></span> <span class='ocrx_word' id='word_1_636' title='bbox 3490 2512 3543 2570; x_wconf 88' lang='lat' dir='ltr'><strong>in</strong></span> <span class='ocrx_word' id='word_1_637' title='bbox 3562 2500 3761 2587; x_wconf 67' lang='lat' dir='ltr'><strong>quibus</strong></span> 
     </span>
    </p>
   </div>
   <div class='ocr_carea' id='block_1_83' title="bbox 2176 2593 3757 2674">
    <p class='ocr_par' dir='ltr' id='par_1_83' title="bbox 2176 2593 3757 2674">
     <span class='ocr_line' id='line_1_83' title="bbox 2176 2593 3757 2674; baseline 0.008 -25"><span class='ocrx_word' id='word_1_638' title='bbox 2176 2593 2369 2665; x_wconf 82' lang='lat' dir='ltr'><strong>singuli</strong></span> <span class='ocrx_word' id='word_1_639' title='bbox 2407 2612 2595 2653; x_wconf 91' lang='lat' dir='ltr'><strong>eorum</strong></span> <span class='ocrx_word' id='word_1_640' title='bbox 2634 2599 2878 2668; x_wconf 74' lang='lat' dir='ltr'><strong>quaedam</strong></span> <span class='ocrx_word' id='word_1_641' title='bbox 2926 2596 3143 2671; x_wconf 82' lang='lat' dir='ltr'><strong>propria</strong></span> <span class='ocrx_word' id='word_1_642' title='bbox 3193 2600 3461 2659; x_wconf 79' lang='lat' dir='ltr'><strong>dixerunt.</strong></span> <span class='ocrx_word' id='word_1_643' title='bbox 3518 2594 3757 2674; x_wconf 83' lang='lat' dir='ltr'><strong>Quorum</strong></span> 
     </span>
    </p>
   </div>
   <div class='ocr_carea' id='block_1_84' title="bbox 2177 2684 3757 2768">
    <p class='ocr_par' dir='ltr' id='par_1_84' title="bbox 2177 2684 3757 2768">
     <span class='ocr_line' id='line_1_84' title="bbox 2177 2684 3757 2768; baseline 0.008 -27"><span class='ocrx_word' id='word_1_644' title='bbox 2177 2686 2445 2755; x_wconf 82' lang='lat' dir='ltr'><strong>expositio</strong></span> <span class='ocrx_word' id='word_1_645' title='bbox 2471 2684 2587 2744; x_wconf 83' lang='lat' dir='ltr'><strong>haec</strong></span> <span class='ocrx_word' id='word_1_646' title='bbox 2633 2698 2736 2745; x_wconf 70' lang='lat' dir='ltr'><strong>eet.</strong></span> <span class='ocrx_word' id='word_1_647' title='bbox 2783 2688 2891 2745; x_wconf 86' lang='lat' dir='ltr'><strong>Per</strong></span> <span class='ocrx_word' id='word_1_648' title='bbox 2937 2691 3178 2763; x_wconf 86' lang='lat' dir='ltr'><strong>singulos</strong></span> <span class='ocrx_word' id='word_1_649' title='bbox 3213 2692 3358 2749; x_wconf 91' lang='lat' dir='ltr'><strong>enim</strong></span> <span class='ocrx_word' id='word_1_650' title='bbox 3388 2684 3757 2768; x_wconf 85' lang='lat' dir='ltr'><strong>Evangelistas</strong></span> 
     </span>
    </p>
   </div>
   <div class='ocr_carea' id='block_1_85' title="bbox 2175 2768 3757 2857">
    <p class='ocr_par' dir='ltr' id='par_1_85' title="bbox 2175 2768 3757 2857">
     <span class='ocr_line' id='line_1_85' title="bbox 2175 2768 3757 2857; baseline 0.008 -25"><span class='ocrx_word' id='word_1_651' title='bbox 2175 2792 2433 2836; x_wconf 88' lang='lat' dir='ltr'><strong>numerus</strong></span> <span class='ocrx_word' id='word_1_652' title='bbox 2484 2781 2702 2851; x_wconf 90' lang='lat' dir='ltr'><strong>quidam</strong></span> <span class='ocrx_word' id='word_1_653' title='bbox 2749 2776 3000 2853; x_wconf 86' lang='lat' dir='ltr'><strong>capitulis</strong></span> <span class='ocrx_word' id='word_1_654' title='bbox 3040 2782 3229 2840; x_wconf 80' lang='lat' dir='ltr'><strong>allixus</strong></span> <span class='ocrx_word' id='word_1_655' title='bbox 3270 2783 3477 2855; x_wconf 80' lang='lat' dir='ltr'><strong>adjacet</strong></span> <span class='ocrx_word' id='word_1_656' title='bbox 3518 2768 3757 2857; x_wconf 68' lang='lat' dir='ltr'><strong>:quibus</strong></span> 
     </span>
    </p>
   </div>
   <div class='ocr_carea' id='block_1_86' title="bbox 2175 2863 3752 2946">
    <p class='ocr_par' dir='ltr' id='par_1_86' title="bbox 2175 2863 3752 2946">
     <span class='ocr_line' id='line_1_86' title="bbox 2175 2863 3752 2946; baseline 0.005 -20"><span class='ocrx_word' id='word_1_657' title='bbox 2175 2871 2419 2927; x_wconf 87' lang='lat' dir='ltr'><strong>numeris</strong></span> <span class='ocrx_word' id='word_1_658' title='bbox 2463 2873 2706 2943; x_wconf 86' lang='lat' dir='ltr'><strong>subjecta</strong></span> <span class='ocrx_word' id='word_1_659' title='bbox 2747 2881 2831 2930; x_wconf 90' lang='lat' dir='ltr'><strong>est</strong></span> <span class='ocrx_word' id='word_1_660' title='bbox 2873 2888 3001 2932; x_wconf 87' lang='lat' dir='ltr'><strong>area</strong></span> <span class='ocrx_word' id='word_1_661' title='bbox 3041 2876 3286 2946; x_wconf 68' lang='lat' dir='ltr'><strong>quaedam</strong></span> <span class='ocrx_word' id='word_1_662' title='bbox 3330 2878 3495 2933; x_wconf 91' lang='lat' dir='ltr'><strong>minio</strong></span> <span class='ocrx_word' id='word_1_663' title='bbox 3547 2863 3752 2946; x_wconf 80' lang='lat' dir='ltr'><strong>netata’,</strong></span> 
     </span>
    </p>
   </div>
   <div class='ocr_carea' id='block_1_87' title="bbox 2174 2962 3747 3037">
    <p class='ocr_par' dir='ltr' id='par_1_87' title="bbox 2174 2962 3747 3037">
     <span class='ocr_line' id='line_1_87' title="bbox 2174 2962 3747 3037; baseline 0.006 -22"><span class='ocrx_word' id='word_1_664' title='bbox 2174 2976 2295 3031; x_wconf 74' lang='lat' dir='ltr'><strong>qua:</strong></span> <span class='ocrx_word' id='word_1_665' title='bbox 2333 2962 2557 3028; x_wconf 90' lang='lat' dir='ltr'><strong>indicat,</strong></span> <span class='ocrx_word' id='word_1_666' title='bbox 2586 2963 2641 3018; x_wconf 91' lang='lat' dir='ltr'><strong>in</strong></span> <span class='ocrx_word' id='word_1_667' title='bbox 2666 2970 2832 3033; x_wconf 86' lang='lat' dir='ltr'><strong>quoto</strong></span> <span class='ocrx_word' id='word_1_668' title='bbox 2874 2976 3080 3020; x_wconf 87' lang='lat' dir='ltr'><strong>canone</strong></span> <span class='ocrx_word' id='word_1_669' title='bbox 3112 2966 3326 3037; x_wconf 82' lang='lat' dir='ltr'><strong>positus</strong></span> <span class='ocrx_word' id='word_1_670' title='bbox 3359 2968 3431 3023; x_wconf 89' lang='lat' dir='ltr'><strong>sit</strong></span> <span class='ocrx_word' id='word_1_671' title='bbox 3470 2966 3747 3035; x_wconf 65' lang='lat' dir='ltr'><strong>numeres:</strong></span> 
     </span>
    </p>
   </div>
   <div class='ocr_carea' id='block_1_88' title="bbox 2173 3052 3751 3133">
    <p class='ocr_par' dir='ltr' id='par_1_88' title="bbox 2173 3052 3751 3133">
     <span class='ocr_line' id='line_1_88' title="bbox 2173 3052 3751 3133; baseline 0.006 -25"><span class='ocrx_word' id='word_1_672' title='bbox 2173 3054 2260 3109; x_wconf 87' lang='lat' dir='ltr'><strong>cui</strong></span> <span class='ocrx_word' id='word_1_673' title='bbox 2287 3052 2523 3122; x_wconf 88' lang='lat' dir='ltr'><strong>subjecta</strong></span> <span class='ocrx_word' id='word_1_674' title='bbox 2552 3063 2635 3111; x_wconf 90' lang='lat' dir='ltr'><strong>est</strong></span> <span class='ocrx_word' id='word_1_675' title='bbox 2659 3066 2804 3112; x_wconf 87' lang='lat' dir='ltr'><strong>area.</strong></span> <span class='ocrx_word' id='word_1_676' title='bbox 2831 3052 2995 3113; x_wconf 81' lang='lat' dir='ltr'><strong>Verbi</strong></span> <span class='ocrx_word' id='word_1_677' title='bbox 3021 3056 3191 3129; x_wconf 85' lang='lat' dir='ltr'><strong>gratia</strong></span> <span class='ocrx_word' id='word_1_678' title='bbox 3212 3079 3223 3113; x_wconf 94' lang='lat'>:</span> <span class='ocrx_word' id='word_1_679' title='bbox 3242 3060 3287 3116; x_wconf 89' lang='lat' dir='ltr'><strong>si</strong></span> <span class='ocrx_word' id='word_1_680' title='bbox 3308 3067 3390 3116; x_wconf 88' lang='lat' dir='ltr'><strong>est</strong></span> <span class='ocrx_word' id='word_1_681' title='bbox 3408 3075 3533 3117; x_wconf 89' lang='lat' dir='ltr'><strong>area</strong></span> <span class='ocrx_word' id='word_1_682' title='bbox 3554 3060 3751 3133; x_wconf 59' lang='lat' dir='ltr'><strong>prima}</strong></span> 
     </span>
    </p>
   </div>
   <div class='ocr_carea' id='block_1_89' title="bbox 2175 3140 3749 3227">
    <p class='ocr_par' dir='ltr' id='par_1_89' title="bbox 2175 3140 3749 3227">
     <span class='ocr_line' id='line_1_89' title="bbox 2175 3140 3749 3227; baseline 0.006 -28"><span class='ocrx_word' id='word_1_683' title='bbox 2175 3144 2228 3199; x_wconf 89' lang='lat' dir='ltr'><strong>in</strong></span> <span class='ocrx_word' id='word_1_684' title='bbox 2254 3146 2430 3216; x_wconf 91' lang='lat' dir='ltr'><strong>primo</strong></span> <span class='ocrx_word' id='word_1_685' title='bbox 2464 3158 2671 3202; x_wconf 88' lang='lat' dir='ltr'><strong>canone</strong></span> <span class='ocrx_word' id='word_1_686' title='bbox 2701 3164 2715 3201; x_wconf 85' lang='lat'><strong>:</strong></span> <span class='ocrx_word' id='word_1_687' title='bbox 2750 3146 2795 3204; x_wconf 88' lang='lat' dir='ltr'><strong>si</strong></span> <span class='ocrx_word' id='word_1_688' title='bbox 2821 3147 3077 3216; x_wconf 89' lang='lat' dir='ltr'><strong>secunda,</strong></span> <span class='ocrx_word' id='word_1_689' title='bbox 3104 3150 3158 3205; x_wconf 91' lang='lat' dir='ltr'><strong>in</strong></span> <span class='ocrx_word' id='word_1_690' title='bbox 3190 3148 3426 3207; x_wconf 88' lang='lat' dir='ltr'><strong>secundo</strong></span> <span class='ocrx_word' id='word_1_691' title='bbox 3457 3170 3469 3206; x_wconf 94' lang='lat'><strong>:</strong></span> <span class='ocrx_word' id='word_1_692' title='bbox 3501 3151 3547 3207; x_wconf 90' lang='lat' dir='ltr'><strong>si</strong></span> <span class='ocrx_word' id='word_1_693' title='bbox 3571 3140 3749 3227; x_wconf 58' lang='lat' dir='ltr'><strong>tertia;</strong></span> 
     </span>
    </p>
   </div>
   <div class='ocr_carea' id='block_1_90' title="bbox 2176 3228 3757 3317">
    <p class='ocr_par' dir='ltr' id='par_1_90' title="bbox 2176 3228 3757 3317">
     <span class='ocr_line' id='line_1_90' title="bbox 2176 3228 3757 3317; baseline 0.006 -27"><span class='ocrx_word' id='word_1_694' title='bbox 2176 3236 2233 3291; x_wconf 93' lang='lat' dir='ltr'><strong>in</strong></span> <span class='ocrx_word' id='word_1_695' title='bbox 2263 3237 2442 3292; x_wconf 87' lang='lat' dir='ltr'><strong>tertio.</strong></span> <span class='ocrx_word' id='word_1_696' title='bbox 2468 3236 2535 3293; x_wconf 87' lang='lat' dir='ltr'><strong>Et</strong></span> <span class='ocrx_word' id='word_1_697' title='bbox 2562 3240 2641 3294; x_wconf 91' lang='lat' dir='ltr'><strong>sic</strong></span> <span class='ocrx_word' id='word_1_698' title='bbox 2660 3252 2760 3309; x_wconf 90' lang='lat' dir='ltr'><strong>per</strong></span> <span class='ocrx_word' id='word_1_699' title='bbox 2786 3239 3033 3297; x_wconf 88' lang='lat' dir='ltr'><strong>ordinem</strong></span> <span class='ocrx_word' id='word_1_700' title='bbox 3062 3255 3231 3311; x_wconf 90' lang='lat' dir='ltr'><strong>usque</strong></span> <span class='ocrx_word' id='word_1_701' title='bbox 3257 3228 3608 3299; x_wconf 22' lang='lat' dir='ltr'><strong>ad‘deeimum</strong></span> <span class='ocrx_word' id='word_1_702' title='bbox 3632 3240 3757 3317; x_wconf 69' lang='lat' dir='ltr'><strong>peri</strong></span> 
     </span>
    </p>
   </div>
   <div class='ocr_carea' id='block_1_91' title="bbox 2174 3320 3757 3405">
    <p class='ocr_par' dir='ltr' id='par_1_91' title="bbox 2174 3320 3757 3405">
     <span class='ocr_line' id='line_1_91' title="bbox 2174 3320 3757 3405; baseline 0.005 -23"><span class='ocrx_word' id='word_1_703' title='bbox 2174 3326 2384 3384; x_wconf 88' lang='lat' dir='ltr'><strong>venies.</strong></span> <span class='ocrx_word' id='word_1_704' title='bbox 2409 3326 2471 3383; x_wconf 88' lang='lat' dir='ltr'><strong>Si</strong></span> <span class='ocrx_word' id='word_1_705' title='bbox 2503 3327 2671 3399; x_wconf 85' lang='lat' dir='ltr'><strong>igitur</strong></span> <span class='ocrx_word' id='word_1_706' title='bbox 2697 3336 2882 3399; x_wconf 86' lang='lat' dir='ltr'><strong>aperto</strong></span> <span class='ocrx_word' id='word_1_707' title='bbox 2907 3328 3147 3401; x_wconf 88' lang='lat' dir='ltr'><strong>quolibet</strong></span> <span class='ocrx_word' id='word_1_708' title='bbox 3170 3333 3460 3405; x_wconf 82' lang='lat' dir='ltr'><strong>Evangelia</strong></span> <span class='ocrx_word' id='word_1_709' title='bbox 3490 3320 3757 3405; x_wconf 73' lang='lat' dir='ltr'><strong>placuerit</strong></span> 
     </span>
    </p>
   </div>
   <div class='ocr_carea' id='block_1_92' title="bbox 2176 3417 3755 3493">
    <p class='ocr_par' dir='ltr' id='par_1_92' title="bbox 2176 3417 3755 3493">
     <span class='ocr_line' id='line_1_92' title="bbox 2176 3417 3755 3493; baseline 0.004 -20"><span class='ocrx_word' id='word_1_710' title='bbox 2176 3417 2341 3487; x_wconf 87' lang='lat' dir='ltr'><strong>scire,</strong></span> <span class='ocrx_word' id='word_1_711' title='bbox 2368 3417 2459 3489; x_wconf 88' lang='lat' dir='ltr'><strong>qui</strong></span> <span class='ocrx_word' id='word_1_712' title='bbox 2496 3418 2825 3489; x_wconf 88' lang='lat' dir='ltr'><strong>reliquorum</strong></span> <span class='ocrx_word' id='word_1_713' title='bbox 2870 3418 3337 3493; x_wconf 85' lang='lat' dir='ltr'><strong>Evangelistarum</strong></span> <span class='ocrx_word' id='word_1_714' title='bbox 3374 3423 3568 3479; x_wconf 88' lang='lat' dir='ltr'><strong>similia</strong></span> <span class='ocrx_word' id='word_1_715' title='bbox 3604 3420 3755 3480; x_wconf 50' lang='lat' dir='ltr'><strong>dixe;</strong></span> 
     </span>
    </p>
   </div>
   <div class='ocr_carea' id='block_1_93' title="bbox 2177 3504 3793 3586">
    <p class='ocr_par' dir='ltr' id='par_1_93' title="bbox 2177 3504 3793 3586">
     <span class='ocr_line' id='line_1_93' title="bbox 2177 3504 3793 3586; baseline 0.004 -25"><span class='ocrx_word' id='word_1_716' title='bbox 2177 3505 2287 3561; x_wconf 86' lang='lat' dir='ltr'><strong>rint</strong></span> <span class='ocrx_word' id='word_1_717' title='bbox 2311 3521 2324 3559; x_wconf 90' lang='lat'><strong>:</strong></span> <span class='ocrx_word' id='word_1_718' title='bbox 2350 3518 2592 3563; x_wconf 87' lang='lat' dir='ltr'><strong>assumes</strong></span> <span class='ocrx_word' id='word_1_719' title='bbox 2613 3504 2949 3576; x_wconf 79' lang='lat' dir='ltr'><strong>adiacentem</strong></span> <span class='ocrx_word' id='word_1_720' title='bbox 2972 3510 3255 3565; x_wconf 78' lang='lat' dir='ltr'><strong>numerum</strong></span> <span class='ocrx_word' id='word_1_721' title='bbox 3272 3510 3513 3579; x_wconf 87' lang='lat' dir='ltr'><strong>capituli,</strong></span> <span class='ocrx_word' id='word_1_722' title='bbox 3541 3516 3593 3567; x_wconf 88' lang='lat' dir='ltr'><strong>et</strong></span> <span class='ocrx_word' id='word_1_723' title='bbox 3614 3510 3757 3582; x_wconf 46' lang='lat' dir='ltr'><strong>quae:</strong></span> <span class='ocrx_word' id='word_1_724' title='bbox 3784 3573 3793 3586; x_wconf 69' lang='grc' dir='ltr'><strong> </strong></span> 
     </span>
    </p>
   </div>
   <div class='ocr_carea' id='block_1_94' title="bbox 2176 3590 3752 3669">
    <p class='ocr_par' dir='ltr' id='par_1_94' title="bbox 2176 3590 3752 3669">
     <span class='ocr_line' id='line_1_94' title="bbox 2176 3590 3752 3669; baseline 0.004 -20"><span class='ocrx_word' id='word_1_725' title='bbox 2176 3606 2266 3650; x_wconf 84' lang='lat' dir='ltr'><strong>res</strong></span> <span class='ocrx_word' id='word_1_726' title='bbox 2296 3594 2473 3664; x_wconf 86' lang='lat' dir='ltr'><strong>ipsum</strong></span> <span class='ocrx_word' id='word_1_727' title='bbox 2500 3606 2786 3653; x_wconf 86' lang='lat' dir='ltr'><strong>numerum</strong></span> <span class='ocrx_word' id='word_1_728' title='bbox 2827 3599 2883 3653; x_wconf 92' lang='lat' dir='ltr'><strong>in</strong></span> <span class='ocrx_word' id='word_1_729' title='bbox 2913 3600 3010 3655; x_wconf 80' lang='lat' dir='ltr'><strong>suo</strong></span> <span class='ocrx_word' id='word_1_730' title='bbox 3051 3610 3283 3664; x_wconf 82' lang='lat' dir='ltr'><strong>canune,</strong></span> <span class='ocrx_word' id='word_1_731' title='bbox 3323 3612 3481 3669; x_wconf 87' lang='lat' dir='ltr'><strong>quem</strong></span> <span class='ocrx_word' id='word_1_732' title='bbox 3524 3590 3752 3668; x_wconf 50' lang='lat' dir='ltr'><strong>indicat;</strong></span> 
     </span>
    </p>
   </div>
   <div class='ocr_carea' id='block_1_95' title="bbox 2175 3683 3750 3760">
    <p class='ocr_par' dir='ltr' id='par_1_95' title="bbox 2175 3683 3750 3760">
     <span class='ocr_line' id='line_1_95' title="bbox 2175 3683 3750 3760; baseline 0.005 -22"><span class='ocrx_word' id='word_1_733' title='bbox 2175 3683 2360 3755; x_wconf 84' lang='lat' dir='ltr'><strong>ibique</strong></span> <span class='ocrx_word' id='word_1_734' title='bbox 2376 3685 2654 3753; x_wconf 79' lang='lat' dir='ltr'><strong>invenies,</strong></span> <span class='ocrx_word' id='word_1_735' title='bbox 2675 3689 2768 3758; x_wconf 88' lang='lat' dir='ltr'><strong>qui</strong></span> <span class='ocrx_word' id='word_1_736' title='bbox 2793 3696 2848 3744; x_wconf 85' lang='lat' dir='ltr'><strong>et</strong></span> <span class='ocrx_word' id='word_1_737' title='bbox 2875 3689 3001 3760; x_wconf 86' lang='lat' dir='ltr'><strong>quid</strong></span> <span class='ocrx_word' id='word_1_738' title='bbox 3023 3689 3275 3745; x_wconf 80' lang='lat' dir='ltr'><strong>dixerunt</strong></span> <span class='ocrx_word' id='word_1_739' title='bbox 3310 3708 3323 3744; x_wconf 91' lang='lat'>:</span> <span class='ocrx_word' id='word_1_740' title='bbox 3353 3692 3410 3745; x_wconf 83' lang='lat' dir='ltr'><strong>et</strong></span> <span class='ocrx_word' id='word_1_741' title='bbox 3426 3689 3504 3744; x_wconf 80' lang='lat' dir='ltr'><strong>ita</strong></span> <span class='ocrx_word' id='word_1_742' title='bbox 3530 3690 3750 3747; x_wconf 84' lang='lat' dir='ltr'><strong>demum</strong></span> 
     </span>
    </p>
   </div>
   <div class='ocr_carea' id='block_1_96' title="bbox 2175 3774 3755 3853">
    <p class='ocr_par' dir='ltr' id='par_1_96' title="bbox 2175 3774 3755 3853">
     <span class='ocr_line' id='line_1_96' title="bbox 2175 3774 3755 3853; baseline 0.006 -23"><span class='ocrx_word' id='word_1_743' title='bbox 2175 3774 2490 3852; x_wconf 74' lang='lat' dir='ltr'><strong>incorpore</strong></span> <span class='ocrx_word' id='word_1_744' title='bbox 2518 3778 2775 3850; x_wconf 85' lang='lat' dir='ltr'><strong>inquisita</strong></span> <span class='ocrx_word' id='word_1_745' title='bbox 2815 3781 2964 3848; x_wconf 81' lang='lat' dir='ltr'><strong>loca“,</strong></span> <span class='ocrx_word' id='word_1_746' title='bbox 2995 3790 3204 3853; x_wconf 54' lang='lat' dir='ltr'><strong>quaeea</strong></span> <span class='ocrx_word' id='word_1_747' title='bbox 3239 3782 3370 3852; x_wconf 86' lang='lat' dir='ltr'><strong>ipsis</strong></span> <span class='ocrx_word' id='word_1_748' title='bbox 3401 3782 3642 3839; x_wconf 80' lang='lat' dir='ltr'><strong>numeris</strong></span> <span class='ocrx_word' id='word_1_749' title='bbox 3670 3776 3755 3839; x_wconf 67' lang='lat' dir='ltr'><strong>di:-</strong></span> 
     </span>
    </p>
   </div>
   <div class='ocr_carea' id='block_1_97' title="bbox 2175 3866 3747 3944">
    <p class='ocr_par' dir='ltr' id='par_1_97' title="bbox 2175 3866 3747 3944">
     <span class='ocr_line' id='line_1_97' title="bbox 2175 3866 3747 3944; baseline 0.006 -23"><span class='ocrx_word' id='word_1_750' title='bbox 2175 3874 2387 3936; x_wconf 88' lang='lat' dir='ltr'><strong>cantur,</strong></span> <span class='ocrx_word' id='word_1_751' title='bbox 2416 3876 2515 3940; x_wconf 85' lang='lat' dir='ltr'><strong>per</strong></span> <span class='ocrx_word' id='word_1_752' title='bbox 2537 3868 2748 3943; x_wconf 82' lang='lat' dir='ltr'><strong>singula</strong></span> <span class='ocrx_word' id='word_1_753' title='bbox 2772 3866 3065 3944; x_wconf 78' lang='lat' dir='ltr'><strong>Evangelia</strong></span> <span class='ocrx_word' id='word_1_754' title='bbox 3092 3872 3158 3930; x_wconf 87' lang='lat' dir='ltr'><strong>de</strong></span> <span class='ocrx_word' id='word_1_755' title='bbox 3188 3872 3393 3930; x_wconf 86' lang='lat' dir='ltr'><strong>eisdem</strong></span> <span class='ocrx_word' id='word_1_756' title='bbox 3425 3872 3635 3933; x_wconf 76' lang='lat' dir='ltr'><strong>dixisse</strong></span> <span class='ocrx_word' id='word_1_757' title='bbox 3652 3874 3747 3931; x_wconf 59' lang='lat' dir='ltr'><strong>itit-</strong></span> 
     </span>
    </p>
   </div>
   <div class='ocr_carea' id='block_1_98' title="bbox 2172 3958 3735 4020">
    <p class='ocr_par' dir='ltr' id='par_1_98' title="bbox 2172 3958 3735 4020">
     <span class='ocr_line' id='line_1_98' title="bbox 2172 3958 3735 4020; baseline -0.002 -1"><span class='ocrx_word' id='word_1_758' title='bbox 2172 3961 2378 4020; x_wconf 79' lang='lat' dir='ltr'><strong>venies.</strong></span> <span class='ocrx_word' id='word_1_759' title='bbox 2918 3976 2923 3984; x_wconf 59' lang='grc' dir='ltr'>ί</span> <span class='ocrx_word' id='word_1_760' title='bbox 3551 3958 3554 3965; x_wconf 46' lang='grc' dir='ltr'>λ</span> <span class='ocrx_word' id='word_1_761' title='bbox 3604 3976 3609 3983; x_wconf 92' lang='grc'><strong>·</strong></span> 
     </span>
    </p>
   </div>
   <div class='ocr_carea' id='block_1_99' title="bbox 2742 4048 3161 4114">
    <p class='ocr_par' dir='ltr' id='par_1_99' title="bbox 2742 4048 3161 4114">
     <span class='ocr_line' id='line_1_99' title="bbox 2742 4048 3161 4114; baseline 0 -2"><span class='ocrx_word' id='word_1_762' title='bbox 2742 4048 3104 4114; x_wconf 75' lang='lat' dir='ltr'><strong>CAPUTVﬂ;</strong></span> <span class='ocrx_word' id='word_1_763' title='bbox 3158 4066 3161 4071; x_wconf 55' lang='grc' dir='ltr'><strong><em>ί</em></strong></span> 
     </span>
    </p>
   </div>
   <div class='ocr_carea' id='block_1_100' title="bbox 2569 4144 3352 4206">
    <p class='ocr_par' dir='ltr' id='par_1_100' title="bbox 2569 4144 3352 4206">
     <span class='ocr_line' id='line_1_100' title="bbox 2569 4144 3352 4206; baseline 0.008 -6"><span class='ocrx_word' id='word_1_764' title='bbox 2569 4144 2651 4201; x_wconf 81' lang='lat' dir='ltr'><strong>De</strong></span> <span class='ocrx_word' id='word_1_765' title='bbox 2674 4146 2959 4204; x_wconf 73' lang='lat' dir='ltr'><strong>renonibus</strong></span> <span class='ocrx_word' id='word_1_766' title='bbox 2989 4148 3352 4206; x_wconf 78' lang='lat' dir='ltr'><strong>conciliorum.</strong></span> 
     </span>
    </p>
   </div>
   <div class='ocr_carea' id='block_1_101' title="bbox 2242 4228 3745 4316">
    <p class='ocr_par' dir='ltr' id='par_1_101' title="bbox 2242 4228 3745 4316">
     <span class='ocr_line' id='line_1_101' title="bbox 2242 4228 3745 4316; baseline 0.007 -26"><span class='ocrx_word' id='word_1_767' title='bbox 2242 4228 2426 4290; x_wconf 77' lang='lat' dir='ltr'><strong>canon</strong></span> <span class='ocrx_word' id='word_1_768' title='bbox 2463 4243 2644 4292; x_wconf 84' lang='lat' dir='ltr'><strong>autem</strong></span> <span class='ocrx_word' id='word_1_769' title='bbox 2670 4234 2884 4305; x_wconf 72' lang='lat' dir='ltr'><strong>Grarce,</strong></span> <span class='ocrx_word' id='word_1_770' title='bbox 2932 4236 3123 4297; x_wconf 85' lang='lat' dir='ltr'><strong>Latine</strong></span> <span class='ocrx_word' id='word_1_771' title='bbox 3168 4243 3349 4313; x_wconf 77' lang='lat' dir='ltr'><strong>regula</strong></span> <span class='ocrx_word' id='word_1_772' title='bbox 3386 4248 3745 4316; x_wconf 76' lang='lat' dir='ltr'><strong>nuncupatur.</strong></span> 
     </span>
    </p>
   </div>
   <div class='ocr_carea' id='block_1_102' title="bbox 2174 4329 3752 4410">
    <p class='ocr_par' dir='ltr' id='par_1_102' title="bbox 2174 4329 3752 4410">
     <span class='ocr_line' id='line_1_102' title="bbox 2174 4329 3752 4410; baseline 0.007 -25"><span class='ocrx_word' id='word_1_773' title='bbox 2174 4329 2375 4400; x_wconf 83' lang='lat' dir='ltr'><strong>Regula</strong></span> <span class='ocrx_word' id='word_1_774' title='bbox 2401 4340 2581 4387; x_wconf 88' lang='lat' dir='ltr'><strong>autem</strong></span> <span class='ocrx_word' id='word_1_775' title='bbox 2608 4331 2771 4401; x_wconf 84' lang='lat' dir='ltr'><strong>dicta,</strong></span> <span class='ocrx_word' id='word_1_776' title='bbox 2801 4335 2944 4405; x_wconf 84' lang='lat' dir='ltr'><strong>quod</strong></span> <span class='ocrx_word' id='word_1_777' title='bbox 2976 4345 3124 4393; x_wconf 84' lang='lat' dir='ltr'><strong>recte</strong></span> <span class='ocrx_word' id='word_1_778' title='bbox 3144 4336 3313 4403; x_wconf 74' lang='lat' dir='ltr'><strong>ducit,</strong></span> <span class='ocrx_word' id='word_1_779' title='bbox 3338 4352 3438 4394; x_wconf 89' lang='lat' dir='ltr'><strong>nec</strong></span> <span class='ocrx_word' id='word_1_780' title='bbox 3462 4330 3752 4410; x_wconf 70' lang='lat' dir='ltr'><strong>aliquando</strong></span> 
     </span>
    </p>
   </div>
   <div class='ocr_carea' id='block_1_103' title="bbox 2175 4418 3758 4500">
    <p class='ocr_par' dir='ltr' id='par_1_103' title="bbox 2175 4418 3758 4500">
     <span class='ocr_line' id='line_1_103' title="bbox 2175 4418 3758 4500; baseline 0.009 -26"><span class='ocrx_word' id='word_1_781' title='bbox 2175 4420 2429 4478; x_wconf 84' lang='lat' dir='ltr'><strong>aliorsum</strong></span> <span class='ocrx_word' id='word_1_782' title='bbox 2468 4422 2796 4482; x_wconf 81' lang='lat' dir='ltr'><strong>trahit.‘Alii</strong></span> <span class='ocrx_word' id='word_1_783' title='bbox 2819 4426 3090 4494; x_wconf 82' lang='lat' dir='ltr'><strong>dixerunt,</strong></span> <span class='ocrx_word' id='word_1_784' title='bbox 3133 4424 3374 4500; x_wconf 85' lang='lat' dir='ltr'><strong>regulam</strong></span> <span class='ocrx_word' id='word_1_785' title='bbox 3415 4426 3635 4497; x_wconf 75' lang='lat' dir='ltr'><strong>dictam,</strong></span> <span class='ocrx_word' id='word_1_786' title='bbox 3665 4418 3758 4488; x_wconf 67' lang='lat' dir='ltr'><strong>vel</strong></span> 
     </span>
    </p>
   </div>
   <div class='ocr_carea' id='block_1_104' title="bbox 2175 4509 3749 4591">
    <p class='ocr_par' dir='ltr' id='par_1_104' title="bbox 2175 4509 3749 4591">
     <span class='ocr_line' id='line_1_104' title="bbox 2175 4509 3749 4591; baseline 0.005 -23"><span class='ocrx_word' id='word_1_787' title='bbox 2175 4513 2319 4583; x_wconf 84' lang='lat' dir='ltr'><strong>quod</strong></span> <span class='ocrx_word' id='word_1_788' title='bbox 2349 4524 2517 4586; x_wconf 80' lang='lat' dir='ltr'><strong>regat,</strong></span> <span class='ocrx_word' id='word_1_789' title='bbox 2540 4516 2628 4571; x_wconf 87' lang='lat' dir='ltr'><strong>vel</strong></span> <span class='ocrx_word' id='word_1_790' title='bbox 2647 4518 2790 4587; x_wconf 88' lang='lat' dir='ltr'><strong>quod</strong></span> <span class='ocrx_word' id='word_1_791' title='bbox 2813 4522 3059 4574; x_wconf 82' lang='lat' dir='ltr'><strong>normam</strong></span> <span class='ocrx_word' id='word_1_792' title='bbox 3084 4522 3229 4575; x_wconf 77' lang='lat' dir='ltr'><strong>recte</strong></span> <span class='ocrx_word' id='word_1_793' title='bbox 3250 4514 3467 4575; x_wconf 78' lang='lat' dir='ltr'><strong>vivendi</strong></span> <span class='ocrx_word' id='word_1_794' title='bbox 3489 4509 3749 4591; x_wconf 57' lang='lat' dir='ltr'><strong>prabeat,</strong></span> 
     </span>
    </p>
   </div>
   <div class='ocr_carea' id='block_1_105' title="bbox 2172 4603 3755 4680">
    <p class='ocr_par' dir='ltr' id='par_1_105' title="bbox 2172 4603 3755 4680">
     <span class='ocr_line' id='line_1_105' title="bbox 2172 4603 3755 4680; baseline 0.004 -22"><span class='ocrx_word' id='word_1_795' title='bbox 2172 4603 2258 4660; x_wconf 89' lang='lat' dir='ltr'><strong>vel</strong></span> <span class='ocrx_word' id='word_1_796' title='bbox 2283 4606 2426 4674; x_wconf 91' lang='lat' dir='ltr'><strong>quod</strong></span> <span class='ocrx_word' id='word_1_797' title='bbox 2455 4606 2764 4671; x_wconf 87' lang='lat' dir='ltr'><strong>distortum,</strong></span> <span class='ocrx_word' id='word_1_798' title='bbox 2795 4610 3132 4678; x_wconf 79' lang='lat' dir='ltr'><strong>pravumque</strong></span> <span class='ocrx_word' id='word_1_799' title='bbox 3150 4606 3280 4678; x_wconf 86' lang='lat' dir='ltr'><strong>quid</strong></span> <span class='ocrx_word' id='word_1_800' title='bbox 3298 4609 3551 4680; x_wconf 74' lang='lat' dir='ltr'><strong>corrigat.</strong></span> <span class='ocrx_word' id='word_1_801' title='bbox 3579 4606 3755 4665; x_wconf 77' lang='lat' dir='ltr'><strong>Cano-</strong></span> 
     </span>
    </p>
   </div>
   <div class='ocr_carea' id='block_1_106' title="bbox 2174 4698 3753 4773">
    <p class='ocr_par' dir='ltr' id='par_1_106' title="bbox 2174 4698 3753 4773">
     <span class='ocr_line' id='line_1_106' title="bbox 2174 4698 3753 4773; baseline 0.004 -20"><span class='ocrx_word' id='word_1_802' title='bbox 2174 4708 2272 4753; x_wconf 90' lang='lat' dir='ltr'><strong>nes</strong></span> <span class='ocrx_word' id='word_1_803' title='bbox 2326 4706 2506 4752; x_wconf 88' lang='lat' dir='ltr'><strong>autem</strong></span> <span class='ocrx_word' id='word_1_804' title='bbox 2552 4698 2897 4770; x_wconf 80' lang='lat' dir='ltr'><strong>generalium</strong></span> <span class='ocrx_word' id='word_1_805' title='bbox 2933 4699 3288 4756; x_wconf 86' lang='lat' dir='ltr'><strong>conciliorum</strong></span> <span class='ocrx_word' id='word_1_806' title='bbox 3342 4716 3374 4757; x_wconf 88' lang='lat' dir='ltr'><strong>a</strong></span> <span class='ocrx_word' id='word_1_807' title='bbox 3419 4700 3753 4773; x_wconf 81' lang='lat' dir='ltr'><strong>temporibus</strong></span> 
     </span>
    </p>
   </div>
   <div class='ocr_carea' id='block_1_107' title="bbox 2172 4782 3751 4865">
    <p class='ocr_par' dir='ltr' id='par_1_107' title="bbox 2172 4782 3751 4865">
     <span class='ocr_line' id='line_1_107' title="bbox 2172 4782 3751 4865; baseline 0.004 -21"><span class='ocrx_word' id='word_1_808' title='bbox 2172 4782 2511 4845; x_wconf 67' lang='lat' dir='ltr'><strong>Constantini</strong></span> <span class='ocrx_word' id='word_1_809' title='bbox 2540 4797 2837 4859; x_wconf 76' lang='lat' dir='ltr'><strong>cmperunt.</strong></span> <span class='ocrx_word' id='word_1_810' title='bbox 2868 4789 2927 4845; x_wconf 78' lang='lat' dir='ltr'><strong>in</strong></span> <span class='ocrx_word' id='word_1_811' title='bbox 2949 4788 3376 4861; x_wconf 68' lang='lat' dir='ltr'><strong>praecedentibus</strong></span> <span class='ocrx_word' id='word_1_812' title='bbox 3395 4798 3628 4865; x_wconf 78' lang='lat' dir='ltr'><strong>namque</strong></span> <span class='ocrx_word' id='word_1_813' title='bbox 3654 4807 3751 4849; x_wconf 34' lang='lat' dir='ltr'><strong>ana</strong></span> 
     </span>
    </p>
   </div>
   <div class='ocr_carea' id='block_1_108' title="bbox 2174 4874 3749 4955">
    <p class='ocr_par' dir='ltr' id='par_1_108' title="bbox 2174 4874 3749 4955">
     <span class='ocr_line' id='line_1_108' title="bbox 2174 4874 3749 4955; baseline 0.006 -21"><span class='ocrx_word' id='word_1_814' title='bbox 2174 4880 2283 4946; x_wconf 78' lang='lat' dir='ltr'><strong>nis,</strong></span> <span class='ocrx_word' id='word_1_815' title='bbox 2308 4880 2683 4950; x_wconf 78' lang='lat' dir='ltr'><strong>persecutione</strong></span> <span class='ocrx_word' id='word_1_816' title='bbox 2702 4878 2966 4947; x_wconf 80' lang='lat' dir='ltr'><strong>fervente,</strong></span> <span class='ocrx_word' id='word_1_817' title='bbox 2997 4882 3358 4939; x_wconf 81' lang='lat' dir='ltr'><strong>docendarum</strong></span> <span class='ocrx_word' id='word_1_818' title='bbox 3376 4883 3626 4955; x_wconf 75' lang='lat' dir='ltr'><strong>plebium</strong></span> <span class='ocrx_word' id='word_1_819' title='bbox 3636 4874 3749 4943; x_wconf 61' lang='grc' dir='ltr'><strong>’ὠΐ-</strong></span> 
     </span>
    </p>
   </div>
   <div class='ocr_carea' id='block_1_109' title="bbox 2174 4966 3753 5032">
    <p class='ocr_par' dir='ltr' id='par_1_109' title="bbox 2174 4966 3753 5032">
     <span class='ocr_line' id='line_1_109' title="bbox 2174 4966 3753 5032; baseline 0.003 -5"><span class='ocrx_word' id='word_1_820' title='bbox 2174 4968 2323 5027; x_wconf 86' lang='lat' dir='ltr'><strong>nlme</strong></span> <span class='ocrx_word' id='word_1_821' title='bbox 2345 4970 2576 5026; x_wconf 85' lang='lat' dir='ltr'><strong>dabatur</strong></span> <span class='ocrx_word' id='word_1_822' title='bbox 2603 4969 2849 5027; x_wconf 81' lang='lat' dir='ltr'><strong>facultas.</strong></span> <span class='ocrx_word' id='word_1_823' title='bbox 2879 4970 3011 5027; x_wconf 80' lang='lat' dir='ltr'><strong>Inde</strong></span> <span class='ocrx_word' id='word_1_824' title='bbox 3028 4970 3409 5030; x_wconf 76' lang='lat' dir='ltr'><strong>Christianitas</strong></span> <span class='ocrx_word' id='word_1_825' title='bbox 3428 4974 3483 5030; x_wconf 85' lang='lat' dir='ltr'><strong>in</strong></span> <span class='ocrx_word' id='word_1_826' title='bbox 3509 4966 3753 5032; x_wconf 49' lang='lat' dir='ltr'><strong>diversas</strong></span> 
     </span>
    </p>
   </div>
   <div class='ocr_carea' id='block_1_110' title="bbox 2168 5056 3751 5139">
    <p class='ocr_par' dir='ltr' id='par_1_110' title="bbox 2168 5056 3751 5139">
     <span class='ocr_line' id='line_1_110' title="bbox 2168 5056 3751 5139; baseline 0.003 -20"><span class='ocrx_word' id='word_1_827' title='bbox 2168 5060 2404 5119; x_wconf 76' lang='lat' dir='ltr'><strong>haereses</strong></span> <span class='ocrx_word' id='word_1_828' title='bbox 2429 5058 2597 5118; x_wconf 83' lang='lat' dir='ltr'><strong>scissa</strong></span> <span class='ocrx_word' id='word_1_829' title='bbox 2628 5066 2711 5118; x_wconf 85' lang='lat' dir='ltr'><strong>est</strong></span> <span class='ocrx_word' id='word_1_830' title='bbox 2747 5079 2761 5117; x_wconf 87' lang='lat'><strong>:</strong></span> <span class='ocrx_word' id='word_1_831' title='bbox 2796 5062 2921 5134; x_wconf 80' lang='lat' dir='ltr'><strong>quia</strong></span> <span class='ocrx_word' id='word_1_832' title='bbox 2952 5076 3060 5121; x_wconf 91' lang='lat' dir='ltr'><strong>non</strong></span> <span class='ocrx_word' id='word_1_833' title='bbox 3088 5072 3211 5121; x_wconf 84' lang='lat' dir='ltr'><strong>erat</strong></span> <span class='ocrx_word' id='word_1_834' title='bbox 3228 5062 3453 5122; x_wconf 83' lang='lat' dir='ltr'><strong>licentia</strong></span> <span class='ocrx_word' id='word_1_835' title='bbox 3482 5056 3751 5139; x_wconf 74' lang='lat' dir='ltr'><strong>episcopis</strong></span> 
     </span>
    </p>
   </div>
   <div class='ocr_carea' id='block_1_111' title="bbox 2170 5148 3752 5227">
    <p class='ocr_par' dir='ltr' id='par_1_111' title="bbox 2170 5148 3752 5227">
     <span class='ocr_line' id='line_1_111' title="bbox 2170 5148 3752 5227; baseline 0.006 -23"><span class='ocrx_word' id='word_1_836' title='bbox 2170 5148 2227 5205; x_wconf 89' lang='lat' dir='ltr'><strong>in</strong></span> <span class='ocrx_word' id='word_1_837' title='bbox 2243 5162 2410 5205; x_wconf 81' lang='lat' dir='ltr'><strong>unum</strong></span> <span class='ocrx_word' id='word_1_838' title='bbox 2438 5150 2857 5217; x_wconf 67' lang='lat' dir='ltr'><strong>conV‘eniremisi</strong></span> <span class='ocrx_word' id='word_1_839' title='bbox 2878 5157 3123 5225; x_wconf 82' lang='lat' dir='ltr'><strong>tempore</strong></span> <span class='ocrx_word' id='word_1_840' title='bbox 3144 5153 3387 5225; x_wconf 68' lang='lat' dir='ltr'><strong>praedicti</strong></span> <span class='ocrx_word' id='word_1_841' title='bbox 3408 5154 3752 5227; x_wconf 69' lang='lat' dir='ltr'><strong>imperatoris</strong></span> 
     </span>
    </p>
   </div>
   <div class='ocr_carea' id='block_1_112' title="bbox 2172 5240 3753 5311">
    <p class='ocr_par' dir='ltr' id='par_1_112' title="bbox 2172 5240 3753 5311">
     <span class='ocr_line' id='line_1_112' title="bbox 2172 5240 3753 5311; baseline 0.005 -17"><span class='ocrx_word' id='word_1_842' title='bbox 2172 5248 2335 5311; x_wconf 79' lang='lat' dir='ltr'><strong>supra</strong></span> <span class='ocrx_word' id='word_1_843' title='bbox 2366 5241 2513 5296; x_wconf 85' lang='lat' dir='ltr'><strong>dicti.</strong></span> <span class='ocrx_word' id='word_1_844' title='bbox 2541 5240 2660 5311; x_wconf 82' lang='lat' dir='ltr'><strong>ipse</strong></span> <span class='ocrx_word' id='word_1_845' title='bbox 2678 5241 2827 5298; x_wconf 82' lang='lat' dir='ltr'><strong>enim</strong></span> <span class='ocrx_word' id='word_1_846' title='bbox 2842 5242 2992 5300; x_wconf 79' lang='lat' dir='ltr'><strong>dedit</strong></span> <span class='ocrx_word' id='word_1_847' title='bbox 3008 5243 3321 5301; x_wconf 79' lang='lat' dir='ltr'><strong>facultatem</strong></span> <span class='ocrx_word' id='word_1_848' title='bbox 3344 5244 3753 5304; x_wconf 63' lang='lat' dir='ltr'><strong>CiiﬁStianis&#39;li-</strong></span> 
     </span>
    </p>
   </div>
   <div class='ocr_carea' id='block_1_113' title="bbox 2169 5324 3753 5409">
    <p class='ocr_par' dir='ltr' id='par_1_113' title="bbox 2169 5324 3753 5409">
     <span class='ocr_line' id='line_1_113' title="bbox 2169 5324 3753 5409; baseline 0.003 -20"><span class='ocrx_word' id='word_1_849' title='bbox 2169 5328 2300 5389; x_wconf 86' lang='lat' dir='ltr'><strong>bere</strong></span> <span class='ocrx_word' id='word_1_850' title='bbox 2316 5331 2771 5405; x_wconf 56' lang='lat' dir='ltr'><strong>congregat-iﬁlli)</strong></span> <span class='ocrx_word' id='word_1_851' title='bbox 2783 5334 2887 5393; x_wconf 86' lang='lat' dir='ltr'><strong>hoc</strong></span> <span class='ocrx_word' id='word_1_852' title='bbox 2899 5336 3059 5393; x_wconf 85' lang='lat' dir='ltr'><strong>etiam</strong></span> <span class='ocrx_word' id='word_1_853' title='bbox 3076 5337 3246 5392; x_wconf 86' lang='lat' dir='ltr'><strong>sancti</strong></span> <span class='ocrx_word' id='word_1_854' title='bbox 3260 5338 3509 5409; x_wconf 82' lang='lat' dir='ltr'><strong>patresin</strong></span> <span class='ocrx_word' id='word_1_855' title='bbox 3524 5324 3753 5395; x_wconf 66' lang='lat' dir='ltr'><strong>concilio</strong></span> 
     </span>
    </p>
   </div>
   <div class='ocr_carea' id='block_1_114' title="bbox 2173 5418 3751 5500">
    <p class='ocr_par' dir='ltr' id='par_1_114' title="bbox 2173 5418 3751 5500">
     <span class='ocr_line' id='line_1_114' title="bbox 2173 5418 3751 5500; baseline 0.002 -19"><span class='ocrx_word' id='word_1_856' title='bbox 2173 5418 2390 5481; x_wconf 68' lang='grc' dir='ltr'><strong>Νῖςέοηο</strong></span> <span class='ocrx_word' id='word_1_857' title='bbox 2406 5424 2469 5483; x_wconf 85' lang='lat' dir='ltr'><strong>de</strong></span> <span class='ocrx_word' id='word_1_858' title='bbox 2491 5430 2637 5484; x_wconf 90' lang='lat' dir='ltr'><strong>omni</strong></span> <span class='ocrx_word' id='word_1_859' title='bbox 2660 5429 2793 5484; x_wconf 85' lang='lat' dir='ltr'><strong>urbe</strong></span> <span class='ocrx_word' id='word_1_860' title='bbox 2810 5438 3078 5484; x_wconf 79' lang='lat' dir='ltr'><strong>terrarum</strong></span> <span class='ocrx_word' id='word_1_861' title='bbox 3096 5426 3501 5497; x_wconf 75' lang='lat' dir='ltr'><strong>convenientes,</strong></span> <span class='ocrx_word' id='word_1_862' title='bbox 3518 5418 3751 5500; x_wconf 77' lang='lat' dir='ltr'><strong>juxta‘ll-</strong></span> 
     </span>
    </p>
   </div>
   <div class='ocr_carea' id='block_1_115' title="bbox 2176 5509 3753 5592">
    <p class='ocr_par' dir='ltr' id='par_1_115' title="bbox 2176 5509 3753 5592">
     <span class='ocr_line' id='line_1_115' title="bbox 2176 5509 3753 5592; baseline -0.001 -18"><span class='ocrx_word' id='word_1_863' title='bbox 2176 5518 2295 5575; x_wconf 89' lang='lat' dir='ltr'><strong>dem</strong></span> <span class='ocrx_word' id='word_1_864' title='bbox 2314 5519 2422 5574; x_wconf 86' lang='lat' dir='ltr'><strong>Eva</strong></span> <span class='ocrx_word' id='word_1_865' title='bbox 2431 5520 2690 5592; x_wconf 75' lang='lat' dir='ltr'><strong>ngeli‘cam</strong></span> <span class='ocrx_word' id='word_1_866' title='bbox 2713 5530 2765 5576; x_wconf 89' lang='lat' dir='ltr'><strong>et</strong></span> <span class='ocrx_word' id='word_1_867' title='bbox 2782 5519 3147 5591; x_wconf 88' lang='lat' dir='ltr'><strong>Apostolicam</strong></span> <span class='ocrx_word' id='word_1_868' title='bbox 3161 5518 3465 5592; x_wconf 74' lang='lat' dir='ltr'><strong>symbolum</strong></span> <span class='ocrx_word' id='word_1_869' title='bbox 3484 5522 3610 5591; x_wconf 81' lang='lat' dir='ltr'><strong>post</strong></span> <span class='ocrx_word' id='word_1_870' title='bbox 3624 5509 3753 5589; x_wconf 70' lang='lat' dir='ltr'><strong>apo-</strong></span> 
     </span>
    </p>
   </div>
   <div class='ocr_carea' id='block_1_116' title="bbox 2173 5610 3753 5680">
    <p class='ocr_par' dir='ltr' id='par_1_116' title="bbox 2173 5610 3753 5680">
     <span class='ocr_line' id='line_1_116' title="bbox 2173 5610 3753 5680; baseline -0.003 -12"><span class='ocrx_word' id='word_1_871' title='bbox 2173 5611 2339 5668; x_wconf 87' lang='lat' dir='ltr'><strong>stolos</strong></span> <span class='ocrx_word' id='word_1_872' title='bbox 2351 5613 2705 5668; x_wconf 86' lang='lat' dir='ltr'><strong>tradiderunt.</strong></span> <span class='ocrx_word' id='word_1_873' title='bbox 2721 5610 2869 5666; x_wconf 80' lang='lat' dir='ltr'><strong>Inter</strong></span> <span class='ocrx_word' id='word_1_874' title='bbox 2878 5619 3072 5667; x_wconf 79' lang='lat' dir='ltr'><strong>caetera</strong></span> <span class='ocrx_word' id='word_1_875' title='bbox 3085 5618 3264 5664; x_wconf 86' lang='lat' dir='ltr'><strong>autem</strong></span> <span class='ocrx_word' id='word_1_876' title='bbox 3282 5610 3509 5667; x_wconf 81' lang='lat' dir='ltr'><strong>concilia</strong></span> <span class='ocrx_word' id='word_1_877' title='bbox 3522 5610 3753 5680; x_wconf 69' lang='lat' dir='ltr'><strong>quatuor</strong></span> 
     </span>
    </p>
   </div>
   <div class='ocr_carea' id='block_1_117' title="bbox 2175 5700 3753 5773">
    <p class='ocr_par' dir='ltr' id='par_1_117' title="bbox 2175 5700 3753 5773">
     <span class='ocr_line' id='line_1_117' title="bbox 2175 5700 3753 5773; baseline -0.005 -10"><span class='ocrx_word' id='word_1_878' title='bbox 2175 5716 2301 5764; x_wconf 86' lang='lat' dir='ltr'><strong>sunt</strong></span> <span class='ocrx_word' id='word_1_879' title='bbox 2327 5705 2665 5761; x_wconf 73' lang='lat' dir='ltr'><strong>venerabiles</strong></span> <span class='ocrx_word' id='word_1_880' title='bbox 2688 5703 2904 5772; x_wconf 84' lang='lat' dir='ltr'><strong>synodi,</strong></span> <span class='ocrx_word' id='word_1_881' title='bbox 2933 5717 3053 5772; x_wconf 61' lang='lat' dir='ltr'><strong>qua:</strong></span> <span class='ocrx_word' id='word_1_882' title='bbox 3081 5707 3250 5758; x_wconf 83' lang='lat' dir='ltr'><strong>totam</strong></span> <span class='ocrx_word' id='word_1_883' title='bbox 3279 5701 3654 5773; x_wconf 72' lang='lat' dir='ltr'><strong>principaliter</strong></span> <span class='ocrx_word' id='word_1_884' title='bbox 3690 5700 3753 5755; x_wconf 82' lang='lat' dir='ltr'><strong>ﬁ-</strong></span> 
     </span>
    </p>
   </div>
   <div class='ocr_carea' id='block_1_118' title="bbox 2175 5778 3752 5871">
    <p class='ocr_par' dir='ltr' id='par_1_118' title="bbox 2175 5778 3752 5871">
     <span class='ocr_line' id='line_1_118' title="bbox 2175 5778 3752 5871; baseline -0.006 -13"><span class='ocrx_word' id='word_1_885' title='bbox 2175 5799 2297 5859; x_wconf 83' lang='lat' dir='ltr'><strong>dem</strong></span> <span class='ocrx_word' id='word_1_886' title='bbox 2322 5792 2947 5869; x_wconf 58' lang='lat' dir='ltr'><strong>complectentemquasi</strong></span> <span class='ocrx_word' id='word_1_887' title='bbox 2966 5798 3199 5865; x_wconf 77' lang='lat' dir='ltr'><strong>quatuor</strong></span> <span class='ocrx_word' id='word_1_888' title='bbox 3224 5794 3502 5871; x_wconf 74' lang='lat' dir='ltr'><strong>evangelia</strong></span> <span class='ocrx_word' id='word_1_889' title='bbox 3520 5791 3606 5852; x_wconf 81' lang='lat' dir='ltr'><strong>vel</strong></span> <span class='ocrx_word' id='word_1_890' title='bbox 3627 5778 3752 5849; x_wconf 78' lang='lat' dir='ltr'><strong>toti-</strong></span> 
     </span>
    </p>
   </div>
  </div>
