4074 6316
306 357 417 416 125

1304 356 1395 414 DE
1434 353 1781 415 UNIVEBSO
1813 355 1994 414 LIBRI
2033 355 2197 415 XXII.
2232 386 2305 403 --
2338 353 2471 413 LIB.
2508 355 2574 411 ν.

3471 348 3573 405 HG

307 474 438 530 dm
454 466 701 527 Pmdisi
717 467 962 525 ﬂumina.
984 466 1191 525 Harum
1207 468 1383 540 prina
1412 470 1631 527 Nieaena
1648 471 1889 542 synodus
1913 473 1967 536 Α
1992 484 2204 527 Summa
2224 470 2487 533 brevitate
2527 434 2759 523 notavit.
2784 462 3010 538 Cyclum
3030 472 3213 533 autem
3235 470 3488 525 vocatum
3508 479 3574 539 eo

306 559 877 621 Wdeeem
888 567 947 615 et
959 569 1086 619 octo
1100 560 1510 632 Episcopornm,
1531 560 1885 620 Constantino

309 653 552 723 Augusto
604 651 919 721 imperante,
951 660 1173 722 peracta
1220 660 1303 708 est
1345 666 1360 705 :
1400 652 1457 707 in
1511 667 1618 721 qua
1670 651 1886 719 Arianae

307 743 547 817 perﬁdia
599 738 955 798 condemnata
1015 740 1347 812 blasphemia
1404 742 1470 797 de
1520 741 1888 812 inaequalitate

308 842 510 893 sanctae
535 833 837 900 Trinitatis,
866 833 922 889 id
950 840 1053 899 est,
1084 846 1111 876 ιι
1138 831 1300 888 Arius
1341 834 1621 891 asserebat
1636 834 1882 891 consub-

304 925 615 985 stantialem
642 925 756 982 Deo
796 924 945 981 Patri
987 925 1158 982 Deum
1186 925 1406 992 Filium,
1457 927 1647 982 eadem
1700 935 1886 982 saneta

301 1016 540 1088 synodus
585 1030 684 1086 per
723 1016 1028 1088 symbolum
1057 1015 1320 1073 deﬁnivit.
1359 1014 1608 1073 Secunda
1647 1017 1886 1089 synodus

300 1114 519 1163 centum
544 1104 933 1177 quinquaginta
970 1113 1184 1174 patrum
1208 1104 1308 1162 sub
1345 1103 1650 1165 Theodosio
1674 1107 1888 1163 seniore

299 1197 823 1270 Constantinopolim
850 1206 1172 1270 congregata
1222 1206 1327 1265 est,
1356 1213 1477 1269 quae
1515 1198 1887 1257 Macedoniam

299 1287 650 1359 Episcopum,
676 1295 962 1361 negantem
990 1288 1157 1343 Deum
1179 1302 1297 1345 esse
1327 1284 1590 1360 Spiritum
1612 1296 1885 1358 sanctum,

295 1380 617 1436 barre‘ticum
661 1379 1046 1445 eondemnans,
1092 1379 1607 1436 consubstantialem
1644 1378 1790 1436 Patri
1832 1390 1886 1437 et

280 1469 430 1541 Filio
458 1469 729 1543 Spiritum
761 1480 1008 1529 sanctum
1039 1472 1429 1528 demonstravit
1460 1492 1473 1526 :
1502 1473 1635 1530 dans
1658 1472 1885 1545 symboli

291 1561 550 1637 (armum,
582 1576 745 1633 quam
767 1569 879 1617 tota
903 1559 1215 1617 Graecorum
1242 1570 1299 1618 et
1327 1561 1639 1619 Latinorum
1669 1562 1883 1619 confes-

290 1653 374 1710 sio
399 1652 455 1708 in
483 1650 748 1709 Ecclesiis
779 1653 1053 1723 praedicat.
1100 1652 1281 1708 Tertia
1330 1655 1567 1726 synodus
1616 1653 1884 1725 Ephesina

292 1742 468 1814 prima
493 1742 855 1799 ducentorum
900 1742 1285 1813 Episcoporum
1337 1744 1435 1801 sub
1452 1743 1669 1815 juniore
1709 1745 1886 1801 Theo-

1985 559 2131 628 quod
2167 559 2220 613 in
2254 556 2384 614 orbe
2412 557 2653 628 digestus
2681 555 2790 622 sit,
2819 563 2876 610 et
2894 554 3049 626 quasi
3072 555 3129 610 in
3156 552 3360 611 circulo
3393 553 3575 624 dispo-

1985 650 2148 713 situm
2179 650 2426 707 ordinem
2468 649 2700 720 complet
2746 664 3010 704 annorum
3057 647 3176 704 sine
3219 644 3481 704 varietate
3519 652 3576 703 et

1984 740 2103 811 sine
2135 741 2239 797 ulla
2270 748 2404 807 arte.
2439 740 2593 797 Unde
2616 740 2819 817 factum
2842 748 2961 809 est,
2998 748 3060 796 ut
3096 739 3290 811 cuique
3312 730 3574 817 materiae

1985 833 2248 899 carmina,
2262 831 2776 903 simplicii‘ormitate
2789 831 2905 906 (sic)
2921 831 3083 901 facta,
3100 832 3302 906 cyclica
3319 826 3577 913 vocaretr-

1991 932 2095 981 tur.
2121 924 2259 981 Hine
2282 933 2336 981 et
2358 924 2675 981 laterculum
2700 925 2925 993 dictum,
2948 926 3091 998 quod
3111 927 3355 983 ordinem
3377 927 3576 983 habeat

1988 1022 2255 1070 tractuum
2286 1030 2572 1071 annorum.
2616 1014 2744 1071 Post
2782 1014 2932 1085 cujus
2958 1004 3323 1088 expletionem
3363 1008 3431 1088 ad
3459 1014 3574 1089 pri-

1986 1118 2135 1156 mum
2187 1103 2469 1159 exordium
2519 1104 2916 1161 revertendum.
2971 1105 3281 1175 Antiquitus
3331 1104 3573 1161 Ecclesia

1985 1196 2186 1271 pascha
2222 1197 2625 1266 quartadecima
2672 1197 2799 1252 luna
2836 1213 2959 1253 cum
3007 1196 3206 1254 Judmis
3246 1196 3572 1279 celebrabat,

1986 1301 2309 1357 quocunque
2351 1286 2435 1341 die
2487 1296 2799 1343 occurreret
2829 1305 2843 1341 :
2876 1304 3037 1359 quem
3075 1288 3237 1343 ritum
3265 1287 3436 1343 sancti
3478 1282 3575 1361 μιὲ

1987 1386 2097 1433 tres
2148 1376 2201 1431 in
2230 1374 2444 1432 Nicmna
2494 1379 2697 1449 synodo
2727 1377 3148 1448 prohibuerunt,
3190 1366 3577 1434 constituentes

1988 1484 2095 1524 non
2124 1467 2295 1523 solum
2324 1466 2503 1521 lunam
2530 1468 2841 1538 paschalem
2866 1468 2940 1539 (et
2971 1469 3095 1524 inde
3126 1469 3368 1539 sequitur
3394 1458 3573 1539 inquii

1986 1559 2154 1631 rere),
2176 1558 2269 1613 sed
2291 1558 2453 1613 etiam
2473 1565 2527 1613 et
2552 1558 2691 1614 diem
2723 1560 3138 1615 resurrectionis
3165 1561 3447 1616 dominica:
3473 1560 3572 1615 ob-

1983 1665 2203 1709 servare
2232 1669 2243 1706 :
2273 1660 2329 1707 et
2375 1650 2445 1707 ob
2491 1650 2603 1725 hoc
2633 1652 2837 1728 pascha
2881 1667 2913 1706 a
2954 1651 3140 1723 quinta
3186 1651 3394 1707 decima
3444 1650 3574 1707 luna

1985 1758 2157 1813 usque
2219 1744 2273 1797 in
2304 1742 2616 1798 vicesimam
2645 1742 2877 1813 primam
2923 1743 3313 1813 extenderunt,
3355 1751 3416 1798 ut
3461 1742 3576 1800 dies

292 1836 450 1893 dosio
473 1834 720 1907 Augusto
748 1835 911 1903 edita,
946 1852 1065 1907 quze
1106 1834 1412 1893 Nestorium
1458 1836 1593 1893 duas
1623 1853 1887 1908 personas
1913 1839 1964 1900 B
1991 1834 2303 1890 Dominicus
2329 1849 2434 1889 non
2465 1833 2823 1889 omitteretur.
2867 1833 3075 1889 Pascha
3118 1840 3299 1890 autem
3341 1816 3575 1890 vocabu-

293 1930 349 1986 in
379 1928 601 1984 Christo
630 1935 986 1995 asserentem,
1006 1929 1154 1999 justo
1182 1928 1525 1984 anathemate
1550 1930 1877 2007 condemna-

292 2019 387 2085 vit,
419 2020 718 2075 ostcndens
765 2034 984 2076 manere
1011 2020 1066 2075 in
1098 2020 1306 2077 duabus
1333 2020 1542 2076 naturis
1566 2036 1730 2075 unam
1770 2018 1878 2076 Do-

284 2111 424 2184 mini
448 2107 589 2187 Iesu
608 2110 810 2167 Christi
834 2127 1143 2182 personam.
1170 2112 1372 2180 Quarta
1399 2112 1636 2185 synodus
1657 2111 1881 2168 Chalee.

291 2201 577 2257 donensis'
603 2218 773 2258 ncxxx
824 2202 1161 2258 sacerdotum
1208 2203 1307 2258 sub
1331 2201 1605 2259 Marciano
1635 2204 1882 2275 principe

289 2293 472 2349 habita
503 2301 613 2359 est,
660 2295 714 2351 in
760 2311 865 2366 qua
902 2295 1183 2367 Eutychen
1226 2295 1881 2370 ConstantinOpolitanum

291 2387 575 2454 abbatem,
608 2387 770 2443 Verbi
799 2388 894 2444 Dei
947 2396 1002 2445 et
1030 2389 1209 2445 carnis
1238 2405 1401 2445 unam
1454 2400 1705 2445 naturam
1750 2406 1880 2462 pro-

291 2466 669 2544 nuntiantem,
700 2486 757 2534 et
805 2477 919 2547 ejus
946 2478 1283 2537 defensorem
1327 2481 1664 2547 Dioscorum,
1710 2487 1883 2552 quon;

291 2569 412 2624 dam
438 2570 876 2627 Alexandrinum
901 2571 1245 2643 Episcopum,
1278 2581 1332 2629 et
1361 2574 1536 2645 ipsum
1562 2590 1750 2630 rursus
1780 2574 1884 2629 Nec

290 2662 528 2717 storium
557 2678 681 2719 cum
709 2662 932 2733 reliquis
962 2665 1233 2722 haereticis
1262 2682 1369 2721 una
1402 2675 1619 2739 patrum
1669 2666 1884 2724 senten-

290 2753 366 2807 tia
395 2754 791 2824 przedamnavit
822 2772 835 2810 :
867 2756 1168 2827 praedicans
1210 2759 1399 2814 eadem
1427 2759 1698 2830 synodus,
1728 2758 1883 2816 Chri-

291 2855 438 2901 stum
467 2845 645 2903 Deum
663 2846 743 2903 sic
771 2856 957 2903 natum
983 2849 1048 2904 de
1079 2846 1318 2921 Virgine,
1350 2858 1409 2905 ut
1435 2851 1493 2907 in
1538 2866 1603 2907 eo
1632 2852 1883 2908 substan-

293 2937 427 2993 tiam
474 2937 677 2994 divinze
711 2947 765 2995 et
813 2941 1063 2997 humana:
1112 2941 1470 2998 eonﬁteamur
1518 2951 1744 3000 naturae.
1790 2942 1884 3003 Ha:

290 3034 420 3082 sunt
448 3036 687 3099 quatuor
713 3030 906 3100 synodi
933 3030 1258 3102 principales
1288 3032 1411 3087 iidci
1439 3032 1742 3089 doctrinam
1770 3032 1884 3104 ple-

291 3117 518 3175 nissime
543 3118 919 3188 praeilicantes.
953 3118 1059 3177 Sed
1087 3130 1139 3177 et
1167 3122 1211 3179 si
1238 3140 1345 3195 qua
1390 3133 1516 3179 sunt
1548 3124 1653 3179 alia
1702 3124 1883 3181 conci-

1984 1922 2093 1979 lum
2123 1941 2229 1979 non
2261 1923 2530 1991 Graecum,
2557 1922 2651 1979 sed
2679 1920 2962 1980 Hebrzeum
2988 1932 3074 1981 est
3097 1944 3109 1978 :
3134 1939 3235 1980 nec
3268 1941 3299 1979 a
3323 1925 3575 1997 passione

1984 2016 2259 2088 (quoniam
2287 2017 2552 2088 pascimin
2577 2014 2851 2090 [Pascbiu]
2876 2014 3063 2075 Grmce
3086 2017 3283 2073 dicitdr
3295 2018 3453 2090 pati),
3480 2014 3576 2089 sed

1985 2124 2017 2164 a
2066 2109 2297 2165 transitu
2334 2108 2561 2165 Hebrzeo
2594 2107 2759 2165 verbo
2802 2110 3008 2180 pascha
3049 2110 3310 2182 appellata
3356 2122 3439 2170 est
3466 2134 3479 2167 :
3510 2128 3575 2170 eo

1985 2203 2129 2274 quod
2155 2212 2281 2257 tunc
2308 2202 2535 2273 populus
2560 2201 2651 2256 Dei
2676 2218 2746 2258 ex
2762 2200 2997 2275 Egyplo
3022 2204 3317 2261 transierit.
3345 2205 3496 2262 Unde
3522 2215 3577 2263 et

1984 2293 2041 2351 in
2068 2293 2359 2362 Evangelio
2388 2292 2568 2365 (Joan.
2600 2292 2747 2365 xm),
2771 2311 2885 2347 cum
2913 2294 3154 2362 vidisset,
3176 2296 3378 2366 inquit,
3422 2296 3576 2352 Iesus

1983 2389 2108 2461 quia
2132 2390 2263 2444 venit
2292 2389 2423 2442 liora
2448 2387 2584 2457 ejus,
2608 2397 2661 2441 ut
2687 2387 2931 2442 transiret
2952 2388 3015 2443 de
3036 2388 3229 2443 mundo
3257 2390 3327 2443 ad
3346 2400 3572 2460 patrem.

1984 2478 2148 2549 Cujus
2179 2496 2285 2536 nox
2316 2480 2436 2535 ideo
2475 2478 2701 2550 pervigil
2738 2479 2988 2546 ducitur,
3018 2491 3248 2551 propter
3281 2478 3573 2538 adventum

1983 2572 2129 2643 regis
2168 2587 2233 2627 ac
2276 2570 2372 2625 Dei
2407 2570 2579 2627 nostri
2605 2588 2617 2624 :
2642 2579 2702 2626 ut
2747 2580 2958 2642 tempus
3002 2572 3418 2628 resurrectionis
3460 2573 3576 2644 ejus

1983 2678 2095 2718 non
2133 2677 2231 2717 nos
2261 2660 2612 2728 dormientes,
2645 2660 2740 2716 sed
2782 2659 3072 2732 vigilantes
3117 2660 3377 2716 inveniat.
3408 2659 3576 2731 Cujus

1983 2755 2161 2815 noctis
2194 2754 2390 2825 duplex
2416 2754 2552 2809 ratio
2576 2761 2662 2808 est
2686 2770 2700 2806 :
2728 2754 2843 2810 sive
2868 2753 3011 2824 quod
3042 2752 3096 2808 in
3122 2754 3465 2827 eademtunc
3495 2740 3573 2808 vi-

1985 2857 2097 2909 tam
2120 2847 2341 2918 recepit,
2371 2861 2494 2901 eum
2523 2861 2716 2915 passus
2738 2853 2821 2902 est
2847 2863 2859 2900 :
2890 2846 3003 2902 sive
3032 2844 3175 2917 quod
3202 2855 3390 2918 postea
3416 2836 3572 2919 hora,

1983 2954 2093 3009 qua
2125 2939 2442 3003 resurrexit,
2482 2936 2548 2991 ad
2571 2935 2924 3006 iudicandum
2945 2944 3205 2993 venturus
3226 2924 3329 2994 est.
3352 2935 3430 2993 Eo
3480 2922 3575 2999 au-

1984 3038 2095 3085 tem
2127 3028 2285 3087 modo
2313 3029 2521 3099 agimus
2544 3027 2766 3098 pascha,
2797 3035 2859 3082 ut
2882 3041 2991 3083 non
3035 3025 3209 3083 solum
3243 3036 3476 3083 mortem
3516 3010 3572 3083 et

1983 3120 2439 3178 resurrectionem
2462 3117 2663 3175 Christi
2686 3117 2740 3173 in
2765 3118 3078 3174 memoriam
3109 3132 3454 3191 revocemus,
3481 3110 3596 3173 s'ed'

290 3207 383 3277 lia,
415 3227 543 3281 qlia:
571 3213 744 3268 sancti
781 3211 969 3271 Patres
1000 3213 1204 3284 Spiritu
1231 3216 1328 3271 Dei
1354 3217 1499 3289 pleni
1544 3226 1877 3285 sanxerunt,
1908 3196 1954 3263 C
1985 3211 2149 3268 etiam
2188 3219 2418 3276 caetera,
2447 3223 2565 3280 quae
2594 3207 2739 3264 circa
2778 3222 2902 3263 eum
2940 3214 3264 3262 attestantur
3296 3202 3363 3263 ad
3394 3221 3574 3289 sacra-

288 3309 413 3369 post
458 3302 692 3359 istorum
721 3311 951 3373 quatuor
979 3306 1375 3373 auctoritatem,
1401 3307 1641 3362 omnium
1665 3315 1886 3363 manent

291 3393 537 3449 stabilita
558 3394 743 3466 vigore
770 3414 782 3449 :
815 3412 1042 3467 quorum
1072 3406 1223 3470 gesta
1250 3398 1305 3452 in
1332 3399 1435 3455 hoc
1464 3413 1629 3471 opere
1669 3399 1883 3454 condita

289 3483 667 3541 continentur.
701 3483 982 3557 Synodum
1019 3488 1267 3544 novimus
1299 3503 1365 3544 ex
1392 3487 1581 3545 Grmco
1620 3488 1885 3565 interpre-

292 3573 397 3630 tari
429 3575 738 3631 comitatum
758 3576 842 3633 vel
868 3586 1075 3633 coetum.
1106 3578 1332 3636 Coneilii
1360 3596 1491 3637 vero
1530 3595 1727 3636 nomen
1768 3588 1883 3637 tra-

288 3673 448 3723 ctum
472 3681 545 3719 ex
575 3682 725 3722 more
775 3667 1039 3725 Romano.
1086 3669 1351 3743 Tempore
1399 3673 1546 3729 enim
1570 3688 1676 3743 quo
1707 3688 1884 3730 causae

286 3753 626 3826 agebantur,
660 3755 1052 3812 conveniebant
1077 3774 1263 3814 omnes
1293 3761 1348 3815 in
1395 3777 1584 3828 unum,
1637 3778 1879 3818 commu-

291 3847 466 3917 nique
515 3844 816 3903 intentione
862 3847 1187 3903 tractabant.
1235 3848 1389 3905 Unde
1431 3858 1487 3905 et
1514 3850 1802 3907 concilium
1852 3868 1884 3909 a

293 3931 577 3989 communi
629 3932 927 3989 intentione
966 3934 1193 4001 dictum,
1222 3934 1379 4006 quasi
1422 3935 1881 3990 communicilium.

290 4025 435 4081 Nam
485 4024 610 4082 cilia
634 4026 911 4083 oculorum
935 4038 1080 4083 sunt.
1113 4025 1267 4084 Unde
1295 4035 1350 4084 et
1377 4028 1677 4085 considium
1704 4029 1879 4085 eonsi~

294 4116 430 4175 lium
482 4116 700 4185 dicitur,
760 4117 814 4175 (ι.
865 4118 942 4177 in.
972 4118 1010 4174 l.
1038 4119 1276 4177 litteram
1327 4129 1660 4179 transeunte.
1701 4121 1885 4180 Coetus

294 4224 430 4266 vero
459 4216 762 4267 conventus
787 4218 868 4267 est
890 4209 975 4266 vel
998 4214 1341 4286 congregatio
1361 4223 1392 4270 a‘
1406 4216 1667 4284 coeundo,
1698 4215 1754 4273 id
1776 4223 1882 4284 est,

297 4300 673 4357 eonveniendo
702 4301 756 4356 in
786 4318 972 4359 unum.
998 4303 1154 4361 Unde
1192 4313 1247 4362 et
1293 4318 1587 4366 conventus
1614 4317 1700 4366 est
1741 4326 1882 4366 nun-

297 4399 557 4462 cupatus,
585 4392 727 4448 sicut
756 4403 1054 4455 conventus
1082 4405 1255 4455 coetus
1287 4401 1373 4457 vel
1410 4401 1696 4459 concilium
1732 4417 1764 4458 a
1793 4418 1881 4460 so-

300 4481 499 4540 cietate
518 4481 811 4540 multorum
838 4484 893 4540 in
918 4501 1105 4542 unum.
1174 4540 1179 4545 .

895 4577 1121 4636 CAPUT
1158 4578 1291 4638 VIII.

824 4669 903 4724 De
928 4670 1071 4742 θείοιο
1100 4675 1354 4743 paschau.

372 4756 688 4818 Paschalem
707 4760 917 4832 cyelum
958 4760 1276 4834 Hippolytus
1314 4763 1598 4836 episcopus
1623 4769 1882 4839 tempori-

306 4850 410 4908 bus
446 4850 735 4909 Alexandri
765 4853 1106 4923 imperatoris
1146 4855 1354 4925 primus
1380 4856 1699 4929 conscripsit
1726 4877 1738 4913 :
1763 4866 1887 4932 post

308 4958 468 5014 quem
506 4943 876 5015 probatissimi
914 4953 1162 5001 auctores
1200 4945 1463 5002 Eusebius
1502 4945 1881 5019 Caesariensis,

307 5032 639 5106 Theophilus
678 5033 1095 5102 Alexandrinus,
1125 5034 1360 5107 Prosper
1399 5053 1613 5110 quoque
1665 5040 1888 5096 natione

306 5122 612 5195 Aquitanus
656 5134 819 5199 atque
863 5127 1209 5194 Victorinus,
1259 5128 1599 5200 amplificatis
1646 5129 1887 5200 ejusdem

310 5214 620 5273 festivitatis
642 5217 961 5285 rationibus,
987 5218 1307 5289 multiplices
1326 5220 1558 5277 circulos
1579 5221 1883 5278 ediderunt.

310 5306 474 5377 Cujth
496 5310 713 5380 quidem
744 5309 1009 5364 rationem
1031 5309 1376 5368 beatissimus
1397 5309 1628 5384 Cyrillus
1655 5312 1889 5368 Alexan-

313 5398 479 5455 drina:
507 5400 654 5456 urbis
705 5402 988 5473 episcopus
1022 5398 1077 5453 in
1115 5401 1402 5473 nonaginta
1441 5386 1884 5473 quinque—annos

312 5503 406 5559 per
425 5490 709 5564 quinquies
747 5494 932 5551 decem
972 5495 1158 5552 novies
1193 5495 1485 5564 calculans,
1512 5502 1676 5567 quoto
1698 5494 1885 5553 kalen-

316 5581 465 5639 dario
490 5586 576 5642 vel
602 5585 729 5642 luna
758 5588 946 5645 debeat
970 5587 1240 5658 paschalis
1265 5588 1577 5646 solemnitas
1598 5589 1879 5656 celebrari,

381 5698 608 5773 flaccos
636 5703 1075 5773 corruptissimus
1100 5704 1181 5760 sic
1222 5705 1435 5760 videtur
1463 5705 1827 5773 restituendus
1864 5723 1879 5761 :

312 5769 471 5827 Arius
504 5773 762 5830 asserebat
795 5769 1286 5831 consubstantialem
1316 5773 1424 5830 Deo
1466 5772 1618 5831 Patri
1642 5794 1743 5834 non
1771 5794 1880 5831 esse

1904 4552 1961 4614 D

1982 3313 2291 3363 mentorum
2315 3300 2784 3374 significationem,
2809 3297 3176 3370 inspiciamus.
3208 3296 3438 3368 Propter
3465 3280 3571 3351 inii

1984 3396 2119 3453 tium
2154 3395 2300 3451 enim
2337 3410 2489 3465 nova:
2524 3392 2679 3459 vitae,
2720 3399 2775 3447 et
2794 3398 3024 3465 propter
3051 3406 3246 3447 novum
3274 3389 3577 3458 hominem,

1983 3501 2145 3560 quem
2182 3485 2437 3557 jubemur
2477 3476 2735 3551 induere,
2767 3492 2821 3538 et
2849 3497 3048 3539 exuere
3073 3490 3311 3538 veterem
3329 3472 3353 3549 ,“
3383 3497 3574 3551 expur-

1980 3585 2162 3649 gantes
2202 3585 2345 3631 vetus
2382 3572 2724 3645 fermentum,
2768 3582 2825 3627 ut
2856 3573 3019 3627 simus
3060 3589 3190 3627 nova
3229 3571 3525 3642 conspersio
3553 3582 3572 3622 :

1982 3668 2232 3741 quoniam
2284 3667 2486 3739 pascha
2547 3676 2783 3723 nostrum
2838 3663 3137 3717 immolatus
3193 3670 3267 3716 est
3328 3651 3568 3739 Christus

1987 3758 2039 3833 (Ι
2071 3757 2193 3815 Cor.
2217 3759 2310 3831 v);
2338 3767 2557 3831 propter
2580 3758 2722 3813 hanc
2748 3771 2875 3828 ergo
2897 3756 3021 3810 vitae
3045 3754 3337 3821 novitatem
3363 3748 3570 3826 primus

1983 3832 2190 3908 mensis
2217 3865 2479 3905 novorum
2507 3849 2558 3904 in
2596 3848 2723 3905 anni
2764 3832 3419 3923 mensibus‘ce'lehrationi
3450 3838 3572 3915 pas-

1987 3942 2129 3998 chali
2156 3942 2381 4014 mystice
2403 3941 2694 3998 attributus
2713 3951 2817 4021 est.
2842 3939 2994 4009 Quod
3015 3954 3144 3996 vero
3369 3926 3571 4035 hebdo-

1983 4032 2157 4113 mada:
2182 4031 2267 4087 die
2292 4032 2493 4104 pascha
2518 4030 2844 4099 celebratur,
2879 4030 2933 4086 id
2962 4038 3072 4095 est,
3103 4026 3197 4107 qui
3237 4028 3349 4085 dies
3376 4026 3567 4113 occur-

1984 4110 2109 4181 rita
2130 4124 2314 4195 quinta
2339 4123 2546 4181 decima
2570 4140 2739 4199 usque
2762 4124 2814 4181 in
2836 4122 3145 4180 vicesimam
3172 4120 3402 4194 primam
3428 4106 3570 4200 :ho'e

1985 4206 2254 4288 signiﬁcat
2274 4234 2296 4285 g:
2330 4216 2455 4288 quia
2481 4212 2535 4271 in
2563 4221 2676 4272 toto
2701 4200 2942 4289 tempore
2975 4212 3175 4279 seaculi,
3202 4208 3294 4283 qui
3317 4220 3570 4289 septena:

1984 4304 2068 4362 rio
2094 4307 2301 4363 dierum
2331 4323 2557 4363 numero
2586 4306 2780 4387 agitur,
2802 4288 2949 4363 nunc
2980 4305 3199 4362 tertium
3231 4314 3440 4387 tempus
3464 4288 3571 4361 hoc

1983 4407 2382 4455 sacramentum
2413 4400 2641 4471 aperuit.
2667 4384 2910 4455 Primum
2935 4399 3079 4454 enim
3108 4384 3321 4473 tempus
3345 4403 3426 4455 est
3446 4388 3569 4455 ante

1981 4490 2157 4565 legem
2193 4510 2206 4547 :
2239 4495 2530 4548 secundum
2558 4491 2657 4546 sub
2680 4490 2842 4565 lege:
2874 4490 3094 4546 tertium
3124 4488 3224 4546 sub
3258 4489 3452 4569 gratia,
3476 4486 3569 4567 ubi

1977 4582 2091 4655 jam
2131 4571 2535 4639 manifestatum
2563 4592 2647 4640 est
2675 4593 3074 4661 sacramentum
3099 4583 3249 4657 prius
3297 4583 3567 4667 occultum

1982 4678 2041 4732 in
2063 4676 2376 4747 prophetico
2398 4677 2700 4748 :enigmate.
2730 4677 2853 4733 Ideo
2882 4656 2941 4732 et
2959 4685 3179 4750 propter
3202 4666 3319 4749 haec
3343 4658 3448 4730 tria

1987 4767 2093 4823 culi
2125 4774 2365 4838 tempora
2395 4768 2720 4833 resurrectio
2742 4765 2961 4825 Domini
3000 4766 3247 4821 triduana
3278 4774 3381 4831 est,
3406 4754 3567 4841 Quod

1984 4872 2170 4914 veroa
2232 4859 2383 4916 uinta
2413 4856 2621 4915 decima
2645 4857 2770 4929 luna
2814 4844 2986 4931 usque
3031 4846 3103 4913 ad
3123 4838 3569 4953 vicesimampri-

1989 4966 2259 5022 mampcr
2290 4951 2404 5007 dies
2431 4959 2635 5025 septem
2667 4950 2937 5022 paschalis
2976 4949 3091 5007 dies
3126 4946 3387 5023 quazritur
3416 4946 3563 5037 [[i'tl:

1986 5050 2209 5115 propter
2231 5044 2404 5113 ipsum
2433 5058 2719 5101 numerum
2748 5043 3140 5116 septenarium,
3168 5058 3276 5117 quo
3301 5026 3568 5100 universi-

1987 5134 2117 5189 tatis
2161 5133 2483 5206 significatio
2528 5149 2669 5204 saepe
2696 5131 2987 5206 ﬁguratur,
3018 5133 3111 5206 qui
3140 5135 3307 5215 etiam
3328 5120 3435 5211 ipsi
3460 5130 3566 5219 Etc-

1986 5225 2166 5283 clesiae
2200 5226 2456 5281 tribuitur
2474 5235 2694 5299 propter
2715 5226 2886 5281 instar
2909 5225 3300 5285 universitatis.
3333 5214 3568 5283 Unde'et

1986 5316 2223 5376 Joannes
2252 5315 2524 5387 apostolus
2550 5317 2604 5371 in
2640 5314 2957 5389 Apocalypsi
2988 5316 3171 5389 (Apoc.
3201 5317 3245 5389 ι)
3264 5302 3335 5372 ad
3354 5304 3565 5388 septem

1989 5408 2206 5481 scripsit
2230 5405 2509 5463 ecclesias.
2538 5402 2778 5462 Ecelesia
2804 5422 2935 5463 vero
2964 5408 3139 5463 adhuc
3160 5406 3214 5461 in
3234 5390 3342 5461 ista'
3363 5410 3566 5463 morta-

1984 5498 2138 5555 litate
2172 5497 2353 5553 carnis
2378 5496 2707 5564 constituta,
2755 5509 2977 5570 propter
3014 5497 3186 5568 ipsam
3230 5494 3567 5555 mutabilita-

1983 5599 2121 5658 tem,
2152 5589 2295 5644 luna:
2321 5589 2572 5658 nomine,
2614 5591 2667 5645 in
2712 5589 2992 5662 scripturis
3020 5589 3369 5661 Signiﬁcatur.
3399 5580 3567 5673 Varia

1986 5703 2158 5779 Deum
2177 5699 2432 5779 Filium}
2453 5704 2618 5779 cujus
2642 5704 2966 5765 contrarium
2989 5710 3172 5759 sancta
3206 5703 3439 5779 synodi,»
3467 5715 3569 5779 per

1987 5772 2278 5848 symbolum
2307 5772 2557 5856 deﬁnivit.
3237 5772 3255 5779 ‘
3352 5846 3361 5855 '
