4074 6316
255 359 353 424 ωε

863 475 1091 535 CAPUT
1127 475 1218 532 XI.

254 590 334 650 De
352 589 682 648 moramentis
701 587 895 644 divinis
916 603 934 640 :
961 589 1049 644 ubi
1074 589 1202 660 quid
1232 590 1289 644 in
1318 589 1398 643 his
1424 587 1620 643 homini
1651 605 1832 658 gerem

687 659 815 713 dum
840 661 932 726 sit,
962 659 1368 714 demanat-ratur.

329 778 732 828 Sacramentum
765 776 849 824 est
883 769 936 822 in
966 768 1145 838 aliqua
1175 768 1557 837 celebratione,
1591 784 1714 825 cum
1745 785 1831 825 res

254 872 397 936 gesta
432 861 504 914 ita
533 859 628 924 ﬁt,
664 867 726 914 ut
745 859 947 928 aliquid
975 859 1282 930 mgniiicare
1308 860 1662 932 intelligatur,
1685 860 1830 930 quod

252 960 428 1009 sancte
476 948 847 1019 accipiendum
890 957 992 1004 est.
1035 949 1174 1006 Sunt
1223 958 1404 1006 autem
1453 949 1826 1018 Sacramenta,

248 1045 543 1116 baptismus
563 1049 620 1098 et
637 1041 892 1108 chrisma,
909 1057 1106 1112 corpus
1125 1051 1182 1098 et
1195 1043 1414 1112 sanguis
1440 1043 1686 1109 Domini;
1709 1059 1830 1114 qum

246 1137 316 1194 ob
354 1136 408 1190 id
457 1134 813 1188 Sacramenta
857 1133 1126 1199 dicuntur,
1173 1133 1316 1203 quod
1363 1133 1467 1187 sub
1517 1141 1829 1205 legumento

245 1223 606 1293 corporalium
642 1238 825 1278 rerum
859 1223 1032 1278 virtus
1075 1225 1255 1279 divina
1293 1225 1556 1280 secretius
1603 1224 1829 1280 salutem

246 1315 558 1372 earumdem
619 1313 1097 1370 Sacramentorum
1135 1325 1414 1386 operatur.
1481 1316 1634 1372 Unde
1685 1324 1739 1371 et
1799 1330 1834 1371 a

247 1407 468 1474 secretis
509 1406 804 1462 virtutibus
833 1407 918 1463 vel
963 1410 1135 1464 sacris
1174 1409 1527 1464 Sacramenta
1557 1409 1826 1465 dicuntur.

248 1498 371 1566 Quae
391 1496 514 1552 ideo
544 1496 822 1564 fructuose
846 1515 1012 1568 penes
1039 1500 1340 1557 Ecclesium
1368 1501 1504 1555 ﬁunt
1523 1519 1535 1554 :
1553 1502 1678 1572 quia
1706 1517 1831 1557 sano

245 1598 360 1646 ctus
381 1589 438 1644 in
454 1603 526 1644 ea
554 1603 781 1644 manens
804 1587 1044 1659 Spiritus
1070 1589 1322 1646 eumdem
1353 1589 1832 1646 Sacramentorum

242 1681 466 1738 latenter
497 1689 755 1751 operatur
783 1682 1056 1740 effectum.
1086 1683 1238 1740 Unde
1273 1699 1372 1740 seu-
1393 1698 1491 1754 per
1518 1685 1691 1740 bonos
1734 1697 1834 1737 seu

241 1781 334 1846 per
363 1771 538 1827 malos
571 1773 852 1828 ministros
893 1774 1037 1828 intra
1065 1773 1158 1834 Dei
1196 1773 1490 1830 Ecclesiam
1517 1775 1832 1845 dispensen-

1244 363 1334 418 DE
1367 361 1714 419 UMVERSO
1748 361 1928 418 LIBRI
1967 361 2132 418 XXII.
2172 393 2242 404 --
2281 364 2406 420 LIB.
2451 364 2518 419 ν.

1855 479 1905 539 Α
1936 487 2143 548 tempus
2173 480 2435 550 respicit,
2471 480 2688 551 quando
2731 480 2972 551 Apostoli
3021 489 3078 538 et
3102 487 3283 542 cteteri
3329 488 3518 546 ﬁdeles

3408 373 3512 431 L51:

1935 571 2076 627 illius
2109 573 2365 641 temporis
2415 572 2680 643 baptizati
2724 580 2851 628 sunt
2879 587 3017 644 aqua
3059 574 3113 628 in
3143 578 3552 639 remissionem...

1932 660 2282 734 peccatorum
2333 681 2431 736 per
2477 665 2709 737 gratiam
2759 663 2995 734 Spiritus
3038 669 3212 722 sancti
3260 669 3516 728 donatam

1932 755 2034 812 sibi
2056 771 2086 810 a
2123 757 2354 812 Domino
2383 774 2396 810 :
2430 771 2618 812 verum
2656 755 2820 810 etiam
2849 752 3086 826 Quando,
3118 759 3368 816 mittente
3402 761 3522 834 ipso

1931 847 2192 914 Domino,
2241 847 2456 918 plenius
2511 847 2755 916 ejusdem
2781 848 2932 904 'dona
2983 849 3524 922 accepereSpiritus'

1933 939 2105 994 sancti
2156 938 2223 995 de
2262 939 2416 995 cmlis
2450 958 2461 992 :
2493 936 2588 994 sed
2623 947 2678 993 et
2730 954 2873 994 nunc
2902 937 3214 1010 quicunque
3243 940 3520 1012 Baptisma

1933 1031 1990 1084 in
2051 1032 2425 1088 remissionem
2487 1041 2838 1104 peccatorum
2884 1031 3180 1104 accipiunt,
3230 1035 3420 1105 utique
3461 1037 3520 1092 in

1935 1118 2139 1190 Spiritu
2175 1130 2364 1177 sancto
2409 1124 2755 1193 baptizautur
2782 1164 2796 1189 ,
2827 1139 2926 1194 per
2961 1123 3117 1196 cujus
3167 1125 3368 1181 donum
3407 1133 3463 1183 et
3489 1131 3531 1183 a'

1932 1203 2171 1280 peccatis
2197 1213 2489 1268 abluuntur
2523 1214 2792 1280 omnibus,
2831 1223 2887 1269 et
2937 1215 2991 1270 in
3045 1215 3203 1272 bonis
3255 1218 3524 1290 proﬁcere

1933 1301 2143 1357 actibus
2159 1302 2500 1370 adjuvantur.
2524 1301 2657 1359 Item
2673 1303 2869 1375 legitur
2890 1303 3142 1362 Salvator
3157 1307 3212 1362 in
3229 1307 3524 1381 Evangelio

1934 1391 2000 1446 de
2022 1406 2082 1446 se
2099 1391 2300 1448 dixisse
2327 1393 2682 1464 :Baptismum
2699 1395 2862 1449 habeo
2879 1396 3158 1466 baptizari,
3181 1410 3231 1454 et
3259 1413 3523 1470 coarctor,

1933 1483 2098 1537 donec
2143 1483 2451 1553 perficiatur
2477 1485 2628 1556 (Luc.
2654 1487 2787 1559 xu);
2824 1489 2879 1543 in
2900 1506 3008 1560 quo
3031 1492 3282 1549 videlicet
3317 1496 3527 1566 passio-

1934 1573 2020 1628 nis
2046 1588 2154 1628 sutc
2180 1574 2354 1629 innuit
2379 1573 2822 1634 Sacramentum:
2852 1582 3108 1650 quoniam
3135 1598 3332 1654 corpus
3347 1601 3522 1654 suum,

1935 1664 2039 1750 hoc
2062 1673 2165 1731 est,
2186 1675 2429 1721 sanctam
2462 1667 2762 1724 Ecclesiam
2788 1682 2887 1741 per
2913 1671 3226 1734 effusionem
3249 1678 3527 1749 sanguinis

1935 1755 2019 1810 sui
2058 1756 2256 1810 lavavit
2295 1773 2325 1810 a
2363 1759 2615 1814 sordibus
2652 1761 2894 1816 omnium
2937 1775 3311 1834 peccatorum.
3359 1769 3522 1826 ’Uude

242 1875 327 1921 tur
356 1884 367 1919 :
400 1873 587 1920 tamen
611 1861 736 1934 quia
770 1866 1003 1937 Spiritus
1031 1876 1254 1926 sanctus
1293 1868 1516 1939 mystice
1540 1868 1627 1922 illa
1653 1865 1828 1921 viviﬁ-

1935 1851 2196 1934 sc'riptum
2227 1861 2310 1906 est
2342 1871 2354 1906 :
2387 1852 2492 1919 Qui
2511 1855 2692 1910 dilexit
2723 1874 2835 1924 nos,
2861 1865 2910 1913 et
2951 1859 3077 1915 lavit
3106 1879 3202 1916 nos
3233 1881 3265 1917 ιι
3296 1867 3523 1934 peccatis

241 1967 346 2024 cat,
375 1959 464 2027 qui
524 1959 796 2026 quondam
828 1960 1121 2028 apostolico
1157 1961 1212 2018 in
1249 1969 1490 2030 tempore
1539 1961 1828 2018 visibilher

241 2050 571 2121 apparebat;
601 2050 858 2119 operibus
893 2066 993 2108 nec
1021 2053 1288 2108 bonorum
1311 2053 1521 2108 meritis
1550 2053 1828 2122 dispensa-

239 2147 411 2196 torum
455 2140 863 2210 ampliﬁcantur
887 2142 1002 2200 haec
1047 2144 1215 2208 dona,
1254 2158 1354 2198 nec
1392 2143 1658 2208 malorum
1695 2152 1830 2204 atte-

236 2219 465 2285 nuantur
499 2245 517 2284 :
547 2229 686 2296 Quia
725 2249 889 2303 neque
917 2233 1010 2303 qui
1034 2233 1238 2303 plantat
1286 2233 1487 2304 aliquid
1536 2245 1634 2301 est,
1667 2251 1830 2307 neque

243 2322 328 2393 qui
359 2323 527 2392 rigat,
553 2323 646 2377 sed
666 2324 756 2394 qui
781 2324 1156 2397 incrementum
1201 2325 1290 2378 dat
1317 2323 1460 2379 Deus
1491 2325 1542 2397 (Ι
1573 2325 1695 2383 Cor.
1720 2329 1826 2398 ιιι).

237 2416 388 2474 Unde
409 2421 466 2468 et
510 2427 690 2484 graece
715 2414 1037 2484 mysterium
1064 2415 1281 2482 dicitur,
1327 2417 1470 2486 quod
1493 2418 1830 2472 reconditam

240 2511 435 2569 habeat
461 2507 949 2578 dispensationem.
980 2506 1288 2576 Baptismus
1315 2508 1508 2579 graece,
1531 2509 1698 2564 latine
1723 2511 1831 2563 tin-

235 2604 334 2660 ctis
358 2597 774 2668 interpretatur.
793 2595 922 2663 Quae
935 2596 1147 2653 idcirco.
1164 2597 1353 2652 tinctio
1372 2597 1588 2665 dicitur,
1614 2598 1738 2666 quia
1759 2597 1832 2652 ibi

236 2693 399 2751 homo
420 2690 634 2765 Spiritu
671 2687 860 2758 gratiae
901 2688 957 2742 in
995 2688 1188 2757 melius
1231 2688 1569 2753 immutatur,
1593 2699 1649 2743 et
1676 2688 1833 2758 longe

236 2783 399 2849 aliud,
428 2797 600 2853 quam
630 2787 770 2845 erat,
805 2777 1058 2834 eiiicitur.
1091 2779 1250 2833 Prius
1280 2779 1426 2834 enim
1458 2777 1588 2834 εαξάὶ
1615 2794 1834 2833 eramus

235 2873 591 2930 deformitate
613 2879 958 2942 peccatorum
983 2887 994 2924 :
1028 2870 1086 2924 in
1117 2870 1234 2940 ipsa
1256 2869 1520 2926 tinctione
1551 2871 1831 2925 reddimur

236 2964 446 3034 Μελιιὶ
475 2964 547 3020 de
592 2961 861 3018 albatione
887 2962 1172 3016 virtutum.
1212 2961 1366 3017 Unde
1405 2969 1460 3017 et
1509 2961 1564 3016 in
1594 2961 1834 3017 Canticis

177 3073 185 3081 ·
235 3053 488 3108 scribitur
534 3053 866 3107 canticorum
900 3070 915 3105 :
945 3050 1075 3116 Qua:
1111 3060 1187 3105 est
1229 3051 1366 3118 ista,
1407 3067 1525 3121 qua:
1573 3051 1828 3116 ascendit,

234 3145 382 3213 quasi
432 3142 725 3198 dealbata?
767 3142 958 3214 (Cant.
993 3142 1102 3214 ιιι.)
1150 3142 1315 3213 Cujus
1358 3144 1678 3214 mysterium
1722 3161 1830 3200 non

236 3235 414 3301 aliter,
450 3236 560 3292 nisi
586 3237 687 3290 sub
717 3234 1000 3290 Trinitatis
1025 3233 1420 3304 designatione,
1442 3235 1497 3290 id
1523 3243 1625 3301 cst,
1653 3235 1833 3292 Patris

236 3337 295 3383 et
338 3329 463 3384 Filii
489 3339 560 3383 et.
594 3328 832 3398 Spiritus
860 3329 1038 3383 sancti
1064 3328 1554 3399 cognominatione,
1586 3330 1831 3400 comple-

239 3429 342 3489 tur,
369 3423 591 3477 diceu-te
619 3421 849 3476 Domino
871 3421 942 3475 ad
958 3420 1247 3492 Apostolus
1278 3435 1292 3474 :
1328 3421 1430 3485 Ite,
1452 3421 1630 3477 docete
1652 3439 1832 3478 omnes

234 3525 432 3584 gentes,
471 3513 802 3582 baptizantes
847 3530 932 3568 eos
968 3514 1023 3567 in
1067 3515 1274 3568 nomine
1314 3513 1497 3568 Patris
1548 3524 1597 3568 et
1626 3512 1761 3568 Filii
1783 3523 1836 3569 et

236 3601 467 3673 Spiritus
502 3603 672 3656 sancti
703 3602 918 3673 (Matth.
950 3603 1166 3675 xxvm).
1201 3604 1354 3660 Sicut
1385 3604 1532 3659 enim
1566 3606 1621 3659 in
1665 3605 1833 3660 tribus

233 3694 456 3748 testibus
486 3701 592 3745 stat
614 3709 763 3746 omne
790 3693 996 3747 verbum
1019 3694 1197 3764 (Deut.
1228 3695 1313 3766 ι),
1334 3696 1408 3750 ita
1432 3705 1834 3752 sacramentum

235 3783 540 3840 conﬁrmat
563 3780 836 3836 ternarius
879 3796 1134 3836 numerus
1173 3784 1460 3840 nominum
1503 3785 1830 3839 divinorum.

237 3875 388 3944 Quod
412 3881 602 3928 autem
631 3887 730 3942 per.
759 3887 956 3942 aquam
995 3873 1302 3943 Baptismus
1333 3875 1514 3940 datur,
1550 3876 1667 3930 haec
1697 3878 1836 3932 ratio

237 3974 336 4021 est.
367 3963 556 4019 Voluit
597 3963 743 4016 enim
778 3961 1064 4027 Dominus,
1094 3971 1160 4017 ut
1187 3979 1275 4018 res
1311 3963 1402 4017 illa
1433 3964 1718 4019 invisibilis
1741 3983 1837 4036 per

239 4053 676 4127 congruentiam,
723 4051 932 4110 scilicet
970 4067 1069 4122 per
1113 4053 1498 4110 contrectabile
1539 4063 1594 4107 ct
1625 4054 1838 4110 visibile

242 4146 654 4218 impenderetur
712 4142 1072 4208 elementum,
1127 4156 1289 4213 super
1348 4144 1491 4214 quod
1551 4145 1719 4200 etiam
1778 4146 1834 4200 in

241 4234 512 4306 principio
551 4232 825 4289 ferebatur
872 4232 1106 4302 Spiritus
1158 4241 1379 4292 sanctus
1425 4231 1577 4306 (Gen.
1604 4233 1665 4303 ι).
1696 4233 1831 4294 Nam

243 4327 382 4384 sicut
409 4341 558 4397 aqua
595 4333 790 4397 purgat
820 4325 1059 4380 exterius
1097 4340 1292 4396 corpus
1317 4342 1332 4380 :
1364 4327 1440 4381 ita
1463 4326 1692 4382 latenter
1716 4328 1832 4398 ejus

244 4419 554 4478 ministerio
585 4432 683 4488 per
712 4415 976 4488 Spiritum
1001 4426 1248 4473 sanctum
1281 4418 1599 4487 puriﬁcatur
1634 4427 1690 4473 et
1716 4419 1836 4473 ani-

243 4525 380 4566 mus.
396 4507 570 4577 Cujus
587 4507 944 4562 sanctiﬁcatio
965 4507 1040 4564 ita
1053 4515 1153 4564 est.
1169 4508 1424 4564 lnvocato
1447 4510 1591 4564 enim
1609 4510 1720 4566 Deo
1735 4511 1831 4566 de-

244 4601 460 4658 scendit.
477 4598 719 4670 Spiritus
741 4607 960 4654 sanctus
989 4599 1054 4654 de
1081 4599 1253 4665 caelis,
1284 4608 1338 4656 et
1365 4601 1648 4660 medicatis
1678 4603 1831 4672 aquis

245 4694 553 4750 sanctiﬁcat
586 4707 680 4748 eas
725 4692 791 4748 de
819 4693 1133 4764 semetipso,
1176 4703 1232 4748 et
1255 4694 1527 4764 accipiunt
1557 4696 1665 4749 vim
1699 4712 1831 4765 pur-

245 4785 504 4858 gationis,
554 4791 614 4836 ut
643 4781 701 4846 in
736 4782 814 4842 eis
858 4790 914 4838 et
935 4796 1065 4838 caro
1099 4790 1153 4838 et
1189 4783 1368 4846 anima
1418 4783 1627 4851 delictis
1652 4784 1832 4852 inqui-

248 4885 384 4934 nata:
441 4875 792 4934 mandentur.
850 4871 966 4928 Hoc
1030 4888 1252 4945 quoque
1306 4873 1585 4931 sciendum
1612 4913 1628 4940 ,
1687 4876 1836 4946 quod

249 4970 493 5040 quamvis
551 4967 857 5040 apostolica.
897 4966 1144 5030 doctrina
1195 4966 1530 5040 (Ephes.1v)_.
1576 4969 1834 5039 pradicet

250 5076 410 5124 unam
456 5075 590 5118 esse.
630 5061 791 5118 iidem
816 5068 872 5115 et
912 5076 1076 5122 unum
1120 5059 1439 5132 Baptisma:
1476 5071 1654 5117 tamen
1705 5070 1832 5117 sunt

251 5151 404 5220 plura
431 5167 633 5224 genera
675 5153 1038 5223 baptismatis,
1075 5167 1196 5222 quae
1241 5162 1474 5224 purgant
1500 5155 1772 5212 hominem
1800 5170 1832 5207 a

255 5241 458 5298 delictis
483 5283 500 5308 ,
533 5257 598 5297 ac
639 5241 943 5312 profectum
989 5241 1276 5296 conferunt
1330 5243 1654 5304 sanctitatis.
1696 5243 1832 5298 Nam

254 5330 447 5404 legitur
499 5334 555 5390 in
604 5333 830 5390 Actibus
872 5335 1269 5406 apostolorum,
1316 5336 1604 5392 Dominum
1639 5352 1831 5400 ascen-

257 5437 436 5486 surum
464 5425 524 5492 in
561 5424 758 5482 coelum
799 5425 1074 5496 discipulis
1096 5426 1298 5483 dixisse
1331 5447 1344 5482 :
1372 5429 1603 5485 Joannes
1625 5429 1833 5500 quidem

259 5514 530 5584 baptizavit
580 5532 759 5590 aqua:
811 5533 897 5571 vos
947 5530 1120 5573 autem
1177 5520 1569 5590 baptizabimini
1631 5522 1832 5592 Spiritu

258 5616 436 5665 sancto
487 5625 592 5663 non
615 5609 739 5681 :post
791 5609 980 5664 multos
1034 5613 1126 5666 hos
1182 5612 1292 5667 dies
1324 5613 1463 5685 (Act.
1488 5614 1550 5684 1).
1595 5615 1695 5671 Ubi
1736 5633 1833 5671 no-

261 5701 496 5763 tandum,
520 5701 661 5769 quod
696 5699 971 5770 Baptisms
1028 5701 1239 5758 Domini
1288 5704 1339 5757 in
1383 5704 1586 5773 Spiritu
1620 5717 1828 5772 sancto,

255 5791 319 5847 dc
347 5806 456 5859 quo
477 5793 800 5862 prazdixerat
827 5793 1078 5860 Joannes,
1111 5812 1219 5851 non
1242 5797 1308 5850 ad
1341 5797 1468 5852 illud
1496 5799 1829 5855 solummodo

1856 4561 1915 4621 D

1934 1943 2124 2006 nostris
2152 1945 2205 1996 in
2236 1945 2490 2016 sanguine
2513 1963 2609 2000 suo
2638 1945 2821 2019 (Apoc.
2857 1948 2920 2022 1).
2966 1951 3105 2008 Hinc
3130 1969 3345 2025 quoque
3384 1973 3531 2012 mar-
3576 2026 3579 2028 _

1933 2035 2154 2106 tyrium,
2187 2035 2327 2105 quod
2356 2050 2455 2106 pro
2479 2036 2683 2093 Christi
2736 2042 2954 2098 nomine
3005 2045 3285 2114 patiuntur
3316 2047 3532 2117 ﬁdeles,

1933 2126 2174 2182 creditur
2225 2142 2344 2182 esse
2396 2129 2648 2201 purgatio
2684 2132 2926 2188 omnium
2975 2145 3362 2207 peccatorum:
3389 2140 3533 2196 sicut

1936 2215 2066 2270 dicit
2089 2216 2282 2271 Petrus
2310 2219 2588 2287 apostolus
2615 2237 2627 2272 :
2657 2217 2895 2276 Christus
2924 2239 3110 2294 passus
3135 2235 3209 2280 est
3233 2227 3330 2298 pro
3365 2218 3532 2295 vobis,

1935 2307 2076 2360 vobis
2104 2307 2398 2380 relinquens
2421 2309 2735 2380 exemplum,
2768 2321 2826 2365 ut
2858 2314 3148 2382 sequamini
3170 2319 3383 2388 vestigia
3410 2321 3527 2390 ejus

1936 2395 1985 2468 (1
2001 2393 2149 2450 ~Petr.
2183 2396 2266 2468 ιι).
2285 2397 2361 2454 De
2383 2414 2490 2468 quo
2515 2400 2630 2470 ipsa
2663 2400 2875 2456 Veritas
2900 2409 3147 2470 testatur,
3172 2405 3389 2461 dicens:
3427 2407 3534 2474 Qui

1935 2495 2169 2564 sequitur
2210 2512 2310 2562 me,
2355 2513 2459 2551 non
2483 2497 2771 2551 ambulabit
2798 2499 2853 2551 in
2900 2498 3143 2566 tenebris,
3188 2501 3278 2555 sed
3324 2501 3530 2558 habebit

1935 2585 2114 2640 lumen
2140 2581 2259 2640 vita:
2284 2587 2468 2658 (Joan.
2503 2588 2644 2660 vm).
2675 2589 2742 2644 Et
2769 2590 2964 2646 iterum
2991 2596 3014 2644 ι’
3037 2591 3141 2659 Qui
3173 2593 3304 2660 vult,
3333 2595 3529 2664 inquit,

1935 2688 2049 2748 post
2081 2695 2160 2732 me
2182 2679 2373 2746 venire,
2422 2681 2638 2751 abneget
2665 2682 3022 2752 semetipsum,
3072 2692 3120 2738 et
3148 2681 3296 2738 tollat
3325 2701 3533 2741 crucem

1935 2787 2107 2835 suam,
2153 2779 2201 2824 et
2236 2781 2486 2841 sequatur
2514 2789 2616 2834 me.
2665 2771 2808 2826 Nam
2833 2774 2921 2844 qui
2973 2774 3256 2844 perdiderit
3301 2777 3535 2833 animum

1935 2877 2088 2915 suam
2129 2871 2341 2933 propter
2394 2879 2474 2915 me
2528 2865 2583 2915 in
2611 2863 2767 2917 vitam
2817 2873 3071 2924 (etei-nam,
3115 2867 3366 2922 custodiet
3417 2884 3535 2923 eam

1937 2955 2154 3028 (Matth.
2186 2955 2325 3026 xvi).
2376 2955 2648 3012 Praeterea
2673 2965 2799 3012 sunt
2823 2959 2878 3011 et
2904 2957 3022 3014 alia:
3051 2960 3261 3029 species
3291 2960 3520 3014 munda-

1936 3046 2166 3112 tiouum,
2198 3046 2393 3116 quibus
2436 3047 2628 3102 anima:
2683 3057 2989 3120 purgantur
3031 3064 3064 3104 a
3113 3049 3329 3105 delictis
3372 3061 3536 3120 atque

1940 3138 2208 3214 peccatis.
2235 3137 2373 3193 Nam
2405 3138 2704 3194 creduntur
2731 3139 2926 3196 animae
2948 3139 3087 3196 solvi
3110 3155 3142 3195 a
3161 3196 3164 3198 ,
3185 3150 3532 3211 peccatorum

1939 3231 2169 3304 vinculis
2195 3246 2293 3302 per
2314 3230 2710 3286 confessionem
2740 3240 2795 3287 et
2818 3247 2916 3301 per
2948 3219 3327 3303 paenitentiam
3350 3249 3536 3288 veram

1937 3321 2060 3376 cu‘m
2113 3321 2479 3391 lactytnarum
2545 3322 2979 3392 compunctione.
3055 3323 3207 3378 Unde
3260 3332 3346 3378 est
3405 3323 3536 3379 illud

1940 3408 2128 3466 Jacobi
2168 3412 2536 3466 testimonium
2569 3431 2580 3464 :
2615 3411 2949 3482 Conﬁtemini
2972 3413 3536 3483 alterutrumpeccata

1938 3513 2127 3568 vestra,
2175 3512 2223 3556 et
2271 3513 2415 3557 orate
2457 3520 2551 3574 pro
2580 3504 2818 3567 invicem,
2866 3512 2923 3557 ut
2969 3502 3242 3558 salvemini
3285 3501 3426 3575 (Jac.
3458 3503 3536 3574 v).

1938 3593 2078 3648 Hinc
2108 3602 2164 3648 et
2189 3595 2476 3650 Psalmista
2497 3596 2562 3650 ad
2588 3595 2876 3651 Dominum
2907 3596 2983 3652 ait
3015 3611 3030 3650 :
3066 3596 3330 3652 Delictum
3363 3589 3538 3671 meum

1937 3685 2204 3755 cognitum
2251 3686 2344 3740 tibi
2388 3687 2518 3756 feci,
2566 3697 2613 3740 ct
2643 3687 2932 3758 injustitias
2963 3702 3104 3742 meas
3155 3704 3261 3741 non
3300 3689 3482 3759 operui
3515 3703 3535 3740 .'

1938 3779 2071 3843 dixi,
2124 3780 2477 3848 pronuntiabo
2521 3782 2800 3834 adversum.
2823 3781 3213 3852 meinjustitias
3252 3797 3396 3837 meas
3422 3781 3537 3837 Do-

1937 3871 2103 3934 mino,
2153 3879 2199 3923 et
2236 3881 2296 3922 tu
2342 3872 2587 3926 remisisti
2626 3871 2942 3941 impietatem
2986 3872 3158 3926 cordis
3200 3872 3302 3926 mei
3356 3869 3533 3944 (Psal.

1940 3962 2123 4029 xxxx);
2157 3970 2211 4016 et
2252 3959 2410 4014 alibi:
2465 3961 2906 4034 lavabo,inquit,
2939 3979 3031 4032 per
3071 3960 3305 4032 singulas
3356 3970 3532 4016 noctes
3611 3971 3614 3976 ‘

1938 4050 2129 4104 lectum
2167 4066 2380 4115 meum,
2419 4049 2664 4120 lacrymis
2717 4053 2843 4107 meis
2897 4061 3091 4108 statuat
3131 4068 3302 4107 meum
3355 4054 3536 4125 rigabo

1939 4135 2110 4210 (Psal.
2143 4140 2241 4211 γι).
2277 4140 2379 4195 Ubi
2415 4139 2612 4196 lectum
2635 4140 3048 4200 delectationem
3097 4142 3350 4212 corporis
3379 4143 3538 4198 intel-

1938 4229 2174 4301 ligimus,
2207 4246 2368 4300 quam
2410 4239 2589 4300 pctest
2623 4232 2788 4286 homo
2813 4231 3085 4302 lacrymis,
3131 4233 3377 4302 quamvis
3405 4249 3536 4304 pan--

1936 4322 2037 4387 cis,
2080 4322 2288 4387 lavare,
2343 4321 2393 4377 si
2422 4336 2552 4376 eum
2593 4323 2876 4394 contingat
2922 4323 3126 4390 cmlesti
3180 4326 3536 4396 inspiratione

1935 4413 2154 4491 deﬂere.
2182 4413 2416 4470 Stratum
2438 4423 2619 4470 autem
2649 4412 2920 4486 signiﬁcat
2960 4416 3235 4473 cumulum
3287 4424 3536 4488 peccato-

1937 4528 2079 4577 rum,
2102 4528 2264 4583 quem
2280 4513 2458 4584 rigare
2473 4511 2750 4583 jubemur,
2767 4513 2873 4568 hoc
2884 4522 2985 4579 est,
3012 4515 3232 4570 uberius
3252 4513 3461 4580 lavare,
3477 4521 3538 4567 ut"

1941 4605 2110 4661 simus
2133 4620 2198 4658 ex
2219 4612 2506 4673 peccatore
2528 4603 2682 4671 justi,
2699 4619 2766 4658 ex
2798 4604 3014 4674 lugente
3041 4605 3172 4671 laeti,
3197 4609 3254 4660 et
3278 4594 3536 4673 exaegroi-

1942 4706 1998 4750 to
2044 4693 2340 4748 sanissimi.
2374 4693 2530 4762 Quod
2556 4703 2736 4748 autem
2773 4707 2906 4749 vera
2925 4693 3243 4764 paenitentia
3271 4697 3536 4765 expurget

1941 4784 2241 4848 hominem,
2269 4791 2325 4838 et
2349 4784 2422 4837 ad
2451 4782 2676 4837 caeleste
2699 4798 2926 4855 regnum
2973 4785 3257 4854 perducat,
3295 4787 3533 4842 ostendit

1940 4877 2223 4943 Dominus,
2254 4874 2440 4929 dicens
2468 4892 2480 4927 :
2515 4873 2884 4929 Paenitentiam
2905 4875 3068 4946 agite,
3093 4876 3531 4947 appropinquabit

1940 4969 2080 5023 enim
2133 4983 2349 5038 regnum
2376 4966 2624 5021 caelorum
2674 4967 2900 5039 (Matth.
2929 4966 3034 5037 tv).
3074 4966 3211 5022 Item
3245 4984 3340 5039 per
3387 4971 3534 5026 bona

1941 5074 2103 5130 opera
2134 5068 2192 5115 et
2212 5074 2311 5130 per
2346 5059 2719 5130 eleemosynas
2748 5067 3014 5130 purgatur
3033 5059 3195 5116 homo
3215 5075 3246 5116 a
3278 5061 3532 5120 sordibus

1940 5151 2152 5207 animae.
2186 5151 2341 5208 Unde
2375 5160 2459 5208 est
2485 5149 2615 5204 illud
2649 5149 2953 5208 Psalmistm
2978 5169 2990 5205 :
3019 5149 3230 5207 Lavabo
3264 5154 3400 5208 inter
3439 5155 3528 5208 ἀπο

1940 5252 2186 5299 nocentes.
2215 5259 2404 5298 manus
2456 5260 2596 5298 uaeas
2624 5241 2800 5314 (Psal.
2823 5245 2978 5318 xxv).
3023 5245 3168 5301 Inter
3207 5247 3528 5304 innocentes

1939 5338 2084 5392 enim
2113 5337 2260 5391 lavat
2300 5352 2500 5392 manus
2525 5353 2676 5404 suas,
2712 5337 2958 5409 quisquis
2999 5337 3144 5395 facta
3169 5339 3531 5410 propria-stu-

1939 5429 2028 5484 dio
2057 5429 2214 5486 bona:
2239 5429 2668 5485 conversationis
2709 5430 2986 5486 emundat.
3016 5429 3154 5484 Hinc
3185 5436 3242 5483 et
3275 5427 3528 5486 Salvator

1938 5525 1993 5580 in
2022 5524 2312 5597 Evangelio
2341 5525 2418 5579 ait
2449 5545 2461 5580 :
2502 5525 2634 5581 Date
2678 5527 3073 5597 elecmosynam,
3107 5535 3172 5581 et'
3203 5541 3317 5581 ecce
3347 5527 3526 5582 omnia

1936 5619 2133 5672 munda
2187 5627 2305 5672 sunt
2353 5619 2492 5673 vobis
2522 5617 2669 5689 (Luc.
2706 5618 2804 5690 ιι).
2845 5619 2914 5674 Et
2937 5618 3066 5672 alibi
3095 5618 3357 5689 scriptum
3395 5625 3522 5675 est:

1939 5709 2085 5764 Sicut
2110 5727 2245 5779 aqua
2262 5711 2541 5779 exstinguit
2568 5711 2767 5781 ignem:
2795 5709 2868 5762 ita
2891 5708 3216 5779 eleemosyna
3237 5705 3522 5776 exstinguit

1935 5803 2386 5875 peccatum_('1'ub.
2427 5808 2518 5876 ιν).
2554 5805 2785 5873 Adiuvat
2834 5805 2997 5859 ctiam
3025 5805 3298 5860 hominem
3343 5800 3410 5856 ad
3431 5815 3520 5854 sa-
