4074 6316
522 408 627 466 155

1147 402 1209 458 B.
1247 398 1499 457 uanam
1536 396 1756 455 suum
1793 393 2113 452 meumr.
2156 369 2466 450 nocituri
2509 369 2794 444 OPERUM
2831 385 3011 443 rans
3048 385 3116 442 ιι.

3691 388 3805 446 156

522 522 691 577 lutem
720 514 1124 588 percipiendam
1161 519 1421 566 aeternam
1449 509 1627 564 oratio
1661 523 1817 578 pura.
1866 505 2101 576 Adjuvat
2129 508 2180 566 Α
2209 501 2310 571 vr).
2338 498 2508 568 Hujus
2546 499 2623 553 rei
2665 505 3087 588 sacramentum,
3127 496 3181 551 id
3209 496 3579 588 cst,_unitatis
3605 512 3809 569 corpo—

521 616 578 666 et
600 606 910 680 praedicatio
935 602 1085 658 verbi
1116 602 1305 656 divini.
1334 601 1567 670 Adjuvat
1612 607 1668 654 ct
1715 597 1932 653 dilectio
1969 609 2102 665 pura

520 712 665 754 vera:
692 691 994 750 charitatis.
1023 687 1305 746 Undeest
1335 688 1463 743 illud
1497 687 1684 742 Jacobi
1712 703 1727 740 :
1761 685 1945 739 Oratio
1981 681 2105 751 ﬁdei

520 787 742 846 salvabit
785 785 1078 855 inﬁrmum,
1127 792 1175 836 et
1206 781 1253 836 si
1288 783 1344 835 in
1372 781 1596 851 peccatis
1649 786 1745 844 est,
1782 777 2108 830 dimittantur

519 882 573 938 ei
601 879 741 952 (Jac.
765 875 843 946 v).
874 875 945 931 Et
988 875 1183 930 iterum
1215 891 1228 926 :
1263 872 1366 939 Qui
1396 871 1642 936 converti,
1692 869 1887 939 inquit,
1931 864 2109 936 fecerit

523 974 845 1042 peccatorem
881 963 947 1020 ab
977 980 1155 1021 errore
1186 963 1281 1019 via:
1301 979 1436 1029 suaz,
1472 960 1692 1017 salvabit
1722 961 1954 1014 animam
1991 955 2122 1026 ejus,

523 1071 747 1118 amorte
793 1069 844 1115 et
890 1059 1055 1130 operit
1084 1057 1472 1112 multitudinem
1518 1063 1850 1126 peccatorum
1893 1048 2106 1123 (Ibid.).

521 1153 766 1222 Denique
797 1149 1065 1217 Salvator,
1095 1148 1240 1219 quod
1266 1147 1482 1202 dilectio
1513 1144 1888 1201 remissionem
1916 1154 2111 1210 pecca-

524 1249 704 1299 torum
749 1241 948 1312 pariat,
978 1242 1034 1296 in
1078 1238 1372 1311 Evangelio
1399 1237 1466 1294 ad
1510 1235 1788 1292 Simonem
1839 1233 2111 1302 loquendo

524 1334 593 1390 de
640 1331 867 1388 muliere
921 1330 1245 1402 peccatrice,
1299 1344 1419 1399 quae
1470 1327 1634 1399 pedes
1690 1326 1808 1397 ejus
1858 1321 2113 1394 lacrymis

523 1426 738 1498 rigavit,
769 1434 824 1480 et
847 1424 1054 1495 capillis
1077 1423 1255 1488 tersit,
1278 1429 1334 1476 ct
1351 1428 1626 1492 unguento
1649 1417 1830 1472 unxit:
1852 1415 2110 1502 ostendit,

521 1517 708 1574 dicens
733 1533 746 1570 :
780 1514 946 1569 Amen
963 1516 1080 1569 dico
1105 1513 1218 1577 tibi,
1237 1512 1575 1567 remittuntur
1595 1510 1643 1564 ei
1668 1518 1882 1578 peccata
1912 1503 2111 1562 multa:

521 1608 770 1681 quoniam
799 1604 981 1660 dilexit
1007 1603 1229 1659 multum
1252 1602 1405 1674 (Luc.
1437 1600 1559 1674 vn).
1593 1600 1730 1656 Hinc
1754 1609 1810 1655 ct
1837 1599 1964 1655 alibi
1987 1598 2115 1655 scri-

525 1705 684 1770 ptum
705 1703 825 1752 est:
854 1693 1099 1750 Charitas
1124 1693 1288 1763 operit
1314 1690 1700 1746 multitudinem
1729 1699 2062 1760 peccatorum
2093 1702 2112 1742 :

526 1797 582 1846 ct
600 1807 613 1843 :
633 1786 888 1844 Universa
906 1785 1098 1842 delicta
1113 1784 1274 1854 operit
1302 1783 1533 1837 charitas
1549 1781 1731 1853 (Prov.
1760 1781 1839 1854 ι).
1865 1781 2113 1837 Chrisma
2152 1775 2159 1782 ’

525 1893 718 1952 graece,
773 1876 940 1934 latine
990 1876 1167 1930 unctio
1214 1875 1564 1930 nominatur:
1599 1888 1668 1928 ex
1705 1871 1859 1941 cujus
1895 1873 2115 1932 nomine
2142 1862 2191 1923 B

521 1980 579 2029 et
603 1971 853 2028 Christus
895 1970 1114 2037 dicitur,
1137 1976 1194 2024 ct
1227 1969 1390 2024 homo
1431 1974 1555 2038 post
1588 1966 1866 2021 lavacrum
1909 1965 2111 2022 sancti-

525 2067 737 2123 ﬁcatur.
787 2063 926 2120 Nam
958 2063 1100 2120 sicut
1148 2062 1205 2117 in
1243 2061 1513 2132 baptismo
1538 2068 1886 2130 peccatorum
1921 2059 2112 2114 remis-

524 2158 607 2214 sio
640 2156 799 2210 datur
832 2173 844 2208 :
882 2155 958 2210 ita
991 2169 1089 2225 per
1113 2155 1429 2211 unctionem
1468 2153 1832 2210 sanctiﬁcatio
1879 2150 2114 2222 Spiritus

527 2247 845 2304 adhibetur:
877 2245 1060 2302 ethoc
1103 2246 1172 2302 de
1210 2245 1438 2316 pristina
1494 2243 1798 2314 disciplina,
1827 2257 1934 2313 qua
1983 2240 2114 2312 ungi

524 2336 580 2392 in
627 2335 988 2392 sacerdotium
1052 2343 1108 2391 ει
1156 2335 1212 2391 in
1258 2350 1488 2407 regnum
1537 2334 1783 2390 solebant
1835 2350 1848 2386 :
1899 2346 1968 2387 ex
2007 2346 2115 2401 quo

523 2435 580 2481 et
617 2425 797 2480 Aaron
824 2440 856 2480 a
882 2423 1065 2498 Moyse
1115 2433 1312 2481 unctus
1365 2434 1466 2482 εει.
1510 2423 1665 2491 Quod
1715 2424 1845 2480 dum
1882 2421 2114 2479 carnali-

521 2525 606 2570 ter
655 2515 754 2582 ﬁt,
794 2514 1146 2586 spiritualiter
1200 2515 1453 2587 proﬁcit:
1495 2515 1765 2585 quomodo
1821 2513 1952 2570 etin
1997 2513 2115 2583 ipsa

523 2605 778 2674 baptismi
830 2607 1008 2678 gratia
1054 2607 1282 2664 visibilis
1319 2614 1473 2662 actus
1527 2613 1632 2673 est,
1666 2605 1810 2676 quod
1858 2605 1915 2660 in
1970 2619 2112 2675 aqua

522 2696 857 2766 mergimur:
890 2697 986 2752 sed
1036 2697 1295 2767 spiritalis
1347 2695 1594 2762 eﬁ‘ectus,
1645 2695 1790 2765 quod
1843 2709 1874 2749 a
1903 2694 2114 2751 delictis

525 2788 871 2843 mundamur.
905 2786 1020 2843 Hoc
1046 2787 1318 2860 signiﬁcat
1353 2795 1408 2843 ct
1434 2787 1564 2842 illud
1594 2796 1948 2859 unguentum,
1972 2787 2115 2856 quod

522 2880 800 2952 peccatrix
829 2894 990 2951 super
1023 2888 1188 2951 caput
1227 2879 1353 2935 Jcsu
1391 2878 1596 2936 fudisse
1626 2879 1902 2936 scribitur.
1935 2878 2114 2950 Impo-

524 2970 651 3026 sitio
678 2969 798 3026 ideo
827 2971 908 3037 ﬁt,
948 2978 1009 3026 ut
1036 2984 1134 3042 per
1161 2985 1354 3026 manus
1386 2970 1790 3042 impositioncm
1820 2969 2117 3026 advocatus

487 3097 494 3104 -
527 3063 787 3119 invitetur
806 3061 1042 3133 Spiritus
1070 3072 1311 3120 sanctus.
1340 3061 1493 3119 Tunc
1521 3063 1668 3118 enim
1697 3062 1788 3118 ille
1815 3061 2114 3134 paraclitus

525 3161 651 3224 post
671 3152 928 3208 mundata
949 3160 1005 3209 et
1027 3153 1313 3210 benedicta
1332 3153 1750 3226 corporalibens
1775 3167 1808 3208 a
1836 3151 1999 3208 Patre
2020 3150 2114 3208 de-

2208 592 2285 646 ris
2316 599 2371 645 et
2423 589 2697 660 sanguinis
2724 587 2952 651 Christi,
2989 586 3056 641 de
3085 603 3272 642 mensa
3323 586 3604 643 Dominica
3637 602 3807 643 assu-

2209 685 2375 739 mitur
2403 683 2728 753 quibusdam
2778 680 2846 734 ad
2871 680 3060 745 vitam,
3103 680 3425 748 quibusdam
3453 680 3520 735 ad
3544 679 3802 736 exitium.

2209 775 2319 831 Res
2349 789 2478 831 vero
2526 774 2643 844 ipsa
2671 772 2818 828 omni
2849 771 3055 827 homini
3103 772 3171 826 ad
3195 771 3385 836 vitam,
3427 770 3566 825 nulli.
3588 773 3656 827 ad
3683 775 3806 828 exi-

2210 867 2343 922 tium
2378 905 2393 931 ,
2426 864 2735 935 quicunque
2790 863 2906 934 ejus
2947 862 3222 932 particeps
3253 860 3440 927 fuerit,
3470 861 3614 918 idem
3642 861 3806 920 Chri-

2212 967 2298 1016 sto
2341 957 2504 1028 capiti
2530 957 2832 1012 membrum
2877 954 3179 1010 associatur
3222 955 3277 1010 in
3326 969 3497 1026 regno
3544 954 3756 1011 cmlesti
3785 975 3803 1011 :

2213 1051 2340 1122 quia
2367 1049 2515 1105 aliud
2537 1056 2621 1104 est
2659 1055 3081 1115 sacramentum,
3101 1046 3246 1102 aliud
3274 1048 3449 1104 virtus
3486 1062 3806 1105 sacramen-

2215 1141 2275 1196 ti.
2307 1140 2725 1196 Sacramentum
2775 1139 2920 1195 enim
2948 1153 3045 1194 ore
3068 1127 3423 1208 'percipitur,
3471 1139 3675 1196 virtute
3716 1155 3808 1195 sa-

2216 1231 2485 1287 cramenti
2508 1231 2734 1286 interior
2747 1230 2912 1286 homo
2937 1229 3185 1285 satiatur.
3213 1229 3354 1300 Ergo
3376 1230 3502 1301 quia
3515 1233 3672 1301 panis
3685 1247 3809 1286 cor-

2215 1337 2318 1394 pus
2373 1320 2683 1387 conﬁrmat,
2714 1320 2837 1377 ideo
2858 1319 2952 1376 ille
2977 1335 3174 1390 corpus
3199 1319 3402 1376 Christi
3435 1332 3808 1394 congruenter

2215 1420 2555 1484 nuncupatur
2570 1430 2584 1468 :
2598 1411 2784 1467 vinum
2795 1410 2996 1478 autem,
3012 1411 3138 1482 quia
3155 1413 3470 1484 sanguinem
3481 1413 3807 1483 operaturin

2217 1519 2399 1571 carne,
2421 1505 2543 1561 ideo
2557 1504 2623 1559 ad
2635 1504 2950 1575 sanguinem
2965 1503 3167 1560 Christi
3195 1504 3450 1560 refertur.
3473 1503 3602 1560 Haec
3622 1513 3806 1560 autem

2217 1597 2348 1651 dum
2371 1602 2500 1652 sunt
2511 1594 2769 1662 visibilia,
2782 1595 3121 1652 sanctiﬁcata
3141 1603 3269 1650 tunc
3285 1609 3385 1664 per
3401 1593 3666 1664 Spiritum
3680 1609 3807 1650 san-

2219 1694 2385 1756 ctum,
2417 1685 2474 1743 in
2502 1693 2907 1744 sacramentum
2933 1685 3103 1743 divini
3140 1685 3386 1757 corporis
3422 1692 3731 1742 transeunt.

2819 1796 3049 1854 CAPUT
3084 1797 3199 1853 XII.

2794 1868 2873 1925 De
2923 1869 3236 1924 exorcismo.

2283 1959 2634 2018 Exorcismus
2666 1958 2884 2025 Graece,
2916 1957 3110 2014 Latine
3139 1956 3441 2028 coniuratio
3469 1957 3584 2015 sive
3623 1972 3814 2015 sermo

2213 2053 2602 2124 increpationis
2641 2061 2726 2110 εει
2765 2052 3051 2107 adversum
3091 2048 3377 2105 Diabolum
3413 2058 3474 2105 ut
3517 2050 3809 2107 discedat:

2214 2144 2356 2200 sicut
2382 2152 2465 2200 est
2502 2144 2634 2200 illud
2667 2143 2726 2199 in
2761 2142 3026 2199 Zacharia
3058 2159 3072 2195 :
3104 2139 3175 2195 Et
3202 2140 3426 2196 ostendit
3457 2141 3589 2197 mihi
3624 2141 3815 2198 Iesum

2213 2233 2532 2290 sacerdotem
2575 2249 2824 2305 magnum
2867 2240 3092 2287 stantem
3139 2246 3316 2286 coram
3352 2231 3538 2302 angelo
3592 2231 3711 2298 Dei,
3762 2243 3814 2287 et

2215 2324 2383 2380 Satan
2427 2326 2597 2380 stabat
2640 2343 2674 2380 a
2713 2325 2910 2381 dextris
2947 2325 3086 2395 ejus,
3125 2333 3183 2378 ut
3233 2324 3602 2379 adversaretur
3628 2325 3696 2381 ei.
3739 2324 3815 2380 Et

2216 2418 2351 2472 dixit
2392 2417 2651 2472 Dominus
2700 2418 2768 2472 ad
2811 2415 2982 2473 Satan
3015 2434 3028 2469 :
3074 2414 3314 2486 Increpet
3353 2415 3614 2472 Dominus
3652 2418 3709 2472 in
3739 2427 3814 2485 te,

2217 2507 2408 2574 Satan,
2431 2516 2478 2562 et
2502 2509 2730 2579 increpet
2755 2507 3011 2563 Dominus
3031 2508 3087 2561 in
3113 2506 3182 2575 te,
3203 2508 3293 2579 qui
3327 2506 3476 2578 elegit
3512 2507 3816 2564 Jerusalem

2219 2600 2405 2672 (Zach.
2451 2601 2555 2673 ιιι).
2602 2601 2717 2658 Hoc
2753 2608 2839 2657 est
2883 2600 3191 2656 exorcismo
3241 2599 3523 2669 increpare
3570 2607 3628 2655 et
3677 2614 3814 2655 con-

2211 2691 2398 2762 jurarc
2441 2693 2700 2749 adversus
2744 2691 3049 2748 Diabolum.
3106 2689 3262 2747 Unde
3309 2688 3585 2745 sciendum
3642 2689 3813 2758 quod,

2217 2800 2330 2840 non
2366 2791 2615 2840 creatura
2661 2783 2756 2839 Dei
2796 2783 2852 2838 in
2896 2783 2953 2837 in
2993 2781 3292 2838 infantibus
3333 2777 3674 2834 exorcizatur
3716 2782 3820 2834 aut

2217 2876 2534 2932 exsulIlatur
2567 2895 2579 2931 :
2615 2877 2710 2933 sed
2743 2875 2856 2944 ille,
2886 2877 2988 2933 sub
3021 2891 3130 2947 quo
3155 2881 3284 2931 sunt
3312 2888 3524 2941 omnes,
3561 2871 3656 2943 qui
3689 2888 3818 2930 cum

2218 2979 2444 3042 peccato
2483 2966 2797 3028 nascuntur.
2837 2970 2934 3027 Est
2967 2970 3113 3027 enim
3151 2969 3404 3042 princeps
3443 2976 3811 3040 peccatorum.

2822 3085 3051 3143 CAPUT
3077 3083 3214 3140 XIII.

2842 3155 2922 3211 De
2938 3155 3196 3226 symbolo.

525 3218 772 3300 scendit:
803 3251 859 3299 et
875 3245 1032 3315 quasi
1052 3259 1216 3315 super
1235 3218 1490 3317 baptismi
1512 3260 1729 3316 aquam,
1749 3253 2007 3315 tanquam
2032 3258 2116 3302 su-
2143 3218 2189 3283 c
2292 3249 2608 3320 Symbolum
2624 3264 2721 3321 per
2741 3218 2989 3320 linguam
3006 3247 3255 3304 Graecam
3278 3248 3493 3319 signum
3519 3245 3605 3308 vel
3629 3247 3818 3318 cogni-

524 3349 626 3405 per
649 3334 936 3406 pristinam
963 3336 1169 3402 sedem,
1193 3352 1589 3408 recognoscens
1616 3336 1867 3408 quiescit.
1895 3336 2116 3394 Namle

523 3423 671 3496 gitur
691 3424 914 3494 quodin
941 3425 1207 3496 principio
1233 3427 1389 3496 aquis
1413 3425 1857 3497 superfercbatur
1879 3425 2115 3498 Spiritus

526 3522 747 3570 sanctus
775 3513 930 3588 (Gen.
963 3518 1026 3584 ι).
1053 3515 1131 3571 De
1155 3517 1385 3573 residuis
1427 3533 1643 3588 quoque
1673 3516 1882 3573 duobus
1933 3533 2115 3575 sacra-

524 3606 744 3673 mentis,
775 3607 881 3662 boc
908 3614 991 3662 est
1025 3623 1252 3677 corpore
1280 3616 1336 3662 et
1386 3610 1648 3682 sanguine
1681 3596 1916 3678 Domini,
1945 3611 2116 3682 quaeri

524 3704 721 3764 potest,
754 3711 852 3752 cur
887 3696 1031 3752 inter
1044 3711 1234 3753 omnes
1255 3697 1464 3754 fructus
1502 3708 1661 3754 terrae
1675 3701 2015 3769 potissimum
2047 3702 2115 3758 ad

524 3784 630 3839 hoc
678 3783 904 3856 elegerit
953 3785 1285 3842 frumentum
1329 3795 1490 3857 atque
1536 3788 1723 3843 vinum
1754 3830 1770 3855 ,
1803 3792 1958 3861 quasi
1997 3793 2115 3862 ipsa

524 3883 752 3933 cunctos
772 3875 982 3934 fructus
1031 3885 1191 3936 terra:
1221 3879 1482 3952 dignitate
1532 3881 1850 3951 praecellant
1899 3891 1955 3938 et
1993 3899 2114 3954 pre-

520 3967 774 4026 tiosiores
815 3969 1069 4027 omnibus
1126 3970 1282 4027 ﬁant.
1340 3971 1496 4040 Quod
1546 3973 1802 4032 videlicet
1853 3977 1928 4032 ita
1979 3977 2114 4035 solvi

521 4076 680 4134 posse
713 4065 1005 4123 credimus.
1035 4065 1233 4140 Maluit
1274 4068 1419 4124 enim
1468 4068 1731 4127 Dominus
1775 4071 2020 4140 corporis
2058 4078 2115 4126 et

520 4156 802 4228 sanguinis
831 4159 916 4214 sui
953 4169 1292 4216 sacramenta
1324 4160 1567 4215 ﬁdelium
1597 4176 1695 4217 ore
1725 4161 1949 4231 percipi,
1983 4169 2037 4215 et
2056 4161 2114 4216 in

521 4256 738 4318 pastum
766 4263 953 4304 eorum
986 4249 1177 4320 redigi,
1210 4257 1270 4304 ut
1305 4265 1403 4319 per
1431 4249 1646 4306 visibile
1670 4265 1806 4319 opus
1827 4250 2114 4308 invisibilis

525 4339 904 4393 ostenderetur
950 4337 1193 4394 eﬁ‘ectus.
1225 4337 1384 4395 Sicut
1422 4340 1569 4394 enim
1621 4341 1773 4396 cibus
1814 4341 2112 4397 materialis

524 4427 828 4485 forinsecus
841 4428 1012 4484 nutrit
1025 4431 1292 4499 corpus;ct
1318 4439 1533 4501 vegetat
1555 4450 1570 4485 :
1596 4431 1668 4487 ita
1697 4433 1859 4487 etiam
1888 4434 2112 4489 verbum

522 4516 620 4575 Dei
645 4518 790 4573 intus
819 4517 1060 4573 animam
1106 4520 1277 4574 nutrit
1305 4529 1362 4576 et
1385 4522 1648 4576 roborat:
1698 4523 1826 4592 quia
1868 4538 1971 4576 non
1997 4523 2108 4578 solo

520 4611 580 4666 in
608 4626 744 4682 pane
769 4611 893 4666 vivit
937 4611 1110 4677 homo,
1134 4611 1224 4666 sed
1257 4613 1314 4666 in
1349 4614 1492 4667 omni
1527 4615 1678 4669 verbo
1714 4616 1853 4686 quod
1881 4616 2110 4686 procedit

521 4704 587 4757 de
623 4719 712 4758 ore
751 4702 850 4759 Dei
871 4700 1086 4773 (Matth.
1115 4703 1306 4774 tv);et
1337 4703 1589 4761 :Verbum
1638 4722 1760 4760 caro
1809 4706 2010 4775 factum
2035 4717 2108 4763 est

522 4801 570 4847 et
590 4793 840 4848 habitavit
869 4795 925 4848 in
959 4795 1106 4850 nobis
1131 4792 1313 4867 (Joan.
1340 4795 1403 4867 ι).
1425 4795 1516 4850 Ait
1550 4798 1694 4852 enim
1721 4798 1838 4866 ipsa
1858 4797 2106 4857 Veritas:

523 4882 663 4939 Caro
689 4886 826 4942 enim
845 4902 960 4941 mea
1006 4903 1121 4941 vere
1166 4888 1313 4942 cibus
1345 4899 1441 4954 est,
1479 4899 1527 4942 et
1557 4879 1772 4960 sanguis
1808 4907 1952 4946 meus
1997 4908 2110 4948 vere

524 4987 597 5031 est
633 4985 785 5047 potus
832 4975 1014 5047 (Joan.
1042 4977 1141 5050 vr).
1189 4978 1324 5034 Vere
1361 4979 1571 5035 scilicet
1615 4997 1744 5037 caro
1774 4982 1974 5039 Christi
2028 4993 2112 5040 εει

524 5066 702 5132 cibus,
725 5065 848 5135 quia
868 5081 994 5120 vere
1013 5067 1189 5136 pascit
1211 5069 1343 5123 etad
1363 5075 1623 5125 aeternam
1652 5071 1819 5127 vitam
1834 5074 2110 5130 hominem

525 5156 697 5210 nutrit
729 5175 741 5210 :
773 5165 829 5211 et
867 5159 1086 5229 sanguis
1127 5159 1244 5228 ejus
1285 5175 1413 5217 vere
1463 5171 1548 5218 est
1592 5173 1769 5235 potus,
1802 5168 1928 5237 quia
1982 5183 2109 5222 esu-

526 5249 754 5303 rientem
779 5249 1018 5303 animam
1049 5258 1105 5305 et
1133 5251 1405 5309 sitientem
1451 5251 1720 5323 justitiam
1749 5256 1805 5312 in
1847 5266 2110 5313 aeternum

526 5341 796 5398 veraciter
827 5343 1009 5398 satiat.
1042 5343 1423 5416 Temporalem
1445 5350 1646 5423 quippe
1667 5352 1836 5407 vitam
1866 5353 1984 5408 sine
2005 5351 2110 5408 isto

527 5435 650 5490 cibo
677 5443 730 5489 ct
756 5444 883 5506 potu
926 5435 1126 5493 habere
1151 5450 1377 5509 possunt
1410 5442 1681 5512 homines,
1711 5452 1971 5500 aeternam
2000 5460 2111 5501 om-

492 5553 502 5561 -
526 5529 657 5586 nino
678 5546 782 5586 non
805 5544 1030 5602 possunt
1062 5553 1074 5588 :
1105 5537 1233 5606 quia
1266 5538 1369 5594 istc
1398 5541 1553 5596 cibus
1582 5550 1637 5598 et
1670 5550 1828 5614 potus
1853 5551 2110 5601 aeternam

529 5622 842 5678 societatem
888 5627 1081 5695 capitis
1131 5632 1609 5703 membrorumque
1671 5649 1895 5689 suorum
1946 5635 2114 5705 signi-

527 5712 674 5769 ﬁcat.
707 5714 807 5780 Qui
851 5719 1154 5784 manducat,
1200 5721 1397 5791 inquit,
1441 5740 1610 5778 meam
1650 5741 1883 5793 carnem,
1907 5737 1953 5780 et
1987 5727 2111 5782 bibit

528 5807 830 5877 sanguinem
849 5825 1018 5881 meum
1027 5852 1040 5880 ,
1060 5812 1168 5880 ipse
1188 5812 1241 5865 in
1264 5828 1344 5868 me
1365 5823 1562 5884 manet,
1580 5825 1629 5870 et
1649 5832 1742 5887 ego
1765 5817 1820 5873 in
1849 5836 1908 5874 eo
1925 5819 2106 5890 (Joan.

2218 3340 2294 3396 tio
2335 3340 2746 3412 interpretatur.
2779 3339 3080 3395 Discessuri
3109 3340 3255 3395 enim
3278 3338 3525 3409 Apostoli
3549 3339 3619 3395 ad
3645 3355 3819 3396 evan-

2219 3430 2558 3502 gelizandum
2578 3431 2635 3486 in
2661 3430 2911 3502 gentibus
2929 3430 3032 3486 hoc
3053 3430 3154 3486 sibi
3177 3431 3577 3501 praedicationis
3598 3431 3814 3502 signum

2216 3523 2303 3578 vel
2333 3522 2592 3578 indicium
2630 3531 2950 3592 posuerunt.
3009 3521 3262 3580 Continct
3301 3531 3480 3578 autem
3518 3523 3818 3582 confessio-

2218 3629 2340 3671 nem
2393 3615 2677 3672 Trinitatis
2721 3624 2778 3672 et
2809 3615 3080 3683 Unitatis,
3127 3624 3182 3671 et
3216 3615 3478 3669 unitatem
3530 3615 3813 3681 Ecclesiae,

2216 3718 2273 3762 et
2315 3721 2476 3763 omne
2517 3706 2814 3762 Christiani
2863 3706 3131 3779 dogmatis
3183 3712 3601 3761 sacramentum.
3661 3704 3815 3772 Quod

2216 3797 2518 3870 symbolum
2570 3797 2697 3854 ﬁdei
2754 3807 2812 3855 et
2859 3799 2976 3870 spei
3028 3806 3228 3855 nostra:
3281 3811 3390 3852 non
3447 3795 3705 3852 scribitur
3758 3797 3812 3852 in

2217 3887 2404 3944 charta
2422 3896 2477 3944 ει
2502 3896 2830 3958 atramento,
2854 3890 2951 3947 sed
2969 3890 3028 3945 in
3043 3887 3244 3946 tabulis
3267 3887 3450 3946 cordis
3472 3887 3807 3947 carnalibus.

2799 4000 3031 4058 CAPUT
3071 3999 3210 4056 XIV.

2677 4073 2758 4130 De
2785 4073 3022 4128 oratione
3045 4081 3093 4127 et
3119 4071 3351 4143 jejunio.

2285 4167 2472 4226 Oratio
2498 4166 2690 4238 petitio
2716 4164 2937 4222 dicitur.
2967 4162 3105 4218 Nam
3131 4177 3290 4219 orare
3321 4170 3406 4220 est
3442 4169 3628 4233 petere
3663 4179 3675 4216 :
3704 4162 3810 4220 sic-

2214 4268 2275 4317 ut
2324 4275 2553 4315 exorare
2608 4259 2922 4328 impetrare.
2967 4253 3194 4310 Canstat
3246 4261 3430 4309 autem
3474 4252 3650 4309 oratio
3689 4253 3811 4311 loco

2216 4361 2271 4408 et
2298 4361 2560 4421 tempore.
2591 4349 2756 4414 Loco,
2797 4347 2924 4416 quia
2959 4361 3067 4401 non
3095 4345 3293 4415 ubique
3322 4361 3336 4399 :
3369 4360 3491 4400 cum
3515 4345 3808 4414 prohibea-

2215 4458 2338 4497 mur
2371 4457 2401 4496 a
2430 4440 2651 4496 Christo
2680 4440 2736 4495 in
2759 4437 2975 4510 publico
3005 4450 3163 4493 orare
3196 4454 3208 4490 :
3248 4437 3343 4491 sed
3377 4435 3470 4490 ubi
3498 4437 3810 4506 opportuni-

2214 4542 2301 4590 tas
2323 4534 2548 4600 dederit,
2584 4539 2679 4587 aut
2701 4531 3000 4588 necessitas
3027 4531 3420 4602 importavcrit.
3451 4529 3637 4600 Neque
3663 4532 3809 4588 enim

2215 4632 2405 4681 contra
2452 4631 2782 4695 praeceptum
2822 4632 3107 4694 reputatur
3153 4622 3222 4678 ab
3257 4621 3530 4693 Apostolis
3578 4622 3806 4690 factum,

2214 4717 2307 4789 qui
2339 4717 2396 4771 in
2416 4730 2672 4782 carcere,
2719 4714 3063 4771 audientibus
3100 4714 3414 4770 custodibus
3438 4754 3452 4781 ,
3502 4714 3734 4771 orabant
3754 4723 3810 4771 et

2214 4808 2481 4866 canebant
2519 4808 2652 4863 Deo.
2690 4807 2769 4862 De
2805 4815 3049 4876 tempore
3086 4821 3219 4862 vero
3260 4806 3467 4862 dictum
3502 4815 3589 4864 est
3625 4821 3640 4860 :
3680 4806 3808 4862 Sine

2213 4899 2595 4954 intermissione
2618 4905 2764 4953 orate
2789 4896 2841 4968 (Ι
2861 4895 3040 4952 Thess.
3065 4896 3144 4970 v).
3174 4897 3284 4954 Sed
3304 4898 3411 4954 hoc
3433 4899 3491 4954 in
3515 4899 3806 4969 singulari-

2213 4989 2334 5044 bus.
2350 4988 2485 5044 Nam
2499 4999 2584 5044 est
2593 4988 2900 5044 observatio
2913 4990 3273 5058 quarumdam
3285 4991 3548 5047 horarum
3560 5006 3806 5050 commu-

2218 5083 2387 5148 nium,
2420 5097 2541 5153 quae
2571 5081 2676 5137 diei
2704 5081 3024 5152 interspatia
3077 5085 3295 5153 signant
3323 5101 3338 5140 :
3365 5083 3547 5152 tertia,
3574 5095 3730 5142 sexta
3752 5093 3811 5140 et

2218 5190 2362 5230 nona
2401 5193 2414 5228 :
2447 5174 2697 5230 similiter
2718 5183 2774 5230 et
2798 5175 2996 5230 noctis.
3035 5173 3144 5232 Sed
3177 5175 3300 5230 ideo
3327 5175 3413 5230 hac
3434 5174 3627 5231 orandi
3658 5175 3810 5230 horae

2219 5265 2405 5322 divisae
2426 5275 2570 5333 sunt,
2595 5275 2654 5321 ut
2674 5267 2719 5323 si
2743 5267 2883 5323 forte
2905 5267 3085 5338 aliquo
3109 5266 3374 5324 fuerimus
3394 5281 3560 5337 opere
3581 5265 3806 5334 detenti,

2219 5357 2398 5428 ipsum
2426 5373 2527 5415 nos
2561 5359 2629 5415 ad
2654 5357 2887 5415 ofﬁcium
2919 5367 3131 5431 tempus
3159 5358 3469 5414 admoneat.
3499 5358 3633 5426 Quae
3663 5369 3805 5414 tem-

2217 5463 2350 5520 pora
2381 5449 2437 5504 in
2463 5448 2759 5522 Scripturis
2783 5451 3148 5508 inveniuntur.
3177 5452 3422 5507 Primum
3447 5451 3591 5508 enim
3629 5449 3809 5523 Spiri-

2218 5549 2305 5598 tus
2345 5552 2567 5598 sanctus
2604 5545 2943 5615 congregatis
2973 5542 3247 5614 discipulis
3289 5543 3422 5599 hora
3467 5545 3628 5600 tertia
3656 5542 3808 5600 infu-

2216 5648 2308 5689 sus
2340 5643 2425 5689 cst
2473 5635 2621 5702 (Act.
2650 5635 2721 5704 ιι)
2747 5652 2760 5701 ;
2803 5644 2857 5690 ει
2893 5634 3085 5691 Petrus
3113 5650 3218 5705 qua
3249 5637 3336 5692 die
3364 5636 3628 5693 visionem
3656 5647 3810 5693 com-

2218 5725 2602 5780 municationis
2649 5726 2701 5778 in
2747 5725 2850 5778 hoc
2895 5725 3116 5780 vasculo
3157 5735 3428 5796 expertus,
3475 5734 3630 5784 sexta
3667 5727 3809 5782 hora

2215 5820 2407 5878 orandi
2436 5819 2609 5892 gratia
2644 5817 2959 5878 ascenderat
3002 5818 3140 5891 (Act.
3179 5820 3258 5894 ι).
3296 5821 3442 5878 Idem
3477 5819 3646 5879 etiam
3675 5831 3805 5879 cum
