4074 6316
509 413 611 469 15)

1143 414 1203 467 Β.
1243 410 1495 467 ΒΑΒΑΝΙ
1532 413 1756 471 MAURI
1792 413 2115 471 ARCHIEP.
2159 412 2465 471 MOGUNT.
2507 408 2789 468 OPERUM
2833 408 3012 465 PARS
3047 410 3111 465 ll.

3668 416 3779 475 MO

505 526 648 599 quod
701 524 810 578 vim
860 532 1038 580 teneat
1078 525 1330 580 nascendi
1383 534 1547 595 atque
1592 528 1889 582 crescendi.
1937 527 2089 584 Unde
2117 534 2165 594 Α
2191 529 2365 583 minus
2393 542 2412 581 :
2442 528 2567 598 quia
2606 526 2708 581 etsi
2739 524 2968 581 mortale
3006 540 3205 596 corpus
3240 528 3551 598 assumpsit,
3588 539 3779 589 tamen

503 626 560 674 et
583 617 809 672 arbores
833 616 998 669 vitam
1029 615 1227 670 habere
1255 614 1529 683 dicuntur,
1561 618 1687 688 quia
1715 619 2010 690 gignuntur
2033 628 2088 675 et

505 714 778 764 crescunt.
806 705 976 760 llomo
1004 705 1202 771 dictus,
1223 706 1349 775 quia
1371 722 1438 762 ex
1466 707 1633 764 humo
1657 716 1742 764 εει
1767 708 1964 775 factus,
1981 709 2088 765 sic-

506 806 567 853 ut
612 806 666 854 et
709 797 762 852 in
796 793 993 852 Genesi
1028 795 1225 851 dicitur
1257 814 1270 850 :
1310 796 1380 850 Et
1409 798 1601 852 ereavit
1640 798 1789 854 Deus
1825 799 2087 854 hominem

508 888 573 943 de
615 889 772 942 humo
798 894 950 941 terra:
979 882 1133 953 (Gen.
1161 883 1245 958 ιι).
1275 885 1512 943 Abusive
1536 887 1680 943 enim
1708 888 2090 960 pronuntiatur

507 995 574 1036 ex
608 990 838 1049 utraque
883 977 1186 1033 substantia
1218 985 1358 1034 totus
1382 979 1564 1045 homo,
1602 979 1656 1036 id
1683 986 1793 1045 est,
1831 994 1899 1034 ex
1923 979 2091 1035 socie—

507 1076 618 1124 tate
647 1068 843 1122 animm
866 1075 921 1121 et
941 1067 1206 1138 corpnris.
1232 1067 1367 1122 Nam
1389 1068 1607 1139 proprie
1634 1068 1797 1124 homo
1830 1069 1898 1124 ab
1925 1069 2090 1123 humo

507 1159 723 1214 dicitur.
766 1156 940 1214 αι’ωεὶ
982 1167 1162 1213 autem
1204 1158 1478 1214 hominem
1507 1160 1815 1229 anthrOpon
1849 1157 2087 1230 appella-

504 1258 723 1314 verunt,
745 1262 811 1302 eo
834 1248 976 1317 quod
993 1263 1205 1303 sursum
1232 1257 1526 1319 exspectet,
1550 1248 1863 1305 sublevatus
1888 1250 1956 1305 ab
1991 1250 2091 1305 hu-

506 1352 597 1393 mo
618 1338 695 1393 ad
726 1338 1240 1419 contemplationem
1284 1338 1510 1395 artiﬁcis
1536 1340 1643 1395 sui.
1673 1337 1829 1407 Quod
1867 1337 2092 1396 Ovidius

504 1437 665 1499 poeta
694 1429 961 1501 designat,
993 1446 1115 1487 cum
1139 1430 1271 1486 dicit
1295 1451 1310 1485 :

630 1563 891 1626 Pronaque
911 1575 1030 1626 cum,
1042 1570 1265 1626 spectant
1285 1564 1509 1615 animalia
1537 1570 1711 1616 caetera
1739 1573 1921 1616 terram
1945 1601 1961 1625 ,

637 1624 699 1691 93
722 1624 899 1691 homini
925 1624 1138 1676 sublime
1158 1626 1315 1691 dedit,
1349 1626 1628 1691 cretamque
1653 1628 1825 1691 videre
1851 1628 2029 1691 (tueri)

639 1689 804 1748 Juss't,
830 1694 883 1738 et
905 1695 1101 1738 erectos
1121 1688 1182 1736 ad
1199 1687 1365 1738 sidera
1395 1689 1573 1739 tol'ere
1601 1688 1785 1739 vultus.

506 1820 607 1887 Qui
657 1819 778 1875 ideo
825 1826 1040 1873 erectus
1066 1816 1265 1872 caelum
1302 1815 1518 1886 aspicit,
1548 1824 1609 1869 ut
1648 1815 1815 1870 Deum
1858 1822 2090 1885 qumrat,

508 1925 615 1964 non
640 1916 698 1963 ut
737 1918 937 1962 terram
976 1906 1240 1971 intendat,
1271 1905 1435 1971 veluti
1474 1920 1693 1976 pecora,
1734 1920 1857 1975 quae
1898 1913 2091 1960 natura
2122 1918 2166 1977 Β

502 2014 673 2069 prona
702 2008 761 2053 et
790 1997 964 2053 ventri
999 1997 1305 2053 obedientia
1340 1996 1515 2051 ﬁnxit.
1548 1996 1752 2066 Duplex
1783 2004 1867 2051 est
1906 2004 2089 2051 autem

498 2090 691 2155 homo,
713 2088 938 2143 interior
963 2088 1124 2141 homo
1144 2086 1415 2152 anima,et
1430 2085 1667 2140 exterior
1688 2085 1853 2140 homo
1870 2099 2086 2154 corpus.

506 2180 699 2234 Anima
720 2189 901 2234 autem
942 2193 972 2231 a
1015 2175 1305 2248 gentilibus
1348 2190 1546 2230 nomen
1579 2174 1812 2245 accepit,
1854 2188 1920 2229 eo
1946 2173 2093 2243 quod

504 2279 699 2326 ventus
736 2268 829 2325 sit.
860 2267 1012 2324 Unde
1033 2275 1088 2322 ει
1114 2265 1287 2321 Gnuci
1322 2273 1540 2321 ventum
1572 2265 1783 2321 animos
1816 2262 2089 2338 [anemos]

506 2360 712 2427 dicunt,
745 2357 887 2429 quod
914 2372 1009 2412 ore
1047 2357 1326 2411 trahentes
1347 2369 1531 2410 aerem
1559 2354 1743 2410 vivere
1769 2354 2087 2410 videamur:

502 2451 597 2507 sed
631 2450 972 2523 apertissime
1000 2448 1199 2504 falsum
1223 2458 1307 2503 est
1344 2466 1356 2502 :
1395 2447 1720 2517 quia‘multo
1743 2447 1895 2518 prius
1918 2438 2093 2518 gigni-

502 2551 591 2596 tur
629 2542 829 2605 anima,
860 2556 1022 2611 quam
1053 2539 1262 2610 concipi
1293 2553 1387 2594 aer
1411 2552 1508 2594 ore
1534 2537 1728 2607 possit,
1750 2552 1871 2608 qua:
1893 2536 2006 2607 jam
2033 2536 2089 2591 in

506 2632 789 2703 genitricis
809 2640 963 2687 utero
986 2631 1136 2686 vivit.
1169 2630 1284 2685 Non
1309 2637 1394 2685 εει
1419 2629 1583 2701 igitur
1607 2643 1704 2684 aer
1725 2628 1925 2695 anima,
1945 2627 2091 2699 quod

502 2731 829 2795 putaverunt
856 2722 1074 2792 quidam
1092 2763 1105 2788 ,
1136 2721 1229 2792 qui
1255 2735 1362 2775 non
1392 2726 1685 2790 potuerunt
1712 2718 2089 2788 incorporeum

501 2814 619 2885 ejus
658 2813 897 2885 cogitare
936 2820 1208 2868 naturam.
1261 2811 1433 2867 Homo
1461 2811 1587 2881 quia
1618 2826 1686 2865 ex
1721 2809 1930 2865 duabus
1954 2824 2088 2864 con-

502 2912 613 2958 stat
636 2902 867 2969 naturis,
899 2901 1186 2972 aliquando
1238 2915 1438 2970 corpus
1461 2901 1778 2965 humanum,
1804 2898 2091 2968 aliquando

504 2997 669 3051 etiam
693 2995 931 3049 animam
964 2992 1280 3048 rationalem
1309 2990 1597 3063 signiﬁcat.
1627 2990 1703 3045 De
1737 3004 1844 3060 quo
1860 2988 2091 3059 Aposto-

502 3086 586 3140 lus
605 3086 683 3140 ait
713 3103 727 3138 :
762 3083 831 3138 Et
855 3083 900 3137 si
922 3083 1150 3138 exterior
1173 3084 1327 3137 homo
1359 3091 1536 3137 noster
1554 3080 1925 3151 corrumpitur,
1958 3080 2092 3134 inte-

504 3178 613 3230 rior
649 3184 928 3230 renovatur
959 3175 1023 3229 de
1049 3175 1130 3229 die
1165 3175 1218 3230 in
1249 3174 1386 3229 diem
1416 3172 1497 3245 (Il
1534 3172 1654 3227 Cor.
1698 3172 1808 3245 tv);
1844 3180 1899 3227 et
1934 3171 2089 3238 alibi,

507 3268 820 3323 interiorem
851 3266 1124 3322 hominem
1147 3265 1395 3321 habitare
1420 3263 1694 3320 Christum
1724 3277 1823 3332 per
1851 3260 2011 3317 ﬁdem
2032 3260 2087 3316 in

505 3359 761 3414 cordibus
780 3357 984 3413 nostris
1008 3356 1225 3427 (Ephcs.
1248 3354 1352 3427 tu).
1379 3353 1511 3409 Item
1534 3353 1589 3408 in
1612 3351 1827 3407 Psalmo
1846 3350 2089 3406 diversas

506 3448 716 3520 species
737 3446 1016 3502 hominum
1042 3445 1278 3501 ostendit
1298 3443 1559 3515 propheta
1585 3443 1661 3497 ita
1683 3440 1866 3497 dicens
1898 3457 1914 3494 :
1945 3438 2086 3505 Quid

504 3549 579 3595 est
614 3540 798 3602 homo,
839 3538 978 3610 quod
1006 3552 1205 3591 memor
1236 3552 1293 3591 es
1330 3536 1493 3607 ejus?
1534 3543 1626 3590 aut
1665 3534 1812 3606 [ilius
1836 3534 2085 3600 hominis,

506 3633 755 3703 quoniam
783 3631 961 3685 visitas
981 3630 1138 3684 eum?
1157 3627 1332 3700 (Psal.
1361 3626 1505 3700 vtu.)
1534 3626 1674 3694 Quid
1688 3636 1762 3681 est
1782 3628 1937 3680 homo
1964 3641 2087 3681 cum

507 3724 761 3792 despectu
809 3721 1265 3789 pronuntiandum
1300 3727 1403 3784 est,
1441 3717 1495 3773 id
1530 3726 1636 3783 est,
1674 3716 1878 3788 fragilis
1903 3724 1958 3772 et
1990 3731 2085 3771 ca-

508 3812 676 3867 ducus
717 3809 846 3864 Adae
873 3823 1099 3880 sequax,
1131 3809 1225 3878 qui
1256 3808 1310 3863 in
1339 3806 1508 3863 veteri
1540 3814 1763 3878 peccato
1795 3805 2089 3877 permistus

507 3902 655 3958 socia
685 3902 954 3972 pravitate
986 3902 1274 3958 conclusus
1300 3909 1402 3957 est.
1441 3899 1613 3971 Hujus
1634 3914 1844 3955 memor
1874 3906 1960 3953 est
1982 3897 2088 3952 Do-

502 3995 716 4061 minus,
755 3994 972 4064 quando
1008 3994 1062 4050 ei
1085 4002 1306 4065 peccata
1343 3994 1588 4060 dimittit,
1610 4001 1667 4049 et
1701 3991 2088 4049 misericordiae

503 4099 615 4140 suae
637 4085 776 4140 dona
799 4084 1024 4157 largitur
1052 4103 1065 4139 :
1099 4086 1238 4141 sicut
1259 4085 1313 4140 in
1335 4085 1441 4141 alio
1459 4085 1670 4155 psalmo
1696 4084 1943 4141 dicturus
1961 4092 2046 4138 εει
2069 4101 2083 4138 :

505 4174 634 4230 Filii
664 4186 839 4231 autem
871 4177 1141 4231 hominum
1183 4177 1239 4230 in
1278 4177 1594 4246 protectione
1628 4174 1837 4229 alarum
1873 4183 2086 4229 tuarum

501 4266 801 4336 sperabunt,
841 4265 1239 4319 inebriabuntur
1273 4264 1337 4319 ab
1376 4265 1609 4319 ubertate
1652 4264 1840 4319 domus
1876 4273 2005 4330 tute,
2036 4273 2084 4319 et

501 4364 731 4410 torrente
752 4353 1036 4425 voluptatis
1071 4365 1176 4408 tum
1203 4354 1407 4425 potabis
1432 4370 1519 4409 eos
1554 4351 1728 4426 (Psal.
1754 4352 1939 4426 xxxv).
1975 4353 2087 4409 Hoc

503 4452 592 4499 est
635 4458 766 4515 ergo
802 4457 923 4499 esse
978 4458 1300 4511 memorem,
1353 4441 1603 4499 conferre
1649 4442 2087 4514 delinquentibus

502 4543 674 4590 tantm
724 4534 912 4605 gratiae
955 4533 1294 4604 sospitatem.
1339 4534 1442 4588 Aut
1482 4534 1626 4603 ﬁlius
1667 4533 1914 4600 hominis,
1952 4550 2087 4605 quo-

2185 624 2408 688 pcccata
2447 631 2552 671 non
2579 615 2787 670 habuit.
2818 613 2999 669 Gloria
3024 630 3154 671 vero
3177 624 3233 671 et
3254 615 3461 674 honore
3480 630 3782 679 coronatus

2186 714 2295 774 est,
2328 723 2450 763 cum
2490 717 2612 779 post
2671 706 3124 763 resurrectionem
3169 708 3332 765 nimis
3371 718 3427 765 et
3467 712 3783 771 mirabilem

2189 798 2353 853 totius
2380 798 2565 853 mundi
2598 796 2994 863 credulitatem,
3032 797 3199 864 Deus,
3242 798 3300 854 in
3334 814 3402 856 eo
3440 804 3582 871 quod
3610 804 3782 862 homo

2188 887 2363 944 factus
2388 897 2496 955 est,
2531 887 2820 952 exaltatus,
2849 886 3078 957 accepit.
3105 886 3279 944 Homo
3306 887 3557 947 Christus
3580 901 3688 960 est,
3721 902 3785 949 ut

2190 979 2246 1033 in
2272 978 2411 1035 Isaia
2440 997 2455 1033 :
2483 978 2745 1044 Quiescite
2769 977 2833 1032 ab
2861 978 3090 1045 homine,
3119 980 3273 1050 cujus
3298 981 3515 1050 spiritus
3543 984 3597 1038 in
3631 987 3785 1041 uari-

2190 1068 2284 1123 bus
2307 1069 2423 1139 ejus
2443 1067 2578 1141 (Isa.
2608 1067 2692 1141 ll).
2714 1067 2782 1122 Et
2807 1067 2861 1122 in
2885 1067 3097 1139 psalmo
3121 1086 3135 1124 :
3167 1068 3387 1126 Accedet
3412 1072 3568 1127 homo
3593 1075 3666 1128 ad
3686 1092 3785 1130 cor

2190 1158 2355 1214 altum
2375 1158 2547 1231 (Psal.
2576 1158 2756 1232 thn).
2787 1160 2863 1215 De
2882 1160 2986 1217 hoc
3008 1161 3229 1217 homine
3252 1170 3307 1218 et
3331 1177 3433 1234 per
3458 1164 3624 1222 alium
3648 1183 3787 1238 pro-

2189 1250 2408 1320 phetam
2450 1250 2648 1306 dicitur
2674 1267 2691 1305 :
2719 1249 2786 1304 Et
2809 1251 2965 1306 homo
2991 1262 3087 1318 est,
3114 1262 3163 1306 et
3178 1254 3295 1322 quis
3320 1267 3590 1326 cognoscet
3619 1275 3743 1313 eum
3759 1259 3789 1314 .’

2189 1339 2343 1409 Quod
2370 1350 2551 1398 autem
2577 1342 2865 1413 dupliciter
2882 1343 3048 1400 homo
3071 1344 3455 1418 intelligendus
3476 1348 3570 1416 sit,
3589 1360 3783 1407 osten—

2189 1432 2270 1489 dit
2286 1434 2551 1490 Dominus
2567 1436 2635 1490 ad
2656 1434 2989 1491 Ezechielem
3012 1437 3331 1507 prophetam
3352 1438 3541 1496 dicens
3563 1458 3575 1495 :
3601 1441 3786 1498 Homo

2192 1526 2345 1579 hoino
2366 1525 2432 1580 de
2455 1526 2611 1580 domo
2628 1524 2914 1598 lsrael,qui
2933 1528 3165 1598 posuerit
3181 1529 3545 1587 immunditias
3568 1550 3694 1588 suas
3724 1536 3787 1590 in

2192 1616 2347 1669 corde
2371 1632 2466 1670 suo
2483 1615 2699 1687 (Ezech.
2722 1616 2858 1687 xiv),
2887 1626 2941 1673 et
2965 1617 3193 1689 reliqua.
3222 1619 3500 1690 Duplicem
3530 1638 3663 1696 ergo
3683 1641 3789 1681 no-

2191 1705 2276 1762 bis
2296 1705 2450 1776 juxta
2478 1706 2819 1777 Apostolum,
2856 1715 2914 1762 ut
2938 1723 3101 1779 supra
3130 1709 3388 1775 diximus,
3415 1715 3653 1771 ostendit
3677 1717 3786 1772 ho-

2193 1799 2415 1864 minem,
2460 1798 2772 1854 interiorem
2812 1808 2870 1855 ct
2907 1801 3260 1859 exteriorem.
3303 1803 3454 1859 Multi
3494 1807 3639 1862 enim
3678 1808 3787 1863 ha-

2194 1890 2382 1945 hentes
2415 1890 2648 1946 hominis
2678 1890 2870 1947 faciem
2903 1891 3263 1961 corporalem,
3304 1893 3643 1950 diversarum
3680 1899 3789 1953 be-

2194 1981 2421 2036 stiarum
2448 1990 2733 2036 assumunt
2752 1981 3035 2052 imagines,
3064 1997 3203 2051 quas
3224 1981 3489 2053 dissipare
3509 1983 3791 2056 Propheta

2192 2072 2586 2143 concupiscens
2621 2072 2943 2142 deprecatur
2979 2090 2996 2127 :
3036 2072 3277 2138 Domine,
3328 2074 3388 2128 iu
3429 2075 3640 2130 civitate
3687 2086 3791 2130 tua

2192 2162 2443 2233 imagines
2468 2178 2649 2216 eorum
2676 2161 2957 2232 dissipabis
2989 2161 3162 2235 (Psal.
3194 2162 3388 2235 nx").
3422 2163 3500 2218 Illi
3524 2206 3540 2232 ,
3569 2166 3635 2221 de
3660 2167 3792 2236 qui-

2192 2253 2292 2308 bus
2307 2252 2564 2324 scriptum
2584 2261 2671 2310 est
2688 2271 2705 2307 :
2722 2251 2771 2306 Η
2778 2269 2896 2307 amo
2913 2269 3031 2308 cum
3050 2254 3105 2308 in
3124 2253 3317 2309 honore
3331 2265 3485 2322 esset,
3499 2274 3603 2311 non
3626 2259 3789 2313 intel-

2192 2343 2697 2414 lexit:comparatus
2715 2353 2789 2399 est
2809 2343 3066 2415 jumentis
3106 2345 3493 2416 insipientibus,
3514 2356 3562 2401 et
3590 2348 3787 2404 similis

2192 2438 2368 2508 factus
2388 2448 2463 2493 est
2486 2437 2594 2493 illis
2618 2435 2791 2510 (Psal.
2822 2431 3034 2508 ιινιιι),
3057 2453 3164 2494 non
3188 2446 3313 2493 sunt
3333 2438 3583 2495 homines
3606 2440 3786 2496 honti~

2188 2543 2325 2596 nes,
2376 2528 2470 2584 sed
2515 2528 2764 2585 homines
2810 2538 2935 2585 sunt
2976 2528 3241 2600 iumenta.
3286 2528 3522 2585 Rursum
3568 2531 3661 2601 qui
3710 2532 3786 2587 de

2191 2618 2484 2691 Evangelio
2495 2618 2736 2674 audivit:
2751 2618 3026 2690 Serpentes
3040 2620 3159 2690 geni
3164 2619 3303 2673 mina
3319 2620 3636 2690 viperarum,
3660 2622 3787 2692 quis

2189 2710 2414 2767 ostendit
2447 2710 2591 2765 vobis
2615 2710 2794 2781 {agere
2830 2709 2895 2764 ab
2924 2709 3004 2764 ira
3036 2719 3252 2764 ventura
3284 2709 3498 2781 (Matth.
3530 2711 3638 2781 nt),
3670 2726 3785 2765 non

2190 2812 2314 2857 sunt
2349 2800 2595 2856 homines
2622 2800 2893 2865 homines,
2911 2800 3003 2855 sed
3039 2807 3164 2854 sunt
3199 2801 3445 2855 homines
3472 2811 3779 2871 serpentes.

2189 2892 2257 2948 Et
2288 2891 2357 2948 de
2391 2892 2589 2961 quibus
2631 2891 2890 2960 scriptum
2919 2899 3002 2945 est
3032 2907 3045 2943 :
3086 2887 3275 2961 Vulpes
3301 2890 3483 2960 [areas
3510 2890 3700 2944 habent
3729 2899 3783 2944 et

2190 2982 2422 3038 volucres
2457 2980 2571 3036 coeli
2606 2980 2754 3034 nidos
2784 2978 3002 3051 (Matth.
3027 2979 3148 3053 vttt)
3175 2997 3189 3046 ;
3219 2980 3365 3035 etde
3395 2978 3608 3035 Herode
3638 2998 3653 3033 :
3681 2979 3782 3033 Di-

2190 3074 2289 3128 cite
2319 3070 2462 3143 vulpi
2493 3071 2614 3125 huic
2649 3068 2801 3141 (Luc.
2833 3068 2952 3142 χιιι)
2991 3087 3007 3123 :
3035 3083 3140 3123 non
3169 3076 3297 3124 sunt
3322 3069 3571 3123 homines
3597 3069 3779 3124 horni-

2191 3180 2318 3231 nes,
2364 3164 2462 3220 sed
2491 3171 2619 3219 sunt
2662 3162 2909 3219 homines
2938 3161 3144 3231 vulpes.
3181 3161 3283 3228 Qui
3321 3176 3451 3217 vero
3486 3170 3783 3230 utrumque

2193 3256 2427 3313 hominis
2465 3254 2787 3311 vocabulum
2835 3254 3153 3323 possident,
3189 3253 3237 3309 si
3277 3256 3626 3322 erraverint,
3656 3255 3805 3310 ideo

2191 3362 2290 3420 per
2323 3346 2582 3418 supplicia
2621 3345 2994 3415 corriguntur,
3026 3353 3085 3398 ut
3130 3344 3448 3416 intelligant,
3493 3347 3637 3416 quod
3667 3346 3779 3400 Do-

2190 3438 2371 3492 minus
2422 3437 2536 3507 ipse
2564 3446 2646 3490 εει
2685 3434 2849 3489 Deus.
2898 3434 3156 3489 llomincs
3192 3436 3544 3491 rationabiles
3572 3438 3781 3507 quique

2192 3524 2567 3595 intelliguntur
2592 3523 2662 3577 de
2697 3522 2898 3593 quibus
2928 3523 2983 3576 in
3015 3522 3221 3591 psalmo
3248 3523 3446 3595 legitur
3476 3543 3494 3578 :
3519 3524 3782 3581 IIomiues

2190 3626 2239 3672 et
2259 3616 2501 3686 jumeuta
2531 3614 2703 3668 salvos
2728 3613 2912 3683 facies,
2941 3613 3164 3667 Domine
3203 3613 3372 3683 (Psal.
3412 3616 3597 3687 xxxv).
3643 3617 3779 3672 Item

2190 3707 2435 3763 homines
2461 3714 2776 3775 peccatores
2796 3745 2811 3769 ,
2848 3712 2906 3758 ιιι
2935 3704 2988 3758 in
3019 3704 3227 3774 psalmo
3254 3723 3267 3759 :
3309 3703 3412 3760 Vos
3436 3716 3612 3760 autem
3641 3710 3781 3762 sicut

2190 3800 2444 3866 homines,
2500 3797 2795 3853 moriemini
2836 3796 3012 3870 (Psal.
3058 3797 3265 3869 Lxxxt).
3303 3798 3607 3868 Aliquando
3646 3816 3784 3855 vero

2193 3891 2356 3946 homo
2387 3898 2726 3961 peccatorem
2768 3888 3063 3959 quemlibet
3089 3898 3145 3943 et
3168 3904 3572 3959 persecutorem
3611 3891 3784 3963 signi-

2190 3982 2340 4049 ﬁcat,
2380 3997 2473 4037 seu
2510 3981 2886 4052 impiissimum
2924 3981 3341 4049 Antichristum,
3388 3983 3455 4038 de
3493 3998 3602 4053 quo
3647 3984 3783 4039 dicit

2188 4074 2475 4130 Psalmista
2505 4091 2521 4128 :
2554 4072 2819 4143 Exsurge,
2855 4071 3109 4138 Domine,
3141 4089 3246 4127 non
3290 4073 3572 4145 prwvaleat
3622 4075 3785 4129 homo

2190 4165 2367 4239 (Psal.
2398 4164 2500 4237 ts).
2534 4164 2654 4235 Ipse
2695 4171 2780 4219 est
2807 4162 2952 4217 enim
2977 4163 3140 4218 homo
3168 4165 3463 4234 pessimus,
3488 4181 3648 4235 quem
3675 4166 3780 4222 hu-

2190 4274 2349 4315 mana
2395 4273 2503 4313 non
2548 4264 2726 4327 potest
2769 4255 3037 4311 sustinere
3074 4255 3335 4322 conditio,
3371 4257 3427 4310 in
3473 4271 3582 4327 quo
3627 4265 3790 4311 tanta

2189 4351 2295 4405 erit
2337 4348 2572 4405 versutia
2614 4346 2701 4402 vel
2743 4353 3027 4418 potestas,
3074 4346 3286 4402 ut-sola
3335 4347 3547 4403 Domini
3600 4348 3783 4404 virtus

2188 4441 2307 4512 ejus
2337 4441 2508 4511 possit
2540 4454 2800 4510 superare
2843 4440 3158 4511 nequitiam.
3209 4439 3431 4512 Legitur
3454 4441 3589 4496 etin
3632 4441 3780 4513 Apo-

2189 4531 2326 4588 stolo
2351 4548 2365 4585 :
2401 4529 2558 4585 Vetus
2589 4531 2743 4584 homo
2771 4542 2968 4596 uoster,
2991 4531 3096 4586 hoc
3118 4541 3226 4596 est,
3249 4532 3410 4587 homo
3440 4534 3646 4603 peccati
3664 4575 3679 4601 ,
3702 4535 3779 4590 si-

504 4626 649 4680 uiam
678 4626 855 4681 visitas
882 4640 1019 4681 eum.
1060 4623 1160 4680 Hic
1177 4622 1291 4693 jam
1311 4639 1446 4681 voce
1465 4625 1795 4695 surgendum
1820 4635 1931 4692 cst,
1959 4627 2085 4696 quia
2112 4653 2165 4714 Ι)
2191 4622 2301 4678 mul
2317 4622 2603 4689 cruciﬁxus
2631 4630 2705 4675 est
2732 4637 2850 4675 cum
2869 4619 3099 4687 Christo,
3130 4631 3185 4675 ut
3211 4623 3567 4677 destrueretur
3587 4641 3780 4694 corpus

504 4717 790 4773 Dominum
827 4714 1097 4789 signiﬁcat
1132 4714 1496 4782 Salvatorem,
1533 4716 1623 4787 qui
1656 4731 1786 4783 non,
1816 4725 1876 4773 ut
1901 4717 2087 4773 caeteri

508 4810 797 4873 mortales,
827 4824 895 4864 ex
934 4809 1145 4865 (limbus
1181 4808 1491 4863 hominibus
1533 4817 1693 4864 natus
1723 4818 1809 4864 est
1838 4825 1852 4862 :
1884 4808 1979 4864 sed
2020 4824 2088 4864 ex

506 4901 711 4971 Spiritu
736 4910 944 4967 sancto,
964 4911 1023 4956 et
1043 4901 1213 4956 beatae
1232 4899 1412 4956 Maria:
1433 4915 1647 4971 semper
1663 4898 1888 4969 virginis
1908 4907 2087 4964 utero,

507 5000 766 5060 tanquam
798 5006 1027 5060 sponsus
1051 4991 1117 5046 de
1139 4990 1372 5062 glorioso
1396 4990 1654 5054 thalamo,
1676 4988 1960 5058 processit.
1991 4987 2087 5043 Se-

506 5079 693 5148 quitur
722 5093 737 5132 :
776 5078 1015 5133 Minuisti
1056 5096 1173 5135 eum
1213 5079 1372 5150 paulo
1395 5080 1569 5134 minus
1594 5078 1658 5132 ab
1684 5076 1882 5147 angelis
1910 5075 2085 5146 (Psal.

503 5168 645 5240 vm).
678 5169 815 5224 Hinc
829 5170 940 5240 jam
967 5170 1177 5225 Domini
1205 5170 1500 5225 Salvatoris
1527 5167 1804 5222 humilitas
1829 5177 2083 5224 narratur

501 5266 558 5314 et
584 5258 773 5330 gloria.
821 5259 1114 5315 Miuoratus
1139 5270 1222 5316 est
1253 5261 1396 5315 enim
1427 5274 1532 5312 non
1569 5257 1894 5313 necessitate
1927 5259 2083 5314 mini-

504 5349 779 5413 stratoris,
810 5349 905 5405 sed
939 5350 1154 5420 pietatis
1182 5364 1294 5403 suae
1321 5357 1615 5417 spontanea
1647 5346 1944 5411 voluntate,
1977 5349 2083 5404 sic-

503 5447 563 5495 ttt
607 5440 897 5511 Apostolus
951 5442 1070 5496 ait:
1110 5440 1453 5509 Semetipsum
1506 5439 1813 5507 exinanivit,
1855 5440 2081 5509 formam

502 5531 636 5585 servi
671 5532 931 5599 accipiens
962 5530 1127 5602 (Phil.
1166 5529 1249 5598 ll).
1296 5528 1547 5597 Sequitur
1586 5548 1598 5583 :
1642 5530 1985 5586 Paulominus
2014 5531 2079 5585 ab

500 5623 699 5693 angelis
723 5622 896 5696 (Psal.
930 5623 1081 5694 vm),
1110 5621 1236 5691 quia
1259 5619 1487 5692 (crucem
1516 5637 1613 5692 pro
1642 5623 1880 5679 omnium
1907 5623 2081 5679 salute

500 5714 755 5783 suscepit.
788 5714 863 5768 Ex
887 5728 950 5769 ea
994 5710 1258 5781 siquidem
1288 5720 1442 5780 parte
1497 5711 1722 5768 Creator
1766 5711 2079 5783 angelorum

499 5805 677 5859 minor
722 5806 894 5860 factus
940 5812 1027 5859 est
1066 5802 1286 5862 anuclis.
1321 5803 1480 5881 .Bcnc
1508 5813 1691 5860 autem
1715 5804 1888 5883 dixit,
1919 5806 2077 5875 paulo

2188 4712 2385 4783 peccati
2421 4709 2593 4784 (Rom.
2628 4708 2726 4780 v1).
2760 4709 2914 4765 Unde
2936 4709 3091 4780 jubet
3117 4711 3335 4783 (Ephes.
3371 4712 3445 4782 tv)
3481 4729 3580 4768 nos
3611 4714 3777 4784 depo-

2189 4817 2320 4858 nere
2355 4811 2594 4856 vetcrem
2625 4801 2895 4856 hominem
2931 4817 3054 4856 cum
3081 4803 3293 4858 actibus
3322 4803 3437 4858 suis
3464 4811 3520 4857 et
3549 4804 3778 4859 induere

2188 4908 2386 4947 novum
2409 4892 2502 4961 qui
2529 4891 2825 4945 secundum
2857 4889 3025 4945 Deum
3050 4901 3267 4946 creatus
3290 4899 3373 4947 est
3406 4891 3461 4947 in
3477 4890 3690 4960 justitia
3717 4899 3775 4945 et

2189 4981 2479 5039 sanctitate
2507 4979 2772 5036 veritatis.
2805 4978 2995 5035 Omnia
3031 4983 3173 5037 enim
3204 4991 3423 5053 peccata
3455 4992 3512 5038 et
3540 4982 3774 5038 crimina

2190 5073 2352 5129 simul
2382 5087 2579 5141 corpus
2606 5072 2866 5141 appellat,
2901 5072 3046 5143 quod
3071 5074 3278 5129 destrui
3304 5074 3435 5131 dicit
3454 5087 3551 5144 per
3571 5075 3774 5131 bonam

2191 5164 2357 5218 vitam
2391 5172 2449 5218 et
2486 5163 2645 5218 ﬁdem
2675 5163 3030 5219 Catholicam.
3067 5162 3360 5220 Cruciﬁxio
3391 5165 3591 5235 quippe
3636 5164 3779 5220 inte-

2189 5253 2350 5308 rioris
2393 5253 2628 5309 hominis
2668 5254 3000 5322 pmnitentia:
3037 5253 3253 5310 dolores
3290 5253 3678 5325 intelliguntur,
3716 5260 3774 5309 et

2187 5343 2532 5401 continentiae
2544 5342 2761 5413 quidem
2774 5343 3009 5399 salubris
3023 5345 3317 5409 cruciatus,
3333 5357 3433 5413 per
3445 5359 3608 5414 quam
3623 5358 3774 5398 mor-

2191 5446 2300 5490 tem
2328 5448 2478 5488 mors
2508 5432 2803 5503 impietatis
2830 5433 3132 5502 perimitur.
3163 5432 3423 5502 Spiritum
3454 5433 3597 5488 idem
3625 5446 3771 5498 esse,

2188 5527 2331 5596 quod
2365 5526 2602 5579 animam
2633 5525 2974 5594 Evangelista
3012 5524 3349 5594 pronuntiat,
3382 5524 3570 5579 dicens
3601 5541 3615 5578 :
3653 5520 3769 5577 Po-

2187 5629 2421 5674 testatent
2460 5618 2623 5673 habeo
2653 5616 2878 5688 portendi
2915 5615 3145 5669 animum
3173 5632 3344 5670 meum
3376 5615 3559 5688 (Joan.
3600 5616 3681 5685 ι),
3710 5624 3769 5671 et

2189 5727 2400 5767 rursum
2443 5730 2456 5765 :
2502 5711 2817 5765 Potestatem
2848 5708 3010 5762 habeo
3046 5708 3287 5762 sumendi
3306 5724 3422 5764 eam
3453 5707 3666 5780 (lbid.).
3690 5708 3774 5763 De

2187 5803 2287 5858 hac
2324 5817 2537 5873 quoque
2566 5803 2680 5871 ipsa
2712 5799 2921 5857 Domini
2957 5797 3156 5865 anima,
3198 5800 3469 5868 passionis
3498 5808 3766 5871 tempore,
