4074 6316
230 436 324 492 Ml

1219 435 1306 490 DE
1344 431 1692 492 UNIVERSO
1729 433 1906 489 LIBRI
1946 433 2109 488 XXII.
2147 465 2216 474 --
2253 434 2380 493 LIB.
2422 437 2506 491 VI.

231 552 556 606 memoratus
591 533 937 614 Evangelista
963 547 1209 618 protulit,
1241 548 1316 602 ita
1346 548 1531 604 dicens
1569 566 1583 603 :
1619 547 1687 600 Et
1723 547 1804 601 in-
1831 550 1880 608 Α
1908 553 2014 599 tur.
2047 545 2199 602 Unde
2229 547 2425 601 dicitur
2454 565 2467 601 :
2507 547 2729 604 Recessit
2766 568 2798 603 (ι
2844 550 2976 605 Saul
3018 553 3232 622 spiritus
3277 555 3493 614 Domini

231 639 424 694 clinato
464 635 629 704 capite
665 635 836 688 emisit
878 637 1117 706 spiritum
1165 633 1348 708 (Jaan.
1397 637 1513 708 xx).
1557 637 1695 703 Quid
1723 644 1806 692 est

237 731 379 788 enim
400 727 643 784 emittere
665 727 1046 797 spiritum,nisi
1071 729 1210 797 quod
1225 728 1457 783 animam
1474 728 1809 800 ponere.Sed

235 822 409 878 anima
422 819 582 884 dicta;
604 825 822 888 propter
842 817 983 887 quod
999 817 1154 873 vivit:
1173 817 1406 888 Spiritus
1422 826 1601 873 autem
1615 817 1698 873 vel
1709 832 1809 888 pro

234 910 458 985 Spiritali
500 916 717 975 natura,
755 908 842 963 vel
873 924 973 980 pro
999 924 1084 975 eo,
1127 911 1271 980 quod
1301 910 1528 980 inspiret
1557 925 1804 981 corpora.

231 1004 358 1059 Item
398 1000 640 1056 animum
682 1000 823 1056 idem
857 1016 978 1056 esse
1011 1002 1424 1072 quodoanimam
1449 1020 1463 1057 :
1493 1003 1586 1059 sed
1629 1003 1808 1058 anima

230 1095 349 1149 vitae
385 1101 489 1158 est,
537 1092 752 1147 animus
803 1091 1034 1147 consilii.
1081 1091 1235 1149 Unde
1275 1093 1460 1148 dicunt
1504 1093 1806 1164 philosophi

231 1186 388 1241 etiam
417 1183 537 1238 sine
566 1183 748 1238 animo
776 1182 944 1237 vitam
971 1197 1210 1250 manere,
1253 1191 1309 1240 et
1336 1184 1455 1239 sine
1485 1193 1664 1240 mente
1693 1184 1810 1238 ani-

232 1290 370 1330 mam
392 1273 610 1329 durare.
636 1271 792 1328 Unde
813 1281 869 1328 et
897 1281 1157 1329 amentes.
1187 1272 1324 1328 Nam
1345 1282 1582 1330 mentem
1601 1274 1806 1340 vocari,

230 1375 286 1420 ut
316 1364 450 1419 sciat
484 1381 498 1416 :
533 1364 804 1430 animum,
842 1373 901 1417 ut
924 1363 1069 1420 velit.
1103 1363 1253 1420 Mens
1293 1373 1473 1420 autem
1510 1373 1722 1430 vocata,
1749 1373 1809 1420 ut

227 1456 464 1511 emineat
490 1455 544 1509 in
569 1455 772 1520 anima,
793 1454 877 1510 vel
903 1456 1047 1526 quod
1073 1455 1338 1510 meminit.
1365 1455 1517 1512 Unde
1537 1465 1592 1511 et
1614 1457 1806 1512 imme-

227 1560 398 1601 mores
438 1553 712 1599 amentes.
759 1543 1100 1615 Quapropter
1139 1559 1246 1600 non
1285 1544 1486 1610 anima,
1531 1545 1626 1601 sed
1663 1547 1808 1616 quod

226 1639 437 1694 excellit
481 1638 535 1691 in
580 1637 788 1701 anima,
833 1652 987 1693 mens
1031 1646 1291 1704 vocatur,
1343 1646 1598 1708 tanquam
1647 1647 1808 1708 caput

225 1731 354 1800 ejus,
383 1728 476 1784 vel
501 1727 708 1784 oculus.
741 1728 895 1784 Unde
923 1736 978 1784 et
997 1728 1110 1799 ipse
1145 1729 1307 1785 homo
1339 1729 1632 1785 secundum
1657 1745 1807 1785 men-

228 1833 330 1878 tem
379 1823 564 1894 imago
603 1820 697 1876 Dei
746 1821 961 1878 dicitur.
1016 1822 1095 1876 Ita
1138 1830 1316 1878 autem
1348 1823 1464 1878 haec
1503 1823 1682 1878 omnia
1712 1823 1808 1877 ad-

1910 635 2094 701 bonus,
2113 646 2161 690 et
2182 637 2365 692 invasit
2391 655 2508 692 eum
2530 641 2745 710 spiritus
2767 659 3032 712 nequama
3046 644 3271 701 Domino
3286 648 3336 719 (1
3357 649 3488 724 Reg.

1908 726 2042 797 va).
2095 728 2246 784 Unde
2270 738 2325 784 et
2361 730 2416 785 in
2468 731 2756 804 Evangelia
2794 735 2908 804 ipsa
2954 736 3165 794 Veritas
3190 739 3267 795 ait
3311 758 3323 794 :
3357 741 3492 800 Cum

1908 817 2209 875 immundus
2233 821 2445 891 spiritus
2469 824 2650 878 exierit
2671 826 2735 879 de
2758 826 2987 894 homine,
3013 828 3244 884 ambulat
3265 848 3358 902 per
3377 833 3494 892 loca

1909 909 2182 979 inaquosa,
2230 914 2456 980 requiem
2499 931 2765 984 quwrens,
2808 927 2855 970 et
2903 934 3005 972 non
3053 920 3244 975 invenit
3273 922 3490 991 (Matth.

1911 997 2032 1069 xu).
2070 999 2138 1054 Et
2164 1000 2324 1070 paulo
2357 1012 2480 1072 post
2507 1002 2803 1077 subjungit,
2831 1008 3015 1064 dicens
3048 1029 3060 1064 :
3093 1010 3236 1066 Tunc
3271 1016 3494 1069 assumit

1909 1101 2100 1160 septem
2131 1093 2344 1162 spiritus
2371 1096 2640 1166 nequiores
2666 1114 2752 1163 se,
2781 1109 2830 1153 et
2856 1100 3112 1156 intrantes
3140 1103 3377 1160 habitant
3421 1107 3497 1161 ibi

1910 1178 2123 1250 (Ibid),
2166 1182 2267 1237 hoc
2290 1192 2391 1250 est,
2420 1201 2542 1239 eum
2576 1186 2906 1256 plenitudine
2945 1193 3187 1248 omnium
3214 1195 3493 1251 vitiorum.

1913 1265 2062 1322 Unde
2091 1269 2222 1338 ﬁunt
2255 1273 2534 1330 novissima
2557 1275 2781 1331 hominis
2817 1278 2959 1334 illius
2997 1283 3180 1352 pejora
3208 1287 3492 1354 prioribus.

1909 1357 2117 1430 Corpus
2147 1360 2348 1417 dictum
2391 1379 2489 1432 eo,
2522 1369 2664 1436 quod
2691 1379 3004 1441 corruptum
3045 1374 3205 1443 perit.
3255 1375 3497 1434 Solubile

1909 1451 2054 1506 enim
2097 1461 2262 1523 atque
2292 1457 2521 1513 mortale
2569 1471 2682 1527 est,
2727 1470 2783 1516 et
2820 1463 3111 1533 aliquando
3156 1467 3493 1525 solvendum.

1909 1540 2048 1597 Caro
2067 1553 2246 1599 autem
2265 1560 2298 1600 a
2317 1549 2552 1604 creando
2574 1558 2657 1606 est
2673 1552 2959 1621 appellata.
2979 1553 3328 1613 Crementum
3350 1559 3499 1614 enim

1909 1647 2094 1688 semen
2141 1643 2224 1689 est
2267 1636 2517 1704 masculi,
2561 1639 2701 1695 unde
2747 1642 3061 1700 animalium
3113 1655 3168 1702 et
3216 1647 3498 1704 hominum

1908 1738 2135 1794 corpora
2176 1728 2571 1797 concipiuntur.
2627 1731 2764 1788 llinc
2811 1742 2867 1789 et
2921 1747 3171 1806 parentes
3223 1749 3500 1796 creatores

1911 1825 2190 1870 vocantur.
2238 1817 2378 1873 Caro
2423 1829 2602 1875 autem
2647 1837 2715 1877 ex
2763 1832 2996 1893 quatuor
3022 1825 3302 1885 elementis
3345 1845 3496 1886 com-

219 1915 401 1982 juncta
445 1921 578 1968 sunt
607 1913 823 1978 anima},
865 1921 926 1967 ut
972 1928 1080 1967 una
1114 1929 1201 1968 res
1241 1913 1330 1968 sit.
1367 1912 1471 1968 Pro
1503 1913 1806 1969 ellicientiis
1833 1909 1880 1969 B
1907 1919 2062 1982 pacta
2092 1920 2196 1968 est.
2227 1911 2363 1968 Nam
2388 1921 2530 1969 terra
2563 1914 2616 1969 in
2644 1930 2808 1972 carne
2839 1927 2944 1983 est,
2966 1934 3063 1974 aer
3090 1921 3142 1975 in
3175 1921 3364 1988 halitu,
3393 1923 3497 1978 hu-

225 2006 366 2060 enim
407 2020 704 2060 causarum
734 2004 948 2060 diversa
969 2005 1205 2084 'nomina
1249 2005 1438 2060 sortita
1476 2013 1560 2060 est
1599 2005 1803 2059 anima.

225 2095 354 2152 Nam
402 2105 457 2151 et
515 2095 780 2151 memoria
821 2111 977 2152 mens
1023 2105 1127 2152 est.
1179 2096 1332 2153 Unde
1371 2106 1426 2152 et
1463 2096 1808 2152 immemores

225 2196 490 2243 amentes.
537 2187 673 2241 Dum
713 2202 843 2259 ergo
893 2187 1133 2243 viviﬁcat
1177 2203 1395 2258 corpus,
1428 2188 1607 2242 anima
1663 2195 1746 2243 est
1791 2206 1804 2242 :

224 2279 342 2332 dum
392 2277 548 2343 vult,
597 2279 811 2334 animus
854 2286 938 2334 est
967 2297 980 2333 :
1010 2279 1138 2334 dum
1172 2279 1294 2344 scit,
1329 2293 1482 2334 mens
1524 2288 1648 2334 est:
1680 2278 1808 2334 dum

223 2370 425 2436 recolit,
466 2371 740 2426 memoria
784 2379 870 2425 est
907 2388 920 2424 :
961 2369 1088 2424 dum
1134 2377 1340 2424 rectum
1398 2369 1619 2436 indicat,
1671 2369 1810 2423 ratio

225 2469 303 2515 est
333 2479 345 2513 :
376 2460 512 2516 dum
559 2459 762 2530 spirat,
793 2459 1016 2530 spiritus
1056 2467 1178 2515 est:
1209 2461 1336 2514 dum
1373 2459 1575 2530 aliquid
1621 2460 1806 2526 sentit,

225 2568 411 2608 sensus
460 2559 572 2607 est.
633 2549 768 2604 Nam
812 2551 934 2605 inde
973 2550 1185 2605 animus
1227 2565 1416 2606 sensus
1455 2549 1653 2605 dicitur
1711 2563 1810 2620 pro

225 2643 316 2711 bis,
356 2658 474 2712 qua:
528 2642 709 2697 sentit.
751 2641 904 2697 Unde
946 2650 1001 2697 et
1036 2642 1302 2697 sententia
1333 2657 1528 2696 nomen
1579 2641 1806 2710 accepit.

224 2733 564 2806 Signiﬁcatio
577 2734 721 2788 enim
739 2733 956 2804 spiritus
971 2732 1251 2803 multiplex
1264 2732 1675 2802 est.Aliquando
1692 2730 1811 2801 Spi-

231 2828 366 2882 ritus
387 2827 612 2883 nomine
635 2826 749 2897 ipse
780 2825 922 2880 Deus
946 2824 1364 2888 demonstratur,
1397 2840 1519 2879 cum
1547 2823 1810 2893 scriptum

233 2928 346 2974 est:
365 2919 516 2972 Deus
539 2917 760 2989 Spiritus
786 2927 863 2971 est
893 2915 1075 2987 (Joan.
1101 2916 1206 2988 tv);
1231 2927 1286 2972 et
1305 2915 1540 2986 Spiritus
1565 2926 1807 2983 sanctus,

228 3013 292 3066 de
341 3026 450 3080 quo
513 3010 566 3064 in
611 3008 902 3079 Evangelio
949 3007 1174 3079 angelus
1225 3007 1293 3063 ad
1334 3007 1562 3062 Mariam
1621 3007 1750 3062 dicit
1791 3025 1805 3062 :

227 3099 456 3169 Spiritus
483 3107 702 3153 sanctus
733 3096 1051 3168 superveniet
1081 3097 1136 3150 in
1161 3105 1240 3162 te,
1286 3106 1335 3150 et
1367 3096 1528 3150 virtus
1555 3094 1810 3150 Altissimi

226 3189 555 3243 obumbrabit
610 3188 703 3242 tibi
755 3186 907 3258 (Luc.
960 3187 1023 3259 l);
1071 3194 1127 3241 et
1167 3186 1497 3257 Apostolus:
1545 3185 1808 3256 Spiritus,

229 3281 419 3352 inquit,
458 3281 640 3336 omnia
666 3289 955 3347 scrutatur,
982 3247 1140 3334 etiam
1167 3278 1433 3349 profunda
1462 3278 1558 3333 Dei
1588 3277 1641 3350 (I
1683 3278 1807 3334 Cor.
1840 3247 1884 3310 Ο

229 3376 319 3443 ιι),
365 3385 421 3432 ει
449 3377 650 3432 iterum
700 3389 715 3428 :
765 3373 867 3428 Ubi
905 3371 1163 3443 Spiritus,
1217 3373 1420 3443 inquit,
1470 3371 1700 3437 Domini,
1739 3371 1809 3425 ibi

226 3467 432 3522 libertas
467 3465 558 3539 (II
590 3464 712 3520 Cor.
743 3463 846 3536 ιιι).
877 3463 1178 3534 Aliquando
1199 3465 1362 3520 etiam
1392 3463 1616 3534 spiritus
1646 3461 1812 3532 signi-

228 3556 348 3610 ticat
394 3555 700 3626 angelicam
734 3562 1003 3608 naturam.
1054 3551 1206 3609 Unde
1242 3551 1524 3611 Psalmista
1551 3551 1628 3605 ait
1665 3555 1688 3604 :‘
1709 3549 1813 3616 Qui

226 3649 346 3716 facit
396 3644 615 3716 angelos
654 3661 776 3699 suos
805 3645 1018 3714 spiritus
1049 3640 1222 3714 (Psal.
1274 3642 1460 3714 cxxx).
1509 3641 1812 3712 Aliquando

227 3737 466 3791 animam
496 3733 766 3797 hominis,
816 3741 876 3786 ut
909 3749 1073 3802 supra
1110 3734 1462 3788 ostendimus.
1509 3733 1813 3802 Aliquando

227 3837 446 3883 sanctos
475 3823 624 3878 viros
653 3832 707 3879 et
735 3823 995 3876 virtutum
1029 3823 1278 3877 decorem
1321 3832 1481 3891 atque
1521 3824 1815 3892 spiritalem

229 3920 514 3973 habentes.
550 3912 702 3968 Unde
729 3910 1016 3981 Apostolus
1043 3911 1116 3966 ait
1149 3930 1161 3965 :
1194 3909 1251 3965 Si
1281 3912 1396 3982 quis
1421 3921 1815 3981 prwoccupatus

231 4009 380 4076 fuerit
406 4009 463 4061 in
482 4005 661 4075 aliqua
676 4003 864 4058 delicto
888 4016 906 4054 :
927 4020 1015 4057 vos
1034 4003 1123 4074 qui
1135 4003 1395 4073 spiritales
1412 4002 1554 4066 estis,
1576 4002 1818 4056 instruite

231 4095 534 4166 hujusmodi
554 4095 607 4148 in
625 4095 810 4166 spiritu
825 4092 1052 4148 lenitatis
1072 4092 1213 4166 (Gal.
1231 4093 1326 4163 vr).
1356 4093 1656 4163 Aliquando
1667 4094 1820 4163 spiri-

235 4196 316 4242 tus
334 4197 564 4242 vocatur
581 4185 738 4250 ratio,
755 4200 875 4255 quae
888 4185 1204 4256 prceeminet
1225 4184 1437 4247 animae,
1462 4193 1523 4238 ut
1543 4185 1595 4239 in
1619 4183 1815 4239 Danie-

235 4276 281 4331 Ie
305 4296 317 4332 :
349 4277 585 4347 Spiritus
610 4285 656 4330 et
687 4276 878 4330 animm
895 4275 1184 4344 justorum,
1211 4275 1493 4329 benedicite
1539 4273 1818 4328 Dominum

238 4365 393 4435 (Dan.
427 4367 535 4438 ιιι).
585 4363 887 4434 Aliquando
932 4364 1154 4432 spiritus
1177 4365 1411 4418 animam
1447 4362 1818 4432 jumentorum

239 4457 523 4528 signiﬁcat.
558 4456 710 4512 Unde
754 4455 1006 4510 Salomon
1032 4457 1107 4510 ait
1142 4473 1156 4510 :
1203 4454 1433 4526 Spiritus
1454 4457 1817 4526 jumentorum

241 4550 515 4604 descendat
570 4549 812 4603 deorsum
859 4549 1082 4620 (Eccles.
1124 4552 1230 4621 ιιι).
1286 4549 1585 4619 Aliquando
1633 4565 1818 4606 vocem

243 4641 468 4696 hominis
497 4639 788 4709 signiﬁcat.
833 4639 982 4695 Unde
1011 4640 1142 4694 dicit
1184 4639 1469 4708 Apostolus
1509 4658 1521 4693 :

245 4731 440 4801 lingua,
485 4732 704 4802 spiritus
749 4747 894 4785 meus
938 4739 1050 4784 orat
1079 4747 1097 4784 :
1141 4746 1284 4783 mens
1332 4739 1506 4784 autem
1553 4747 1668 4784 mea
1711 4731 1823 4784 sine

247 4823 416 4891 {ructu
457 4834 554 4877 est.
580 4822 755 4878 Orabo
771 4839 892 4892 ergo
916 4823 1121 4892 spiritu,
1145 4822 1305 4876 orabo
1338 4830 1385 4876 et
1416 4831 1581 4876 mente
1622 4820 1674 4893 (Ι
1697 4821 1820 4876 Cor.

250 4911 376 4982 xw).
449 4911 754 4982 Aliquando
810 4912 1236 4982 increpationcm
1297 4911 1595 4968 cwlestem.
1670 4912 1824 4968 Unde

251 5001 437 5056 dicitur
467 5003 519 5057 in
562 5002 768 5072 psalmo
811 5020 824 5056 :
855 5001 930 5055 Ab
958 5001 1309 5072 increpatione
1342 5012 1455 5066 tua,
1485 5002 1727 5068 Domine,
1757 5002 1822 5064 ab

252 5091 592 5162 increpatione
631 5093 846 5162 spiritus
877 5093 971 5145 ira:
1016 5102 1120 5145 tua:
1150 5090 1323 5164 (Psal.
1373 5093 1526 5164 xvu).
1573 5093 1822 5149 Ostendit

254 5196 374 5251 ergo
398 5183 978 5254 prtedicatoresverbi,
1001 5178 1138 5252 'quia
1169 5183 1370 5252 Spiritu
1399 5194 1587 5240 sancto
1611 5184 1821 5240 inﬂam-

256 5275 406 5341 mati,
435 5275 806 5346 delinquentes
830 5275 1054 5346 pupulas
1084 5275 1448 5344 increpabant,
1494 5285 1759 5345 quatenus
1789 5294 1819 5332 a

257 5364 391 5419 vitiis
413 5367 744 5423 recederent.
774 5367 1072 5436 Aliquando
1101 5375 1340 5432 ventum,
1373 5377 1429 5421 ut
1449 5377 1535 5422 est
1556 5368 1684 5424 illud
1711 5387 1723 5422 :
1750 5369 1819 5423 In

258 5457 431 5524 spiritu
452 5459 727 5514 vehementi
759 5469 992 5513 conteres
1021 5473 1174 5512 naves
1208 5457 1419 5512 Tharsis
1447 5456 1618 5530 (Psal.
1645 5457 1814 5529 xux).

260 5545 322 5600 Et
352 5548 402 5602 in
435 5553 763 5608 contrariam
800 5559 1011 5620 partem
1051 5550 1272 5620 spiritus
1317 5549 1530 5605 nomine
1557 5551 1818 5620 spiritalia

260 5634 377 5690 vitia
427 5639 768 5696 denotautur.
804 5640 954 5696 Unde
997 5640 1195 5696 dicitur
1241 5639 1460 5708 spiritus
1521 5640 1815 5709 superbim,

258 5727 468 5794 spiritus
498 5732 612 5800 ine,
643 5733 868 5803 spiritus
889 5733 1140 5796 tristitize,
1173 5731 1394 5802 spiritus
1424 5729 1815 5785 fornicationis.

260 5815 546 5891 Aliquando
580 5825 797 5882 nomine
825 5824 1045 5896 spiritus
1068 5824 1183 5894 ipse
1213 5822 1458 5881 diabolus
1485 5821 1820 5879 demonstra-

1910 2016 2029 2056 mor
2053 2001 2105 2056 in
2133 2003 2415 2074 sanguine,
2443 2005 2583 2076 ignis
2610 2006 2663 2062 in
2691 2007 2870 2064 calore
2903 2009 3074 2065 vitali.
3102 2010 3314 2068 [labent
3353 2015 3500 2069 enim

1909 2093 1963 2147 in
1994 2093 2149 2149 nobis
2195 2095 2463 2151 elementa
2495 2113 2648 2152 suam
2677 2115 2904 2171 quaeque
2941 2111 3152 2172 partem
3195 2121 3208 2158 :
3237 2105 3325 2159 cui
3368 2107 3501 2176 quid

1907 2180 2191 2249 debeatur,
2222 2186 2456 2241 ostendit
2487 2203 2747 2260 compago
2771 2191 3029 2248 resoluta.
3062 2192 3202 2250 Caro
3232 2205 3414 2251 autem
3443 2207 3502 2252 et

1907 2287 2107 2344 corpus
2134 2274 2346 2330 diversa
2387 2277 2715 2348 signiﬁcant.
2766 2279 2884 2334 Non
2924 2297 3140 2354 semper
3175 2285 3230 2339 in
3271 2300 3501 2356 corpore

1909 2377 2040 2419 εειιο
2083 2382 2096 2417 Ξ
2130 2364 2185 2419 ill
2222 2380 2388 2420 carne
2429 2381 2646 2436 semper
2689 2382 2888 2439 corpus
2915 2379 3017 2426 εει.
3069 2371 3202 2427 Nam
3231 2389 3359 2430 caro
3385 2385 3499 2440 εει,

1909 2470 2031 2525 quae
2061 2455 2217 2522 vivit,
2247 2455 2390 2512 idem
2421 2465 2476 2513 et
2501 2472 2700 2527 corpus
2729 2477 2742 2512 :
2774 2474 2996 2530 corpus,
3026 2463 3169 2531 quod
3195 2478 3303 2518 non
3332 2465 3501 2531 vivit,

1911 2543 2053 2600 idem
2099 2560 2207 2600 non
2242 2560 2391 2602 caro.
2443 2545 2577 2601 Nam
2605 2562 2801 2618 corpus
2849 2549 3048 2605 dicitur
3074 2560 3166 2606 aut
3193 2553 3336 2622 quod
3378 2563 3505 2623 post

1910 2641 2073 2696 vitam
2123 2651 2207 2698 est
2259 2651 2551 2708 mortuum,
2601 2652 2696 2698 aut
2744 2645 2861 2700 sine
2917 2646 3023 2700 vita
3073 2653 3157 2702 est
3197 2647 3495 2703 conditum.

1908 2730 2184 2788 Interdum
2235 2741 2292 2790 et
2353 2749 2477 2789 cum
2547 2735 2658 2789 vita
2709 2749 2908 2804 corpus
2945 2745 3000 2792 et
3047 2751 3155 2792 non
3207 2752 3378 2804 caro,
3440 2747 3501 2793 ut

1911 2824 2078 2879 herba
2105 2833 2161 2879 et
2209 2824 2430 2896 lignum.
2461 2824 2684 2897 Mystice
2731 2826 2877 2881 enim
2919 2841 3116 2898 corpus
3165 2829 3502 2898 corporalem

1911 2913 2179 2984 signiﬁcat
2229 2923 2577 2980 creaturam,
2626 2914 2710 2970 vel
2763 2916 2998 2972 hominis
3038 2925 3348 2990 corruptam
3398 2936 3499 2974 na-

1913 3014 2107 3060 turam.
2144 3005 2298 3062 Unde
2335 3006 2530 3076 legitur
2558 3006 2612 3061 in
2640 3007 2920 3076 Apostolo,
2951 3023 3181 3078 corpora
3225 3025 3345 3066 esse
3390 3026 3502 3066 coe-

1910 3093 2066 3150 lestia
2113 3104 2169 3150 et
2220 3110 2445 3166 corpora
2489 3096 2784 3152 terrestria.
2834 3096 2898 3152 Et
2937 3098 3094 3164 alibi,
3133 3099 3367 3170 Corpus,
3414 3101 3501 3156 in-

1915 3187 2057 3257 quit,
2109 3185 2248 3258 quod
2292 3189 2666 3257 corrumpitur,
2723 3197 2969 3258 aggravat
3010 3191 3241 3243 animam
3283 3190 3336 3261 (Ι
3372 3190 3498 3246 Cor.

1916 3292 2022 3342 xv;
2052 3276 2182 3347 Sap.
2229 3277 2326 3347 ιχ).
2360 3276 2496 3331 Nam
2523 3292 2651 3333 caro
2673 3277 2830 3348 juxta
2858 3277 3168 3350 allegoriam
3213 3281 3502 3352 aliquando

1917 3363 2183 3434 significat
2209 3365 2535 3420 exteriorem
2583 3366 2886 3432 hominem,
2935 3367 3224 3438 aliquando
3266 3369 3506 3434 litteram

1917 3451 2049 3523 legis
2073 3460 2126 3507 et
2154 3453 2424 3509 carnalem
2450 3469 2700 3521 sensum,
2732 3455 3020 3526 aliquando
3049 3457 3368 3528 sapientiam
3397 3461 3500 3515 hu-

1915 3561 2162 3612 manam,
2208 3561 2329 3616 quae
2379 3547 2654 3601 contraria
2701 3547 2864 3602 sentit
2915 3547 3045 3604 Deo.
3084 3547 3219 3603 Nam
3261 3549 3316 3604 in
3361 3549 3506 3622 Apo-

1917 3633 2056 3690 stolo
2081 3634 2340 3705 scriptum
2369 3644 2452 3691 est
2485 3653 2498 3690 :
2534 3635 2827 3690 Prudentia
2851 3637 3026 3690 carnis
3051 3654 3189 3692 mors
3215 3649 3288 3693 est
3320 3655 3340 3694 :
3380 3657 3508 3710 pru-

1917 3728 2093 3782 dentia
2124 3737 2298 3782 autem
2334 3729 2550 3797 spiritus
2577 3729 2681 3784 vita
2725 3738 2774 3783 et
2797 3745 2903 3800 pax
2931 3728 3108 3802 (Rom.
3134 3730 3277 3803 VIII).
3327 3729 3505 3787 Unum

1917 3827 2080 3888 atque
2108 3819 2250 3874 idem
2289 3835 2408 3875 esse
2442 3819 2590 3892 [est],
2647 3821 2789 3890 quod
2821 3819 2952 3876 dicit
2983 3839 2996 3874 :
3024 3821 3304 3892 prudentia
3330 3824 3505 3876 carnis
3538 3830 3546 3836 ‘

1920 3929 2059 3966 mors
2090 3928 2108 3965 :
2132 3919 2186 3967 et
2217 3911 2346 3966 illud
2382 3929 2394 3964 :
2425 3911 2622 3965 Littera
2655 3913 2842 3966 occidit
2879 3911 2997 3982 (III
3029 3911 3152 3966 Cor.
3202 3912 3306 3983 ιιι).
3336 3911 3507 3982 Igitur

1919 4003 2206 4073 prudentia
2226 4003 2407 4058 carnis
2422 4018 2569 4058 mors
2590 4012 2690 4058 est.
2719 4002 2817 4058 Cui
2860 4018 3008 4058 mors
3035 4003 3154 4057 est?
3175 4003 3368 4058 anima:
3389 4003 3507 4059 sine

1921 4095 2103 4150 dubio.
2137 4094 2237 4162 Qui
2271 4095 2414 4150 enim
2458 4094 2631 4167 legem
2659 4094 2955 4149 secundum
3001 4109 3254 4161 carnem,
3300 4095 3356 4150 id
3398 4103 3504 4160 est,

1921 4188 2215 4243 secundum
2245 4186 2482 4242 litteram
2525 4183 2793 4256 intelligit,
2827 4201 2933 4241 non
2959 4185 3106 4240 venit
3131 4184 3200 4239 ad
3228 4184 3506 4241 Christum

1920 4279 2122 4349 quiest
2164 4278 2320 4332 vita:
2369 4285 2424 4332 et
2467 4276 2587 4332 ideo
2627 4277 2912 4346 prudentia
2957 4277 3139 4333 carnis
3189 4293 3335 4334 mors
3380 4287 3505 4344 est,

1920 4368 2202 4437 prudentia
2231 4382 2362 4422 vero
2407 4367 2628 4437 spiritus
2654 4367 2765 4422 vita
2795 4376 2849 4422 et
2893 4383 3018 4438 pax.
3051 4369 3228 4424 Vitam
3275 4385 3509 4439 namque

1921 4467 1975 4513 et
2003 4473 2214 4528 pacem,
2245 4473 2366 4528 quae
2393 4468 2478 4514 est
2501 4458 2769 4524 Christus,
2818 4461 3008 4526 habet,
3042 4461 3134 4530 qui
3191 4461 3510 4532 Spiritaliter

1924 4548 2175 4619 intelligit
2219 4548 2412 4618 legem.
2455 4549 2628 4603 Aliter
2675 4549 2958 4618 prudentia
3006 4551 3187 4606 carnis
3224 4559 3510 4620 peccatmn

1577 4641 1638 4696 Si
1678 4657 1820 4694 orem
1850 4611 1898 4671 Ῐ)
1923 4649 2026 4702 εει,
2059 4638 2200 4706 quod
2225 4647 2446 4706 generat
2467 4647 2715 4702 mortem;
2751 4641 3034 4710 prudentia
3051 4641 3194 4694 enim
3223 4641 3344 4694 ideo
3375 4641 3510 4694 dici-

1925 4736 2034 4791 tur,
2059 4742 2180 4780 cum
2210 4742 2297 4781 res
2320 4726 2482 4780 stulta
2513 4728 2585 4780 sit
2615 4745 2626 4780 :
2652 4729 2779 4796 quia
2806 4729 3155 4783 saecularibus
3197 4727 3510 4784 hominibus

1925 4833 2139 4873 errores
2182 4817 2483 4872 visibilibus
2517 4819 2784 4888 concepti,
2834 4818 2948 4873 sive
2981 4818 3034 4872 in
3072 4834 3253 4884 sensu,
3291 4819 3404 4876 sive
3452 4821 3509 4875 in

1926 4919 2047 4964 actu
2075 4917 2258 4963 contra
2278 4908 2448 4980 legem
2478 4910 2590 4974 Dei,
2615 4910 2898 4980 prudentia
2921 4910 3192 4966 videntur.
3219 4910 3504 4977 Quoniam,

1927 5000 2098 5069 inquit
2142 5000 2450 5069 Apostolus,
2487 5001 2745 5071 sapientia
2788 5001 2961 5054 carnis
3000 5000 3212 5055 inimica
3241 5011 3317 5056 est
3348 5001 3457 5057 Deo
3487 5017 3506 5055 :

1926 5091 2026 5164 legi
2054 5092 2190 5146 enim
2225 5092 2317 5147 Dei
2342 5102 2537 5147 nonest
2566 5091 2822 5162 subjecta,
2851 5107 2942 5144 nec
2965 5091 3102 5144 enim
3127 5101 3295 5162 potest
3327 5092 3507 5165 (Rom.

1925 5184 2064 5255 vin).
2085 5183 2363 5251 Quomodo
2387 5184 2530 5238 enim
2553 5182 2815 5253 sapientia
2841 5182 3042 5248 carnis,
3062 5183 3166 5238 hoc
3184 5193 3287 5249 est,
3311 5199 3505 5238 cama-

1927 5275 1992 5330 lis
2014 5274 2363 5345 intelligentia
2400 5290 2508 5329 non
2530 5274 2599 5328 sit
2623 5273 2838 5327 inimica
2864 5273 2994 5339 Deo,
3045 5289 3166 5344 qua-
3191 5274 3509 5329 adversatur

1925 5366 2174 5423 Christo?
2201 5382 2321 5437 quae
2364 5381 2471 5421 non
2520 5365 2712 5435 recipit
2739 5380 2860 5420 eum
2888 5406 2902 5431 ,
2937 5380 3098 5436 quem
3145 5367 3294 5420 misit
3331 5367 3508 5422 Deus?

1925 5475 2043 5529 qua:
2081 5459 2212 5514 dicit
2241 5477 2254 5512 :
2305 5458 2418 5512 Nos
2446 5457 2606 5528 legem
2648 5459 2914 5525 habemus,
2947 5471 2994 5513 et
3034 5461 3317 5514 secundum
3345 5459 3508 5530 legem

1925 5552 2070 5605 debet
2096 5553 2252 5617 mori,
2287 5553 2536 5622 quoniam
2561 5551 2731 5620 ﬁlium
2765 5552 2858 5606 Dei
2894 5570 2947 5606 se
2975 5553 3094 5621 fecit
3126 5551 3308 5622 (Joan.
3349 5555 3505 5622 xvu).

1927 5642 2230 5698 Notandum
2259 5653 2458 5706 autem,
2486 5643 2627 5711 quod
2652 5658 2758 5699 non
2797 5658 3016 5699 carnem
3045 5644 3182 5698 dixit
3209 5643 3504 5707 inimicam,

1928 5731 2020 5786 sed
2052 5731 2372 5802 sapientiam
2394 5733 2573 5787 carnis
2601 5751 2613 5786 :
2643 5733 2696 5787 id
2727 5741 2832 5798 est,
2862 5748 2968 5788 non
2998 5733 3379 5797 substantiam,
3413 5732 3510 5786 sed

1927 5831 2078 5880 actus
2125 5829 2215 5877 aut
2241 5822 2620 5894 cogitationem
2667 5823 2779 5881 sive
2829 5824 3324 5894 asseverationem,
3385 5834 3509 5877 uuae

3387 444 3493 499 ita
3579 525 3588 528 _
