4074 6316
546 382 648 438 145

543 588 600 644 in
630 586 750 643 loco
773 596 1049 643 astrorum
1089 587 1158 643 ab
1184 588 1496 643 hominibus
1525 588 1742 642 inventa
1787 586 2080 658 disputatio
2105 604 2120 639 :

541 678 737 734 deinde
763 676 1056 733 visibilium
1081 678 1391 734 oblectatio.
1430 678 1553 734 llzec
1578 678 1796 734 inimica
1839 686 1965 733 sunt
1990 677 2121 744 Deo,

539 771 669 842 quia
693 769 1083 826 elementorum
1108 769 1416 836 Dominum,
1443 778 1497 826 et
1520 769 1776 840 Opiticem
1804 769 2010 833 mundi,
2039 767 2124 823 his

539 869 842 932 eomquant,
873 875 992 930 quae
1017 859 1146 915 fecit
1199 879 1214 912 :
1257 868 1564 916 astrucntes
1618 859 1752 914 nihil
1775 873 1932 928 posse
1973 857 2121 924 ﬁeri,

535 957 902 1020 praeterquam
933 948 1117 1004 muudi
1145 949 1387 1004 continet
1423 949 1581 1003 ratio.
1615 947 1976 1016 Quamobrem
2022 960 2122 1000 ne-

534 1049 666 1113 gant
691 1040 860 1096 Deum
886 1039 1111 1106 fecisse,“
1127 1048 1188 1095 ut
1211 1041 1364 1112 virgo
1390 1047 1628 1110 pareret,
1660 1046 1756 1092 aut
1781 1046 2121 1093 mortuorum

535 1147 762 1202 corpora
793 1139 1139 1204 resurgerem
1167 1151 1180 1185 :
1209 1131 1333 1203 quia
1357 1131 1576 1185 stultum
1617 1139 1715 1195 est,
1748 1129 2020 1199 inquiunt,
2063 1137 2121 1182 ut

534 1221 715 1292 fecerit
761 1222 904 1278 Deus
957 1221 1099 1277 ultra
1130 1237 1290 1294 quam
1314 1223 1450 1293 sapit
1481 1221 1656 1276 homo.
1707 1219 1844 1274 llinc
1887 1227 1943 1274 et
1993 1217 2121 1274 alibi

527 1313 794 1384 scriptum
827 1323 910 1369 est
941 1331 955 1368 :
987 1311 1125 1368 Caro
1165 1311 1480 1383 concupiscit
1527 1311 1777 1365 adversus
1831 1309 2072 1380 spiritum
2099 1321 2118 1360 :

521 1403 750 1474 spiritus
787 1417 906 1458 vero
933 1402 1182 1458 adversus
1209 1417 1422 1456 carnem
1469 1398 1612 1471 (Gal.
1641 1400 1720 1472 v).
1765 1399 1833 1454 Et
1858 1387 2076 1454 rursum
2103 1416 2118 1452 :

521 1495 674 1550 'Caro
697 1503 748 1550 et
783 1495 999 1565 sanguis
1033 1510 1247 1566 regnum
1272 1492 1371 1548 Dei
1399 1509 1503 1547 non
1543 1491 1878 1564 possidebunt
1915 1489 1966 1562 (Ι
1993 1488 2116 1545 Cor.

530 1587 646 1660 xv),
691 1589 795 1644 hoc
837 1596 954 1652 est,
996 1587 1270 1658 peccatrix
1314 1587 1424 1640 vita
1470 1593 1527 1640 et
1567 1583 1972 1656 sanguinolenta
2009 1598 2116 1638 non

529 1687 771 1734 meretur
817 1678 982 1732 vitam
1039 1678 1240 1733 habere
1286 1685 1566 1733 internata.
1620 1674 1803 1745 Neque
1843 1675 2120 1746 corruptio

529 1771 952 1842 incorruptelam
988 1770 1285 1841 possidebit
1313 1789 1330 1825 :
1358 1769 1451 1825 sed
1498 1769 1674 1824 sancti
1725 1777 1780 1823 et
1821 1766 1954 1837 justi
2012 1768 2116 1823 viri

1201 381 1261 436 Β.
1305 382 1554 438 IlABANl
1593 383 1810 439 MAURI
1849 382 2164 440 ARClliEP.
2206 380 2516 438 MOGUNT.
2556 377 2837 436 OPERUM
2875 372 3054 432 PARS
3092 375 3146 431 ll.

543 496 786 554 nascitur
806 496 874 551 de
899 511 1104 552 errore.
1123 495 1400 568 Sapientia
1426 513 1556 569 ergo
1576 498 1754 553 carnis
1781 506 1866 552 est
1887 498 2119 567 primum
2151 507 2197 562 Α
2227 495 2485 550 interiore
2530 509 2651 549 esse
2697 491 3111 546 manifestantur
3161 508 3174 544 :

3721 383 3838 439 144

3225 491 3351 562 quia
3387 493 3660 564 spiritales
3729 512 3830 554 res

2229 601 2336 642 non
2367 585 2734 657 corporalibus
2756 584 3022 648 sensibus,
3047 583 3140 638 sed
3161 582 3241 652 spi
3250 583 3534 641 ritualibus
3552 585 3830 643 rimandae

2227 683 2371 731 sunt.
2403 675 2556 732 Unde
2581 674 2762 730 divina
2793 688 2896 728 vox
2927 673 2979 727 in
3020 671 3237 727 cantico
3265 672 3668 731 Denteronomii
3695 677 3774 732 ait
3805 696 3822 732 :

2233 766 2438 834 Videte,
2458 767 2705 838 quoniam
2727 782 2820 838 ego
2841 781 2959 820 sum
2981 765 3140 830 Deus,
3165 773 3215 820 et
3241 783 3346 821 non
3363 776 3439 822 est
3461 766 3600 823 alius
3624 780 3830 839 prmter

2225 871 2307 911 me
2337 856 2514 929 (Deut.
2559 855 2776 928 xxxm).
2819 855 2887 910 Et
2913 856 2965 910 in
2996 855 3210 912 Psalmo
3240 873 3259 909 τ
3278 857 3561 924 Attendite,
3590 839 3828 932 papulas

2223 961 2388 1010 meus,
2422 945 2586 1017 legem
2613 945 3076 1010 meam,iacliuate
3101 957 3283 1002 aure'm
3317 958 3539 1004 uestram
3577 951 3634 1005 in
3661 953 3825 1006 verba

2225 1037 2332 1091 oris
2363 1038 2464 1090 mei
2491 1033 2666 1108 (Psal.
2694 1035 2922 1107 vavn).
2952 1036 3018 1090 Et
3046 1037 3098 1091 in
3132 1036 3422 1107 Evangelio
3455 1039 3571 1110 ipsa
3598 1040 3826 1098 Veritas

2225 1128 2302 1182 ait
2331 1145 2343 1180 :
2377 1125 2482 1193 Qui
2512 1128 2665 1181 habet
2691 1143 2848 1181 aures
2892 1127 3176 1194 audiendi,
3205 1129 3389 1184 audiat
3445 1131 3663 1202 (Matth.
3707 1136 3818 1206 x1).

2225 1219 2292 1275 Et
2320 1219 2374 1274 in
2403 1219 2726 1291 Apocalypsi
2757 1238 2770 1273 :
2803 1219 2907 1286 Qui
2937 1221 3111 1288 habet,
3141 1223 3336 1292 inquit,
3361 1241 3516 1280 aures
3539 1227 3850 1296 audiendi,-

2221 1315 2406 1368 audiat
2456 1314 2582 1386 quid
2621 1313 2852 1384 Spiritus
2874 1314 3016 1369 dicat
3039 1315 3290 1372 Ecclesiis
3318 1317 3501 1389 (Apoc.
3535 1319 3620 1392 ιι).
3653 1321 3724 1376 Et
3761 1324 3818 1378 in

2221 1401 2561 1460 Psallerio-:
2617 1402 2838 1458 Gustata
2885 1415 2936 1459 et
2985 1406 3150 1462 ridete
3175 1448 3189 1473 ,
3236 1411 3483 1480 quoniam
3509 1413 3688 1468 suavis
3739 1423 3819 1468 est

2222 1492 2480 1549 Dominus
2501 1494 2674 1566 (Psal.
2701 1497 2917 1570 χχχιιι).
2945 1498 3013 1552 Et
3027 1498 3315 1568 Apostolus
3341 1518 3359 1554 τ
3379 1496 3594 1567 Christi,
3615 1503 3816 1574 inquit,

2219 1583 2384 1640 bonus
2411 1585 2542 1640 odor
2567 1604 2753 1644 sumus
2780 1598 2827 1643 et
2855 1591 2910 1644 in
2957 1591 3039 1643 his
3073 1591 3165 1660 qui
3187 1601 3426 1661 pereunt,
3453 1601 3507 1646 et
3537 1593 3592 1646 in
3612 1593 3694 1648 his
3720 1597 3818 1664 qui

2219 1673 2352 1730 salui
2376 1675 2508 1744 ﬁunt
2548 1675 2632 1745 (II
2663 1675 2786 1732 Cor.
2818 1677 2900 1749 tt).
2927 1677 2994 1732 Et
3021 1679 3073 1733 in
3099 1679 3388 1751 Evangelio
3411 1681 3672 1736 Dominus
3693 1699 3818 1738 mu-

2218 1765 2406 1823 lierem
2441 1769 2874 1825 luemorruissam
2925 1769 3028 1825 ﬁde
3072 1786 3131 1826 se
3160 1772 3401 1844 tetigisse
3430 1776 3602 1844 magis
3643 1793 3816 1848 quam

527 1863 796 1920 immutati
845 1872 902 1918 et
945 1861 1278 1918 immortales
1312 1860 1488 1917 etlecti
1533 1875 1632 1932 per
1659 1861 2115 1916 resurrectionem
2145 1851 2191 1912 B
2219 1873 2446 1928 corpore
2473 1860 2732 1925 ostendit,
2761 1861 2944 1916 dicens
2977 1879 2992 1914 :
3027 1859 3214 1932 Tetigit
3242 1879 3324 1918 me
3346 1860 3560 1935 aliquis,
3587 1881 3710 1920 nam
3762 1876 3814 1920 et

524 1955 708 2012 carnis
734 1955 788 2010 in
815 1954 903 2010 die
941 1952 1132 2024 judieii
1171 1953 1238 2008 ad
1267 1968 1491 2026 regnum
1540 1951 1700 2008 simul
1730 1966 1853 2007 cum
1899 1951 2116 2008 Christo

523 2047 834 2104 transibunt
883 2055 1230 2118 perpetuum.
1307 2045 1512 2102 Sensus
1569 2045 1817 2116 corporis
1875 2045 2116 2116 quinque

524 2147 653 2196 sunt
681 2157 697 2195 :
723 2139 894 2204 visus,
927 2139 1160 2203 auditus,
1193 2139 1470 2203 odoratus,
1501 2147 1690 2210 gustus
1719 2147 1774 2193 et
1803 2146 1996 2194 tactus.
2037 2138 2114 2194 Ex

522 2231 721 2301 quibus
773 2231 878 2287 duo
912 2230 1234 2301 aperiuntur
1273 2237 1328 2285 et
1372 2229 1718 2294 clauduntur,
1752 2229 1858 2284 duo
1903 2243 2116 2300 semper

521 2331 770 2395 patentes
789 2333 937 2380 sunt.
968 2323 1174 2380 Sensus
1199 2324 1352 2388 dicti,
1380 2325 1504 2394 quia
1534 2339 1632 2394 per
1661 2339 1754 2380 eos
1776 2325 1955 2379 anima
1988 2325 2116 2380 sub-

519 2416 769 2473 tilissime
797 2425 968 2473 totum
991 2432 1187 2488 corpus
1214 2417 1381 2489 agitat
1423 2417 1608 2489 vigore
1641 2417 1930 2473 sentiendi.
1961 2417 2114 2473 Unde

517 2514 574 2562 et
605 2509 895 2578 praesentia
941 2517 1338 2578 nuncupantur,
1364 2509 1508 2578 quod
1538 2508 1647 2564 sint
1672 2524 1783 2580 pra:
1813 2509 2064 2565 sensibus
2096 2528 2108 2562 :

519 2597 664 2652 sicut
690 2613 801 2668 pra:
829 2597 1020 2662 oculis,
1051 2613 1172 2667 quae
1213 2607 1410 2670 prmsto
1451 2607 1576 2654 sunt
1607 2599 1799 2655 oculis.
1839 2597 2001 2654 Visus
2028 2607 2115 2654 est

519 2686 611 2756 qui
643 2701 674 2740 a
705 2685 1052 2758 philosophis
1095 2688 1288 2742 humor
1329 2690 1533 2744 vitreus
1568 2689 1888 2760 appellatur.
1923 2691 2111 2746 Visum

518 2787 699 2834 autem
743 2777 858 2833 ﬁeri
889 2777 1108 2848 quidam
1145 2787 1456 2834 asseverant
1484 2787 1578 2833 aut
1603 2787 1844 2834 extrema
1871 2771 2110 2836 aetherea

515 2868 637 2923 luce
662 2909 678 2933 ,
727 2878 822 2924 aut
870 2869 1084 2925 interno
1131 2868 1324 2939 spiritu
1357 2869 1536 2924 lucido
1573 2885 1672 2941 per
1701 2878 1889 2926 tenues
1931 2871 2048 2926 vias
2077 2887 2110 2926 a

513 2967 742 3020 cerebro
781 2965 1058 3022 venientes
1092 2973 1252 3035 atque
1279 2964 1582 3036 penetralis
1613 2965 1810 3021 tunicis
1837 2967 1892 3020 in
1928 2979 2111 3022 aerem

513 3066 818 3120 exeuntes,
875 3065 932 3112 et
1003 3064 1131 3110 tunc
1183 3055 1561 3111 commistione
1619 3055 1814 3112 similis
1867 3056 2108 3111 materia:

514 3149 691 3205 visum
719 3149 928 3203 dantes.
962 3145 1123 3203 Visus
1143 3148 1340 3212 dictus,
1367 3147 1511 3218 quod
1538 3147 1777 3202 vivacior
1805 3147 2106 3202 sitczeteris

2217 1966 2310 2020 ego
2337 1951 2474 2004 sensi
2504 1952 2743 2005 virtutem
2772 1952 2942 2024 deviae
2970 1953 3156 2006 exiisse
3183 1952 3336 2024 (Luc.
3360 1954 3499 2027 vm).
3545 1953 3639 2010 Sic
3679 1971 3816 2027 ergo

2218 2056 2340 2096 cum
2360 2043 2506 2098 omni
2531 2042 2742 2098 cautela
2767 2043 3162 2099 observandum
3187 2055 3289 2110 est,
3318 2047 3446 2115 quid
3467 2047 3533 2100 ad
3560 2049 3816 2118 corporis

2217 2149 2437 2200 sensus,
2465 2141 2520 2190 et
2549 2134 2678 2204 quid
2713 2134 2782 2189 ad
2807 2135 3001 2189 anima:
3033 2127 3300 2200 pertineat
3329 2136 3650 2207 dignitatem
3687 2157 3700 2192 :
3743 2155 3816 2194 ne

2217 2224 2356 2280 forte
2379 2223 2636 2280 confusus
2663 2225 2814 2288 ordo,
2861 2234 2916 2280 et
2956 2225 3345 2281 irrationabilis
3371 2227 3662 2282 aestimatio
3703 2229 3813 2283 ali-

2215 2314 2340 2370 cubi
2382 2329 2683 2384 repugnare
2739 2314 2988 2368 videatur
3020 2315 3254 2370 veritati.
3299 2315 3478 2370 Prima
3509 2333 3642 2388 pars
3681 2333 3812 2374 cor-

2213 2403 2362 2474 poris
2407 2413 2592 2474 caput,
2647 2405 2940 2474 datumque
2985 2404 3060 2458 illi
3119 2406 3222 2460 hoc
3273 2422 3467 2461 nomen
3503 2423 3608 2472 eo,
3659 2411 3814 2478 quoi

2215 2512 2408 2554 sensus
2433 2512 2623 2552 omnes
2647 2505 2700 2552 et
2721 2498 2873 2552 nervi
2899 2499 3025 2554 inde
3042 2498 3252 2554 initium
3281 2501 3520 2572 capiunt,
3547 2513 3711 2572 atque
3736 2519 3809 2558 ex

2212 2605 2280 2646 eo
2321 2591 2500 2645 omnis
2529 2589 2742 2644 vivendi
2785 2605 2946 2645 causa
2997 2591 3226 2646 oriatur.
3281 2592 3359 2648 lbi
3411 2594 3554 2648 enim
3609 2609 3812 2650 omnes

2213 2695 2406 2738 sensus
2451 2689 2733 2752 apparent.
2767 2681 2920 2738 Unde
2957 2683 3128 2754 ipsius
3157 2685 3374 2752 animae,
3405 2702 3522 2756 quae
3566 2687 3813 2742 consulit

2212 2773 2430 2843 corpori
2451 2813 2466 2838 ,
2491 2773 2888 2842 quodammodo
2914 2789 3203 2848 personam
3241 2777 3401 2846 gerit.
3432 2775 3606 2847 Caput
3643 2791 3806 2842 vero,

2211 2867 2353 2935 quod
2375 2865 2546 2936 prima
2563 2866 2808 2935 corporis
2827 2883 2954 2936 pars
2979 2876 3062 2922 est
3085 2864 3168 2939 (ιιι
3187 2883 3348 2938 supra
3369 2869 3623 2941 diximus)
3646 2867 3808 2939 juxta

2211 2957 2526 3028 allegoriam
2569 2967 2662 3011 aut
2700 2957 2974 3013 Christum
3010 2959 3318 3030 signiﬁcat,
3366 2960 3458 3030 qui
3483 2956 3587 3015 'est
3635 2968 3805 3030 caput

2209 3048 2456 3116 corporis
2491 3046 2745 3102 Ecclesiae
2784 3046 2944 3118 (Eph.
2977 3047 3031 3118 v)
3071 3066 3083 3101 :
3115 3055 3210 3103 ant
3240 3049 3576 3104 divinitatem
3610 3048 3810 3104 Salva-

2211 3139 2363 3195 toris.
2401 3139 2556 3194 Unde
2589 3137 2786 3208 legitur
2809 3139 2862 3193 in
2889 3139 3148 3207 Apostolo
3195 3157 3208 3193 :
3239 3137 3411 3210 Caput
3435 3139 3668 3195 mulieris
3698 3140 3809 3207 rir,

515 3237 794 3302 sensibus,
848 3253 910 3294 ac
935 3237 1278 3308 przestantior
1305 3238 1420 3294 sive
1465 3237 1724 3302 velocior,
1767 3237 2104 3308 ampliusque
2134 3219 2177 3280 (ἶ
2209 3231 2482 3301 capult'iri
2505 3229 2776 3296 Christus.
2823 3240 2979 3301 caput
3028 3228 3222 3284 Christi
3269 3230 3408 3285 Deus
3450 3229 3503 3302 (Ι
3527 3228 3652 3285 Cor.
3699 3229 3806 3303 XI).

514 3329 715 3400 vigeat,
746 3339 1010 3398 quantum
1035 3329 1296 3384 memoria
1329 3329 1472 3384 inter
1503 3329 1699 3385 mentis
1726 3327 1921 3383 cilicia.
1954 3329 2102 3384 Vici-

514 3421 638 3474 nior
669 3429 752 3475 est
798 3421 1044 3486 cerebro,
1078 3421 1218 3476 unde
1263 3422 1447 3477 omnia
1475 3429 1714 3476 manant.
1753 3421 1831 3474 Ex
1874 3435 1981 3490 quo
2013 3420 2103 3485 ﬁt,

513 3519 574 3566 ιιι
598 3526 683 3578 ea,
712 3525 832 3582 qua:
851 3513 915 3567 ad
942 3513 1078 3569 alios
1100 3515 1372 3584 pertinent
1393 3527 1585 3570 sensus
1607 3513 1789 3568 Videre
1815 3512 2060 3568 dicamus
2087 3531 2100 3567 :

511 3603 677 3656 veluti
703 3618 827 3658 cum
851 3602 1112 3668 dicimus;
1140 3604 1274 3670 vide,
1301 3603 1560 3676 quomodo
1591 3613 1746 3658 sonat
1775 3619 1792 3658 :
1820 3603 1952 3666 cide,
1976 3621 2105 3675 quo-

511 3693 669 3748 modo
695 3696 831 3766 sapit
862 3711 879 3748 :
903 3695 1004 3761 sic,
1035 3704 1140 3752 etc.
1174 3695 1402 3751 Auditus
1423 3695 1744 3767 appellatus,
1771 3695 1915 3766 quod
1945 3709 2105 3751 voces

513 3784 766 3850 hauriat,
810 3785 914 3841 hoc
957 3795 1060 3851 est,
1117 3801 1240 3841 aere
1267 3787 1549 3842 verberato
1612 3785 1870 3856 suscipiat
1919 3801 2099 3841 sonos.

513 3873 811 3940 Otloratus,
857 3875 1010 3946 quasi
1055 3877 1201 3930 aeris
1230 3877 1416 3932 odoris
1458 3884 1710 3932 attactus.
1751 3874 1924 3931 Tacto
1959 3875 2103 3930 enim

513 3977 642 4018 acre
671 3964 925 4019 sentitur.
957 3963 1048 4020 Sic
1077 3974 1132 4020 et
1161 3963 1408 4028 olfactus,
1441 3966 1583 4036 quod
1613 3966 1872 4022 odoribus
1905 3963 2105 4020 efﬁcia-

518 4062 627 4106 tur.
660 4051 863 4108 Gustus
889 4068 918 4106 a
949 4063 1168 4125 gutture
1208 4055 1408 4110 dictus.
1437 4055 1638 4111 Tactus
1677 4070 1764 4118 eo,
1793 4056 1934 4124 quod
1979 4069 2104 4124 per-

514 4153 712 4200 tractet
761 4155 818 4201 et
863 4154 1073 4214 tangat,
1123 4153 1179 4200 et
1221 4161 1320 4216 per
1347 4147 1529 4200 omnia
1573 4147 1816 4200 membra
1862 4145 2103 4214 vigorem

515 4252 707 4292 sensus
755 4245 1029 4306 aspergat.
1071 4236 1208 4292 Nam
1267 4245 1414 4292 tactu
1463 4239 1794 4308 probamus,
1844 4236 2103 4306 quidquid

515 4327 730 4382 caeteris
771 4325 1019 4381 sensibus
1041 4325 1288 4396 judicare
1316 4342 1422 4382 non
1449 4342 1754 4396 possumus.
1785 4326 1895 4382 Duo
1921 4338 2101 4382 autem

516 4431 717 4488 genera
743 4424 920 4472 tactus
948 4427 1094 4471 sunt.
1121 4415 1257 4470 Nam
1281 4426 1374 4470 aut
1400 4418 1740 4472 extrinsecus
1763 4417 1930 4484 venit,
1961 4417 2103 4487 quod

516 4507 718 4563 feriat:
747 4517 842 4562 aut
882 4508 1030 4563 intus
1057 4508 1112 4562 in
1143 4508 1262 4578 ipso
1299 4523 1524 4580 corpore
1563 4510 1756 4564 oritur.
1803 4508 2102 4578 Unicuique

515 4604 698 4653 autem
775 4597 960 4654 sensui
1021 4598 1240 4669 propria
1302 4607 1494 4654 natura
1551 4598 1697 4654 data.
1770 4597 1908 4653 Nam
1953 4597 2099 4668 quod

516 4689 808 4745 videndum
835 4699 952 4755 est,
973 4689 1146 4746 oculis
1176 4691 1387 4761 capitur
1418 4709 1433 4746 :
1464 4691 1607 4762 quod
1647 4690 1967 4746 audiendum
1991 4697 2096 4755 est,

515 4779 770 4845 auribus;
825 4781 1008 4836 mollia
1055 4791 1112 4836 et
1151 4781 1292 4836 dura
1335 4789 1484 4837 tactu
1525 4781 1880 4836 aestimantur.
1925 4779 2100 4850 Sapor

518 4880 698 4945 gustu,
718 4871 852 4927 odor
876 4873 1351 4943 naribusducitur.
1367 4873 1424 4926 In
1447 4873 1630 4928 multis
1653 4871 1784 4928 locis
1807 4871 2099 4943 Scriptura:

518 4977 688 5019 sacra:
701 4963 757 5018 hi
777 4962 1015 5033 quinque
1033 4978 1225 5020 sensus
1237 4963 1479 5033 corporis
1493 4965 1654 5033 quina
1662 4953 2099 5020 rium'numerum

521 5057 745 5128 mystice
765 5055 1159 5126 exprimuntur;
1177 5063 1233 5110 ut
1249 5065 1334 5110 est
1351 5054 1480 5111 illud
1506 5055 1560 5110 in
1575 5054 1828 5126 parabo'la
1848 5055 2100 5110 Salvato-

521 5152 596 5207 ris
643 5149 856 5223 (Matth.
884 5148 1032 5218 xxv),
1065 5150 1154 5204 ubi
1182 5157 1438 5204 narratur
1461 5164 1649 5204 servus
1679 5165 1710 5204 a
1748 5148 1966 5204 domino
2005 5163 2105 5204 suo

521 5241 760 5312 quinque
789 5237 988 5293 talenta
1011 5238 1306 5308 accepisse,
1325 5245 1380 5292 et
1400 5251 1461 5292 ea
1487 5252 1606 5292 cum
1627 5246 1912 5308 augmento
1928 5237 2104 5292 eidem

521 5335 741 5390 domino
773 5331 1067 5388 revertenti
1094 5339 1528 5402 repnrsentasse.
1560 5330 1820 5386 Similiter
1842 5339 1899 5386 et
1921 5329 1974 5384 in
2001 5345 2106 5384 caa-

525 5426 656 5482 teris
677 5424 830 5490 locis,
855 5423 945 5479 ubi
973 5422 1255 5492 quinarius
1301 5438 1557 5478 numerus
1591 5423 1826 5478 insertus
1862 5429 1968 5486 est,
2009 5427 2103 5474 aut

524 5513 960 5586 quinquelibros
986 5511 1166 5582 Legis,
1193 5521 1287 5568 aut
1331 5514 1569 5584 quinque
1627 5527 1822 5568 sensus
1860 5511 2105 5582 corporis

529 5607 752 5678 mystica
773 5604 1167 5676 signiﬁcatione
1192 5606 1546 5662 demonstrat.
1573 5603 1876 5658 Notandum
1901 5610 2102 5670 autem,

528 5700 671 5772 quod
694 5699 853 5756 iidem
893 5699 994 5770 ipsi
1037 5714 1231 5755 sensus
1264 5699 1356 5768 qui
1387 5698 1438 5751 in
1463 5697 1733 5751 exteriore
1761 5694 1979 5750 homine
2007 5695 2104 5750 de-

531 5792 838 5850 scribuntur
866 5791 1030 5848 simili
1073 5791 1230 5848 modo
1257 5789 1551 5846 secundum
1585 5787 1803 5844 modum
1841 5801 1998 5844 suum
2047 5787 2104 5844 in

2126 4560 2180 4620 D

2211 3326 2442 3383 Ponitur
2489 3331 2634 3383 enim
2685 3326 2974 3398 aliquando
3029 3333 3189 3396 caput
3251 3341 3351 3396 pro
3400 3325 3808 3396 principalitate

2209 3424 2426 3478 mentis.
2467 3423 2622 3479 Unde
2658 3424 2918 3494 scriptum
2951 3429 3034 3477 est
3067 3439 3080 3476 :
3121 3420 3278 3476 Omni
3307 3433 3533 3491 tempore
3581 3424 3686 3477 sint
3717 3438 3808 3478 re-

2207 3513 2448 3568 stimeuta
2475 3525 2567 3568 tua
2597 3514 2906 3577 candida,et
2934 3513 3103 3567 oleum
3131 3513 3194 3568 de
3220 3514 3386 3583 capite
3413 3521 3502 3567 tuo
3534 3529 3638 3567 non
3669 3513 3807 3582 defi-

2207 3605 2309 3658 ciat
2355 3605 2554 3676 (Eccle.
2601 3605 2676 3676 lx)
2709 3623 2720 3658 :
2757 3607 2860 3662 hoc
2884 3615 2984 3670 est,
3022 3606 3166 3659 omni
3212 3613 3450 3673 tempore
3480 3605 3590 3658 sint
3631 3621 3808 3675 opera

2207 3701 2298 3750 tua
2329 3703 2384 3750 et
2421 3697 2760 3751 conversatio
2783 3697 3004 3760 munda,
3034 3703 3090 3750 et
3117 3695 3291 3750 oleum
3321 3693 3605 3748 cbaritatis
3632 3704 3802 3763 atque

2204 3786 2589 3842 misericordiae
2630 3787 2696 3842 dc
2736 3795 2916 3842 mente
2957 3797 3046 3841 tua
3091 3802 3197 3841 non
3236 3785 3472 3842 deﬁciat.
3519 3786 3804 3841 Invenitur

2206 3877 2498 3949 aliquando
2545 3887 2708 3948 caput
2746 3893 2846 3947 pro
2881 3879 3037 3932 initio
3078 3878 3237 3949 poni,
3275 3886 3336 3933 ut
3379 3886 3464 3934 est
3501 3877 3630 3934 illud
3663 3895 3679 3932 :
3728 3877 3801 3932 In

2204 3971 2370 4040 capite
2399 3969 2520 4022 libri
2547 3971 2797 4040 scriptum
2829 3980 2904 4024 est
2927 3969 2990 4023 de
3011 3987 3090 4024 me
3117 3969 3289 4034 (Psal.
3320 3969 3506 4039 xxx“)
3541 3987 3554 4024 :
3586 3980 3642 4025 et
3668 3970 3801 4039 quia

2204 4055 2272 4112 In
2298 4059 2554 4128 principio
2585 4059 2706 4128 fecit
2738 4058 2879 4112 Deus
2909 4059 3092 4112 ca’lum
3121 4068 3168 4113 et
3195 4067 3392 4114 terram
3423 4057 3575 4130 (Gen.
3606 4058 3648 4130 ι)
3677 4076 3692 4125 ;
3741 4068 3801 4114 et

2205 4147 2272 4202 1η
2321 4151 2574 4220 principio
2623 4160 2734 4204 erat
2800 4148 3017 4204 Verbum
3047 4191 3062 4216 ,
3109 4160 3158 4204 et
3219 4147 3442 4204 Verbum
3493 4159 3605 4204 erat
3649 4149 3800 4216 apud

2203 4237 2402 4305 Deum,
2449 4249 2498 4293 et
2534 4239 2676 4294 Deus
2710 4251 2821 4294 erat
2869 4239 3089 4293 Verbum
3121 4239 3300 4310 (Joan.
3345 4239 3407 4311 ι).
3434 4238 3713 4294 Invenitur
3743 4248 3802 4294 et

2205 4331 2493 4400 aliquando
2521 4333 2738 4387 nomine
2777 4332 2970 4403 capitis
3009 4332 3275 4402 primatus
3301 4330 3586 4400 cujuslibet
3631 4331 3798 4386 oliicii

2205 4419 2494 4492 designari.
2521 4420 2675 4476 Unde
2700 4422 2954 4476 dicuntur
2979 4423 3206 4494 apostoli
3230 4430 3286 4478 et
3326 4423 3577 4478 doctores
3605 4423 3798 4478 Eccle-

2205 4511 2298 4566 sia:
2326 4513 2500 4580 capita
2536 4528 2658 4568 esse
2682 4515 2918 4585 gentium
2939 4555 2954 4579 ,
2985 4516 3111 4584 quia
3141 4515 3414 4586 principes
3447 4522 3502 4569 et
3543 4515 3795 4584 magistri

2205 4609 2333 4656 sunt
2353 4599 2590 4657 ﬁdelium
2610 4603 2948 4674 populorum.
2968 4605 3098 4660 ltem
3129 4613 3290 4675 caput
3311 4604 3586 4660 inchoatio
3617 4607 3793 4660 bono-

2202 4707 2326 4748 rum
2345 4709 2588 4764 operum,
2611 4697 2750 4752 sicut
2776 4696 2888 4767 ipsa
2911 4697 3159 4752 voluntas
3197 4697 3450 4762 hominis,
3481 4704 3540 4750 ut
3571 4697 3624 4750 in
3640 4696 3796 4750 Levi-

2205 4783 2348 4840 tico:
2383 4785 2544 4841 Ponet
2568 4803 2779 4840 manum
2798 4802 2952 4856 super
2973 4795 3126 4857 caput
3156 4786 3342 4841 hostia:
3367 4803 3477 4840 sua:
3501 4785 3691 4858 (Levii.
3727 4788 3790 4854 ι).

2207 4873 2468 4930 Similiter
2510 4875 2643 4928 etin
2677 4875 2994 4942 quilmsdam
3035 4875 3168 4930 locis
3211 4877 3376 4931 duces
3415 4884 3470 4930 et
3515 4876 3792 4944 principes

2209 4963 2513 5032 iniquorum
2540 4961 2732 5030 capitis
2775 4961 2989 5016 nomine
3021 4971 3329 5017 censentur.
3358 4961 3512 5017 Unde
3540 4963 3743 5018 dicitur
3774 4983 3788 5018 :

2207 5052 2545 5123 Multiplicati
2575 5064 2694 5106 sunt
2723 5067 2878 5123 super
2906 5052 3122 5123 capillos
3159 5053 3346 5124 capitis
3374 5054 3508 5119 mei,
3539 5053 3630 5125 qui
3671 5055 3794 5108 ode-

2207 5152 2327 5196 runt
2380 5158 2461 5196 me
2501 5143 2667 5212 gratis
2710 5140 2880 5213 (Psal.
2927 5142 3139 5214 χχχιιι).
3187 5141 3258 5198 Ut
3299 5156 3430 5214 ergo
3478 5139 3795 5197 ostenderet

2203 5231 2325 5302 plus
2372 5247 2494 5287 esse
2535 5245 2821 5286 numerum
2866 5229 3194 5296 inﬁdelium,
3237 5245 3401 5300 quam
3433 5230 3758 5284 devotorum
3784 5267 3798 5290 ,

2206 5322 2367 5387 dicit,
2396 5321 2776 5392 multiplicatos
2807 5335 2930 5376 esse
2956 5319 3192 5390 perﬁdos
3229 5317 3446 5376 Judacos
3486 5331 3652 5388 super
3689 5331 3793 5372 nu-

2208 5430 2415 5471 merum
2441 5415 2754 5486 capillorum
2771 5455 2786 5480 ,
2825 5414 2878 5469 id
2903 5423 3007 5480 est,
3035 5421 3180 5469 recte
3207 5411 3564 5468 credentium.
3593 5407 3794 5466 Verte:

2207 5517 2292 5562 est
2317 5522 2378 5562 ea
2403 5521 2548 5577 pars,
2577 5521 2683 5576 qua
2713 5505 2890 5574 capilli
2925 5505 3118 5574 capitis
3144 5503 3488 5574 colliguntur,
3517 5508 3573 5556 et
3601 5500 3657 5556 in
3683 5513 3794 5570 qua

2208 5599 2460 5654 caesaries
2478 5597 2725 5660 vertitur,
2753 5597 2894 5651 unde
2919 5603 3358 5664 etnuncupatur.
3396 5594 3597 5650 Verte:
3643 5590 3796 5646 enim

2209 5692 2424 5763 quando
2450 5691 2504 5746 in
2535 5690 2730 5745 bonam
2756 5697 2967 5759 partem
3003 5688 3287 5759 accipitur,
3329 5687 3604 5758 signiﬁcat
3639 5699 3794 5742 sum-

2212 5786 2452 5842 mitatem
2469 5783 2692 5856 justitiac
2709 5781 2790 5837 vel
2811 5780 3195 5852 perfectionem
3220 5782 3463 5840 omnium
3481 5781 3751 5839 virtutum
3777 5793 3795 5830 :
