4074 6316
282 342 377 402 145

1251 328 1342 384 DE
1384 321 1727 383 UMVERSO
1763 320 1939 376 LlBRl
1979 316 2142 373 XXll.
2183 346 2251 358 -—-
2287 314 2414 369 LlB.
2458 312 2544 368 Vl.

3414 307 3521 365 Mli

279 468 336 516 ut
359 465 438 514 est
474 452 602 510 illud
641 451 696 507 in
726 448 1051 506 Salomone:
1082 444 1343 501 Coronam
1384 440 1519 496 enim
1544 439 1833 510 gratiarum
1865 440 1914 500 Α
1939 432 2208 489 Caesaries
2235 446 2265 484 a
2294 428 2555 483 credendo
2580 433 2770 483 vocata
2803 443 2817 479 :
2868 424 3094 495 ideoque
3128 432 3335 481 tantmn
3379 426 3524 479 viro-

280 549 479 618 accipiet
503 552 675 599 uertex
693 553 821 596 tuus
843 538 1025 611 (Prov.
1054 537 1150 608 tv).
1174 537 1304 591 [tem
1329 535 1382 589 in
1409 533 1608 587 malam
1631 538 1838 618 partem

279 640 485 713 ponitur
512 641 728 698 vertex,
770 629 987 700 quando
1017 640 1285 684 summam
1313 622 1607 693 nequitiam
1638 617 1842 690 signiﬁ-

280 711 365 789 cat
392 750 406 785 :
435 735 491 783 ut
508 734 595 782 est
622 723 752 779 illud
774 720 1074 776 Psalmistat
1101 735 1117 771 :
1152 716 1523 771 Verumtamen
1548 711 1688 765 Deus
1718 725 1843 763 con-

277 816 525 893 quassabit
568 813 742 883 capita
770 812 1098 865 inimicorum
1126 822 1364 869 suorum,
1400 802 1637 858 verticem
1666 796 1845 869 capilli

273 890 729 985 perambulantiunt
749 903 806 957 in
824 900 1029 955 delictis
1050 900 1160 955 suis
1181 896 1300 969 (Ps.
1317 893 1507 966 van).
1528 892 1717 963 Capita
1736 890 1844 985 ini-

272 983 522 1057 micorum
547 1001 673 1050 sunt
693 990 1190 1048 auctoresJudaicze
1201 987 1508 1052 seditionis;
1536 985 1632 1040 sed
1659 992 1716 1039 et
1734 983 1844 1037 hze-

268 1096 549 1151 reticornm
577 1091 694 1147 sine
709 1088 1042 1145 dubitatione
1062 1086 1327 1141 doctores.
1350 1082 1429 1137 Illi
1450 1081 1593 1136 enim
1616 1080 1668 1134 in
1682 1092 1844 1133 carne

269 1187 532 1243 Christum
548 1181 816 1253 persecuti
839 1188 985 1241 sunt,
1006 1177 1110 1249 ipsi
1131 1185 1309 1231 autem
1334 1172 1665 1229 crudeliores
1684 1171 1736 1223 in
1761 1170 1842 1240 ip-

268 1296 378 1335 sam
394 1278 561 1333 etiam
582 1276 875 1332 desmviunt
896 1273 1183 1337 Deitatem,
1198 1270 1242 1325 si
1261 1268 1362 1325 dici
1390 1267 1473 1322 fas
1498 1275 1600 1321 est.
1631 1264 1696 1319 lli
1712 1263 1845 1337 tales

267 1372 361 1427 sibi
387 1368 777 1426 calumniarum
800 1365 1113 1421 inimicitias
1138 1369 1419 1433 quaerunt,
1443 1368 1503 1414 ut
1541 1359 1687 1427 ipsos
1714 1369 1847 1425 quo-

266 1478 367 1533 que
392 1459 709 1530 capillorum
750 1457 984 1513 vertices
1025 1452 1405 1525 perambulare
1429 1466 1494 1506 ac
1516 1447 1844 1520 perscrutari

263 1568 417 1625 posse
434 1552 745 1606 videantur.
779 1548 1026 1604 Calvaria
1058 1548 1125 1601 ab
1150 1546 1363 1602 ossibus
1389 1542 1559 1597 calvis
1580 1541 1723 1596 dicta
1752 1554 1849 1609 per

266 1643 639 1708 defectionem,
663 1648 718 1696 et
738 1640 1056 1695 neutraliter
1078 1634 1561 1708 prommtiatur.ln
1583 1631 1846 1703 Golgotha

265 1738 475 1807 quippe,
501 1735 652 1805 quod
698 1735 1088 1802 interpretatur
1116 1729 1382 1791 Calvaria,
1423 1743 1488 1783 eo
1516 1726 1659 1797 quod
1692 1734 1846 1779 trun-

1941 542 2062 583 rnm
2092 532 2204 590 est;
2234 522 2410 576 virum
2453 519 2602 575 enim
2629 526 2842 574 tonsum
2870 532 2988 572 esse
3021 516 3180 572 decet
3199 557 3213 581 ,
3243 516 3523 571 mulierem

1943 631 2049 673 non
2076 615 2250 670 decet.
2283 611 2490 667 Tamen
2522 611 2575 664 in
2600 607 3021 664 Deuteronomio
3043 606 3222 678 (Deut.
3253 607 3369 677 ut)
3395 606 3528 677 legi-

1943 723 2065 764 mus
2089 706 2355 777 captivam
2393 701 2674 758 mulierem
2703 708 2829 757 ante
2858 708 3081 771 noptum
3113 697 3302 754 radere
3316 696 3525 767 jussam

1945 797 2241 861 ctesariem,
2275 803 2333 849 et
2355 791 2747 848 circumcidere
2781 805 3008 862 ungues,
3036 796 3093 854 et
3132 788 3401 859 deponere
3426 802 3524 843 ve-

1944 896 2104 952 stem,
2120 886 2173 941 in
2195 900 2299 956 qua
2317 892 2473 955 capta
2489 891 2602 939 est:
2628 881 2770 953 quod
2784 880 3052 953 signiﬁcat
3071 881 3328 943 animam,
3353 895 3474 949 qum
3491 894 3527 933 a

1943 979 2056 1034 Deo
2075 978 2300 1049 pulchre
2314 984 2495 1032 creata
2512 982 2614 1041 est,
2630 975 2675 1031 si
2699 975 2752 1029 in
2772 973 2957 1046 gentili
2980 973 3393 1029 conversatione
3405 987 3527 1028 eam

1945 1069 2329 1131 invenerimus,
2361 1075 2416 1121 et
2432 1065 2643 1122 sociare
2690 1064 3016 1120 voluerimus
3052 1063 3268 1134 corpori
3301 1062 3524 1123 Christi,

1943 1170 2159 1233 oportet
2178 1170 2235 1216 ut
2250 1160 2492 1232 deposito
2511 1159 2830 1215 idololatria:
2849 1159 2992 1214 cultu
3020 1157 3273 1213 induatur
3292 1156 3529 1229 lugubri-

1945 1251 2047 1306 bus
2061 1250 2391 1322 pmnitentiae
2411 1249 3113 1319 indumentis,tleploretque
3125 1257 3331 1319 patrem
3354 1256 3405 1303 et
3421 1263 3533 1303 ma-

1948 1355 2109 1408 trem,
2134 1346 2237 1399 hoc
2249 1352 2355 1409 est,
2370 1359 2584 1400 omnem
2602 1344 2916 1399 memoriam
2945 1344 3153 1407 mundi,
3168 1343 3389 1413 ejusque
3413 1359 3534 1398 car-

1947 1438 2102 1495 nales
2117 1438 2417 1493 illecebras.
2433 1435 2636 1493 Deinde
2654 1436 2913 1493 novacula
2934 1436 3081 1491 verbi
3097 1435 3189 1492 Dei
3210 1447 3266 1493 et
3285 1437 3529 1492 doctrina

1949 1544 2110 1585 omne
2138 1537 2421 1600 peccatum
2455 1527 2789 1583 inﬁdelitatis
2831 1527 2967 1599 ejus,
2999 1529 3141 1597 quod
3181 1537 3452 1583 mortuum
3480 1536 3535 1582 et

1951 1619 2111 1674 inane
2140 1626 2244 1685 est,
2275 1618 2567 1674 abradatur
2612 1617 2738 1689 (hoc
2769 1618 2913 1673 enim
2958 1626 3082 1673 sunt
3111 1618 3288 1689 capilli
3318 1618 3531 1688 capitis,

1952 1721 2008 1766 et
2037 1711 2247 1782 ungula:
2277 1710 2742 1782 mulieris),atque
2788 1710 3004 1766 demum
3055 1710 3278 1767 salutari
3318 1711 3534 1765 lavacro

264 1830 526 1884 cahantur
554 1841 623 1883 eo
649 1826 827 1895 capita
872 1825 1272 1887 damnatorum,
1300 1820 1591 1876 cruciﬁxus
1616 1827 1699 1875 est
1740 1819 1847 1872 Do-

1963 1802 2207 1857 mundata
2234 1812 2289 1858 et
2318 1802 2598 1873 puriﬁcata
2626 1799 2986 1872 coniungatur
3010 1800 3214 1857 sanctis
3252 1800 3378 1866 Dei;
3432 1800 3536 1855 sci-

263 1919 458 1983 minns,
488 1925 554 1972 ut
584 1918 676 1973 ubi
705 1918 858 1987 prius
892 1923 1011 1973 erat
1035 1930 1161 1970 area
1192 1915 1588 1975 damnatorum,
1625 1911 1696 1965 ibi
1738 1910 1847 1965 eri-

264 2019 512 2083 gerentur
552 2009 750 2064 vexilla
805 2007 1049 2079 martyrii
1096 2025 1109 2061 :
1158 2014 1213 2060 et
1241 2004 1513 2075 quomodo
1555 2018 1653 2073 pro
1694 2002 1850 2056 nobis

264 2100 608 2156 maledictum
633 2100 810 2155 crucis
836 2098 1010 2154 factus
1032 2106 1135 2161 est,
1166 2105 1221 2151 et
1243 2094 1563 2166 flagellatus,
1592 2101 1646 2148 et
1670 2092 1849 2147 cruci-

264 2190 419 2256 ﬁxus,
470 2190 552 2246 sic
591 2204 691 2259 pro
737 2189 980 2244 omnium
1048 2186 1222 2241 salute
1268 2184 1425 2255 quasi
1473 2184 1665 2238 noxius
1711 2182 1852 2237 inter

263 2281 452 2335 noxios
492 2279 852 2351 cruciﬁgitur.
882 2278 1071 2349 (lapilli
1102 2276 1301 2340 vocati,
1333 2275 1488 2345 quasi
1513 2273 1706 2344 capitis
1734 2271 1849 2343 pili,

262 2370 409 2435 facti,
436 2378 581 2425 utet
615 2370 863 2425 decorem
890 2375 1175 2438 praestent,
1202 2376 1256 2422 et
1283 2365 1566 2421 cerebrum
1596 2364 1855 2417 adversus

262 2460 428 2532 frigus
478 2461 735 2515 muniant
777 2469 938 2529 atque
970 2475 1000 2513 a
1033 2459 1147 2515 sole
1190 2458 1498 2513 defendant.
1541 2456 1598 2510 In
1648 2453 1856 2524 capillis

257 2567 384 2607 vero
426 2558 665 2607 ornatus
724 2552 970 2621 iustitiae,
995 2559 1050 2605 et
1097 2551 1261 2605 decor
1311 2549 1572 2603 virtutum
1620 2546 1674 2600 in
1710 2542 1854 2600 ﬁdeli

257 2643 433 2696 anima
458 2645 891 2698 demonstratur.
904 2641 1005 2696 Cui
1031 2656 1133 2711 pro
1151 2640 1310 2695 bonis
1333 2638 1541 2695 meritis
1565 2646 1619 2693 et
1639 2636 1854 2707 sapien-

261 2733 347 2787 tiae
373 2733 631 2789 doctrina
659 2733 937 2803 multiplex
967 2747 1178 2787 merces
1206 2731 1260 2785 in
1290 2739 1490 2786 externa
1526 2728 1858 2784 beatitudine

261 2834 604 2879 reservatur.
624 2824 776 2879 Unde
806 2824 919 2893 ipse
943 2824 995 2878 in
1021 2822 1312 2893 Evangelio
1332 2822 1407 2876 ait
1432 2840 1443 2874 :
1482 2819 1653 2875 Vestri
1684 2829 1858 2874 autem

264 2923 313 2966 et
338 2913 528 2984 capilli
553 2913 733 2983 capitis
750 2930 928 2969 omnes
953 2914 1211 2967 numerati
1234 2922 1355 2967 sunt
1380 2911 1594 2983 (Matth.
1618 2910 1696 2981 Χ).
1725 2911 1856 2966 Item

263 3002 444 3071 capilli
498 3003 733 3059 virtutes
786 3004 980 3057 animat
1029 3004 1312 3074 designant
1361 3021 1373 3056 :
1424 3003 1568 3058 sicut
1612 3003 1667 3057 in
1720 3002 1859 3057 libro

260 3095 517 3152 Iudicum
549 3097 616 3152 de
663 3096 891 3152 Samson
938 3097 1132 3167 legitur
1159 3095 1310 3169 (Jud.
1350 3095 1487 3167 xvr),
1520 3095 1613 3164 qui
1640 3094 1862 3165 capillos

1952 1893 2077 1949 licet
2099 1908 2220 1948 cum
2249 1891 2362 1961 jam
2393 1892 2527 1947 nihil
2557 1892 2610 1946 in
2638 1893 2817 1962 capite
2844 1899 3145 1956 mortuum,
3172 1890 3304 1945 nihil
3333 1891 3385 1944 in
3415 1904 3533 1943 ma-

1949 1984 2109 2039 nibus
2131 1999 2196 2038 ex
2225 1982 2349 2049 illis,
2379 1997 2499 2053 qute
2526 1998 2623 2053 per
2646 1981 3021 2037 inﬁdelitatem
3044 1981 3238 2037 mortis
3257 1980 3532 2044 dicuntur,

1950 2073 2200 2129 habuerit
2230 2091 2241 2125 :
2272 2080 2332 2127 ut
2354 2086 2529 2142 neque
2555 2072 2825 2136 sensibus,
2858 2086 3034 2141 neque
3060 2070 3273 2126 actibus
3302 2071 3540 2125 immun-

1953 2167 2079 2221 dum
2116 2165 2319 2234 aliquid
2345 2173 2439 2219 aut
2460 2173 2732 2219 mortuum
2755 2172 2927 2236 gerat.
2963 2163 3142 2219 Comtc
3166 2172 3294 2219 sunt
3320 2164 3539 2235 proprie

1951 2273 2058 2312 non
2077 2257 2200 2312 caesi
2215 2255 2416 2327 capilli,
2429 2263 2483 2310 et
2496 2255 2812 2311 estGraecus
2822 2270 3021 2310 sermo.
3040 2255 3174 2309 Nam
3193 2270 3377 2311 comas
3391 2253 3542 2310 Grae-

1954 2348 2004 2404 ci
2045 2348 2250 2403 caimos
2275 2362 2306 2401 a
2341 2346 2576 2403 secando
2604 2346 2909 2401 nominant.
2928 2345 3082 2402 Unde
3105 2357 3162 2401 et
3178 2345 3383 2406 keirein
3414 2355 3539 2401 ton-

1955 2441 2070 2496 deri
2100 2441 2300 2496 dicunt.
2316 2439 2444 2497 inde
2467 2447 2523 2495 et
2542 2439 2673 2495 cirri
2691 2447 2976 2508 vocantur,
2995 2441 3137 2510 quod
3168 2441 3329 2495 etiam
3363 2439 3541 2495 ϐτίθεὶ

1954 2533 2153 2589 mallon
2167 2542 2381 2589 vocant.
2397 2532 2578 2589 Comm
2593 2548 2721 2589 vero
2736 2534 2929 2604 capitis
2941 2534 3165 2604 mystice
3177 2541 3407 2590 catervae
3418 2542 3545 2588 sunt

1957 2634 2267 2681 sanctorum
2292 2666 2306 2689 ,
2337 2626 2429 2696 qui
2459 2625 2677 2682 Christo
2701 2627 2867 2696 capiti
2895 2625 3037 2681 ﬁdeli
3072 2626 3332 2681 famulatu
3362 2626 3545 2683 adlue-

1956 2724 2097 2773 rent.
2130 2717 2282 2772 Unde
2304 2718 2357 2772 in
2385 2716 2612 2773 Cantico
2639 2718 2979 2773 canticorum
2998 2716 3206 2788 Sponsa
3238 2719 3303 2774 de
3331 2717 3545 2790 Sponsa

1958 2809 2087 2866 dicit
2111 2826 2125 2862 :
2167 2808 2343 2864 Canite
2371 2811 2485 2881 ejus
2511 2811 2645 2864 sicut
2676 2814 2829 2864 elatw
2861 2809 3177 2881 palmarum,
3205 2814 3366 2882 nigra!
3386 2814 3542 2883 quasi

1958 2917 2141 2956 corvus
2172 2900 2350 2974 (Cant.
2374 2902 2451 2973 v).
2481 2900 2574 2956 Hm
2595 2917 2726 2974 ergo
2746 2917 2940 2969 comae,
2968 2902 3121 2959 elata:
3141 2904 3332 2973 palma:
3360 2904 3545 2958 dicun-

1958 2998 2049 3045 tur
2061 3000 2282 3061 propter
2292 3000 2453 3062 caput
2467 2991 2676 3047 Domini
2698 3011 2711 3047 :
2737 2993 2900 3063 nigra:
2911 3004 3133 3064 propter
3145 2995 3545 3066 despectionem

1961 3082 2102 3151 apud
2129 3081 2376 3136 homines
2402 3100 2413 3134 :
2442 3081 2594 3136 elata:
2630 3083 2700 3139 ob
2747 3082 3030 3140 victoriam
3056 3100 3070 3139 :
3099 3085 3261 3157 nigra:
3290 3086 3361 3142 ob
3398 3102 3549 3157 pres-

262 3198 557 3260 postquam
596 3188 860 3259 perdidit,
890 3188 1073 3243 statim
1106 3188 1174 3242 ab
1200 3186 1434 3241 inimicis
1459 3194 1650 3256 captus
1678 3184 1858 3240 lumen
1887 3178 1932 3241 C
1964 3190 2138 3230 suras.
2182 3172 2373 3230 Crines
2415 3175 2632 3245 ριόιπῑο
2672 3175 2962 3237 mulierum
3002 3187 3165 3245 sunt;
3204 3179 3332 3234 dicti
3369 3188 3551 3235 autem

266 3280 510 3334 scientiae
541 3279 743 3334 amisit.
790 3278 1023 3334 Possunt
1051 3285 1106 3332 et
1141 3279 1194 3332 in
1223 3276 1430 3347 capillis
1456 3276 1639 3332 ﬁdeles
1677 3276 1858 3348 populi

264 3371 464 3440 accipi,
486 3370 583 3440 qui
599 3371 897 3425 maximum
922 3371 1085 3425 decus
1106 3385 1202 3424 sua
1218 3369 1606 3425 numerositate
1620 3368 1862 3438 praebent

264 3461 552 3520 Ecclesiae.
585 3463 739 3518 Unde
776 3464 830 3517 in
870 3463 1094 3518 Cantico
1133 3463 1464 3518 canticorum
1516 3461 1755 3533 Sponsus
1795 3462 1863 3518 ad

266 3566 531 3621 sponsam
559 3552 691 3606 dicit
715 3569 730 3605 :
757 3552 947 3623 Capilli
971 3553 1047 3605 tui
1069 3554 1202 3606 sicut
1225 3569 1400 3623 greges
1423 3568 1724 3622 caprarum,
1746 3568 1864 3623 qua:

264 3644 630 3697 ascenderunt
656 3642 725 3695 de
739 3652 915 3695 monte
934 3640 1151 3695 Calaad‘
1169 3640 1343 3713 (Cant.
1366 3641 1466 3714 γι).
1493 3640 1863 3697 Galaad'cnim

260 3748 493 3788 acervus
517 3732 801 3785 testimonii
840 3733 1226 3801 interpretatur
1252 3750 1265 3786 :
1295 3733 1438 3801 quod
1456 3732 1599 3787 bene
1616 3734 1869 3788 convenit

266 3823 537 3878 adunatre
566 3820 897 3875 multitudini
922 3829 1252 3876 sanctorum.
1285 3822 1419 3877 Item
1448 3822 1627 3891 capilli
1659 3823 1713 3877 in
1735 3838 1867 3877 con—

266 3913 504 3967 trariam
544 3918 752 3981 partem
796 3910 961 3980 positi
1003 3911 1349 3982 reperiuntur
1388 3911 1443 3966 in
1494 3911 1739 3978 Psalmo;
1776 3912 1869 3967 ubi

267 4004 404 4058 vitia
456 4001 814 4072 designantur
863 4019 876 4054 :
920 4000 1261 4070 Multiplicati
1288 4011 1430 4068 sunt,
1478 4002 1684 4072 inquit,
1714 4019 1871 4073 super

270 4091 498 4163 capillos
532 4091 721 4160 capitis
749 4091 872 4156 mei,
900 4099 949 4145 et
976 4107 1066 4145 cor
1092 4107 1264 4145 meum
1288 4091 1564 4164 dereliquit
1591 4108 1674 4147 me
1694 4091 1866 4165 (Psal.

270 4186 491 4256 xxxix).
525 4183 639 4239 Nec
667 4183 867 4239 frustra
894 4184 950 4238 in
989 4184 1394 4253 comparatione
1435 4184 1753 4240 delictorum
1780 4199 1871 4241 ca-

274 4277 389 4347 pilli
434 4284 718 4347 ponuntur
765 4293 780 4329 :
833 4276 959 4348 quia
1008 4275 1219 4331 Domini
1274 4284 1546 4346 prtecepto
1597 4277 1650 4331 in
1687 4274 1871 4333 Veteri

273 4367 636 4423 Testamento
653 4368 964 4423 sacerdotes
982 4358 1109 4437 ipsa
1138 4367 1493 4424 similitudine
1516 4369 1867 4423 radebantur.

1962 3264 2142 3322 crines
2174 3281 2262 3331 eo,
2283 3265 2425 3335 quod
2454 3265 2603 3320 vittis
2631 3266 3031 3323 discernantur.
3072 3268 3223 3325 Unde
3272 3277 3333 3325 et
3359 3269 3554 3326 discri-

1964 3361 2184 3417 minalia
2212 3363 2486 3428 dicuntur,
2520 3378 2548 3416 a
2572 3362 2770 3432 quibus
2790 3360 2947 3418 divisi
2976 3362 3292 3435 religantur.
3326 3362 3552 3434 Mystice

1966 3460 2145 3508 autem
2173 3454 2351 3508 crines
2393 3453 2701 3524 signiﬁcant
2728 3453 2871 3510 facta
2901 3454 3162 3510 virtutum
3183 3496 3199 3522 ,
3227 3471 3363 3526 quas
3389 3456 3554 3511 homo

1966 3543 2121 3599 habet
2154 3558 2221 3599 ex
2244 3543 2386 3600 dono
2409 3545 2643 3614 Spiritus
2663 3546 2857 3602 sancti.
2880 3544 3031 3602 Unde
3054 3546 3107 3600 in
3135 3545 3274 3602 libro
3297 3545 3549 3603 Iudicum

1967 3632 2185 3705 legitur,
2209 3633 2349 3704 quod
2372 3635 2602 3692 Samson
2639 3637 2877 3706 quandiu
2919 3647 3126 3710 septem
3163 3639 3341 3696 crines
3360 3639 3554 3711 capitis

1968 3726 2209 3798 integros
2256 3728 2468 3794 habuit,
2518 3729 2752 3786 invictus
2799 3731 2932 3800 fuit;
2974 3741 3260 3803 postquam
3291 3747 3422 3789 vero
3456 3748 3557 3804 per

1970 3815 2215 3871 fraudem
2238 3816 2480 3873 mulieris
2507 3828 2695 3876 tonsus
2718 3831 2822 3888 est,
2846 3823 3075 3879 recessit
3097 3824 3167 3880 ab
3186 3839 3252 3880 eo
3273 3824 3553 3890 fortitudo;

1971 3907 2097 3975 quia
2141 3907 2386 3978 quisquis
2429 3923 2527 3978 per
2559 3911 2791 3981 gratiam
2838 3910 3073 3982 Spiritus
3103 3915 3280 3970 sancti
3327 3916 3558 3970 virtutes

1973 3996 2244 4066 spiritales
2292 4007 2516 4064 servat,
2568 4000 2764 4057 illaesus
2807 4013 3011 4059 manet.
3063 4004 3121 4059 Si
3147 4005 3292 4060 enim
3337 4015 3560 4079 propter

1970 4096 2255 4160 peccatum
2307 4099 2602 4146 evacuatus
2628 4090 2792 4147 fuerit
2830 4093 3003 4164 gratia
3030 4094 3281 4166 spiritali,
3312 4096 3560 4155 inﬁrmus

1974 4181 2154 4239 factus
2184 4190 2332 4254 patet
2360 4184 2701 4240 inimicorum
2744 4187 3002 4256 captioni.
3035 4187 3269 4245 Possunt
3293 4198 3349 4247 et
3380 4190 3561 4249 crines

1973 4272 2438 4345 elecmosynarum
2495 4274 2798 4346 largitatem
2855 4276 3183 4348 signiﬁcare.
3239 4278 3377 4336 Hinc
3430 4289 3513 4336 est
3542 4321 3557 4345 ,

1974 4370 2117 4441 quod
2149 4371 2200 4424 in
2227 4370 2519 4441 Evangelio
2548 4371 2702 4443 (Luc.
2748 4372 2846 4446 vn)
2874 4373 3068 4430 mulier
3096 4375 3207 4441 illa,
3233 4391 3354 4448 qua:
3395 4377 3563 4447 pedes

272 4456 375 4512 Pili
407 4466 600 4512 autem
643 4457 772 4512 dicti
799 4466 925 4513 sunt
952 4473 983 4512 a
1018 4457 1173 4528 pelle,
1203 4473 1309 4529 qua
1338 4460 1622 4528 prodeunt,
1642 4460 1786 4517 sicut
1818 4468 1874 4515 et
1898 4460 1941 4536 '_
1973 4458 2101 4515 Jesu
2131 4459 2386 4530 lacrymis
2432 4460 2584 4526 lavit,
2634 4462 2878 4519 crinibus
2905 4466 3152 4532 extersit,
3191 4474 3245 4520 et
3287 4476 3562 4536 unguento

272 4552 385 4621 pilo
409 4552 616 4607 dicitur
640 4565 671 4605 a
696 4550 823 4621 pila,
867 4550 959 4606 ubi
986 4551 1254 4621 pigmenta
1298 4552 1621 4607 conduntur.
1654 4552 1874 4623 Signiﬁ-
1898 4530 1951 4589 D
1978 4551 2135 4606 unxit
2165 4569 2179 4605 :
2209 4560 2271 4605 ut
2303 4551 2604 4610 instrueret
2632 4568 2733 4609 nos
2768 4554 3007 4611 minimis
3049 4530 3308 4611 membris
3357 4530 3561 4613 Christi

277 4651 405 4697 cant
432 4643 533 4712 pili
580 4642 763 4697 carnis
812 4644 1164 4712 cogitationes
1198 4643 1472 4709 carnales,
1518 4658 1654 4714 quas
1682 4645 1873 4700 radere

278 4747 383 4787 nos
413 4747 445 4786 a
466 4727 724 4787 cordibus
749 4734 949 4788 nostris
968 4733 1248 4801 Scriptura
1278 4743 1463 4789 sancta
1488 4742 1690 4790 monet.
1723 4734 1875 4791 Unde

279 4832 337 4878 et
358 4825 414 4877 in
440 4823 582 4878 libro
604 4822 961 4879 Numerorum
978 4824 1238 4894 jubentur
1259 4823 1459 4879 Levita:
1478 4824 1667 4879 radere
1685 4841 1874 4880 omnes

279 4915 421 4987 pilos
451 4915 637 4970 carnis
667 4930 800 4969 suae.
831 4914 932 4969 Pili
957 4915 1138 4970 carnis
1167 4923 1292 4969 sunt
1324 4915 1575 4986 quaelibet
1602 4900 1873 4985 superﬂua

280 5007 542 5061 humana:
588 5006 971 5077 corruptionis.
1008 5006 1107 5061 Pili
1146 5008 1328 5063 carnis
1373 5016 1499 5062 sunt
1520 5008 1648 5063 vitae
1674 5009 1874 5064 veteris

285 5098 691 5169 cogitationes,
745 5112 882 5168 quas
935 5098 1015 5152 sic
1062 5113 1090 5151 a
1147 5107 1327 5153 mente
1357 5098 1676 5165 incidimus,
1706 5108 1765 5153 ut
1810 5100 1878 5154 de

287 5190 588 5244 amissione
626 5204 814 5244 earum
863 5189 1008 5243 nullo
1053 5188 1237 5244 dolore
1266 5190 1641 5260 defatigemur.
1689 5190 1878 5247 Levita

288 5294 551 5349 namque,
599 5290 926 5350 assumptus,
961 5288 1205 5335 vocatur.
1258 5279 1481 5350 Oportet
1505 5294 1634 5351 ergo
1662 5279 1880 5338 Levitas

290 5386 485 5426 omnes
512 5371 653 5440 pilos
678 5372 858 5427 carnis
879 5372 1069 5427 radere
1106 5386 1120 5426 :
1147 5373 1270 5442 quia
1298 5373 1371 5438 is,
1401 5375 1492 5444 qui
1524 5374 1576 5428 in
1604 5374 1879 5445 obsequiis

293 5460 496 5516 divinis
523 5462 835 5528 assumitur,
876 5461 1037 5518 debet
1065 5470 1192 5517 ante
1232 5463 1328 5518 Dei
1369 5464 1554 5519 oculos
1588 5481 1618 5519 a
1668 5466 1880 5520 cunctis

294 5555 482 5609 carnis
510 5555 925 5627 cogitationibus
962 5556 1193 5610 mundus
1234 5571 1526 5625 apparere,
1569 5572 1636 5611 ne
1668 5557 1880 5613 illicitas

293 5660 454 5701 tuens
478 5648 833 5717 cogitationes
856 5647 1095 5717 proferat
1134 5655 1190 5702 et
1216 5648 1496 5717 pulchram
1524 5648 1716 5706 animae
1760 5664 1881 5719 spe-

299 5738 463 5805 ciem,
495 5742 646 5809 quasi
691 5742 815 5811 pilis
839 5739 1316 5809 fructiﬁcantibus,
1346 5742 1637 5799 deformem
1668 5745 1874 5800 reddat.

1982 4640 2218 4709 compati
2241 4638 2457 4707 debere,
2484 4649 2539 4695 et
2565 4641 2832 4712 superﬂua
2862 4645 3191 4715 pauperibus
3219 4661 3471 4716 erogare,
3507 4657 3564 4701 et

1982 4732 2148 4785 odore
2168 4729 2431 4785 bonarum
2461 4732 2719 4786 virtutum
2747 4733 2852 4788 illis
2889 4734 3033 4788 ferre
3057 4750 3235 4805 opem.
3263 4736 3339 4792 De
3367 4738 3562 4807 quibus

1983 4819 2096 4890 ipse
2119 4819 2379 4876 Dominus
2400 4821 2454 4876 in
2485 4820 2595 4876 ﬁne
2625 4822 2868 4879 dicturus
2892 4824 2998 4879 erit
3023 4844 3034 4879 :
3073 4825 3226 4894 Quod
3256 4830 3349 4887 uni
3376 4846 3441 4888 ex
3479 4833 3560 4891 Itis

1982 4913 2211 4967 minimis
2254 4913 2506 4982 fratribus
2528 4916 2655 4970 meis
2692 4916 2910 4987 fecistis,
2938 4919 3065 4975 mihi
3100 4920 3297 4990 fecistis
3337 4922 3553 4994 (Matth.

1986 5005 2135 5076 xxv).
2160 5005 2459 5077 Aliquando
2474 5007 2637 5063 etiam
2659 5008 2712 5063 in
2737 5008 2977 5068 crinibus
2989 5011 3367 5082 exprimuntur
3386 5025 3559 5072 cater-

1983 5111 2065 5151 vae
2084 5096 2341 5165 ﬁdelium,
2358 5108 2418 5154 ut
2446 5107 2531 5154 est
2562 5100 2694 5157 illud
2715 5100 2766 5154 in
2791 5098 3015 5158 Cantico
3040 5105 3398 5173 canticorum,
3416 5114 3561 5179 quod

1986 5190 2227 5262 Sponsus
2274 5192 2342 5247 ad
2385 5208 2638 5263 sponsam
2682 5193 2859 5248 dicit:
2910 5193 3210 5254 Vulnerasti
3251 5217 3343 5256 cor
3366 5219 3560 5271 meum,

1983 5300 2134 5338 soror
2158 5300 2273 5338 mea
2297 5301 2511 5355 sponsa,
2536 5283 2818 5344 vulnerasti
2845 5302 2935 5341 cor
2961 5304 3132 5346 meum
3153 5291 3208 5346 in
3236 5308 3341 5347 ttno
3377 5295 3562 5350 oculo-

1986 5392 2112 5431 rum
2132 5385 2373 5442 tuornm,
2408 5386 2455 5430 et
2485 5378 2539 5431 in
2568 5392 2672 5431 uno
2699 5378 2841 5435 crine
2862 5380 2983 5435 colli
3014 5382 3093 5435 tui
3134 5380 3312 5455 (Cant.
3350 5385 3444 5456 tv).
3503 5387 3562 5443 In

1987 5467 2356 5523 vulneratione
2380 5468 2558 5523 cordis
2581 5471 2892 5540 magnitudo
2919 5475 3121 5530 amoris
3148 5474 3349 5532 Christi
3379 5479 3432 5534 in
3460 5480 3563 5537 Ec-

1988 5560 2206 5615 clesiam
2240 5560 2572 5631 intelligitur,
2606 5562 2698 5632 qui
2730 5561 2788 5617 ﬁt
2816 5565 2867 5617 in
2896 5564 3100 5621 unitate
3136 5576 3323 5624 sancta
3348 5582 3563 5629 sancto-

1988 5667 2131 5715 rum,
2186 5649 2366 5713 idest,
2412 5650 2726 5716 oculorum,
2769 5653 2904 5707 etin
2950 5656 3155 5712 unitate
3179 5659 3267 5730 pia
3312 5658 3563 5728 subjecta:

1988 5746 2178 5816 plebis,
2210 5744 2261 5800 id
2289 5752 2391 5813 est,
2418 5745 2668 5802 crinium.
2696 5747 2959 5817 Tempora
2996 5762 3138 5818 sunt,
3170 5770 3286 5824 quae
3313 5754 3561 5810 calvarirc
