4074 6316
528 364 649 418 NT

1168 360 1228 414 Β.
1269 357 1521 412 ιιΑιιΑΝι
1556 355 1774 413 nsum
1811 333 2099 411 ARCillEP

2200 351 2480 411 IOGUNT.
2520 350 2806 409 OPERUM
2842 351 3022 408 PARS
3062 353 3125 407 II.

3668 353 3786 411 ηε

524 454 717 509 dextra
738 453 983 520 lmvaque
1020 448 1338 519 subjacent:
1368 462 1487 517 quae
1514 447 1634 503 ideo
1674 447 1754 503 sic
1780 460 2096 515 nuncupan-
2125 447 2176 509 Α
2204 442 2401 499 Nullus
2429 458 2658 513 unquam
2686 440 2854 496 Deum
2882 440 3187 512 spiritaliter
3209 440 3356 507 vidit,
3379 448 3425 496 et
3448 456 3642 496 munao
3662 452 3796 499 car

526 552 635 607 tur,
662 542 791 612 quia
843 548 1146 604 moventur,
1176 539 1399 609 ipsaque
1424 537 1754 604 mobilitate,
1782 536 1936 607 quasi
1967 545 2100 592 tem-

522 646 661 702 pora
685 672 703 698 ,
741 630 1060 703 quibusdam
1106 628 1400 684 intervallis
1440 636 1739 684 mutantur.
1783 625 2103 697 Significant

526 731 711 778 autem
761 721 976 792 vigilias
1015 712 1294 789 corporis,
1332 733 1468 789 quas
1492 718 1655 773 homo
1697 716 1856 773 debet
1903 715 2103 780 habere

526 819 899 883 temporanter
922 811 975 867 in
1018 817 1159 869 statu
1188 809 1470 879 praesentis
1508 808 1790 879 temporis,
1818 808 1989 864 donec
2011 820 2103 861 ve-

527 905 642 959 niat
692 919 912 961 somnus
967 902 1176 958 mortis.
1231 900 1387 963 Hinc,
1415 901 1685 970 Propheta
1744 916 1808 956 ex
1873 912 2102 969 persona

525 992 726 1047 Christi
774 991 828 1047 in
871 989 1133 1047 Psalterio
1162 989 1236 1044 ait
1282 1003 1298 1044 :
1331 988 1394 1045 Si
1434 988 1624 1043 dedero
1661 1002 1901 1043 somnum
1938 984 2103 1040 oculis

524 1082 653 1136 meis
678 1122 693 1147 ,
745 1089 836 1135 aut
890 1079 1148 1151 palpebris
1197 1079 1325 1134 meis
1365 1078 1785 1133 dormitationem
1813 1116 1829 1142 ,
1882 1084 1976 1130 aut
2025 1089 2104 1127 re-

522 1173 697 1244 quiem
766 1171 1078 1243 temporibus
1135 1172 1263 1226 meis
1290 1211 1305 1237 ,
1373 1170 1537 1226 donec
1597 1170 1856 1224 inveniam
1931 1167 2103 1223 locum

508 1261 775 1327 ,Domino,
802 1259 1194 1315 tabernaculum
1249 1259 1360 1314 Deo
1419 1258 1586 1315 Iacob
1645 1257 1835 1330 (Psal.
1881 1256 2102 1328 cxxxl).

524 1352 654 1409 limo
683 1353 865 1409 omnia
905 1351 1296 1407 rationabiliter
1320 1351 1641 1407 humanitati
1666 1350 1866 1407 Christi
1913 1366 2106 1413 conve-

522 1442 646 1498 nire
697 1434 1012 1497 noscuntur.
1044 1439 1281 1496 Somnus
1327 1440 1430 1495 iste
1477 1438 1853 1510 intelligendus
1893 1447 1977 1495 est
2019 1454 2106 1494 re-

525 1529 680 1599 quies
703 1529 910 1585 mortis.
934 1528 1322 1598 Palpebrarum
1345 1543 1561 1599 quoque
1582 1536 1638 1584 et
1659 1536 1961 1600 temporum
1986 1542 2108 1583 mos

512 1608 616 1675 tus
638 1618 970 1691 vigilantiam
999 1617 1115 1687 ejus
1138 1625 1264 1673 ante
1283 1625 1513 1673 mortem
1538 1618 1909 1675 demonstrant
1932 1634 1948 1673 :
1971 1635 2107 1690 quo-

522 1710 674 1766 niam
727 1724 915 1770 revera
966 1717 1208 1781 tempora
1257 1708 1452 1780 capitis
1492 1709 1662 1765 nostri
1709 1710 1951 1781 requiem
2008 1712 2106 1767 ha-

2199 535 2389 591 naliter
2416 536 2557 591 sivit.
2592 535 2783 590 Vultus
2823 534 2966 591 enim
3012 534 3300 605 aliquando
3327 549 3428 605 pro
3482 534 3792 605 intellectu,

2198 626 2488 698 aliquando
2511 641 2610 697 pro
2644 627 2921 683 voluntate
2943 634 2999 682 et
3023 625 3217 683 affectu
3260 627 3467 698 positus
3508 626 3616 684 est.
3642 628 3796 686 Nam

2198 717 2344 786 quod
2362 717 2417 772 in
2442 716 2646 786 psalmo
2664 715 2932 786 Propheta
2957 716 3094 771 dixit
3117 734 3130 771 :
3155 715 3432 786 Projectus
3450 734 3566 772 sum
3587 734 3619 772 a
3638 719 3798 774 vultu

2199 805 2471 861 oculorum
2496 816 2705 861 tuorum
2753 804 2926 878 (Psal.
2954 806 3109 879 xxx),
3174 806 3322 862 Patri
3371 806 3507 863 dicit
3542 807 3720 864 Filius
3756 824 3795 863 δ

2204 893 2304 967 [in]
2319 893 2490 950 forma
2504 896 2669 951 servi.
2685 893 2932 967 Speravi,
2947 896 3074 966 quia
3087 909 3175 951 me
3195 896 3371 967 gratia
3385 905 3476 953 tua
3501 913 3612 954 non
3630 897 3796 954 dese-

2198 994 2368 1051 reret,
2398 1000 2521 1041 cum
2565 986 2833 1056 passionis
2857 985 3076 1041 tristitia
3125 986 3461 1057 praevaleret.
3489 986 3549 1043 ιιι
3583 1001 3799 1058 pavore

2195 1076 2390 1146 utique
2432 1076 2627 1132 mortis
2670 1092 2702 1131 a
2751 1075 2902 1133 vultu
2931 1076 3212 1132 oculorum
3267 1086 3484 1132 tuorum
3511 1078 3801 1149 projectns

2203 1181 2343 1232 sum,
2371 1166 2427 1222 id
2448 1173 2551 1233 est,
2576 1164 2631 1220 in
2671 1172 2966 1235 conspectu
3002 1164 3388 1221 misericordia:
3414 1174 3539 1221 tute.
3574 1166 3645 1222 Et
3670 1168 3801 1237 pul-

2204 1257 2336 1314 chre
2371 1256 2576 1312 vultum
2622 1256 2769 1315 dedit
2813 1256 3002 1323 oculis,
3033 1256 3160 1326 quia
3206 1256 3309 1326 ipsi
3352 1271 3516 1327 quam
3553 1259 3798 1314 maxime

2204 1345 2512 1418 signiﬁcant
2530 1345 2833 1403 voluntates
2854 1344 3178 1401 animorum.
3206 1344 3399 1400 Vultus
3420 1345 3567 1401 enim
3590 1346 3800 1402 dicitur

2205 1439 2274 1494 ab
2296 1452 2383 1504 eo,
2406 1436 2550 1508 quod
2591 1436 2773 1493 cordis
2812 1436 2950 1492 velle
2974 1451 3074 1507 per
3100 1449 3195 1490 sua
3238 1434 3391 1507 signa
3418 1436 3792 1492 demonstret:

2205 1528 2347 1585 sicut
2368 1527 2508 1583 oculi
2523 1527 2843 1594 divinitatis,
2861 1542 2987 1582 cum
3010 1526 3326 1598 respiciunt,
3354 1542 3509 1583 suam
3531 1528 3794 1596 gratiam,

2203 1618 2550 1691 pollicentur.
2595 1618 2732 1673 Illud
2777 1625 2978 1683 autem,
3011 1616 3154 1688 quod
3184 1616 3421 1673 dicitur:
3461 1616 3652 1672 Vultus
3680 1617 3795 1674 Do-

2205 1709 2336 1763 mini
2361 1725 2517 1780 super
2560 1708 2808 1778 facientes
2848 1705 2989 1761 mala
3040 1704 3212 1779 (Psal.
3237 1708 3455 1778 xxxm),
3476 1709 3798 1779 pronuntiat

522 1800 654 1857 bere
690 1815 798 1856 non
850 1808 1093 1872 possunt,
1150 1800 1364 1869 quando
1420 1800 1561 1857 oculi
1623 1802 1828 1858 crebris
1878 1803 2114 1861 motibus
2139 1790 2188 1852 Β
2215 1800 2420 1855 vultum
2450 1800 2683 1866 Domini,
2707 1799 2883 1866 idest,
2908 1798 3240 1857 intellectum
3263 1816 3384 1857 esse
3406 1816 3571 1873 supra
3597 1803 3792 1870 malos,

524 1891 714 1964 agitati
755 1890 981 1963 vigilare
1025 1898 1342 1947 noscuntur.
1391 1890 1551 1948 Prius
1577 1892 1723 1949 enim
1754 1894 1935 1965 posuit
1962 1908 2107 1951 som-

525 1999 678 2050 num,
723 1990 779 2039 et
825 1989 1036 2054 postea,
1082 1980 1533 2052 quemadmodum
1570 1982 1685 2053 ipse
1737 1997 1960 2040 somnus
2002 1984 2110 2039 im-

520 2071 756 2144 pleatur,
787 2069 1055 2142 exposuit.
1108 2070 1254 2125 Bene
1279 2083 1409 2142 ergo
1459 2085 1608 2127 mors
1661 2071 1873 2128 Domini
1920 2087 2110 2130 somno

524 2161 798 2219 similatur
821 2180 834 2216 :
857 2161 1110 2233 quoniam
1139 2159 1387 2216 triduana
1408 2170 1619 2217 tantum
1642 2163 1960 2233 pausatione
1984 2178 2105 2220 sus-

524 2264 712 2323 ceptus
758 2261 864 2321 est,
893 2253 987 2324 qui
1019 2251 1223 2308 nullam
1248 2251 1461 2322 corpori
1485 2253 1886 2324 corruptionem
1906 2254 2107 2321 intulit,

514 2345 619 2419 sed
644 2344 899 2414 quietem.
929 2342 1120 2398 Facies
1142 2341 1287 2398 dicta
1308 2342 1376 2398 ab
1400 2341 1594 2415 elligie.
1625 2343 1703 2399 lbi
1729 2352 1812 2400 est
1850 2345 1994 2400 enim
2024 2353 2107 2400 to-

524 2442 580 2488 ta
609 2432 782 2503 figura
805 2431 1041 2489 hominis
1063 2440 1118 2487 et
1140 2431 1564 2503 uniuscujusque
1584 2447 1829 2503 persona:
1848 2433 2103 2505 cognitio.

519 2523 718 2580 Vultus
742 2538 872 2579 vero
911 2521 1087 2578 dictus
1112 2536 1198 2589 eo,
1229 2521 1371 2593 quod
1399 2537 1498 2592 per
1518 2538 1642 2578 eum
1667 2523 1831 2577 animi
1861 2523 2107 2581 voluntas

521 2614 864 2672 ostenditur:
913 2614 1209 2669 secundum
1261 2612 1594 2669 voluntatem
1632 2612 1776 2669 enim
1824 2614 1881 2669 in
1926 2613 2109 2671 varios

521 2715 708 2762 motus
731 2712 988 2761 mutatur.
1031 2703 1169 2758 Nam
1201 2702 1367 2758 facies
1406 2702 1724 2775 simpliciter
1755 2704 2021 2775 accipitur
2038 2704 2107 2762 de

525 2801 948 2873 uniuscujusque
968 2801 1200 2857 naturali
1224 2809 1466 2873 aspectu.
1490 2801 1682 2858 Vultus
1705 2811 1884 2859 autem
1903 2804 2108 2860 animo—

510 2909 640 2977 rum
656 2893 968 2964 qualitatem
990 2891 1277 2965 signiﬁcat.
1296 2893 1485 2950 Facies
1501 2902 1681 2950 autem
1704 2896 1912 2952 duobus
1934 2896 2109 2955 modis

519 2982 861 3054 intelligitur,
891 2983 995 3038 hoc
1023 2991 1125 3048 est,
1153 2998 1414 3055 corporea
1441 2993 1495 3039 et
1522 2983 1799 3056 spiritalis.
1826 2984 1938 3040 Nisi
1960 2986 2103 3041 enim

519 3083 669 3132 esset
717 3075 994 3131 interioris
1043 3074 1278 3132 hominis
1330 3075 1523 3143 facies,
1575 3091 1682 3131 non
1716 3077 1922 3133 diceret
1959 3075 2106 3148 Apo-

2210 1906 2346 1963 quos
2376 1891 2455 1948 sic
2476 1885 2724 1958 attendit,
2746 1900 2939 1948 utnon
2968 1892 3259 1963 respiciat:
3293 1893 3373 1950 sic
3408 1909 3519 1949 non
3547 1897 3796 1967 respicit,

2208 1992 2270 2040 ut
2300 1992 2478 2040 tamen
2502 1998 2690 2040 eorum
2717 1983 2860 2040 facta
2887 1993 3195 2056 cognoscat.
3229 1985 3404 2042 Frons
3423 1988 3492 2043 ab
3511 1989 3798 2045 oculorum

2208 2073 2565 2131 foraminibus
2591 2074 2867 2130 nominata
2907 2081 3010 2131 est.
3042 2075 3169 2131 Haec
3194 2075 3373 2148 imago
3398 2079 3646 2148 quaedam
3677 2082 3798 2136 ani-

2207 2163 2304 2231 mi,
2333 2163 2528 2220 mentis
2556 2171 2762 2221 motum
2783 2164 2965 2234 specie
2985 2180 3083 2221 sua
3107 2167 3381 2238 exprimit,
3406 2169 3535 2225 dum
3563 2171 3652 2226 vel
3671 2172 3796 2228 laata

2206 2255 2291 2312 vel
2321 2255 2493 2312 tristis
2537 2264 2640 2311 est.
2686 2253 2851 2312 Juxta
2875 2256 3184 2327 allegoriam
3230 2256 3381 2314 frons
3406 2261 3797 2317 verecundiam

2206 2345 2404 2402 mentis
2432 2352 2525 2400 aut
2546 2345 2934 2416 impudentiam
2962 2346 3254 2418 signiﬁcat.
3281 2348 3436 2405 Unde
3468 2351 3799 2408 erubescere

2207 2437 2420 2504 dicitur,
2437 2437 2526 2509 qui
2542 2437 2918 2509 compungitur
2937 2452 3038 2508 pro
3057 2436 3268 2494 delictis
3280 2439 3413 2507 suis,
3429 2449 3485 2496 et
3510 2457 3570 2497 se
3603 2443 3800 2497 melio-

2206 2542 2331 2583 rare
2341 2526 2805 2584 studuerit.Aliter
2816 2528 2881 2584 de
2896 2527 3225 2599 impudentis
3240 2528 3417 2587 fronte
3434 2534 3800 2603 exprobratur

2204 2618 2499 2676 Jerusalem
2521 2633 2618 2691 per
2638 2619 2963 2690 Prophetam
2978 2621 3390 2693 redarguentem
3412 2624 3587 2680 scelus
3611 2641 3796 2691 suum,

2205 2723 2328 2764 cum
2353 2708 2404 2763 ei
2426 2708 2650 2765 dicitur:
2676 2706 2851 2763 Frons
2868 2708 3106 2765 mulieris
3125 2712 3407 2767 meretricis
3434 2711 3574 2781 facta
3600 2723 3679 2767 est
3701 2713 3800 2767 tibi

2207 2799 2423 2874 (Jerem.
2454 2799 2560 2875 ιιι).
2587 2800 2655 2855 Ει
2682 2801 2881 2857 iterum
2918 2800 3178 2857 Dominus
3207 2803 3275 2858 ad
3301 2803 3638 2859 Ezechielem
3676 2806 3753 2859 ait
3778 2820 3797 2860 :

2204 2890 2342 2947 Ecce
2365 2890 2488 2945 dedi
2511 2891 2700 2961 faciem
2719 2899 2866 2946 tuam
2889 2890 3224 2947 valentiorem
3249 2892 3482 2963 [aciebus
3502 2911 3707 2960 eorum,
3740 2907 3794 2950 et

2204 2980 2424 3051 frontem
2438 2991 2583 3036 tuam
2602 2981 2866 3037 duriorem
2882 2981 3139 3051 frontibus
3154 2999 3355 3039 eorum.
3374 2981 3442 3038 Ut
3455 2984 3795 3041 adamantent

2203 3084 2249 3130 et
2274 3084 2331 3129 ut
2351 3073 2570 3140 silicem,
2601 3074 2722 3129 dedi
2750 3074 2938 3145 faciem
2967 3084 3131 3130 tuam.
3162 3074 3362 3131 Domus
3396 3074 3567 3131 Israel
3596 3078 3796 3132 attrita:

517 3164 729 3222 stolus:
760 3164 873 3220 Nos
895 3174 1069 3220 autem
1092 3164 1317 3221 revelata
1353 3166 1491 3237 facie
1513 3153 1735 3237 gloriam
1761 3165 1976 3222 Domini
1997 3183 2110 3237 spe-
2132 3151 2179 3215 C
2210 3165 2398 3236 frontis
2423 3175 2520 3232 est,
2549 3174 2599 3221 et
2622 3167 2857 3237 procacis
2887 3165 3147 3233 audacite,
3186 3175 3234 3221 et
3273 3168 3409 3221 duro
3429 3166 3489 3236 ﬁt
3531 3168 3707 3232 corde,
3739 3178 3793 3222 et

519 3257 755 3312 culantes
777 3256 1220 3327 transformamur
1244 3257 1308 3311 de
1328 3255 1497 3328 gloria
1526 3256 1580 3310 in
1602 3255 1823 3326 gloriam
1851 3265 2102 3327 tanquam

516 3366 552 3403 a
577 3347 788 3402 Domini
809 3348 995 3420 spiritu
1027 3344 1113 3418 (11
1135 3344 1257 3401 Cor.
1280 3345 1388 3418 ιιι).
1434 3346 1500 3400 Et
1546 3346 1781 3401 iterum:
1830 3344 2101 3411 Videmus,

516 3439 715 3512 inquit,
762 3457 900 3495 nunc
926 3457 1023 3513 per
1045 3437 1312 3511 speculum
1357 3439 1414 3493 in
1459 3438 1760 3510 amigmate,
1806 3447 1930 3491 tunc
1982 3454 2101 3493 vero

519 3532 655 3603 facie
677 3532 746 3588 ad
772 3531 962 3602 faciem
1004 3529 1058 3604 (ι
1078 3529 1200 3584 Cor.
1226 3528 1369 3601 xm).
1416 3527 1552 3585 item
1599 3526 1769 3585 facies
1792 3544 2002 3585 summa
2046 3528 2102 3584 in

514 3631 698 3679 mente
734 3622 1051 3689 declaratio,
1082 3629 1142 3676 ut
1170 3620 1223 3676 in
1249 3620 1573 3694 Evangelio:
1620 3620 1691 3675 Et
1731 3620 1919 3691 faciem
1955 3631 2100 3676 tuam

515 3709 640 3770 lava
663 3714 878 3787 (Matth.
899 3715 998 3788 vt).
1023 3714 1281 3785 Apertum
1310 3719 1393 3769 est
1416 3713 1559 3769 enim
1612 3727 1710 3769 nos
1743 3728 1885 3768 nunc
1914 3711 2102 3782 imagi-

515 3820 616 3862 nes
647 3805 830 3861 videre
852 3820 949 3876 per
977 3804 1136 3860 ﬁdem
1161 3822 1173 3858 :
1214 3812 1345 3859 tunc
1389 3818 1480 3859 res
1507 3802 1670 3874 ipsas,
1716 3801 1819 3857 hoc
1847 3809 1949 3865 est,
1980 3808 2103 3872 post

513 3895 970 3952 resurrectionem
986 3896 1040 3950 in
1055 3903 1254 3949 aeterna
1271 3892 1459 3964 gloria.
1480 3890 1633 3961 Quod
1647 3900 1826 3949 autem
1842 3891 2102 3948 Dominus

513 3989 583 4045 ad
608 3987 821 4059 Moysen
852 3987 1015 4043 dixit:
1057 3984 1274 4041 Faciem
1308 4002 1479 4041 meam
1515 3985 1690 4041 videre
1722 4001 1828 4039 non
1863 3983 2056 4055 poteris
2077 3998 2098 4038 :

514 4095 620 4133 non
650 4079 785 4133 enim
828 4078 1018 4134 videbit
1043 4094 1123 4132 me
1161 4076 1335 4143 homo,
1367 4085 1417 4130 et
1457 4075 1587 4130 vivet
1635 4073 1832 4147 (Exod.
1854 4072 2051 4145 χχχιιι)
2080 4089 2097 4140 ;

507 4167 592 4238 'et,
617 4171 768 4243 juxta
798 4170 1020 4227 Joannis
1047 4184 1234 4225 vocem
1261 4187 1274 4221 :
1323 4168 1492 4222 Deum
1535 4182 1684 4221 nemo
1712 4165 1841 4221 uidit
1867 4181 2097 4237 unquam

514 4261 698 4334 (loan.
726 4262 765 4333 ι)
789 4278 804 4317 :
835 4263 909 4316 ita
949 4259 1356 4331 intelligendum
1380 4268 1485 4323 est,
1514 4256 1659 4328 quod
1685 4256 1739 4311 in
1779 4257 1882 4312 hac
1906 4272 2095 4312 corru-

511 4349 689 4421 ptibili
715 4350 825 4404 vita
854 4349 1033 4405 nullus
1072 4346 1315 4427 perfecte
1353 4344 1855 4415 contemplationem
1883 4345 1979 4400 Dei
2001 4347 2096 4401 ha-

511 4441 645 4496 bere
656 4448 853 4511 potest.
869 4441 1129 4496 Viderunt
1143 4439 1288 4495 enim
1308 4447 1490 4509 patres
1510 4436 1838 4494 Testamenti
1859 4436 2092 4505 Veteris,

510 4531 822 4597 DominUm,
862 4530 917 4586 in
938 4531 1042 4587 hac
1063 4531 1174 4585 vita
1202 4530 1383 4601 positi,
1408 4545 1506 4601 per
1534 4531 1790 4602 quasdam
1812 4529 2091 4601 imagines,

2207 3254 2565 3327 scorpionibus
2590 3265 2964 3327 comparatur:
2989 3254 3106 3311 ideo
3132 3256 3255 3311 dedi
3277 3257 3374 3311 tibi
3397 3256 3593 3313 vultum
3616 3257 3794 3312 duris-

2204 3348 2417 3413 simum,
2475 3357 2524 3401 et
2589 3348 2836 3417 frontem,
2893 3363 3011 3419 qua:
3058 3347 3201 3403 nullo
3257 3364 3456 3421 putere
3515 3359 3795 3420 superetur

2206 3438 2420 3512 (Ezech.
2444 3437 2552 3509 ιιι).
2596 3438 2673 3492 Ex
2697 3453 2805 3509 quo
2837 3437 3096 3495 discimus
3143 3439 3413 3495 interdum
3441 3440 3628 3511 gratiae
3667 3455 3794 3497 esse

2205 3530 2324 3597 Dei,
2356 3530 2702 3602 impudentiae
2728 3530 3004 3597 resistere,
3026 3539 3080 3587 et
3107 3546 3231 3587 cum
3272 3531 3427 3588 locus
3452 3534 3789 3604 poposcerit,

2202 3620 2436 3678 frontem
2462 3621 2640 3678 fronte
2683 3632 2982 3678 conterere.
3027 3622 3142 3680 Hoc
3187 3631 3365 3679 autem
3406 3625 3685 3693 tribuitur,
3718 3643 3790 3682 ne

2202 3720 2392 3768 nostra
2411 3711 2737 3768 verecundia
2767 3720 2822 3769 et
2843 3713 3109 3769 humanus
3133 3713 3305 3784 pudor
3332 3713 3686 3783 pertimescat
3702 3716 3787 3770 in-

2202 3805 2368 3862 sidias
2411 3805 2748 3862 azmulorum.
2806 3805 2875 3860 Et
2921 3805 2976 3861 in
3023 3806 3210 3862 eodem
3264 3806 3527 3878 propheta
3583 3807 3784 3877 legitur

2202 3893 2420 3969 (Ezeclt.
2446 3896 2546 3970 ιχ),
2577 3895 2721 3966 quod
2747 3895 3008 3952 Dominus
3028 3895 3245 3966 juberet
3272 3896 3410 3961 viro,
3449 3895 3541 3966 qui
3565 3895 3789 3961 indutus

2200 3998 2321 4045 erat
2346 3987 2520 4051 lineis,
2553 3994 2610 4042 et
2660 3987 3104 4042 atramentarium
3145 3986 3426 4065 scriptoris
3470 3985 3783 4042 habebatin

2199 4066 2395 4136 lumbis
2424 4078 2556 4145 suis,
2590 4086 2651 4133 ut
2700 4077 2959 4134 transiret
3004 4092 3103 4149 per
3134 4064 3365 4134 mediam
3422 4076 3696 4134 civitatem
3730 4079 3787 4133 in

2198 4164 2376 4230 medio
2402 4170 2722 4238 Jerusalem,
2750 4180 2806 4226 et
2841 4171 3080 4242 signaret
3107 4169 3257 4226 Thau
3282 4185 3445 4241 super
3467 4168 3675 4227 frontes
3708 4171 3789 4226 vi-

2199 4278 2385 4320 rorum
2441 4262 2770 4334 gementium
2802 4270 2859 4318 et
2901 4261 3196 4318 dolentium
3221 4275 3383 4333 super
3410 4261 3620 4317 cunctis
3647 4260 3786 4318 abo-

2197 4354 2605 4420 minationibus,
2661 4369 2780 4425 qua:
2819 4353 2956 4408 ﬁunt
2987 4353 3044 4409 in
3073 4353 3253 4409 medio
3282 4351 3418 4422 ejus.
3449 4352 3578 4420 Qua:
3601 4353 3785 4409 littera

2200 4444 2433 4515 Speciem
2454 4443 2631 4500 erucis
2658 4442 2862 4499 Christi
2892 4450 3057 4509 tenet,
3088 4450 3145 4498 et
3171 4442 3412 4514 signatur
3431 4444 3486 4498 in
3514 4442 3787 4498 frontibus

2199 4528 2455 4601 ﬁdelium,
2482 4542 2539 4591 et
2558 4534 2909 4591 conﬁrmatur
2929 4533 2983 4588 in
3003 4533 3257 4590 cordibus
3281 4532 3595 4589 electorum.
3632 4531 3786 4587 Unde

512 4622 709 4695 quibus
742 4624 857 4695 ipse
882 4637 941 4678 se
966 4620 1138 4677 voluit
1162 4622 1445 4678 ostendere
1469 4640 1481 4676 :
1513 4622 1609 4678 sed
1652 4620 1845 4678 futurae
1872 4620 2095 4675 visionis
2195 4626 2327 4682 dicit
2354 4626 2643 4683 Psalmista
2668 4644 2681 4681 :
2709 4624 2985 4697 Signatum
3012 4634 3086 4681 est
3111 4642 3268 4696 super
3292 4642 3385 4680 nos
3411 4624 3587 4679 lumen
3610 4623 3783 4680 vultus

508 4718 627 4788 ejus
655 4715 883 4787 gloriam
936 4714 1042 4770 illis
1098 4715 1418 4782 reservavit,
1474 4715 1566 4787 qui
1603 4730 1727 4772 eum
1779 4715 1834 4770 in
1885 4712 2095 4770 caelesti
2194 4718 2296 4789 tui,
2325 4715 2546 4772 Domine
2596 4713 2770 4789 (Psal.
2794 4714 3063 4789 rv);quia
3089 4715 3231 4771 sicut
3254 4730 3505 4771 nummus
3545 4715 3783 4785 Impera-

503 4807 841 4865 beatitudine
860 4807 1242 4878 perpetualiter
1274 4806 1443 4863 visuri
1469 4815 1614 4863 sunt.
1658 4805 1832 4861 Aliter
1853 4804 1921 4860 ab
1945 4803 2091 4873 ejus-
2196 4807 2328 4862 toris
2352 4816 2533 4877 portat
2554 4807 2864 4879 imaginem,
2887 4806 2964 4862 ita
2994 4814 3050 4862 et
3075 4805 3322 4862 ﬁdelibus
3350 4807 3501 4877 signa
3543 4805 3782 4861 caelestis

507 4899 631 4955 dem
654 4899 934 4955 sententiae
960 4899 1160 4954 virtute
1196 4914 1305 4954 non
1347 4900 1625 4965 abhorret,
1663 4897 1807 4969 quod
1852 4897 2087 4953 dicitur:

509 4987 638 5043 Non
663 4989 801 5042 enim
828 4987 1017 5042 uidebit
1054 5005 1135 5045 me
1162 4990 1336 5056 homo,
1379 4999 1426 5046 et
1471 4992 1597 5046 vivet
1635 4987 1830 5061 (Exod.
1855 4988 2088 5060 xxxm);

506 5077 763 5147 quoniam
805 5076 1050 5148 quisquis
1096 5076 1435 5149 sapientiam,
1464 5092 1584 5149 quae
1609 5079 1751 5132 Deus
1793 5084 1896 5143 est,
1922 5077 2087 5145 videt,

506 5169 637 5224 huic
657 5170 779 5225 vita:
807 5169 1048 5226 funditus
1088 5173 1340 5237 moritur,
1387 5186 1457 5225 ne
1486 5168 1601 5239 jam
1643 5167 1760 5238 ejus
1788 5184 1973 5226 amore
2011 5178 2090 5225 te-

504 5269 719 5318 neatur.
752 5262 940 5321 Nullus
968 5264 1165 5336 quippe
1192 5280 1311 5320 eam
1349 5263 1514 5327 videt,
1557 5261 1648 5332 qui
1685 5260 1860 5317 adhuc
1899 5276 2089 5318 carna-

503 5359 633 5414 liter
666 5358 834 5414 vivit:
865 5359 994 5430 quia
1024 5373 1183 5415 nemo
1227 5363 1404 5427 potest
1434 5354 1685 5424 amplecti
1724 5353 1895 5411 Deum
1925 5353 2085 5409 simul

505 5458 560 5506 et
582 5449 855 5505 smeulum.
890 5449 992 5518 Qui
1032 5450 1179 5505 enim
1209 5447 1380 5502 Deum
1404 5446 1569 5512 videt,
1595 5460 1661 5502 eo
1694 5445 1810 5515 ipso
1836 5446 2083 5514 moritur,

505 5557 612 5611 quo
638 5542 723 5597 vel
749 5544 1048 5599 intentione
1071 5538 1271 5604 cordis,
1297 5537 1379 5592 vel
1408 5536 1599 5593 effectu
1629 5538 1809 5608 operis
1837 5537 1905 5591 ab
1929 5535 2087 5606 hujus

504 5633 629 5686 vitm
672 5633 1119 5690 delectationibus
1167 5638 1279 5684 tota
1329 5636 1508 5684 mente
1561 5638 1860 5699 separatur.
1919 5626 2086 5684 Nemo

507 5736 635 5795 ergo
660 5724 828 5783 Deum
877 5724 1030 5789 vidit,
1084 5733 1137 5778 et
1188 5723 1340 5790 vixit,
1390 5737 1451 5778 ac
1493 5722 1535 5780 si
1566 5731 1750 5795 aperte
1780 5722 2082 5778 diceretur:

2193 4897 2454 4970 principis
2510 4897 2912 4967 imprimuntur.
2956 4896 3109 4953 Oculi
3144 4897 3340 4962 vocati,
3375 4896 3487 4952 sive
3529 4896 3658 4966 quia
3685 4910 3782 4952 eos

2197 4991 2445 5047 ciliorum
2497 4991 2736 5062 tegmina
2783 4989 3080 5056 oecullunt,
3115 5004 3185 5045 ne
3232 5004 3339 5059 qua
3377 4987 3667 5044 incidentis
3695 4988 3782 5044 in-

2190 5078 2349 5152 juria:
2368 5079 2662 5136 offensione
2681 5080 2945 5136 hedantur
2967 5097 2983 5148 ;
3011 5081 3124 5137 sive
3144 5079 3272 5151 quia
3301 5079 3571 5136 occultum
3592 5078 3779 5135 lumen

2194 5173 2416 5241 habent,
2444 5172 2501 5228 id
2526 5180 2629 5241 est,
2661 5180 2930 5230 secretum
2958 5172 3042 5227 vel
3073 5172 3220 5226 intus
3238 5171 3491 5241 positum.
3536 5169 3605 5225 Ili
3634 5170 3779 5224 inter

2192 5278 2382 5321 omnes
2431 5279 2622 5322 sensus
2664 5262 2954 5319 vieiniores
2999 5263 3195 5320 anima:
3221 5248 3480 5317 existunt.
3511 5259 3569 5315 ln
3599 5259 3778 5316 oculis

2190 5354 2335 5409 enim
2364 5369 2524 5410 omne
2541 5353 2739 5409 mentis
2757 5351 3023 5423 judicium
3048 5358 3152 5408 est.
3202 5348 3356 5406 Unde
3382 5357 3439 5404 et
3461 5348 3629 5404 animi
3651 5364 3779 5421 per-

2186 5445 2423 5502 turbatio
2451 5443 2535 5500 vel
2564 5442 2809 5499 hilaritas
2836 5442 2890 5497 in
2924 5440 3097 5499 oculis
3134 5445 3379 5511 apparet.
3410 5434 3565 5493 Oculi
3588 5445 3773 5493 autem

2189 5537 2330 5592 idem
2356 5544 2411 5592 et
2438 5535 2640 5590 lumina
2667 5553 2679 5588 :
2713 5542 2768 5589 et
2794 5533 2935 5589 dicta
2965 5532 3187 5597 lumina,
3218 5530 3360 5601 quod
3387 5544 3455 5584 ex
3483 5529 3565 5585 eis
3582 5528 3771 5586 lumen

2186 5635 2391 5693 manat,
2420 5626 2504 5681 vel
2524 5624 2665 5695 quod
2691 5640 2759 5681 ex
2783 5623 2938 5679 initio
2961 5622 3045 5678 sui
3067 5621 3300 5678 clausam
3325 5628 3547 5677 teneant
3563 5617 3762 5687 lucem,

2190 5728 2283 5773 aut
2310 5702 2647 5774 extrinsecus
2694 5721 2968 5786 acceptam
3016 5712 3152 5771 visui
3189 5713 3547 5785 praeponenda
3576 5710 3765 5769 refun-
