4074 6316
310 352 409 413 ιω

1279 345 1368 402 DE
1405 342 1751 402 UNIVERSO
1788 342 1968 399 LIBRI
2003 341 2166 397 XXll.
2204 373 2275 384 ——
2312 341 2442 398 LIB.
2483 341 2567 398 Vl.

3445 338 3548 395 150

313 468 452 523 dant.
477 455 669 519 Oculus
716 457 882 529 igitur
927 469 1035 512 non
1063 455 1236 514 solum
1263 456 1509 528 corporis
1547 457 1741 521 visum,
1771 455 1866 512 sed
1892 462 1944 521 Α
1969 463 2131 525 atque
2159 453 2457 524 impolluta,
2482 462 2544 509 ut
2566 460 2693 510 sunt
2719 453 2926 524 puellae.
2957 452 3174 525 Physici
3199 453 3387 511 dicunt
3428 468 3549 509 eas-

311 554 465 610 etiam
489 547 663 606 cordis
714 546 1050 603 demonstrat
1092 545 1367 602 intuitum.
1405 545 1561 613 Quod
1587 545 1872 602 Psalmista

312 640 548 705 ostendit,
604 637 826 693 dicens:
886 635 1077 691 Levavi
1141 635 1320 693 oculos
1375 652 1518 691 meos
1566 635 1625 691 in
1673 644 1872 692 montes

315 728 473 806 (Psul.
490 725 650 797 cn);
672 736 730 781 et
746 725 800 780 in
818 724 1109 792 llierernia,
1136 724 1294 791 Lena,
1315 725 1510 796 inquit,
1532 724 1709 780 oculos
1730 734 1868 793 tuos,

312 834 358 879 et
379 821 485 877 ride
507 819 722 892 (larem.
748 816 855 888 tu).
890 816 1025 872 Nam
1047 830 1174 872 cum
1206 816 1369 873 dicit:
1420 817 1605 884 levavi,
1634 817 1872 873 ostendit

310 913 373 967 ad
394 907 892 979 contemplationem
932 906 1168 977 aliquam
1213 905 1381 964 fuisse
1405 913 1740 977 provectum.
1770 905 1870 969 Le,-

306 1014 427 1055 vare
458 997 601 1052 enim
628 1004 716 1052 est
741 995 944 1066 aliquid
983 995 1052 1052 ad
1083 994 1276 1050 altiora
1324 993 1635 1051 transferre.
1678 992 1871 1050 Oculos

304 1104 453 1153 meos,
482 1087 668 1157 utique
712 1087 893 1141 cordis
937 1093 1234 1158 aspectum,
1263 1084 1332 1141 de
1384 1085 1580 1156 quibus
1608 1084 1869 1155 scriptum

301 1187 413 1236 est:
449 1176 636 1232 Revela
659 1175 837 1231 oculos
867 1192 1029 1242 meos,
1054 1185 1102 1229 et
1130 1175 1469 1231 considerabo
1516 1174 1780 1229 mirabilia
1807 1174 1871 1229 de

303 1273 407 1342 lege
429 1280 516 1325 tua
548 1266 724 1338 (Psal.
749 1265 960 1338 cxvut).
991 1266 1061 1321 Et
1089 1266 1218 1323 illud
1238 1284 1257 1320 :
1303 1264 1628 1336 Prceeptum
1657 1264 1869 1318 Domini

298 1360 538 1425 lucidum,
568 1357 1073 1437 illuminanspculos
1095 1357 1268 1430 (Psal.
1295 1356 1469 1430 xvtu).
1501 1356 1635 1412 Nam
1663 1355 1710 1411 si
1735 1355 1871 1411 istos

296 1452 528 1511 carnales
575 1452 845 1516 advertas,
876 1451 1006 1521 quid
1031 1451 1297 1522 potuisset
1327 1449 1452 1505 inde
1491 1447 1773 1519 perlicere,
1822 1447 1868 1504 si

295 1553 494 1600 montes
517 1543 763 1599 consitos
784 1543 935 1598 silvis
956 1549 1050 1597 ant
1076 1541 1226 1596 saxis
1252 1540 1623 1611 squalentibus
1653 1539 1871 1611 legisset

296 1635 604 1693 intendere?
632 1633 741 1690 Sed
765 1635 869 1691 hoc
896 1634 940 1689 si
992 1633 1309 1703 spiritaliter
1338 1632 1597 1702 inquiras,
1647 1631 1869 1686 omnino

294 1728 587 1800 proﬁcuum
613 1735 718 1793 est,
758 1734 818 1781 ut
853 1725 1037 1781 oculos
1063 1725 1242 1781 cordis
1268 1723 1374 1789 sui,
1405 1723 1520 1779 sive
1548 1721 1616 1779 ad
1652 1729 1869 1779 sanctos

1968 546 2093 603 dem
2139 545 2390 616 pupillas,
2443 558 2579 616 quas
2626 544 2873 600 videmus
2921 544 2977 599 in
3011 543 3203 610 oculis,
3255 544 3551 600 morituros

1967 642 2095 692 ante
2126 636 2363 692 triduum
2388 649 2497 691 non
2518 634 2741 701 habere,
2770 634 2965 705 quibus
2991 649 3099 690 non
3127 632 3260 691 visis
3286 642 3436 689 certa
3463 643 3550 690 est

1966 730 2292 803 desperatio.
2324 730 2572 787 Cimolus
2596 744 2751 797 vero,
2795 743 2903 801 quo
2929 724 2960 784 a
2985 728 3185 801 pupilla
3211 727 3346 783 albae
3367 736 3549 799 partes

1967 821 2111 877 oculi
2139 827 2461 891 separantur
2484 820 2717 876 discreta
2758 818 3059 890 nigredine,
3085 832 3287 875 corona
3327 817 3547 882 dicitur,

1967 914 2112 985 quod
2142 913 2469 969 rotunditate
2496 912 2582 969 sui
2606 919 2763 968 ornet
2779 910 3039 967 ambitum
3062 908 3290 980 papulae.
3324 907 3549 980 Mystice

1967 1003 2171 1074 pupilla
2194 1002 2337 1058 oculi
2381 999 2650 1073 siguillcat
2682 1002 3040 1057 intentionem
3069 1000 3191 1071 puri
3219 999 3416 1062 cordis,
3451 1012 3550 1068 per

1967 1106 2131 1162 quam
2153 1090 2394 1146 cernitur
2414 1089 2644 1160 justitia,
2677 1098 2732 1146 et
2757 1089 3084 1146 discernitur
3116 1103 3304 1143 verum
3327 1103 3359 1141 a
3387 1086 3545 1142 falso.

1970 1182 2125 1238 Unde
2159 1182 2431 1251 Propheta
2461 1191 2716 1252 precatur
2744 1181 2801 1236 in
2835 1180 3045 1251 psalmo
3065 1178 3289 1234 dicens:
3331 1177 3550 1232 custodi

1967 1292 2072 1340 me,
2100 1275 2340 1343 Domine,
2364 1283 2420 1328 ut
2442 1273 2694 1346 pupillam
2717 1272 2854 1328 oculi
2876 1271 3051 1344 (Psal.
3076 1269 3209 1342 xvt).
3241 1268 3447 1341 Pupilla
3467 1278 3553 1325 est

1965 1369 2112 1425 enim
2136 1368 2220 1441 (ut
2261 1382 2429 1438 supra
2462 1365 2819 1437 ostendimus)
2849 1365 2904 1420 in
2933 1364 3111 1420 medio
3139 1362 3312 1432 posita
3342 1359 3552 1432 perspi—

1969 1476 2067 1517 cua
2094 1476 2220 1532 pars
2245 1459 2407 1525 oculi,
2435 1475 2542 1529 qua
2569 1473 2855 1529 corporum
2878 1457 3089 1514 colores
3113 1455 3260 1509 varia
3286 1453 3549 1523 qualitate

1969 1548 2350 1615 discernimus,
2381 1547 2523 1603 dicta
2554 1564 2584 1603 a
2614 1548 2880 1619 parvitate
2907 1547 2988 1603 sui
3014 1544 3234 1617 pupilla,
3265 1543 3420 1614 quasi
3449 1556 3548 1612 pu-

1968 1638 2109 1694 silla.
2161 1638 2297 1695 Huic
2343 1638 2728 1695 convenienter
2768 1645 3115 1707 comparatus
3146 1644 3231 1691 est
3272 1634 3546 1699 Christus,

1966 1730 2055 1787 cui
2087 1731 2272 1786 datum
2326 1739 2409 1786 est
2450 1729 2506 1784 in
2544 1728 2748 1798 judicio
2776 1742 2874 1782 suo
2909 1725 3085 1796 justos
3111 1741 3139 1780 a
3170 1724 3555 1796 peccatoribus

296 1821 455 1884 \iros.
481 1819 598 1874 Sive
627 1816 696 1873 ad
721 1817 890 1873 libros
908 1816 1140 1882 άῖνίηοεν
1165 1816 1280 1872 Sive
1306 1814 1373 1871 ad
1414 1814 1673 1870 sublimes
1701 1827 1865 1885 ange—
1895 1840 1942 1900 Β
1967 1835 2273 1892 segregare.
2319 1819 2613 1889 Aptissitne
2665 1819 2847 1887 itaque
2889 1818 3025 1887 petit
3065 1815 3326 1871 custodiri
3376 1829 3455 1880 se,
3487 1821 3548 1867 ut

293 1909 372 1966 los
397 1907 649 1965 credatur
678 1907 937 1973 elevasse,
975 1908 1069 1978 qui
1114 1907 1481 1977 magnitudine
1518 1915 1575 1962 et
1611 1905 1866 1961 ﬁrmitate

292 2017 414 2059 vere
438 2008 653 2056 montes
695 2007 844 2056 sunt.
905 1997 1058 2055 Unde
1102 1998 1269 2054 etiam
1298 2005 1607 2067 competens
1636 1995 1867 2053 sustine-

290 2097 447 2153 batur
484 2093 771 2149 auxilium.
804 2091 873 2147 Et
911 2091 967 2147 in
1014 2089 1303 2162 Evangelio
1344 2089 1458 2158 ipsa
1489 2088 1703 2145 Veritas
1742 2088 1863 2144 ait:

291 2186 440 2253 Quod
472 2186 517 2241 si
544 2183 729 2240 oculus
756 2192 878 2238 tuus
905 2182 1086 2237 dexter
1116 2179 1443 2238 scandalizat
1470 2188 1542 2245 te,
1569 2194 1693 2234 erue
1723 2194 1864 2243 eum,

285 2287 336 2333 ct
354 2276 548 2348 projice
592 2275 684 2330 abs
705 2286 753 2329 te
772 2273 990 2346 (Matth.
1013 2273 1088 2345 v).
1122 2272 1222 2328 llic
1249 2286 1379 2327 vero
1407 2270 1788 2343 cogitationem
1813 2276 1868 2324 et

288 2381 499 2422 sensum
534 2365 596 2420 in
646 2364 856 2420 diversa
908 2363 1220 2419 volitantem
1252 2361 1581 2433 nuncupavit
1604 2360 1818 2417 oculum
1846 2378 1862 2419 ς

286 2467 383 2523 per
408 2453 694 2508 dexteram
739 2461 921 2507 autem
967 2451 1261 2508 voluntatis
1288 2459 1343 2506 et
1374 2449 1665 2507 affectuum
1712 2450 1867 2504 initia

286 2544 752 2599 demonstrantur.
787 2540 959 2609 Quam
993 2542 1319 2599 sententiam
1373 2549 1428 2597 et
1477 2540 1636 2597 aliter
1677 2555 1869 2611 possu-

287 2649 404 2690 mus
430 2633 756 2706 intelligere.
810 2631 1036 2689 Videtur
1065 2631 1199 2688 milti
1242 2646 1350 2687 non
1378 2631 1673 2701 incongrue
1698 2629 1869 2700 accipi

285 2721 340 2777 in
367 2724 468 2779 hoc
495 2723 621 2779 loco
653 2722 851 2779 debere
893 2720 1130 2789 oculum,
1177 2720 1584 2777 dilectissimum
1611 2719 1865 2775 amicum.

194 2869 199 2875 ,
287 2811 423 2868 Nam
450 2815 557 2870 hoc
576 2822 661 2870 est
680 2814 885 2885 utique,
913 2813 1057 2884 quod
1086 2812 1387 2868 membrum
1412 2819 1560 2867 recte
1582 2825 1870 2883 possumus

284 2905 590 2976 appellare,
641 2907 783 2975 quod
831 2906 1179 2961 vehementer
1229 2903 1523 2976 diligimus,
1578 2913 1636 2958 et
1695 2904 1870 2974 ipsum

286 2996 680 3063 consiliarium,
704 2996 830 3067 quia
857 2995 1045 3052 oculus
1085 3004 1189 3062 est,
1212 3005 1467 3066 tanquam
1495 2995 1871 3051 demonstrans

284 3088 397 3143 iter
416 3088 475 3143 iu
494 3088 665 3143 rebus
692 3087 920 3154 divinis,
939 3087 1065 3157 quia
1089 3088 1279 3143 dextra
1308 3096 1391 3142 est
1417 3099 1431 3140 :
1465 3093 1525 3141 ut
1563 3085 1784 3142 sinister
1800 3083 1871 3141 sit

1967 1911 2222 1983 pupillam
2245 1909 2404 1975 oculi,
2431 1909 2645 1980 quando
2664 1916 2721 1963 et
2750 1922 2849 1978 per
2870 1907 3041 1977 ipsam
3073 1919 3161 1961 res
3187 1902 3418 1959 visuales
3444 1901 3552 1957 dis-

1967 2003 2266 2068 cernimus,
2319 2010 2376 2057 et
2423 2001 2478 2056 in
2516 2008 2701 2056 nostro
2744 2012 2973 2067 corpore
3015 1995 3151 2051 nihil
3201 1992 3547 2065 praestantius

1966 2091 2258 2147 invenitur.
2289 2089 2564 2161 Palpebrae
2591 2096 2719 2146 sunt
2757 2089 2909 2145 sinus
2948 2086 3225 2143 oculorum
3255 2099 3285 2139 a
3322 2083 3546 2157 palpita-

1966 2183 2114 2239 tione
2135 2183 2314 2249 dictze,
2335 2182 2464 2252 quia
2483 2195 2699 2252 semper
2716 2188 3022 2237 moventur.
3041 2176 3385 2235 Concurrunt
3401 2175 3546 2231 enim

1966 2274 2199 2329 invicem
2228 2281 2287 2328 ut
2309 2272 2526 2328 assiduo
2558 2279 2706 2327 motu
2750 2268 2998 2326 reficiant
3031 2268 3299 2325 obtutum.
3331 2264 3547 2320 Munitze

1964 2370 2095 2420 sunt
2123 2372 2306 2419 autem
2326 2362 2469 2418 vallo
2494 2361 2748 2433 pilorum,
2788 2370 2849 2415 ut
2891 2359 3095 2431 apertis
3125 2357 3298 2415 oculis
3337 2357 3384 2412 si
3414 2355 3547 2426 quid

1966 2454 2220 2511 inciderit
2239 2452 2551 2522 repellatur,
2570 2461 2625 2507 et
2644 2463 2834 2508 somno
2854 2447 3269 2505 conniventibus
3291 2454 3545 2515 tanquam

1966 2543 2212 2609 involuti,
2237 2543 2516 2614 quiescant
2538 2541 2787 2596 latentes.
2807 2540 2864 2595 ln
2891 2538 3199 2595 summitate
3224 2544 3402 2593 autem
3429 2535 3547 2607 pal-

1970 2634 2261 2706 pebrarum
2304 2632 2437 2689 locis
2481 2630 2677 2701 quibus
2702 2644 2763 2685 se
2812 2636 3054 2698 utraeque
3092 2626 3290 2683 clausa:
3332 2624 3549 2681 contin-

1964 2733 2124 2794 gunt,
2159 2731 2376 2780 exstant
2412 2721 2614 2778 admoti
2640 2719 2833 2777 ordine
2860 2725 3076 2775 servato
3102 2715 3303 2788 capilli,
3328 2716 3549 2773 tutelam

1968 2816 2141 2874 oculis
2190 2817 2644 2880 demonstrantes,
2691 2820 2753 2868 ut
2802 2812 3074 2867 irruentes
3119 2805 3274 2866 facile
3323 2808 3548 2879 injurias

1968 2909 2266 2980 excipiant,
2293 2922 2361 2963 ne
2378 2922 2447 2963 ex
2472 2920 2539 2961 eo
2567 2911 2828 2961 noceatur
2852 2920 2867 2968 ;
2900 2911 2960 2958 ut
2982 2901 3222 2972 pulveris
3247 2899 3332 2956 vel
3368 2898 3552 2969 cujus-

1971 3016 2136 3072 quam
2194 2998 2481 3057 crassioris
2531 2996 2771 3053 materia:
2805 3002 3029 3051 arceant
3078 3000 3407 3057 contactum,
3459 2999 3553 3045 aut

1972 3093 2145 3162 ipsum
2170 3102 2386 3161 quoque
2431 3100 2612 3144 aerem
2642 3084 2974 3142 concidendo
3010 3083 3317 3149 ntitilicent,
3343 3097 3454 3153 quo
3477 3091 3569 3137 ιε·-

285 3178 514 3234 dilectus
540 3177 904 3243 consiliarius,
933 3178 1029 3234 sed
1058 3177 1111 3232 iu
1143 3178 1305 3233 rebus
1335 3176 1562 3232 terrenis
1591 3177 1659 3232 ad
1682 3190 1869 3232 neees—
1895 3190 1941 3255 C
1971 3198 2131 3240 nucm
2157 3191 2319 3254 atque
2368 3193 2616 3236 serenum
2652 3177 2849 3235 faciam
2891 3176 3090 3232 visum,
3136 3174 3410 3246 Palpebm
3437 3189 3556 3245 my-

284 3269 504 3324 sitatem
549 3268 796 3340 corporis
837 3267 1251 3339 pertinentibus.
1300 3266 1435 3324 Item
1485 3266 1540 3322 in
1571 3265 1663 3321 illo
1690 3265 1868 3320 Evan-

283 3360 445 3431 gelio,
476 3361 570 3415 ubi
620 3359 880 3415 Dominus
904 3357 1182 3428 discipulis
1211 3359 1325 3413 ait:
1373 3357 1525 3413 Beati
1570 3356 1730 3423 oculi,
1779 3355 1869 3426 qui

282 3453 456 3507 vident
494 3468 614 3523 qua:
654 3468 745 3506 vos
790 3451 971 3506 videtis
1021 3450 1171 3522 (Luc.
1196 3450 1252 3522 ι)
1278 3491 1295 3517 ,
1340 3450 1412 3506 ibi
1462 3448 1763 3505 intellectus
1807 3446 1869 3501 li-

282 3542 418 3598 delis
439 3551 499 3599 et
522 3541 745 3614 simplex
779 3540 1001 3599 allectus
1026 3542 1451 3607 demonstratur,
1476 3556 1584 3610 quo
1613 3538 1874 3594 Dominus

279 3631 579 3688 intuendus
608 3642 710 3687 est.
744 3632 876 3688 Nam
913 3635 1047 3689 etin
1095 3635 1184 3690 illa
1231 3632 1517 3699 sententia,
1547 3645 1653 3700 qua
1679 3627 1869 3684 Salva-

276 3733 368 3780 tor
397 3723 480 3777 ait
508 3740 522 3776 :
571 3721 629 3777 Si
659 3722 839 3777 oculus
865 3733 985 3777 tuus
1016 3724 1173 3793 fuerit
1200 3724 1440 3795 simplex,
1485 3733 1651 3779 totum
1679 3735 1870 3794 corpus

276 3825 436 3868 tuum
486 3809 723 3865 lucidum
762 3813 858 3866 erit
889 3828 906 3866 :
947 3813 993 3867 si
1039 3821 1210 3867 autem
1239 3830 1459 3883 nequam
1502 3814 1681 3882 fuerit,
1713 3815 1871 3868 etiam

280 3920 474 3975 corpus
503 3911 653 3956 tuum
673 3903 1001 3957 tenebrosum
1029 3903 1129 3956 erit
1158 3900 1371 3974 (Matth.
1408 3903 1506 3973 γι),
1545 3917 1642 3973 per
1661 3902 1874 3959 oculum

282 3992 651 4050 intentionem
694 3991 892 4055 cordis,
938 3999 993 4047 et
1024 3991 1355 4048 intellectum
1398 3991 1563 4047 animi
1608 3992 1880 4064 designat,

282 4085 412 4154 quia
444 4097 573 4139 cum
596 4082 737 4138 bona
784 4081 1080 4138 intentione
1105 4092 1161 4138 et
1188 4091 1314 4139 veto
1337 4083 1595 4154 placendi
1632 4083 1744 4139 Deo
1774 4083 1874 4139 ali-

284 4174 418 4248 quid
440 4173 679 4245 agimus,
705 4180 875 4228 totum
896 4189 1094 4243 corpus
1114 4175 1292 4244 operis
1320 4174 1489 4231 nostri
1521 4173 1875 4230 illuminatur.

284 4263 441 4331 Quod
464 4264 514 4318 si
543 4261 770 4317 intentio
812 4277 1065 4332 perversa
1093 4262 1217 4329 erit,
1265 4262 1427 4318 etiam
1464 4277 1600 4334 opus
1623 4277 1722 4335 per
1754 4278 1875 4319 eam

288 4358 602 4416 confectum
631 4356 979 4412 tenebrosum
1023 4356 1148 4412 erit.
1198 4355 1351 4413 Oculi
1402 4357 1507 4413 duo
1558 4356 1791 4413 activam
1821 4364 1877 4413 et

289 4448 773 4521 contemplativam
804 4448 970 4503 vitam
1017 4448 1100 4521 (ut
1139 4448 1358 4519 quidam
1386 4448 1609 4520 volunt)
1640 4448 1877 4519 ﬁgurare

1968 3276 2106 3333 stiee
2130 3282 2357 3346 possunt
2381 3272 2551 3343 accipi
2572 3270 2797 3327 occulta:
2833 3267 3261 3339 dispensationes
3286 3267 3402 3332 Dei,
3431 3281 3571 3337 qum-

1972 3375 2233 3441 geruntur
2257 3366 2313 3421 in
2342 3364 2574 3421 homine.
2614 3362 2767 3420 Unde
2792 3360 2990 3417 dicitur
3020 3360 3073 3414 in
3102 3357 3319 3414 Psalmo
3347 3358 3413 3413 de
3445 3355 3552 3411 Do.-

1970 3460 2157 3516 mino:
2205 3456 2357 3514 Oculi
2400 3456 2516 3527 ejus
2543 3457 2600 3510 in
2639 3469 2918 3526 pauperem
2963 3451 3267 3521 respiciunt,
3295 3448 3553 3520 palpebra:

1971 3552 2086 3622 ejus
2113 3551 2436 3619 interrogant
2459 3547 2599 3616 ﬁlios
2622 3546 2893 3600 hominum
2936 3541 3110 3615 (Psal.
3134 3541 3216 3613 κ).
3256 3541 3397 3612 Ergo
3431 3539 3555 3609 quia

1971 3643 2034 3699 in
2055 3639 2282 3696 Domino
2301 3638 2667 3695 membrorum
2687 3634 2981 3692 ministeria
3005 3648 3101 3705 per
3119 3632 3428 3704 allegoriam
3446 3629 3558 3686 fre-

1972 3739 2202 3806 quenter
2228 3736 2480 3799 aptantur
2505 3768 2522 3794 ,
2550 3727 2680 3783 dicit
2705 3741 2830 3782 enm
2870 3739 2977 3780 non
3007 3723 3199 3788 solum,
3224 3722 3442 3794 quando
3466 3721 3577 3776 iu-~

1974 3822 2140 3881 tendit
2172 3820 2359 3887 oculis,
2387 3818 2478 3877 sed
2503 3818 2665 3876 etiam]
2708 3818 2836 3875 tunc
2878 3817 3183 3888 requirere,
3212 3813 3265 3870 id
3293 3821 3398 3879 est,
3428 3827 3558 3868 con-

1975 3916 2219 3972 siderare
2264 3913 2404 3968 lilios
2449 3911 2754 3976 hominum,
2799 3924 2923 3964 cum
2969 3922 3035 3963 ea
3082 3905 3353 3977 negligere
3401 3902 3577 3973 quasi

1975 4009 2250 4068 dormiens
2272 4008 2592 4063 azstimatur.
2623 4002 3128 4076 Palpebraequippe
3156 3999 3276 4065 Dei,
3310 3997 3429 4067 ejus
3463 3995 3558 4066 ju-

1974 4103 2115 4159 dicia
2145 4109 2292 4167 sunt,
2322 4113 2441 4171 qua":
2464 4097 2666 4167 aliquid
2714 4092 3176 4156 nobisclaudunt,
3204 4090 3402 4160 aliquid
3433 4104 3558 4160 ape-

1974 4191 2158 4257 riunt;
2193 4204 2315 4262 quae
2341 4187 2632 4258 aperiendo
2669 4198 2769 4240 nos
2799 4183 3158 4251 interrogant,
3186 4179 3233 4235 si
3259 4177 3559 4250 intelligen-

1975 4280 2045 4336 do
2079 4294 2185 4335 non
2235 4277 2579 4334 extollimur:
2629 4273 2926 4330 claudendo
2976 4287 3077 4328 nos
3119 4270 3476 4341 interrogant,
3512 4269 3565 4324 si

1975 4386 2081 4427 non
2111 4368 2465 4440 despicimus,
2500 4380 2620 4436 quae
2665 4362 2964 4434 intelligere
2994 4377 3100 4417 non
3132 4360 3391 4417 valemus.
3421 4358 3557 4415 Item

1978 4460 2034 4515 in
2056 4457 2157 4514 Job
2182 4457 2251 4513 de
2277 4456 2574 4513 Leviathan
2603 4455 2679 4510 ita
2706 4452 2965 4530 scriptum
2992 4461 3076 4507 est
3100 4468 3114 4504 :
3162 4449 3319 4505 Oculi
3357 4449 3472 4519 ejus
3498 4458 3560 4503 ut

289 4543 499 4599 dicunt
531 4540 775 4610 Denique
800 4540 1015 4609 quando
1041 4539 1268 4610 legimus
1313 4538 1498 4596 oculos
1534 4538 1746 4595 Domini
1775 4554 1874 4594 nos
1903 4545 1952 4606 ι)
1974 4548 2236 4622 palpebra:
2282 4545 2523 4600 diluculi.
2593 4543 2914 4600 Sternutatio
2965 4541 3079 4612 ejus
3130 4540 3377 4611 splendor
3421 4540 3577 4609 ignis.

202 4698 207 4703 ,
292 4635 590 4704 respicere,
625 4640 685 4686 ut
714 4639 799 4687 est
822 4630 991 4686 illud:
1034 4630 1170 4685 Ecce
1196 4628 1335 4684 oculi
1377 4629 1593 4684 Domini
1618 4645 1774 4699 super
1802 4629 1873 4683 ti—

293 4735 492 4781 mentes
527 4740 689 4791 cum;
726 4731 819 4778 et:
866 4721 1002 4777 oculi
1050 4721 1259 4777 Domini
1303 4737 1460 4791 super
1497 4720 1673 4790 justas
1701 4717 1874 4791 (Psal.

292 4816 470 4888 xxxii)
499 4835 513 4872 :
547 4811 856 4872 continuam
878 4813 1107 4884 gratiam
1137 4811 1431 4868 divinitatis
1455 4810 1723 4867 ostendit:
1752 4811 1878 4882 quia

294 4908 469 4977 pietas
492 4904 665 4976 ipsius
691 4919 787 4959 eos
812 4903 1065 4975 protegit,
1104 4917 1239 4972 quos
1265 4915 1325 4957 se
1350 4901 1543 4957 timere
1581 4901 1877 4972 cognoscit.

299 4998 454 5053 Scire
483 4997 689 5053 etenim
734 4995 1009 5060 debemus,
1042 4992 1187 5064 quod
1225 4991 1366 5049 oculi
1395 4992 1606 5047 Domini
1638 4992 1695 5047 in
1730 4992 1878 5048 omni

300 5089 418 5144 loco
445 5084 884 5158 contemplantur
910 5084 1081 5140 bonos
1100 5091 1156 5139 et
1179 5082 1386 5138 malos:
1414 5083 1543 5153 quia
1566 5082 1700 5138 nihil
1730 5081 1879 5139 illum

302 5181 432 5237 Latet
448 5200 461 5236 :
480 5179 659 5235 omnia
674 5179 811 5233 enim
831 5177 974 5232 nuda
995 5186 1044 5233 et
1063 5185 1245 5247 aperta
1261 5186 1380 5231 sunt
1406 5174 1570 5231 oculis
1583 5175 1698 5245 ejus
1718 5173 1877 5246 (Heb.

303 5288 396 5337 tv;
428 5271 526 5328 sed
566 5271 743 5327 bonos
766 5269 990 5339 respicit
1030 5266 1357 5334 miserando,
1387 5265 1558 5322 malos
1580 5274 1758 5321 autem
1784 5279 1882 5335 per

300 5362 562 5435 judicium
612 5359 936 5416 damnando.
993 5358 1197 5428 Pupilla
1249 5365 1334 5413 est
1390 5356 1599 5412 medius
1652 5364 1883 5425 punctus

307 5454 469 5520 oeuli,
494 5455 549 5509 in
581 5469 689 5524 quo
718 5453 803 5508 vis
826 5460 908 5508 est
940 5451 1152 5507 videndi
1178 5468 1191 5504 :
1242 5450 1331 5505 ubi
1375 5449 1502 5519 quia
1529 5463 1710 5519 parva:
1747 5448 1883 5503 ima-

306 5546 459 5616 gines
489 5546 645 5603 nobis
673 5546 936 5607 videntur,
968 5553 1254 5615 propterea
1289 5541 1504 5612 pupillae
1525 5541 1881 5611 appellantur.

307 5634 443 5692 Nam
464 5636 678 5707 parvuli
706 5636 891 5706 pupilli
930 5635 1200 5691 dicuntur.
1253 5632 1402 5688 llanc
1446 5632 1692 5702 plerique
1717 5646 1885 5702 papu-

309 5725 415 5784 lam
441 5736 657 5785 vocant.
692 5728 925 5784 Vocatur
963 5734 1139 5783 autem
1184 5722 1403 5798 pupilla,
1452 5722 1595 5793 quod
1637 5723 1705 5779 sit
1752 5738 1884 5793 pura

1981 4639 2125 4710 (Job.
2175 4637 2328 4709 xu);
2389 4637 2516 4708 quia
2571 4635 2896 4691 sternutatio
2929 4640 3090 4701 caput
3139 4630 3373 4686 maxime
3424 4644 3569 4684 con-

1982 4729 2175 4784 cutit:
2241 4726 2567 4785 sternutatio
2636 4725 2791 4781 istius
2862 4731 3086 4779 vocatur
3154 4720 3245 4774 illa
3314 4726 3558 4775 extrema

1982 4819 2295 4885 commotio,
2343 4832 2448 4889 qua
2479 4816 2787 4871 damnatum
2840 4812 3111 4873 hominem
3160 4809 3480 4881 ingreditur,
3504 4820 3563 4867 et

1982 4924 2079 4981 per
2107 4924 2231 4965 eum
2267 4907 2514 4979 superbis
2539 4905 2891 4977 principatum
2932 4902 3100 4959 Recte
3139 4901 3257 4973 ejus
3290 4909 3561 4958 sternuta-

1981 5002 2060 5057 tio
2092 4999 2342 5070 splendor
2380 4996 2519 5069 ignis
2542 5004 2786 5052 vocatur.
2833 4994 2974 5048 Ante
3014 4992 3364 5062 reproborum
3414 4992 3559 5048 enim

1981 5094 2166 5151 oculos
2194 5093 2332 5165 ignis
2354 5098 2596 5161 apparet,
2636 5102 2759 5144 cum
2782 5085 3057 5156 signorum
3087 5084 3374 5141 virtutibus
3398 5084 3558 5141 lucet.

1983 5187 2051 5243 Et
2079 5186 2220 5243 oculi
2249 5185 2386 5256 ejus,
2417 5191 2477 5239 ut
2513 5181 2785 5253 palpebra:
2814 5176 3051 5234 diluculi.
3084 5177 3219 5233 Nam
3265 5178 3560 5235 consiliarii

1982 5278 2100 5349 ejus
2124 5278 2179 5333 in
2201 5275 2372 5333 oculis
2394 5273 2764 5343 designantur.
2796 5267 2905 5337 Qui
2943 5278 3089 5325 recte
3133 5269 3404 5339 palpebris
3431 5268 3570 5324 dilu-

1984 5368 2090 5426 culi
2114 5374 2513 5437 comparantur.
2542 5360 2819 5432 Palpebris
2860 5373 3093 5431 namque
3136 5359 3353 5416 diluculi
3383 5367 3566 5417 extre-

1987 5476 2101 5516 mas
2145 5458 2323 5515 noctis
2365 5458 2529 5512 horas
2577 5455 2890 5525 accipimus,
2941 5452 3221 5522 inquibus
3272 5468 3379 5509 uox
3407 5452 3561 5521 quasi

1986 5555 2175 5613 oculos
2197 5551 2391 5622 aperit,
2422 5550 2549 5605 dum
2577 5557 2817 5604 venturae
2842 5546 2977 5601 lucis
2998 5545 3110 5614 jam
3133 5545 3284 5600 initia
3304 5544 3559 5601 ostendit.

1987 5647 2281 5715 Lacrymas
2313 5641 2531 5713 quidam
2554 5655 2583 5696 a
2598 5639 2927 5695 laceratione
2946 5635 3141 5692 mentis
3161 5643 3349 5705 putant
3369 5635 3558 5696 dictas,

1992 5739 2079 5795 alii
2114 5735 2426 5794 existimant
2463 5733 2608 5800 ideo,
2658 5729 2786 5801 quid
2829 5728 3000 5784 Graeci
3044 5725 3271 5781 darsiria
3315 5719 3557 5794 [dacrya]
