4074 6316
520 360 622 418 151

1161 359 1222 415 Β.
1263 359 1519 415 BABANI
1554 357 1776 419 MAURl
1810 356 2129 414 ARCIIIEP.
2171 355 2481 417 MOGUNT.
2521 355 2808 416 OPERUM
2843 355 3022 429 PARS
3059 355 3124 415 Il.

3672 357 3788 416 {52

513 477 729 528 vocant.
779 467 918 537 Quid
967 468 1112 525 enim
1161 468 1414 541 lacrymae
1468 485 1534 525 ex
1579 478 1902 539 compuncto
1933 468 2096 525 corde
2121 487 2176 547 Α
2200 466 2600 538 simplicitatem
2648 474 2812 538 atque
2853 467 3168 538 patientiam
3208 467 3616 539 pmdieantium
3669 487 3794 530 sua:

512 561 698 618 eil'uste
739 559 952 616 efﬁcere
995 560 1228 629 possint,
1280 561 1517 618 ostendit
1566 559 1836 630 Propheta
1871 561 2092 616 dicens:

512 652 751 708 Fuerunt
795 651 924 705 mihi
948 650 1196 722 Iacryma:
1220 668 1347 707 mea:
1373 669 1531 722 panes
1558 652 1642 707 die
1665 669 1727 707 ac
1753 661 1899 706 nocte
1922 649 2095 723 (Psal.

511 741 650 814 xu).
681 740 918 796 Audiam
962 741 1083 804 hoc,
1131 740 1224 811 qui
1257 740 1487 796 Domino
1519 738 1650 798 ﬂere
1675 756 1782 797 non
1817 747 2097 810 appetunt,

507 833 668 904 jugcs
693 833 963 905 laerymas
997 847 1106 888 non
1152 831 1410 896 inediam,
1445 829 1540 886 sed
1575 829 1882 900 satietatem
1919 828 2101 900 potius

512 927 778 983 intulisse.
819 927 931 982 Nec
973 924 1284 990 immerito;
1323 922 1449 993 quia
1501 921 1658 978 fletus
1703 920 1792 976 ille
1827 921 1982 978 cibus
2018 929 2102 978 est

513 1017 839 1084 animarum,
868 1016 1241 1073 corroboratis
1287 1027 1570 1078 sensuum,
1611 1011 1880 1068 absolutio
1906 1026 2100 1084 pecea-

513 1119 728 1173 torum;
785 1107 1009 1163 refeetio
1067 1106 1351 1171 mentium,
1393 1104 1608 1161 lavacra
1635 1103 1934 1172 culparum.
1992 1101 2100 1158 Sed

509 1215 614 1270 per
679 1201 780 1256 has
827 1200 1097 1272 iacrymas
1151 1196 1422 1269 signiﬁcat
1469 1195 1849 1251 afﬂictionibus
1893 1193 2100 1250 erudiri

509 1307 669 1364 posse
694 1291 968 1363 populum.
1014 1291 1164 1346 Diem
1207 1288 1621 1360 prosperitatem
1669 1287 1926 1360 debemus
1951 1284 2094 1342 acci-

508 1395 660 1452 pere,
701 1390 915 1436 noetem
956 1395 1088 1435 vero
1151 1379 1448 1434 tristitiam.
1501 1377 1636 1432 Cilia
1686 1384 1814 1432 sunt
1862 1374 2099 1444 tegmina

423 1451 432 1458 ’
508 1451 702 1543 quibus
725 1471 1110 1542 cooperientur
1133 1468 1274 1525 oculi
1299 1486 1312 1522 :
1341 1475 1396 1522 et
1421 1467 1562 1523 dicta
1589 1465 1729 1531 eilia,
1758 1465 1899 1534 quod
1921 1463 2101 1520 celant

507 1563 715 1629 oculos,
742 1569 1033 1633 tegantque
1088 1569 1202 1616 tuta
1253 1558 1517 1616 custodia.
1573 1557 1871 1628 Supercilia
1927 1556 2094 1623 dicta,

508 1655 635 1724 quia
667 1654 945 1724 supposita
980 1663 1111 1708 sunt
1154 1651 1316 1717 ciliis,
1356 1665 1478 1722 quae
1503 1649 1708 1706 idcirco
1751 1648 1876 1720 pilis
1903 1648 2098 1704 vestita

508 1755 658 1811 sunt,
689 1753 749 1800 ut
775 1745 948 1802 oculis
979 1743 1314 1798 munimenta
1360 1740 1718 1812 praetendant,
1747 1747 1803 1796 et
1843 1739 2098 1796 sudorem

2199 571 2394 611 manus
2433 555 2632 611 virtute
2663 564 2872 623 tenens,
2901 570 2934 610 a
2969 556 3117 612 vitiis
3163 557 3278 612 suis
3321 558 3570 615 carnales
3613 560 3794 618 inter—

2197 645 2352 711 fecit,
2405 653 2460 700 et
2506 645 2726 700 maxilla
2778 645 2835 700 in
2893 655 3094 701 terram
3141 644 3384 716 projecta
3439 650 3794 719 postmodum

2199 750 2370 805 aquas
2395 735 2570 790 fudit:
2603 736 2730 806 quia
2759 736 2886 791 data
2912 735 3075 791 morti
3107 737 3524 807 praedicatorum
3550 754 3796 810 corpora

2201 817 2396 898 magna
2432 827 2646 898 pepulis
2672 835 3045 882 monstravere
3079 827 3364 884 miracula.
3405 828 3559 896 Quod
3599 840 3793 887 autem

2201 919 2256 974 in
2277 919 2494 974 Psalmo
2521 919 2786 989 scriptum
2813 928 2899 975 est
2921 937 2936 974 :
2993 919 3172 976 Nolite
3219 921 3344 992 ﬁeri
3391 923 3525 978 sicut
3547 941 3714 996 equus
3736 937 3795 982 et

2199 1005 2396 1072 mulus,
2425 1008 2482 1060 in
2521 1007 2708 1078 quibus
2735 1023 2840 1062 non
2867 1016 2948 1062 est
2968 1007 3259 1064 intellectus
3279 1023 3299 1063 :
3321 1011 3378 1065 in
3413 1009 3563 1081 frena
3589 1023 3639 1068 et
3657 1015 3795 1068 cha-

2201 1114 2285 1154 mo
2309 1098 2558 1154 maxillas
2585 1116 2766 1154 eorum
2787 1101 3084 1172 constringe
3101 1099 3282 1174 (Psal.
3305 1102 3479 1176 xxxi),
3509 1103 3634 1162 ideo
3654 1121 3796 1178 ergo

2200 1191 2319 1246 istte
2357 1192 2791 1261 comparationes
2845 1200 2972 1247 sunt
3017 1193 3229 1263 positae,
3274 1195 3404 1264 quia
3451 1209 3624 1266 equus
3669 1199 3795 1253 sine

2198 1283 2528 1340 discretione
2569 1285 2797 1340 sessoris
2823 1285 2990 1340 servit
3029 1285 3278 1352 arbitrio,
3323 1295 3382 1342 et
3402 1301 3434 1342 a
3461 1303 3796 1359 quocunque

2196 1375 2360 1430 fuerit
2381 1391 2660 1442 ascensus,
2687 1377 2949 1432 excurrit.
2989 1375 3167 1444 Mutus
3191 1385 3372 1432 autem
3397 1379 3670 1448 patienter
3696 1394 3796 1434 ac-

2197 1465 2329 1535 cipit
2353 1467 2620 1532 sarcinas,
2671 1466 2868 1536 quibus
2913 1465 3078 1522 fuerit
3104 1474 3400 1522 oneratus:
3453 1475 3511 1523 et
3535 1485 3636 1539 pro
3681 1470 3796 1525 hoc

2195 1559 2413 1629 utrique
2439 1559 2768 1614 intellectum
2812 1574 2919 1614 non
2957 1559 3181 1626 habent,
3205 1559 3332 1630 quia
3362 1574 3464 1615 nec
3489 1560 3578 1616 ille
3613 1560 3792 1632 eligit,

2195 1649 2284 1704 eui
2307 1649 2526 1705 obediat
2550 1666 2565 1715 ;
2593 1665 2696 1705 nec
2720 1651 2824 1706 iste
2852 1649 3008 1720 cujus
3044 1651 3303 1707 oneribus
3338 1651 3654 1724 ingravetur
3708 1655 3796 1708 in.

2197 1739 2409 1810 telligit.
2439 1739 2699 1796 Prohibet
2723 1755 2852 1811 ergo
2875 1739 3252 1810 hujuscemodi
3288 1741 3536 1797 homines
3569 1742 3796 1798 diaboli-

509 1858 541 1895 a
567 1840 744 1910 capite
781 1837 1106 1893 deﬂuentem
1133 1835 1425 1906 depellant.
1467 1833 1798 1890 lutereilium
1835 1847 1967 1888 vero
2010 1839 2096 1887 est
2122 1839 2170 1902 B
2198 1829 2277 1888 eis
2305 1829 2585 1886 fraudibus
2621 1831 2870 1898 insideri,
2914 1839 2969 1886 et
2992 1831 3247 1886 vitiorum
3273 1833 3526 1890 oneribus
3549 1849 3794 1908 pmgra-

507 1929 747 1984 medium
770 1927 898 1983 illud
927 1927 1070 1982 inter
1096 1926 1222 1982 cilia
1251 1933 1306 1981 et
1327 1925 1636 1996 supercilia,
1660 1923 1804 1994 quod
1824 1923 1944 1978 sine
1969 1921 2096 1993 pilis

506 2031 611 2077 est.
639 2019 778 2088 Quid
803 2013 1088 2090 supercilia
1119 2016 1425 2090 significent
1468 2015 1716 2086 superius
1739 2014 1944 2070 dictum
1971 2020 2055 2069 est
2079 2031 2093 2067 :

507 2112 600 2167 ubi
629 2125 728 2181 per
763 2109 1127 2182 lcgislatorem
1153 2109 1208 2163 in
1235 2107 1586 2164 mundatione
1626 2106 1828 2178 leprosi
1868 2105 1984 2161 radi
2010 2105 2098 2176 ju-

507 2203 705 2258 bentur
755 2199 934 2272 capilli
987 2199 1200 2270 capitis,
1254 2198 1528 2268 barbaque
1573 2205 1631 2254 et
1681 2195 1990 2266 supercilia,
2041 2201 2100 2250 et

505 2290 686 2347 omnis
735 2291 877 2360 pilus
919 2289 1011 2360 qui
1041 2290 1097 2344 in
1125 2303 1354 2359 corpore
1379 2297 1484 2344 est.
1522 2287 1688 2344 Genu:
1721 2295 1850 2342 sunt
1876 2284 2098 2341 inferio-

505 2395 596 2436 res
630 2381 910 2438 oculorum
961 2388 1164 2451 partes,
1212 2379 1358 2434 unde
1409 2379 1591 2435 barbae
1647 2378 1925 2434 inehoant.
1959 2376 2097 2432 Nam

504 2471 676 2528 Graaei
703 2473 931 2542 geneion
954 2472 1134 2527 barbae
1155 2487 1171 2526 :
1191 2471 1319 2527 hinc
1339 2485 1512 2541 genae,
1525 2470 1671 2541 quod
1691 2469 1815 2528 inde
1836 2469 2098 2540 incipiant

505 2564 655 2634 gigni
696 2564 896 2619 barbae.
928 2563 986 2618 in
1027 2564 1180 2635 genis
1207 2578 1340 2634 ergo
1385 2561 1674 2633 aliquando
1712 2561 1968 2626 virtutes,
1999 2560 2098 2616 ali-

507 2653 724 2724 quando
775 2653 1050 2724 spiritales
1085 2663 1268 2723 patres
1319 2653 1478 2723 juxta
1526 2652 1843 2724 allegoriam
1891 2649 2098 2721 signiti-

505 2751 722 2800 cantur.
750 2741 884 2798 Nam
930 2742 1138 2814 Sponsa
1177 2744 1248 2799 dc
1270 2743 1482 2814 Sponso
1512 2744 1568 2798 in
1609 2742 1834 2800 Cantieo
1858 2742 2098 2799 cantico-

503 2853 630 2892 rum
653 2837 820 2894 dicit:
865 2833 1024 2892 Getice
1046 2836 1190 2892 illius
1229 2835 1365 2892 sicut
1404 2835 1597 2892 areola:
1643 2845 1942 2890 aromatum
1967 2853 2093 2892 con-

458 2915 468 2922 ’
505 2929 620 2983 sita:
642 2945 674 2982 a
702 2928 1063 2999 pigmentariis
1091 2925 1271 3000 (Cant.
1292 2925 1371 3000 v).
1411 2927 1472 2981 ιιι
1497 2927 1649 2998 genis
1670 2925 1970 2982 Salvatoris
1997 2941 2098 2982 no-

505 3019 630 3084 stri,
663 3017 780 3088 ejus
809 3019 1092 3084 modestia,
1128 3019 1327 3091 pietas,
1351 3018 1515 3076 simul
1539 3027 1596 3074 et
1623 3019 1886 3076 severitas
1913 3019 2096 3091 expri-

505 3109 696 3166 mitur.
723 3109 935 3166 Areolac
970 3118 1294 3178 aromatum,
1325 3110 1556 3166 virtutes
1581 3117 1638 3166 et
1659 3110 1888 3168 dulcedo
1931 3119 1988 3166 et
2011 3109 2094 3166 fa-

507 3216 600 3258 ma
644 3201 827 3273 gloria:
865 3202 984 3274 ejus
1042 3201 1373 3274 designatur.
1403 3201 1760 3274 Pigmentarii
1791 3217 1923 3258 vero
1965 3217 2094 3274 pro-
2119 3189 2166 3254 C

500 3295 682 3365 phetze
709 3303 836 3349 sunt
873 3302 931 3350 et
976 3294 1234 3364 apostoli,
1276 3300 1332 3350 et
1357 3294 1452 3365 qui
1493 3292 1676 3350 futura
1705 3293 2098 3351 incarnationis

505 3383 623 3453 ejus
653 3398 852 3439 arcana
900 3383 1292 3454 patefecerunt.
1338 3381 1472 3439 item
1520 3381 1766 3455 Sponsus
1793 3382 1861 3438 de
1885 3381 2096 3453 Sponsa

506 3475 676 3532 dicit:
723 3473 918 3530 Cortex
964 3474 1095 3530 ntali
1141 3473 1338 3545 punici,
1387 3490 1534 3545 gena:
1563 3483 1670 3529 tua:
1703 3473 1897 3545 absque
1926 3471 2096 3528 oculis

505 3570 611 3632 tuis
634 3563 813 3640 (Cant.
836 3567 935 3639 γι).
962 3565 1128 3622 Cena:
1169 3575 1375 3621 sancta:
1419 3563 1690 3635 spiritales
1731 3571 1860 3620 sunt
1881 3563 2094 3630 Patres,

505 3660 598 3730 qui
617 3658 910 3715 virtutibus
939 3667 1066 3714 sunt
1083 3657 1378 3725 mirabiles,
1398 3664 1454 3714 et
1477 3657 1718 3714 moribus
1737 3655 2094 3722 venerabiles,

505 3749 644 3806 etin
682 3763 846 3806 cruce
897 3749 1102 3805 Christi
1141 3749 1361 3820 gloriari
1411 3763 1521 3806 non
1577 3748 1986 3805 erubescentes.
2029 3746 2098 3802 Et
2141 3811 2144 3818 ι

504 3839 625 3894 inec
652 3853 848 3912 magna
903 3846 1032 3895 sunt
1074 3839 1254 3906 valde,
1282 3855 1404 3910 quae
1451 3841 1741 3908 videntur;
1794 3839 1892 3896 sed
1925 3839 2096 3896 multo

503 3927 734 3997 majora,
759 3943 880 4000 quae
901 3945 1013 3986 non
1049 3930 1324 3998 videntur,
1359 3941 1416 3988 et
1463 3932 1517 3986 in
1544 3931 1785 3988 futurum
1810 3945 2097 3988 reservano

507 4030 634 4074 tur:
659 4037 778 4092 qua:
806 4020 990 4078 oculus
1013 4038 1118 4078 non
1140 4023 1288 4090 vidit,
1313 4039 1406 4080 nec
1441 4025 1590 4080 auris
1624 4023 1848 4091 audivit,
1899 4039 1992 4079 nec
2039 4023 2097 4078 in

506 4132 600 4171 eor
622 4116 848 4172 hominis
877 4118 1128 4186 ascendit,
1175 4135 1294 4190 qua:
1326 4119 1642 4190 praeparavit
1692 4117 1835 4172 Deus
1882 4116 1963 4172 his
2005 4116 2096 4187 qui

505 4205 734 4277 diligunt
763 4223 883 4262 eum
915 4207 965 4278 (1
997 4205 1120 4262 Cor.
1153 4205 1236 4278 ιι).
1281 4206 1416 4262 item
1459 4205 1702 4276 Sponsus
1729 4205 1796 4261 ad
1827 4203 2093 4276 Sponsam

505 4295 672 4351 dicit:
714 4294 962 4350 Pulchra:
988 4304 1110 4348 sunt
1137 4311 1282 4366 genae
1309 4304 1436 4360 ture,
1461 4293 1595 4349 sicut
1618 4294 1784 4348 turris
1810 4291 1988 4366 (Cant.
2010 4293 2052 4368 1)
2076 4315 2090 4350 :

505 4385 614 4442 hoc
648 4393 754 4451 est,
783 4391 936 4439 tanta
963 4394 1020 4439 te
1047 4385 1383 4440 verecundia:
1412 4384 1669 4440 salutaris
1697 4385 1898 4443 virtute
1936 4387 2094 4442 deco-

504 4474 646 4542 ravi,
678 4482 740 4530 ut
777 4474 1082 4530 castitatem
1125 4475 1406 4545 promissa:
1435 4475 1568 4529 mihi
1615 4474 1742 4531 ﬁdei
1785 4476 1933 4532 nulla
1967 4493 2093 4548 pra-

504 4582 704 4623 vorum
733 4567 1016 4623 doctorum
1044 4567 1359 4624 seductione
1401 4583 1738 4640 corrumpas.
1783 4569 1936 4624 Mala:
1964 4538 2090 4626 sunt
2119 4538 2168 4598 Β

505 4659 809 4715 eminentes
833 4657 934 4713 sub
959 4656 1130 4713 oculis
1157 4667 1340 4729 partes
1367 4659 1434 4714 ad
1473 4659 1870 4730 protectionem
1900 4675 2089 4715 eorum

501 4750 823 4820 suppositae;
850 4757 1056 4806 vocatm
1080 4749 1256 4816 malae,
1288 4750 1400 4806 sive
1423 4750 1566 4821 quod
1592 4750 1734 4805 infra
1753 4750 1940 4806 oculos
1961 4766 2091 4822 pro-

504 4842 714 4896 minent
741 4841 795 4895 in
825 4841 1234 4908 rotunditatem,
1283 4857 1447 4912 quam
1497 4842 1673 4898 Graeci
1721 4842 1862 4898 mela
1911 4844 2091 4913 appel-

502 4929 653 4987 lant:
691 4930 806 4985 sive
855 4931 999 5002 quod
1048 4931 1156 4986 sint
1204 4945 1367 5000 supra
1420 4931 1690 4986 maxillas.
1731 4931 1960 4987 Maxilla:
1993 4949 2092 5003 per

506 5021 915 5080 diminutionem
942 5040 972 5078 a
1007 5024 1182 5090 malis,
1218 5025 1359 5080 sicut
1380 5024 1614 5096 paxillus
1644 5041 1673 5080 a
1703 5026 1846 5097 palo,
1873 5027 2090 5085 taxillus

456 5149 471 5166 ,.
503 5133 535 5170 a
560 5115 688 5171 talo.
720 5114 931 5169 Maxilla
961 5130 1092 5186 ergo
1121 5123 1216 5171 aut
1261 5116 1511 5172 doctores
1556 5115 1844 5188 signiﬁcat,
1881 5126 1977 5174 aut
2000 5119 2086 5176 di-

503 5205 787 5276 sciplinam
815 5206 1176 5276 corporalem,
1209 5222 1306 5276 per
1325 5221 1489 5277 quam
1516 5207 1660 5262 bruti
1697 5215 1754 5263 et
1775 5207 2089 5265 inobedien-

501 5307 586 5353 tes
607 5297 1072 5368 constringuntur.
1102 5297 1238 5351 Nam
1266 5297 1409 5368 quod
1435 5297 1490 5353 in
1519 5298 1658 5354 libro
1685 5297 1933 5356 Judicum
1957 5301 2089 5356 scri-

499 5396 652 5461 ptum
695 5396 782 5444 est
830 5388 1032 5460 (Judic.
1064 5386 1157 5460 xv)
1209 5407 1223 5442 :
1275 5387 1508 5446 Samson
1557 5392 1776 5448 maxilla
1823 5392 1960 5448 asini
1997 5391 2086 5446 vel

500 5479 814 5534 mandibula
857 5479 988 5552 pulli
1019 5481 1296 5536 asinarum
1345 5483 1606 5540 delevisse
1645 5493 1700 5540 et
1747 5484 2086 5555 percussisse

498 5568 649 5625 mille
673 5570 842 5637 viros,
870 5572 1046 5644 typice
1085 5572 1340 5643 exprimit
1365 5583 1546 5647 gestas
1568 5575 1868 5632 Salvatoris
1890 5574 2083 5630 nostri.

499 5659 640 5726 Quid
666 5659 756 5714 hic
780 5676 876 5732 per
903 5661 1177 5717 maxillam
1210 5663 1372 5730 asini,
1403 5665 1507 5720 nisi
1543 5663 1962 5734 praedicatorum
1977 5663 2082 5720 Ee-

499 5749 679 5812 clesize
705 5768 950 5826 personae
985 5753 1312 5829 signantur?
1347 5753 1676 5828 Redemptor
1701 5755 1845 5813 enim
1873 5764 2082 5827 noster,

2199 1921 2337 1988 vari,
2365 1935 2436 1976 ne
2463 1921 2603 1976 male
2628 1921 2929 1979 obcdiendo
2945 1925 3213 1994 superbize
3235 1925 3408 1996 magis
3427 1927 3674 1998 partibus
3695 1929 3794 1984 ad-

2198 2015 2470 2071 dicantur.
2501 2013 2637 2070 Nam
2677 2015 2820 2086 quod
2851 2016 2948 2082 ait,
2996 2016 3050 2070 in
3100 2016 3270 2086 freno,
3327 2019 3397 2074 ad
3423 2033 3622 2088 equum
3662 2034 3793 2090 per-

2197 2109 2370 2164 tinet:
2402 2110 2617 2165 frenum
2661 2109 2807 2164 enim
2837 2125 2869 2164 a
2908 2107 3087 2165 ferum
3124 2110 3411 2166 retinendo
3443 2111 3648 2167 dictum
3679 2121 3787 2169 est.

2199 2201 2396 2258 Ferum
2429 2203 2628 2274 quippe
2651 2202 2860 2274 antiqui
2882 2202 3153 2258 caballum
3178 2203 3451 2258 dixerunt.
3480 2203 3550 2259 In
3577 2203 3790 2274 chamo,

2197 2291 2266 2348 ad
2309 2292 2515 2348 mulum
2560 2293 2802 2364 reSpicit.
2843 2292 3064 2348 Maxilla
3111 2307 3244 2349 vero
3285 2293 3614 2350 adminicula
3663 2305 3794 2352 sunt

2198 2382 2514 2437 animalium
2551 2383 2750 2454 quibus
2801 2398 2927 2440 esca
2959 2383 3254 2451 manditur,
3299 2391 3361 2440 ut
3405 2387 3651 2457 corporis
3675 2389 3792 2445 vita

2194 2480 2540 2545 procuretur.
2593 2473 2742 2544 lpsas
2769 2487 2899 2546 ergo
2927 2474 3178 2530 maxillas
3203 2489 3302 2546 per
3320 2474 3547 2546 figuram
3593 2477 3795 2550 allego-

2197 2565 2368 2621 ricam
2392 2564 2524 2622 dicit
2551 2565 2980 2622 inobedientibus
3009 2566 3208 2622 debere
3243 2565 3566 2638 constringi,
3604 2568 3658 2624 id
3679 2579 3792 2636 est,

2195 2670 2379 2728 copias
2415 2655 2681 2712 victuales
2718 2657 2937 2728 parcius
2964 2657 3102 2724 dari,
3133 2665 3194 2713 ut
3229 2655 3556 2730 jejuniorum
3600 2675 3794 2716 neces-

2195 2748 2356 2804 sitate
2375 2747 2636 2814 conclusi,
2659 2747 2935 2804 Creatoris
2956 2748 3259 2803 subdantur
3277 2748 3524 2820 imperio.
3553 2749 3793 2808 Barbam

2195 2845 2407 2896 veteres
2428 2846 2780 2905 vocaverunt,
2803 2839 2944 2910 quod
2969 2839 3208 2894 virorum
3229 2839 3321 2905 sit,
3342 2856 3450 2896 non
3473 2839 3790 2898 mulierum.

2193 2931 2373 2988 Barba
2399 2941 2578 2988 autem
2611 2932 2882 3004 significat
2925 2931 3196 3002 apostolos
3231 2931 3318 2988 vel
3361 2933 3685 3005 apostolicos
3707 2936 3794 2989 vi-

2197 3039 2308 3081 ros.
2341 3023 2496 3080 Unde
2521 3032 2603 3079 est
2635 3023 2802 3079 illud:
2827 3022 2974 3079 Sicut
3005 3034 3326 3095 unguentum
3355 3025 3408 3079 in
3433 3027 3616 3096 capite,
3641 3027 3790 3098 quod

2197 3115 2461 3170 descendit
2490 3115 2544 3169 in
2571 3113 2786 3168 barbam
2835 3113 3038 3180 Aaron,
3086 3114 3226 3185 quod
3265 3113 3528 3169 descendit
3553 3115 3608 3170 in
3633 3132 3791 3170 aram

2195 3207 2484 3262 vestimenti
2506 3205 2622 3276 eius
2649 3201 2821 3276 (Psal.
2845 3203 3075 3276 cxxxu).
3103 3203 3334 3259 Barbam
3355 3205 3619 3274 siquidem
3645 3205 3793 3261 bene

2197 3299 2427 3356 dicimus
2464 3297 2772 3370 apostolos:
2819 3299 3076 3369 quoniam
3099 3300 3216 3355 haec
3243 3299 3628 3355 robustissima:
3649 3301 3788 3355 viri-

2196 3388 2363 3446 litatis
2388 3390 2650 3446 indicium
2697 3398 2802 3456 est,
2849 3398 2904 3445 et
2948 3388 3054 3444 fixa
3083 3390 3183 3444 sub
3223 3405 3321 3446 suo
3357 3391 3554 3460 capite,
3587 3391 3642 3446 id
3675 3401 3786 3456 est,

2195 3482 2437 3549 Christo,
2463 3489 2794 3554 perseverat.
2819 3481 3002 3537 Multis
3045 3481 3189 3537 enim
3233 3483 3574 3558 passionibus
3599 3484 3788 3540 divino

2195 3591 2425 3632 munere
2444 3573 2735 3646 superatis,
2773 3574 3001 3646 apostoli
3039 3573 3186 3630 viros
3215 3589 3274 3630 se
3311 3577 3786 3632 constantissimos

2195 3681 2294 3738 per
2331 3667 2425 3723 Dei
2469 3667 2698 3740 gratiam
2741 3666 3143 3736 probaverunt:
3177 3673 3458 3725 servantes
3492 3666 3656 3724 etiam
3697 3682 3785 3722 re-

2195 3757 2364 3830 gulas,
2395 3773 2531 3828 quas
2554 3773 2584 3812 a
2621 3757 2851 3812 Domino
2879 3764 3222 3826 acceperunt,
3255 3757 3354 3812 sub
3390 3771 3488 3812 suo
3515 3759 3783 3815 mansisse

2195 3849 2373 3919 capite
2402 3855 2860 3904 monstraverunt.
2907 3845 3014 3903 Sed
3055 3862 3124 3902 ne
3153 3847 3294 3902 hanc
3333 3847 3558 3902 barbam
3586 3848 3779 3920 cujus.-

2195 3955 2408 4010 cunque
2441 3940 2676 3996 hominis
2697 3937 2946 3996 fortassis
2981 3940 3311 4006 adverteres,
3342 3938 3547 3996 addidit
3571 3938 3776 4010 Aaron,

2195 4032 2287 4102 qui
2315 4031 2514 4087 Christi
2546 4030 2782 4102 speciem
2807 4028 3111 4100 proferens,
3142 4027 3255 4098 jam
3283 4028 3456 4100 ipsum
3497 4029 3550 4083 in
3589 4043 3778 4084 sacer-

2195 4125 2341 4179 dotio
2370 4139 2467 4178 suo
2503 4124 2603 4178 sub
2633 4123 2865 4193 quadam
2911 4122 3145 4194 imagine
3180 4121 3443 4192 gestabat.
3493 4119 3648 4187 Quod
3684 4122 3780 4175 de-

2194 4213 2391 4268 scendit
2421 4213 2477 4266 in
2511 4229 2656 4266 oram
2693 4213 2980 4268 vestimenti
3006 4213 3141 4282 ejus.
3189 4211 3296 4268 Ora
3331 4211 3639 4269 vestimenti
3670 4211 3775 4267 Do-

2196 4302 2329 4357 mini
2357 4301 2653 4357 Salvatoris
2700 4301 3036 4372 significatur
3060 4301 3323 4368 Ecclesia,
3353 4303 3478 4378 quia
3504 4317 3676 4374 usque
3703 4303 3775 4358 ad

2193 4393 2562 4449 extremitates
2587 4391 2704 4462 ejus
2727 4393 3006 4449 descendit
3035 4391 3268 4464 Spiritus
3294 4402 3532 4459 sanctus,
3559 4394 3775 4463 quando

2194 4483 2495 4553 baptizatos
2539 4497 2708 4552 usque
2737 4483 2791 4538 in
2833 4484 2994 4539 finem
3024 4481 3206 4540 saeculi
3249 4484 3635 4540 misericordia:
3662 4499 3775 4540 suze

2193 4573 2503 4643 dignatione
2539 4572 2862 4628 sanctificat.
2890 4574 3126 4630 Auribus
3160 4575 3387 4632 inditum
3409 4591 3604 4632 nomen
3626 4593 3658 4632 a
3683 4593 3778 4633 vo-

2192 4664 2346 4719 cibus
2385 4664 2714 4720 hauriendis.
2758 4664 2912 4721 Unde
2949 4673 3004 4720 et
3031 4665 3324 4737 Virgilius:
3365 4667 3651 4740 Vocemque
3691 4670 3775 4724 his

2193 4754 2409 4810 auribus
2453 4756 2628 4810 hausi.
2660 4755 2769 4810 Aut
2810 4755 2938 4828 quia
2982 4771 3170 4812 vocem
3228 4758 3400 4828 ipsam
3442 4757 3617 4813 Grzeci
3671 4774 3770 4813 au-

2193 4845 2296 4899 dcn
2345 4855 2566 4912 vocant,
2603 4846 2672 4899 ab
2722 4845 2908 4900 auditu
2947 4860 3048 4916 per
3094 4847 3524 4904 immutationem
3554 4847 3772 4916 litterze,

2193 4951 2373 5001 aures,
2403 4935 2557 5008 quasi
2584 4935 2769 5000 audes,
2799 4945 3120 5006 nuncupatze
3168 4944 3312 4992 sunt.
3357 4938 3472 4994 Vox
3510 4937 3655 4993 enim
3681 4953 3771 4993 re-

2190 5042 2446 5097 percussa
2469 5040 2567 5096 per
2593 5025 2870 5082 anfractus
2894 5041 3080 5082 eorum
3109 5041 3300 5084 sonum
3325 5026 3474 5093 facit,
3513 5043 3622 5098 quo
3649 5042 3774 5084 sen-

2191 5134 2311 5174 sum
2337 5118 2611 5188 excipiant
2636 5117 2906 5173 audiendi.
2939 5117 3044 5174 Per
3071 5134 3232 5174 aures
3266 5119 3410 5174 enim
3437 5123 3519 5190 (ut
3551 5117 3666 5188 jam
3697 5119 3774 5173 di-

2189 5207 2389 5280 ximus)
2417 5207 2642 5279 mystice
2663 5209 2881 5264 auditus
2905 5209 3153 5266 internus
3180 5210 3375 5264 anima:
3412 5208 3768 5280 significatur,

2191 5299 2304 5354 sive
2327 5299 2630 5354 obedientia
2673 5299 2728 5353 in
2773 5299 3058 5371 pmceptis
3109 5300 3227 5366 Dei,
3261 5315 3357 5356 seu
3387 5299 3605 5356 auditus
3644 5298 3772 5355 fidei

2187 5391 2274 5446 vel
2303 5391 2624 5447 intellectus.
2673 5391 2828 5448 Unde
2857 5393 3115 5463 scriptum
3149 5401 3234 5448 est
3275 5391 3490 5466 (Matth.
3513 5391 3632 5464 xi):
3666 5391 3772 5458 Qui

2189 5483 2340 5537 habet
2365 5499 2520 5538 aures
2543 5484 2814 5550 audiendi,
2837 5485 3039 5548 audiat,
3067 5485 3170 5540 hoc
3196 5493 3279 5540 est
3306 5483 3468 5540 corde
3487 5482 3770 5554 intelligat.

2189 5571 2256 5626 Et
2284 5572 2479 5628 iterum
2509 5574 2563 5629 in
2589 5573 2785 5629 malam
2808 5581 3018 5645 partem
3046 5592 3058 5628 :
3100 5574 3268 5640 Aures
3293 5591 3476 5629 eorum
3518 5589 3770 5646 aggrava,

2177 5679 2253 5730 ne
2302 5664 2435 5734 forte
2479 5665 2698 5720 audiant
2744 5663 2880 5736 (Isa.
2915 5664 3014 5738 γι).
3062 5665 3337 5736 Rogamus
3381 5665 3548 5720 etiam
3599 5664 3772 5719 Deum

2189 5756 2445 5816 exaudire
2473 5772 2662 5830 preces
2689 5767 2922 5816 nostras.
2973 5756 3128 5814 Unde
3155 5765 3235 5814 est
3267 5755 3398 5813 illud
3424 5753 3766 5812 Psalmistte:
