4074 6316
342 381 449 439 153

1340 375 1430 432 DE
1470 373 1816 432 UNIVERSO
1851 373 2030 429 LIBRI
2068 373 2232 429 XXII.
2270 404 2338 415 -—
2374 374 2503 429 LIB.
2547 374 2633 429 VI.

3496 373 3601 429 154

332 491 581 558 Exaudi,
607 489 848 556 Domine,
873 488 1135 559 justitiam
1164 501 1365 551 meam,
1414 485 1622 540 intende
1666 485 1917 555 depreca-
1948 490 1996 548 Λ
2023 502 2141 540 sum
2192 485 2491 553 Christum,
2522 486 2611 556 qui
2667 484 2822 541 nobis
2875 499 3026 541 suam
3068 486 3345 557 patrisque
3389 501 3602 542 annuu-

342 581 474 636 tioni
496 596 621 635 mete
642 578 813 651 (Psal.
842 578 954 650 xvi)
981 595 995 644 ;
1036 577 1138 632 hoc
1187 583 1288 640 est,
1318 575 1568 630 clementi
1598 589 1785 644 preces
1823 590 1921 628 no-

344 679 487 725 stras
511 668 721 738 suscipe
746 665 960 722 atl'ectu.
1006 664 1141 719 Nam
1181 664 1461 718 intendere
1493 663 1771 718 oculorum
1813 669 1918 728 est,

344 774 535 833 preces
572 758 861 813 admittere
908 757 1142 812 aurium.
1193 753 1301 809 Sed
1347 753 1467 808 ideo
1509 754 1611 808 ista
1640 754 1803 807 verba
1835 767 1922 807 so-

345 854 483 908 ciata
508 859 677 916 sunt,
722 850 1108 905 utrambarum
1137 861 1318 902 rerum
1348 861 1487 901 unus
1534 844 1922 914 intelligeretur

341 941 587 997 ell'ectns.
617 941 885 1011 Quidquid
911 940 1056 995 enim
1083 939 1169 995 vel
1199 938 1346 992 auris
1380 936 1532 992 audit
1557 977 1573 1002 ,
1622 936 1706 990 vel
1734 936 1921 990 oculus

338 1032 514 1097 videt,
538 1031 624 1086 vel
649 1046 843 1086 manus
887 1030 1070 1101 palpat
1095 1070 1111 1097 ,
1177 1028 1264 1084 vel
1299 1042 1419 1097 qua:
1461 1026 1675 1098 palatus
1719 1033 1919 1098 gustat,

335 1122 423 1176 vel
458 1137 624 1177 nasus
660 1122 948 1186 odoratur,
986 1121 1097 1175 Deo
1136 1119 1249 1175 sola
1294 1117 1765 1187 contemplationis
1806 1116 1920 1169 vir-

336 1220 452 1266 tute
473 1211 752 1266 notissima
779 1220 926 1267 sunt.
956 1210 1128 1267 Nares
1164 1211 1366 1266 ideirco
1394 1210 1765 1273 nominantur,
1794 1208 1920 1276 quia

334 1319 435 1374 per
458 1320 551 1359 eas
573 1303 655 1358 vel
684 1304 839 1369 odor,
868 1303 955 1358 vel
1000 1304 1220 1374 spiritus
1258 1317 1483 1356 manare
1533 1317 1639 1355 non
1680 1299 1916 1354 desinit:

337 1394 454 1447 sive
473 1393 600 1462 quia
621 1408 722 1448 nos
741 1393 908 1448 odore
930 1393 1245 1457 admonent,
1262 1399 1321 1446 ut
1340 1391 1583 1445 norimus
1605 1389 1830 1457 aliquid,
1855 1404 1919 1442 ac

334 1483 589 1536 sciamus.
616 1482 770 1538 Unde
804 1488 992 1537 contra
1018 1481 1170 1536 inscii
1216 1496 1280 1535 ac
1331 1481 1492 1535 rudes
1534 1479 1704 1549 ignari
1734 1479 1919 1533 dicuna

336 1583 444 1627 tur.
474 1571 733 1628 Olfecisse
767 1573 911 1627 enim
948 1574 1117 1627 scisse
1144 1579 1352 1625 veteres
1393 1570 1663 1625 dicebant.
1705 1568 1762 1622 In
1790 1566 1920 1623 odo—

332 1674 454 1720 ratu
480 1665 625 1719 enim
647 1665 903 1720 discretio
926 1665 1052 1721 boni
1082 1681 1146 1720 ac
1165 1665 1291 1720 mali
1320 1664 1650 1735 designatur.
1678 1661 1735 1715 In
1768 1661 1919 1717 Scri-

332 1770 491 1831 ptura
506 1775 635 1816 vero
659 1776 813 1815 saera
838 1760 1099 1816 vocabulo
1119 1759 1333 1815 narium
1355 1758 1644 1828 aliquando
1675 1755 1913 1823 fatuitas,

2023 579 2124 634 tiat
2170 579 2521 645 voluntatem,
2572 578 2861 648 aliquando
2919 576 3181 646 Spiritum
3220 587 3483 643 sanctum,
3544 589 3606 636 ut

2020 678 2104 725 est
2136 669 2264 724 illud
2290 688 2302 722 :
2336 668 2407 724 Os
2451 669 2660 723 Domini
2689 667 2920 722 locutum
2945 676 3019 722 est
3052 666 3208 739 (Isai.
3243 668 3306 737 ι).
3337 668 3603 738 Loquitur

2019 763 2205 833 utique
2233 764 2367 832 ipse,
2406 763 2497 832 qui
2528 762 2669 832 loqui
2696 761 2843 816 facit.
2869 759 3004 815 Nam
3028 760 3275 830 quamvis
3307 759 3481 818 alieno
3503 762 3602 816 mia

2021 855 2246 910 nisterio
2272 870 2448 910 sermo
2483 854 2862 924 depromatur,
2903 850 3138 920 Spiritus
3166 859 3388 906 sanctus
3419 857 3601 905 tamen

2020 946 2274 1018 loquitur,
2299 945 2451 1014 cujus
2487 954 2751 1015 praecepta
2788 942 3095 1014 vulgantur,
3131 941 3271 996 sicut
3318 940 3447 995 dicit
3476 939 3602 993 bea-

2020 1045 2107 1091 tus
2133 1035 2405 1105 apostolus
2435 1033 2666 1088 Petrus:
2699 1031 2821 1086 Non
2877 1031 3012 1084 enim
3069 1044 3301 1099 unquam
3339 1026 3604 1082 voluntate

2020 1128 2251 1180 humana
2280 1125 2443 1179 allata
2464 1134 2535 1179 est
2572 1122 2840 1195 prophetia
2864 1138 2881 1175 :
2911 1120 3001 1175 sed
3032 1118 3231 1190 Spiritu
3256 1127 3437 1173 sancto
3460 1126 3601 1171 atta-

2021 1217 2090 1271 cti
2131 1216 2292 1271 locuti
2336 1225 2454 1269 sunt
2494 1214 2662 1269 sancti
2690 1212 2921 1266 homines
2954 1210 3048 1264 Dei
3071 1208 3156 1281 (II
3198 1207 3343 1264 Petr.
3394 1207 3455 1280 I).
3492 1206 3603 1262 Ali«

2020 1307 2234 1378 quando
2272 1308 2538 1362 internam
2573 1304 2947 1375 cogitationem
2971 1301 3204 1355 hominis
3241 1299 3503 1371 ostendit,
3545 1305 3606 1352 ut

2020 1407 2103 1453 est
2157 1396 2325 1450 illud:
2362 1395 2434 1450 Os
2484 1395 2619 1465 justi
2673 1392 3009 1447 meditabitur
3059 1390 3366 1462 sapientiam
3411 1387 3601 1460 ('Psal.

2020 1486 2226 1558 xxva).
2253 1486 2370 1540 Non
2410 1485 2555 1540 enim
2581 1484 2731 1547 dicit,
2763 1483 3045 1537 meditatur
3066 1521 3081 1546 ,
3126 1480 3221 1535 sed
3248 1478 3600 1545 meditabitur,
3655 1475 3665 1485 ’

2019 1580 2085 1635 de
2127 1579 2323 1634 futuro.
2355 1578 2428 1635 Os
2458 1579 2546 1633 hic
2596 1576 2975 1647 cogitationem
3007 1574 3264 1629 debemus
3314 1572 3599 1641 accipere:

2020 1673 2145 1743 quia
2174 1673 2238 1726 de
2275 1672 2455 1741 lingua
2483 1670 2749 1740 sequitur,
2780 1665 2910 1737 quid
2957 1667 3225 1735 loquatur.
3262 1664 3607 1720 Meditabitur

2018 1778 2146 1835 ergo
2172 1763 2510 1834 sapientiam,
2537 1777 2641 1815 non
2666 1758 3070 1827 Scripturarum
3094 1755 3342 1820 lectione,
3370 1754 3463 1809 sed
3485 1770 3605 1809 cor-

333 1852 620 1921 aliquando
675 1852 884 1921 antiqui
931 1852 1102 1907 hostis
1149 1851 1445 1921 instigatio,
1479 1848 1765 1918 aliquando
1791 1863 1918 1901 vero

2022 1859 2104 1913 dis
2133 1859 2418 1928 purissima
2446 1857 2669 1912 visione.
2710 1854 2781 1908 Ibi
2811 1854 2954 1909 enim
2981 1868 3087 1907 non
3121 1853 3314 1907 litteris
3342 1851 3607 1920 sapientia

334 1943 670 2013 praescientia
699 1942 836 1997 solet
864 1941 1104 2013 intelligi.
1148 1940 1379 1995 Naribus
1410 1954 1641 2009 namque
1699 1937 1918 1992 fatuitas

334 2034 645 2103 designatur
669 2032 926 2097 scientim,
956 2040 1017 2086 ut
1053 2031 1298 2101 superius
1322 2029 1610 2085 Salomone
1630 2035 1919 2084 attestante

330 2124 632 2189 docuimus,
660 2124 749 2194 qui
800 2124 875 2177 ait
902 2140 914 2176 :
955 2120 1198 2177 Circulus
1233 2137 1425 2175 aureus
1457 2120 1512 2173 in
1547 2119 1761 2173 naribus
1785 2118 1915 2182 suis,

331 2213 523 2268 mulier
555 2214 772 2284 pulchra
794 2224 841 2267 et
886 2214 1034 2284 fatua
1063 2212 1243 2285 (Prov.
1286 2211 1386 2282 xu).
1434 2210 1654 2266 Narium
1701 2211 1918 2265 nomine

330 2306 647 2361 exhalantes
674 2306 879 2360 insidia:
908 2314 1068 2375 atque
1098 2304 1371 2375 instigatio
1395 2302 1602 2373 antiqui
1626 2302 1797 2358 hostis
1819 2318 1914 2357 ac-

331 2398 551 2466 c’pitur,
577 2397 721 2466 quod
750 2398 802 2451 in
824 2397 964 2452 libro
988 2395 1089 2451 Job
1113 2396 1179 2451 de
1209 2396 1300 2449 illo
1329 2394 1586 2448 Dominus
1605 2400 1914 2458 attestatur,

333 2489 557 2543 dicens:
590 2488 670 2542 De
694 2489 908 2542 naribus
960 2486 1072 2558 ejus
1125 2486 1359 2557 procedit
1390 2485 1566 2554 fumus
1596 2483 1739 2555 (Job.
1769 2485 1913 2555 xu);

333 2596 398 2636 ac
423 2583 468 2637 si
522 2582 707 2638 dicat:
742 2582 816 2635 De
865 2598 1104 2651 perversa
1140 2581 1539 2651 investigatione
1574 2578 1719 2633 illius
1747 2579 1801 2632 in
1822 2580 1919 2633 hu-

331 2671 504 2725 manis
533 2671 775 2725 cordibus
797 2670 966 2739 caligo
1002 2671 1332 2741 nequissimtv
1377 2669 1705 2739 cogitationis
1728 2669 1915 2738 surgit,

328 2780 424 2834 per
439 2781 595 2835 quam
613 2764 893 2817 videntium
916 2762 1054 2816 oculi
1079 2762 1451 2816 tenebrescant.
1475 2760 1531 2815 In
1552 2759 1771 2814 naribus
1787 2774 1918 2828 quo-

331 2871 443 2926 que
471 2855 806 2926 praescientia
833 2854 1166 2925 designatur,
1189 2853 1327 2907 sicut
1356 2867 1455 2921 per
1483 2850 1806 2920 Prophetam
1838 2850 1918 2904 di-

332 2946 478 3000 citur
504 2962 517 2997 :
550 2943 803 3008 Quiescite
849 2948 915 2997 ab
949 2943 1175 3008 homine,
1213 2945 1365 3013 cujus
1394 2942 1610 3011 spiritus
1638 2948 1712 2994 est
1743 2941 1796 2993 in
1820 2956 1916 2993 na-

332 3038 478 3091 ribus
499 3044 609 3106 ejus
630 3053 649 3090 :
685 3038 808 3108 quia
836 3035 1065 3090 excelsus
1116 3044 1386 3105 reputatus
1425 3042 1500 3087 est
1524 3034 1633 3103 ipse
1665 3031 1798 3103 (Isa.
1828 3031 1911 3103 II).

333 3126 708 3196 Redemptoris
733 3141 862 3195 ergo
884 3126 1054 3180 nostri
1080 3125 1302 3195 spiritus
1326 3140 1445 3198 esse
1471 3125 1524 3178 in
1555 3122 1774 3177 naribus
1798 3122 1917 3193 cjns

2019 1936 2308 2020 Colligitur,
2341 1950 2435 2004 sed
2467 1947 2672 2003 cmlesti
2720 1944 2968 2016 largitate
3009 1942 3340 1998 inelaborata
3384 1950 3608 2010 praesta-

2017 2054 2120 2098 tur.
2161 2042 2420 2097 Similiter
2455 2057 2517 2095 os
2547 2040 2598 2093 in
2625 2037 2952 2093 contrariam
2994 2042 3201 2105 partem
3245 2031 3485 2102 ponitur,
3507 2028 3600 2082 uhi

2017 2137 2082 2190 ad
2118 2146 2459 2206 peccatorem
2491 2132 2723 2187 dicitur:
2758 2128 2830 2184 0s
2858 2138 3004 2181 tuum
3031 2124 3312 2179 abundavit
3344 2121 3602 2191 nequitia,

2015 2236 2061 2280 et
2088 2224 2265 2294 lingua
2289 2234 2379 2277 tua
2401 2220 2727 2276 concinnavit
2775 2218 2954 2272 dolum
2977 2214 3149 2289 (Psal.
3182 2212 3353 2285 XLIX).
3386 2212 3465 2294 Os.
3505 2226 3606 2281 pro

2017 2286 2200 2370 dolosa
2230 2313 2553 2385 cogitatione
2586 2310 2820 2380 positum
2855 2316 2939 2362 est
2961 2286 2996 2370 ,i
3022 2314 3077 2360 et
3123 2305 3305 2374 lingua
3347 2318 3446 2375 pro
3461 2286 3606 2356 'falsa

2015 2406 2340 2467 laudatione,
2366 2404 2450 2459 vel
2480 2401 2704 2457 consilio
2732 2398 2984 2469 maligno.
3007 2396 3081 2451 Os
3124 2395 3322 2449 locutio
3346 2394 3485 2463 bona
3514 2392 3601 2446 vel

2015 2497 2177 2561 mala,
2210 2508 2269 2551 ut
2296 2495 2348 2549 in
2389 2493 2678 2565 Evangelia
2709 2512 2721 2546 :
2753 2492 2837 2545 Ea:
2875 2490 3038 2544 verbis
3066 2489 3169 2542 tuis
3202 2485 3602 2556 justi/icaberis,

2016 2601 2062 2641 et
2092 2605 2155 2641 ea:
2184 2587 2346 2641 verbis
2396 2587 2500 2639 tuis
2542 2581 2967 2637 condemnaberis
3016 2579 3230 2650 (Matth.
3262 2576 3433 2647 XLIX).
3488 2574 3605 2630 Ali-

2017 2680 2231 2751 quando
2256 2694 2384 2732 vero
2420 2693 2481 2731 os
2511 2677 2728 2746 ponitur
2765 2690 2860 2744 pro
2884 2672 3014 2742 ipsis
3038 2670 3235 2734 verbis,
3264 2676 3323 2722 ut
3360 2675 3444 2722 est
3469 2666 3597 2720 illud

2017 2771 2071 2824 in
2109 2769 2460 2841 Apocalypsi:
2488 2766 2556 2820 Et
2590 2768 2644 2820 in
2672 2782 2759 2819 ore
2801 2766 3055 2835 ipsorum,
3082 2761 3186 2815 hoc
3216 2770 3318 2824 est,
3346 2759 3400 2813 in
3423 2758 3607 2812 verbis

2015 2878 2223 2927 eorum,
2248 2878 2350 2915 non
2370 2868 2442 2914 est
2466 2858 2703 2913 auditum
2732 2854 3061 2909 mendacium
3086 2851 3267 2923 (Apoc.
3298 2847 3434 2919 xIv).
3466 2848 3532 2902 Et
3552 2848 3605 2901 in

2015 2952 2222 3023 psalmo
2249 2968 2262 3006 :
2290 2949 2361 3004 Os
2400 2965 2570 3003 meum
2599 2946 2838 3017 loquetur
2870 2944 3181 3014 sapientiam
3209 2982 3224 3007 ,
3263 2951 3309 2994 et
3338 2939 3605 2993 meditatio

2016 3042 2187 3097 cordis
2212 3042 2312 3095 mei
2343 3039 2672 3111 prudentiam
2711 3034 2881 3108 (Psal.
2907 3036 3118 3105 XLVIII).
3166 3031 3441 3103 Sapientia
3477 3045 3603 3099 per-

2019 3133 2154 3188 tinet
2202 3132 2267 3186 ad
2319 3141 2430 3185 tres
2477 3130 2686 3185 divinas
2739 3129 2840 3182 cdo
2874 3127 3069 3191 cndas,
3102 3124 3387 3197 prudentia
3422 3122 3488 3175 ad
3519 3137 3607 3176 res

336 3218 530 3271 dicitur
555 3236 568 3272 :
597 3226 662 3273 .ut
688 3216 937 3271 videlicet
961 3215 1183 3270 scientia
1225 3214 1368 3269 illius
1398 3228 1521 3269 esse
1543 3213 1595 3267 in
1624 3212 1915 3283 prtescien-

2021 3225 2324 3297 probabiles
2372 3222 2749 3277 instituendas.
2802 3218 2893 3274 Sic
2939 3219 3116 3289 prunis
3168 3232 3347 3272 sermo
3391 3214 3606 3269 divinus

333 3308 407 3361 tia
439 3308 768 3378 designetur.
809 3305 914 3360 Per
964 3321 1124 3361 nares
1153 3304 1439 3374 aliquando
1474 3303 1682 3358 insidia:
1708 3301 1913 3371 antiqui

332 3399 521 3453 hostis.
545 3397 680 3453 Nam
709 3398 763 3452 in
785 3395 1010 3451 Cantica
1033 3395 1369 3450 canticorum
1398 3393 1638 3462 Sponsus
1659 3391 1724 3445 ad
1750 3390 1917 3460 Spon-

331 3504 449 3543 sam
481 3488 653 3543 dicit:
692 3487 867 3541 Nasus
897 3497 1019 3541 tuus
1042 3488 1177 3540 sicut
1205 3487 1366 3539 turris
1382 3484 1569 3539 Libani
1599 3482 1777 3556 (Cant.
1796 3481 1912 3553 vII).

328 3580 389 3633 In
424 3594 559 3634 naso
583 3578 734 3632 verbi
779 3579 873 3633 Dei
905 3579 1327 3648 dispensatores,
1359 3593 1522 3632 causa
1551 3575 1914 3639 discretionis,

326 3669 715 3737 designantur;
738 3669 926 3733 turris,
969 3670 1093 3737 quia
1121 3668 1607 3723 eminentissimum
1636 3667 1810 3722 locum
1835 3675 1916 3722 te-

326 3772 469 3816 nent
505 3761 558 3813 in
591 3755 850 3815 Ecclesia.
897 3760 1028 3814 Item
1070 3762 1125 3815 in
1153 3762 1374 3817 naribus
1422 3762 1748 3831 spiraculum
1792 3762 1915 3817 ﬁdei

328 3854 709 3919 bonarumque
755 3851 1014 3905 virtutum
1048 3852 1400 3920 exprimitur,
1448 3862 1507 3905 ut
1556 3861 1642 3906 est
1686 3852 1817 3907 illud
1866 3854 1919 3907 in

331 3939 475 3994 Job:
506 3939 737 4010 Spiritus
757 3941 967 3994 divinus
989 3941 1046 3995 in
1069 3941 1281 3995 naribus
1308 3942 1435 3996 meis
1461 3940 1603 4012 (Job.
1632 3942 1763 4013 xu).
1787 3941 1921 3998 Item

334 4034 392 4087 in
437 4033 634 4088 malam
663 4043 871 4102 partem
917 4033 1415 4087 narium'trahitur
1456 4032 1802 4105 signiﬁcatio,
1829 4034 1921 4090 ubi

336 4123 599 4179 Dominus
637 4124 705 4178 de
732 4123 1028 4178 Leviatban
1056 4123 1123 4177 ad
1142 4123 1244 4179 Job
1284 4123 1496 4179 locutus
1534 4124 1646 4178 ait:
1677 4124 1751 4179 De
1781 4126 1924 4178 nari-

336 4216 431 4269 bus
457 4214 572 4283 ejus
602 4212 834 4280 procedit
865 4212 1040 4282 fumus
1071 4210 1214 4284 (Job.
1266 4211 1355 4283 XI.)
1380 4252 1395 4278 ,
1452 4213 1503 4267 id
1550 4220 1655 4279 est,
1682 4213 1916 4268 diaboli:

337 4304 464 4373 quia
491 4302 560 4357 de
597 4302 979 4357 miraculorum
1027 4302 1238 4358 insidiis
1281 4304 1350 4358 ad
1395 4310 1724 4358 momentum
1755 4303 1920 4358 etiam

338 4394 631 4465 callginosa
657 4394 904 4449 dubietas
950 4402 1259 4466 generatur.
1300 4393 1438 4450 Hinc
1467 4410 1684 4451 rursum
1710 4396 1779 4451 de
1818 4396 1920 4450 Be-

338 4484 561 4541 liemoth
577 4485 686 4538 ait:
706 4483 773 4538 In
800 4484 1016 4539 sudibus
1038 4484 1328 4555 perforabts
1351 4502 1503 4541 nares
1523 4486 1656 4557 ejus.
1674 4485 1810 4552 Quid
1825 4502 1922 4556 per

338 4572 521 4641 sudes,
548 4572 653 4630 nisi
684 4582 842 4629 acuta
870 4574 1096 4630 consilia
1122 4583 1456 4642 sanctorum,
1484 4591 1606 4646 quas
1633 4576 1792 4646 hujus
1820 4577 1922 4631 Be—

336 4667 559 4724 hemoth
584 4681 745 4722 nares
770 4666 1071 4736 perforant,
1103 4667 1231 4721 dum
1255 4668 1634 4738 sagacissimus
1653 4667 1769 4735 ejus
1794 4669 1925 4723 insi-

339 4761 458 4815 dias
485 4768 540 4814 et
568 4759 841 4831 vigilando
873 4758 1314 4829 circumspiciunt
1336 4766 1394 4813 et
1420 4759 1722 4829 superando
1743 4766 1922 4814 trans-

336 4852 543 4923 ﬁgant?
578 4853 704 4908 Sive
734 4852 902 4923 ipsius
937 4850 1102 4906 verba
1145 4851 1358 4905 Domini
1403 4851 1566 4905 sudes
1604 4858 1761 4917 sunt,
1804 4850 1923 4919 qui-

334 4946 439 5000 bus
472 4944 768 5000 Behemoth
814 4958 976 4998 nares
1022 4940 1402 5013 perforantur?
1428 4940 1530 5007 Qui
1585 4956 1708 4995 cum
1750 4941 1918 4994 Deum

334 5037 680 5092 incarnatnm
701 5048 821 5090 esse
862 5033 1153 5099 dubitaret,
1178 5031 1282 5087 hoc
1311 5046 1377 5087 ex
1420 5030 1604 5101 petitis
1645 5029 1921 5084 miraculis

335 5125 597 5180 tentando
625 5138 948 5195 cognoscere
971 5122 1160 5187 voluit,
1177 5122 1400 5177 dicens:
1434 5120 1495 5175 Si
1518 5118 1693 5174 Filius
1724 5119 1820 5173 Dei
1841 5134 1917 5183 es,

334 5218 421 5270 die
447 5224 508 5270 ut
528 5215 727 5287 lapides
754 5216 843 5269 isti
890 5231 1048 5286 panes
1070 5214 1201 5284 ﬁant
1232 5211 1449 5285 (Matth.
1492 5211 1589 5282 Iv).
1625 5210 1730 5266 Sed
1760 5227 1790 5264 a
1816 5211 1921 5265 Do-

333 5307 485 5360 mino
498 5304 703 5360 audivit
722 5306 904 5360 haec...
921 5312 977 5359 et
1000 5304 1085 5359 his
1105 5303 1497 5359 sententiarum
1513 5302 1633 5372 ejus
1659 5300 1924 5357 acumini-

329 5395 438 5454 bus
463 5398 737 5470 indagatio
764 5398 972 5468 antiqui
993 5395 1161 5451 hostis
1181 5395 1428 5465 perculsa
1466 5404 1569 5450 est.
1594 5393 1669 5450 Os
1692 5395 1917 5460 dictum,

334 5488 480 5556 quod
506 5502 608 5557 per
634 5488 841 5558 ipsum,
893 5487 1044 5556 quasi
1071 5500 1169 5557 per
1187 5486 1410 5549 ostium,
1440 5494 1497 5539 et
1539 5485 1687 5540 cibos
1741 5483 1918 5538 intro-

337 5576 623 5644 mittimus,
644 5588 700 5633 et
722 5586 935 5649 sputum
959 5576 1102 5633 foras
1129 5574 1444 5647 projieimns
1470 5593 1482 5629 :
1511 5575 1593 5630 vel
1619 5575 1745 5645 quia
1775 5572 1919 5628 unde

338 5666 714 5737 ingrediuntur
767 5668 904 5733 cibi,
962 5668 1087 5723 inde
1122 5667 1472 5739 egrediuntur
1515 5680 1810 5721 sermones.
1845 5664 1920 5720 Os

338 5756 627 5829 aliquando
684 5758 950 5830 signiﬁcat
992 5758 1164 5829 ipsum
1210 5759 1443 5817 Verbum
1468 5797 1483 5825 ,
1525 5758 1629 5814 hoc
1672 5766 1777 5825 est,
1825 5755 1916 5814 Je-

2017 3317 2221 3372 duabus
2256 3314 2340 3368 his
2368 3312 2659 3367 virtutibus
2694 3310 2981 3364 indicatur.
3024 3306 3189 3361 Labia
3241 3322 3271 3359 a
3319 3301 3605 3357 lambendo

2016 3408 2315 3461 nominata.
2375 3403 2527 3470 Quod
2551 3410 2729 3456 autem
2773 3399 3021 3471 superiits
3068 3405 3183 3462 est,
3228 3394 3427 3449 labium
3473 3391 3607 3447 dici-

2014 3514 2136 3552 mus
2167 3516 2179 3550 :
2229 3496 2372 3566 quod
2410 3494 2655 3559 inferius,
2688 3509 2753 3547 eo
2796 3480 2939 3562 quod
2967 3489 3205 3561 grossins
3250 3487 3339 3553 sit,
3376 3486 3604 3538 labrum.

2015 3588 2120 3644 Alii
2152 3589 2386 3643 virorum
2440 3585 2623 3649 labra,
2674 3584 2959 3638 mulierum
3000 3581 3141 3634 labia
3183 3579 3387 3633 dicunt.
3439 3575 3605 3632 Labia

2020 3681 2306 3750 aliquando
2332 3694 2433 3748 pro
2474 3677 2687 3733 occulto
2713 3675 2894 3739 verbo,
2926 3662 3214 3744 aliquando
3255 3683 3356 3740 pro
3383 3665 3607 3725 manile-

2018 3782 2103 3828 sto
2125 3780 2413 3842 ponuntur.
2456 3769 2561 3822 Pro
2583 3767 2812 3831 occulto,
2846 3773 2905 3819 ut
2948 3774 3034 3819 cst
3080 3762 3208 3817 illud
3256 3758 3603 3815 Salomonis:

2022 3862 2184 3916 Labia
2226 3861 2361 3931 justi
2390 3859 2720 3912 considerant
2762 3856 2979 3926 placita,
3008 3862 3052 3908 et
3083 3870 3137 3906 os
3164 3851 3441 3921 impiorum
3486 3862 3602 3916 per-

2019 3968 2168 4005 versa
2196 3949 2379 4020 (Prov.
2417 3947 2494 4018 x).
2523 3947 2627 4000 Pro
2658 3944 2944 4000 manifesto
2970 3952 3173 4004 autem,
3196 3951 3255 3993 ut
3276 3946 3360 3994 est
3385 3936 3515 3991 illud
3547 3935 3602 3988 in

2020 4040 2236 4096 Psalmo
2266 4054 2280 4092 :
2307 4037 2472 4092 Labia
2496 4052 2610 4090 mea
2633 4034 2922 4088 laudabunt
2952 4043 2999 4085 te
3028 4028 3200 4102 (Psal.
3251 4026 3419 4097 ιχιι).
3468 4023 3605 4078 Item

2020 4134 2075 4187 in
2102 4130 2327 4186 Cantico
2377 4128 2708 4184 canticorum
2742 4124 2988 4194 Sponsus
3022 4122 3089 4175 ad
3135 4118 3398 4190 Sponsam
3429 4115 3560 4173 dicit
3590 4132 3600 4166 :

2021 4220 2170 4277 Sicut
2225 4222 2350 4275 vitta
2397 4217 2635 4272 coccinea
2662 4255 2677 4282 ,
2726 4214 2867 4269 labia
2910 4223 3042 4268 tua:
3086 4221 3133 4266 et
3161 4211 3424 4282 eloquium
3456 4217 3604 4261 tuum

2019 4312 2171 4367 dulce
2195 4310 2370 4385 (Cant.
2402 4309 2497 4382 Iv).
2522 4307 2668 4363 Vitta
2695 4307 2944 4363 coccinea
2973 4303 3220 4360 doctrina
3251 4300 3497 4357 veritatis
3524 4298 3606 4354 in-

2020 4404 2298 4475 telligitur.
2355 4400 2521 4456 Labia
2549 4413 2758 4469 sponsa:
2809 4411 2973 4453 cocco
3016 4393 3424 4458 assimila'ntur,
3478 4390 3604 4461 quia

2020 4493 2233 4550 Domini
2263 4490 2562 4562 sanguinis,
2590 4503 2696 4559 quo
2743 4486 3019 4555 redempta
3053 4492 3156 4548 est,
3198 4483 3430 4554 pretium
3463 4486 3603 4551 pra!-

1950 4559 2003 4619 D
2024 4587 2207 4641 dicare
2234 4598 2340 4637 non
2370 4559 2547 4636 cessat
2568 4580 2831 4643 Ecclesia,
2858 4578 2943 4632 vel
2973 4577 3100 4647 quia
3140 4574 3453 4644 praedicatio
3482 4587 3608 4626 san-

2023 4681 2108 4729 cta
2148 4671 2429 4726 charitatis
2476 4670 2667 4723 ardore
2700 4665 3038 4720 ﬂammescit.
3084 4663 3218 4715 Item
3259 4661 3503 4729 Sponsus
3539 4658 3607 4711 de

2024 4776 2216 4833 sponsa
2244 4760 2375 4815 dicit
2401 4778 2414 4812 :
2444 4758 2607 4811 Labia
2635 4756 2779 4810 illius
2827 4754 2941 4808 lilia
2992 4751 3305 4806 distillantia
3339 4749 3605 4818 myrrham

2020 4853 2242 4924 primani
2271 4848 2444 4919 (Cant.
2470 4848 2544 4918 v).
2584 4846 2748 4900 Labia
2770 4844 2935 4907 illius,
2964 4842 3129 4896 verba
3159 4847 3283 4894 sunt
3311 4838 3597 4902 doctrinm;

2021 4942 2155 5005 lilia,
2186 4940 2312 5010 quia
2342 4938 2640 4993 claritatem
2673 4934 2821 5004 regni
2857 4931 3095 4988 caelestis
3122 4929 3446 5000 promittunt
3472 4945 3485 4982 :
3513 4928 3600 4981 di-

2019 5031 2275 5087 stillantia
2322 5029 2586 5100 myrrham
2635 5028 2902 5097 primum:
2940 5022 3066 5091 quia
3113 5037 3210 5091 per
3235 5028 3600 5089 contemptun.

2018 5124 2352 5179 voluntatum
2380 5118 2726 5190 praesentium
2753 5115 2820 5169 ad
2847 5114 2988 5169 hanc
3031 5113 3450 5182 perveniendum
3481 5125 3599 5165 esse

2017 5213 2330 5285 praedicant.
2363 5210 2586 5279 Lingua:
2613 5223 2644 5261 a
2674 5205 2890 5276 ligando
2940 5205 3061 5259 cibo
3106 5211 3259 5274 putat
3298 5203 3466 5257 Varro
3505 5215 3601 5255 no-

2021 5321 2146 5361 men
2192 5304 2537 5373 impositum:
2570 5299 2683 5363 alii,
2706 5297 2851 5366 quod
2903 5296 3254 5367 particulatos
3289 5309 3452 5349 sonos
3479 5307 3600 5348 ver-

2018 5395 2210 5450 borum
2238 5392 2384 5463 ligat.
2418 5391 2570 5445 Sieut
2592 5387 2735 5442 enim
2758 5386 3024 5456 plectrum
3049 5385 3287 5449 chordis,
3316 5384 3389 5438 ita
3419 5382 3602 5453 lingua

2023 5487 2246 5541 illiditur
2295 5484 2546 5539 dentibus
2578 5489 2635 5536 et
2677 5479 2918 5537 vocalem
2971 5492 3163 5533 sonum
3208 5474 3389 5530 edicit.
3426 5473 3519 5529 Sic
3545 5482 3602 5528 et

2022 5576 2224 5647 lingua,
2252 5590 2316 5630 eo
2343 5572 2486 5644 quod
2514 5573 2784 5644 eloquium
2829 5570 3044 5634 format,
3073 5583 3172 5638 pro
3200 5566 3410 5637 loquela
3443 5566 3600 5636 poni-

2024 5673 2131 5730 tur.
2162 5663 2313 5719 Unde
2339 5663 2590 5718 dicuntur
2622 5676 2820 5731 genera
2852 5658 3193 5730 linguarum:
3225 5657 3352 5728 quia
3400 5652 3602 5708 diversi

2023 5764 2150 5814 sunt
2173 5754 2289 5811 soni
2308 5754 2612 5811 verborum.
2642 5751 3023 5823 Loqnebantur
3050 5748 3194 5805 enim
3220 5747 3384 5802 variis
3407 5741 3604 5812 linguis
