4074 6316
432 256 538 314 155

1078 251 1139 307 Β.
1179 249 1434 306 RABANI
1472 248 1691 306 MAURI
1725 243 2045 304 ARCIHEP.
2087 244 2397 304 MOGUNT.
2438 242 2724 304 OPERUM
2763 244 2945 303 PARS
2981 245 3046 303 ll.

3600 251 3717 311 156

418 360 658 438 apostoli
688 361 958 434 magnalia
988 362 1087 419 Dei
1130 361 1268 437 (Act.
1302 362 1363 436 ιι)
1415 362 1541 433 quia
1577 360 1810 433 Spiritus
1847 359 2018 416 sancti
2046 364 2100 426 Α
2124 360 2266 430 quod
2290 358 2424 415 Joab
2461 359 2675 415 Amasae
2713 368 2956 415 mentum
2977 360 3167 415 dextra
3195 377 3356 417 manu
3385 366 3579 435 tenuit,
3613 368 3722 425 sed

428 455 660 528 gratiam
698 461 1023 525 acceperunt
1043 453 1189 524 loqui
1218 468 1377 525 posse
1404 453 1654 509 omnibus
1683 451 1880 523 linguis
1899 451 2016 506 lau-

428 547 552 603 dem
581 545 699 601 Dei.
727 544 862 601 Item
892 545 1072 615 lingua
1102 545 1346 600 doctrina
1376 551 1524 598 recta
1555 543 1639 599 vel
1667 557 1860 614 prava,
1880 542 2019 598 utin

434 636 765 693 Salomone:
799 633 967 689 Labia
1016 634 1329 705 sapientium
1369 631 1778 687 disseminabunt
1806 632 2019 701 sapien-

455 729 602 795 iam,
652 726 834 798 lingua
877 742 1155 797 pravorum
1200 723 1387 796 peribit
1414 721 1598 791 (Prov.
1649 722 1766 795 xv).
1822 722 2020 779 Dentes

486 822 615 877 rzeci
635 822 849 875 odontes
874 828 1069 876 vocant
1095 827 1150 874 et
1187 818 1310 875 inde
1337 817 1392 872 in
1422 817 1646 872 latinum
1680 818 1896 873 trahere
1925 832 2021 872 no-

448 928 555 969 nen
589 912 862 967 videntur.
887 909 1205 982 Signiﬁcant
1243 909 1434 964 dentes
1456 907 1744 979 aliquando
1770 908 2020 964 doctores

428 1002 704 1069 Ecclesiae,
729 1010 791 1057 ut
818 1009 902 1058 est
929 1000 1059 1055 illud
1098 1002 1153 1056 in
1202 999 1428 1056 Cantico
1477 1000 1835 1055 canticorum:
1883 997 2022 1054 Den-

428 1103 503 1148 tes
532 1096 610 1148 tui
642 1093 776 1148 sicut
801 1109 981 1165 greges
1020 1100 1291 1146 tonsarum
1318 1089 1498 1160 (Cant.
1531 1087 1628 1162 Iv).
1683 1090 1740 1145 In
1771 1088 2020 1145 dentibus

433 1199 566 1240 vero
591 1183 945 1255 perfectiores
974 1183 1190 1254 quique,
1224 1190 1281 1237 et
1307 1182 1375 1237 ad
1406 1182 1696 1253 regendam
1721 1182 2021 1237 Ecclesiam

425 1272 527 1327 Dei
555 1273 793 1342 aptiores
811 1273 1180 1343 designantur.
1210 1270 1288 1326 Illi
1319 1271 1463 1326 enim
1492 1271 1867 1326 comminuunt
1890 1286 2019 1326 sen-

428 1364 627 1433 tentias
653 1364 932 1418 Sacrarum
978 1361 1403 1431 Scripturarum,
1430 1370 1487 1416 et
1535 1361 1589 1415 in
1625 1373 1840 1431 pastum
1878 1361 2022 1416 redi-

426 1460 561 1523 gunt
611 1451 849 1506 ﬁdelium
890 1452 1214 1506 animarum.
1247 1450 1380 1506 Item
1426 1451 1479 1505 iu
1509 1449 1723 1505 Psalmo
1749 1450 2021 1520 Propheta

430 1544 498 1597 ad
550 1542 834 1599 Dominum
885 1543 1051 1599 dicit:
1102 1543 1293 1598 Dentes
1354 1552 1685 1613 peccatorum
1734 1543 2022 1597 contrivisti

426 1635 600 1710 (Psal.
620 1637 725 1710 ιιι),
757 1638 811 1693 id
849 1648 953 1704 est,
978 1637 1373 1693 detrahentium
1401 1636 1567 1690 verba
1593 1636 1897 1703 mordacia,
1928 1634 2020 1706 qui

2123 449 2345 507 sinistra
2370 449 2605 519 gladium
2629 449 2862 506 latenter
2885 450 3107 508 mittens
3133 451 3248 521 ejus
3272 453 3483 511 viscera
3520 458 3722 515 effudi:

2121 542 2210 616 (II
2231 543 2357 614 Reg.
2389 542 2507 615 xx).
2555 545 2792 599 Dextera
2838 559 3075 615 namque
3125 556 3366 602 mentum
3413 557 3600 607 tenere
3632 566 3726 609 est

2120 635 2275 707 quasi
2301 650 2371 690 ex
2410 634 2835 706 benignitatibus
2877 635 3156 693 blandiri:
3189 638 3287 694 sed
3336 639 3616 698 sinistram
3647 644 3725 700 ad

2119 725 2357 797 gladium
2388 725 2575 791 mittit,
2605 726 2698 796 qui
2726 726 2961 783 latenter
2985 742 3055 784 ex
3079 728 3284 785 malitia
3311 733 3564 801 percutit.
3587 726 3724 791 Col-

2120 813 2232 869 lum
2254 814 2478 881 dictum,
2501 817 2645 887 quod
2673 817 2745 872 sit
2788 817 3043 889 rigidum,
3081 826 3137 875 et
3170 820 3342 877 haeret
3369 830 3429 877 ut
3460 823 3721 880 columna

2118 904 2367 975 bajulans
2389 916 2556 978 caput
2585 917 2640 963 et
2670 917 3000 977 sustentans,
3023 912 3178 981 quasi
3199 913 3523 985 capitolium.
3546 916 3722 985 Cujus

2119 997 2360 1054 anterior
2384 1013 2512 1069 pars
2534 999 2658 1071 gula
2688 1009 2938 1067 vocatur,
2959 1002 3230 1071 posterior
3268 1004 3473 1061 cervix.
3513 1005 3718 1063 Cervix

2121 1096 2301 1142 autem
2331 1097 2541 1170 vocata,
2565 1088 2706 1159 quod
2736 1104 2835 1159 per
2886 1104 3006 1146 eam
3042 1098 3253 1160 partem
3306 1094 3590 1150 cerebrum
3646 1097 3719 1152 ad

2120 1179 2409 1236 medullam
2441 1181 2609 1250 spinae
2632 1181 3087 1253 dirigatur,quasi
3114 1184 3326 1241 cerebri
3346 1186 3455 1240 via.
3486 1186 3719 1244 Veteres

2121 1283 2301 1328 autem
2328 1272 2524 1342 plurali
2551 1282 2763 1329 tantum
2792 1290 3020 1332 numero
3043 1277 3264 1332 ceruices
3294 1278 3564 1335 dicebant.
3591 1280 3717 1335 Pri-

2120 1379 2242 1419 mus
2265 1363 2549 1421 Ostensius
2577 1366 2823 1420 cervicem
2845 1367 3194 1439 singulariter
3218 1369 3376 1424 dixit.
3398 1369 3597 1427 Cervix
3618 1387 3718 1427 au—

2122 1462 2231 1512 tem
2268 1472 2495 1512 numero
2514 1442 2787 1529 singulari
2836 1460 3140 1516 membrum
3191 1461 3366 1532 ipsum
3419 1462 3725 1534 signiﬁcat.

2120 1548 2257 1605 Nam
2277 1550 2558 1620 pluraliter
2577 1552 2975 1608 contumaciam
2996 1569 3136 1624 saepe
3147 1553 3503 1619 demonstrat.
3518 1555 3717 1611 Cicero

2121 1639 2177 1695 in
2193 1640 2472 1696 Verrinis:
2500 1638 2791 1696 Praetorem
2812 1652 2871 1697 tu
2893 1660 3128 1710 accuses,
3148 1643 3331 1716 {range
3353 1647 3622 1700 cervicem.
3654 1646 3714 1701 In

425 1728 679 1798 potestati
707 1728 902 1784 divina:
956 1726 1205 1782 nefandis
1245 1726 1583 1797 dogmatibus
1632 1727 2017 1799 obloquuntur.
2048 1726 2096 1786 Β
2123 1731 2262 1789 collo
2293 1732 2661 1804 intelligentiae
2685 1733 2847 1790 decor
2869 1734 2950 1790 vel
2989 1736 3387 1806 praedicationis
3429 1735 3714 1803 fortitudo,

428 1821 632 1878 Dentes
673 1823 818 1878 enim
853 1822 983 1878 dicti
1024 1829 1148 1877 sunt
1173 1837 1204 1876 a
1235 1820 1530 1876 demendo:
1560 1829 1615 1876 et
1645 1820 1765 1876 ideo
1795 1820 2017 1892 pulchre

430 1914 593 1991 nimis
640 1915 837 1987 lingua:
881 1897 1283 1971 detrahentium
1327 1914 1513 1970 dentes
1559 1924 1861 1970 vocantur:
1890 1914 2019 1984 quia

426 2006 569 2062 sicut
602 2007 678 2062 illi
705 2008 948 2064 ciborum
998 2015 1181 2078 partes
1227 2008 1469 2073 demunt,
1498 2006 1572 2061 ita
1607 2016 1662 2062 et
1686 2006 1778 2062 isti
1810 2006 2019 2077 opinio-

428 2114 526 2153 nes
569 2100 849 2154 hominum
874 2099 1113 2155 adhibita
1145 2098 1482 2155 detractione
1522 2099 1834 2155 eorrodunt.
1877 2097 2019 2152 Den-

424 2197 508 2244 tes
532 2190 837 2247 intellectus
859 2190 972 2246 sive
998 2189 1198 2247 locutio
1226 2191 1368 2247 bona
1396 2190 1479 2247 vel
1524 2190 1690 2258 mala,
1713 2200 1773 2246 ut
1798 2191 1852 2245 in
1875 2190 2018 2245 Exo-

423 2282 533 2339 do:
578 2283 801 2339 Oculum
846 2301 942 2356 pro
990 2284 1162 2352 oculo,
1209 2284 1415 2340 dentem
1469 2301 1564 2356 pro
1615 2284 1769 2339 dente
1817 2283 2015 2357 (Exod.

425 2375 562 2447 ut).
604 2368 849 2431 Palatum
880 2383 1146 2442 nostrum,
1170 2377 1311 2432 sicut
1337 2374 1533 2432 cmlum
1562 2384 1647 2432 est
1672 2376 1940 2446 positum;
1964 2384 2021 2431 et

425 2468 551 2525 inde
578 2469 817 2539 palatum
841 2486 873 2524 a
898 2469 1022 2540 polo
1062 2484 1163 2540 per
1189 2467 1599 2525 derivationem.
1631 2466 1740 2522 Sed
1761 2476 1817 2523 ει
1843 2465 2018 2524 Graeci

423 2557 675 2612 similiter
708 2558 1005 2628 appellant,
1034 2573 1100 2614 eo
1131 2558 1275 2627 quod
1304 2573 1402 2627 pro
1427 2557 1510 2612 sui
1530 2555 1869 2611 concavitate
1893 2553 2017 2611 coeli

423 2651 831 2707 similitudinem
861 2651 1080 2707 habeat.
1136 2650 1288 2706 Sicut
1311 2651 1549 2720 palatum
1573 2666 1736 2722 super
1779 2649 2018 2721 linguam

431 2751 631 2809 exstat,
658 2752 714 2798 et
734 2744 837 2799 sub
861 2758 928 2798 eo
953 2741 1116 2798 verba
1150 2740 1455 2797 formantur
1491 2758 1506 2808 ;
1537 2741 1621 2796 sic
1665 2749 1850 2797 nostra
1872 2740 2021 2795 locu-

428 2836 503 2890 tio
525 2832 731 2890 cmlesti
766 2832 1043 2906 sapientia:
1071 2840 1126 2888 et
1154 2831 1381 2904 spiritali
1411 2832 1673 2887 doctrina:
1696 2831 2019 2902 subjungere

423 2943 485 2983 se
514 2927 693 2993 debet,
718 2937 778 2981 ut
808 2922 995 2981 utilem
1023 2925 1327 2981 doctrinam
1353 2930 1409 2978 et
1435 2921 1734 2992 proﬁcuum
1758 2921 2019 2976 auditori-

425 3021 529 3075 bus
557 3018 670 3075 suis
708 3017 953 3088 proferre
993 3016 1182 3088 possit.
1234 3015 1443 3070 Fauces
1479 3030 1509 3067 a
1555 3011 1844 3067 fundendis
1871 3011 2019 3067 voci-

2120 1821 2236 1876 sive
2264 1820 2426 1876 etiam
2449 1821 2697 1877 doctores
2719 1823 2893 1879 sancti
2921 1824 3300 1895 exprimuntur
3328 1844 3339 1878 :
3373 1834 3434 1880 ut
3454 1835 3547 1882 est
3583 1827 3715 1881 illud

2119 1910 2176 1968 in
2204 1910 2429 1967 Cantica
2454 1912 2789 1969 canticorum
2820 1930 2834 1968 :
2864 1912 3074 1969 Collum
3096 1923 3267 1981 tuum,
3315 1916 3451 1970 sicut
3481 1916 3709 1971 monilia

2121 2002 2298 2076 (Cant.
2327 2003 2399 2078 ι);
2439 2013 2495 2060 ει
2527 2004 2765 2060 iterum:
2796 2006 2932 2060 sicut
2956 2006 3140 2073 turris,
3176 2007 3370 2077 inquit,
3397 2007 3564 2062 David
3598 2008 3716 2062 col-

2119 2097 2229 2154 lum
2254 2107 2403 2153 tuum
2435 2096 2612 2168 (Cant.
2640 2097 2737 2170 tv).
2769 2097 2957 2155 Turris
2996 2099 3164 2155 David
3205 2098 3448 2155 Ecclesia
3475 2108 3560 2155 est
3606 2099 3716 2155 Ca—

2120 2188 2318 2244 tholica
2348 2202 2364 2242 :
2398 2188 2624 2255 collum,
2642 2188 3025 2260 przedicatores
3048 2190 3240 2245 sancti.
3263 2189 3417 2246 Unde
3439 2191 3495 2245 in
3515 2192 3723 2246 eadem

2121 2280 2341 2336 civitate
2363 2282 2670 2337 constantia
2715 2280 2873 2337 ﬁrma
2897 2290 3000 2348 est,
3027 2291 3084 2338 et
3106 2282 3344 2353 undique
3394 2284 3717 2354 inexplaua-

2119 2372 2245 2429 bilis
2275 2371 2774 2448 [inexpugnabilis].
2804 2374 2937 2431 item
2966 2375 3163 2432 collum
3190 2376 3276 2431 vel
3299 2376 3484 2432 cervix
3509 2376 3563 2432 in
3592 2392 3716 2431 ma-

2118 2465 2225 2522 lam
2251 2474 2461 2538 partem
2491 2467 2784 2538 accipitur;
2810 2475 2872 2523 ut
2898 2476 2982 2525 est
3015 2468 3146 2525 illud
3175 2470 3242 2525 de
3265 2469 3530 2540 sapientia
3554 2472 3716 2526 test'u-

2119 2559 2361 2616 monium
2384 2577 2399 2615 :
2430 2558 2788 2632 Superborum
2821 2568 2869 2615 et
2893 2560 3196 2615 sublimium
3216 2559 3352 2616 colla
3370 2562 3583 2633 propria
3606 2562 3714 2616 vir-

2120 2659 2229 2705 tute
2256 2650 2495 2707 calcavit.
2527 2650 2597 2706 Et
2621 2651 2677 2706 in
2701 2649 2919 2707 Psalmo
2943 2668 2957 2705 :
2984 2650 3266 2717 Dominus,
3293 2651 3489 2721 inquit,
3523 2651 3715 2722 justus

2119 2741 2354 2796 concidet
2376 2741 2596 2796 cervices
2623 2751 2956 2811 peccatorum
2980 2738 3153 2814 (,Psal.
3186 2742 3433 2814 cxxvm).
3456 2741 3729 2799 Cervices-

2120 2840 2304 2887 autem
2332 2847 2430 2903 pro
2468 2832 2719 2904 superbia
2763 2833 2968 2905 positas
3021 2832 3299 2904 Scriptura
3349 2843 3596 2901 testatur,
3628 2836 3711 2891 di—

2120 2936 2287 2976 cens:
2351 2920 2520 2978 Cerno
2570 2921 2712 2994 quod
2764 2921 2987 2993 populus
3041 2923 3138 2980 iste
3186 2923 3335 2979 dura:
3374 2925 3590 2980 cervicis
3638 2926 3715 2980 sit

2122 3009 2319 3083 (Exod.
2361 3011 2561 3084 xxx").
2598 3012 2666 3068 Et
2689 3012 2882 3070 beatus
2916 3012 3224 3084 Stephanus
3254 3015 3308 3070 iu
3336 3014 3588 3085 passione
3607 3030 3713 3070 sua

423 3111 525 3165 bus
560 3108 869 3174 nominate,
894 3122 960 3163 eo
991 3106 1135 3177 quod
1166 3120 1265 3176 per
1302 3120 1397 3160 eas
1442 3102 1621 3158 famur
1648 3117 1828 3159 voces.
1856 3102 2019 3156 Arte-
2047 3107 2091 3169 C
2121 3102 2334 3160 Judteos
2355 3120 2589 3176 arguens
2609 3105 2779 3162 dicit:
2811 3106 2960 3161 Dura
2998 3108 3197 3162 cervice
3233 3117 3281 3161 et
3331 3107 3719 3163 incircumcisis-

425 3203 521 3257 riae
544 3210 771 3267 vocatae,
798 3203 912 3256 sive
937 3200 1078 3271 quod
1103 3214 1202 3271 per
1237 3214 1331 3254 eas
1382 3214 1414 3253 a
1464 3197 1718 3268 pulmone
1770 3212 1882 3260 aer,
1917 3196 2020 3251 hoc

423 3300 513 3367 est
539 3292 783 3363 spiritus,
814 3290 1009 3356 fertur,
1040 3306 1135 3347 seu
1165 3290 1307 3360 quod
1333 3289 1499 3344 arctis
1524 3298 1579 3344 et
1605 3287 1848 3358 angustis
1874 3302 2032 3341 mea-'

428 3383 574 3437 tibus
628 3382 880 3452 spiritum
914 3382 1130 3438 vitalem
1175 3389 1410 3436 teneant.
1445 3380 1600 3436 Unde
1654 3379 1804 3434 vocis
1858 3393 2020 3435 sonos

423 3472 804 3543 cmittunt,qui
826 3473 943 3528 soni
967 3488 1073 3528 uno
1091 3472 1248 3528 modo
1270 3481 1545 3536 sonarent,
1574 3470 1676 3525 nisi
1697 3469 1891 3542 linguae
1911 3486 2022 3526 mo—

421 3573 512 3619 tus
538 3565 822 3621 distantias
853 3566 1002 3622 vocis
1030 3563 1282 3621 efﬁceret.
1331 3563 1538 3619 Fauces
1571 3562 1835 3633 judicium
1862 3563 2021 3618 intel-

429 3656 603 3711 lectus
631 3655 937 3727 signiﬁcare
977 3655 1193 3722 valent,
1225 3664 1283 3709 ut
1309 3663 1391 3710 est
1421 3654 1551 3709 illud
1579 3672 1591 3707 :
1621 3652 1719 3708 Ubi
1746 3663 1865 3708 sunt
1893 3653 2017 3724 [au-

423 3764 508 3802 ces
554 3749 722 3804 mete?
779 3765 949 3804 nonne
985 3738 1295 3820 sapientiam
1332 3747 1693 3802 meditantur?
1734 3746 1874 3819 (Job.
1917 3746 2018 3820 vi.)

421 3839 560 3895 Item
592 3839 776 3895 fauces
806 3839 1184 3896 mandatorum
1213 3840 1310 3895 Dei
1340 3840 1641 3896 custodiam
1676 3838 2016 3912 signiﬁcant:

424 3930 551 3999 quia
577 3930 717 3985 sicut
741 3928 948 4005 [homo]
978 3946 1077 4001 per
1103 3945 1264 3987 sonos
1306 3929 1544 3984 faucium
1577 3929 1742 3985 verba
1773 3928 2019 3999 proferre

425 4019 618 4087 debet,
650 4021 730 4077 sic
785 4022 974 4078 doctor
1013 4020 1322 4077 Catholicus
1354 4037 1454 4092 per
1486 4021 1866 4077 mandatorum
1922 4019 2019 4074 Dei

423 4112 746 4179 custodiam,
788 4113 1188 4184 prmdicationis
1231 4129 1342 4168 suae
1379 4112 1685 4182 profectum
1735 4111 2021 4167 ostendere

425 4206 603 4262 debet.
631 4207 769 4262 llinc
815 4208 869 4261 in
916 4207 1131 4262 Psalmo
1177 4206 1439 4276 scriptum
1494 4215 1578 4262 est
1606 4223 1620 4260 :
1652 4203 1860 4276 Lingua
1903 4221 2021 4259 mea

429 4297 649 4351 adha'sit
681 4297 922 4368 faucibus
949 4298 1076 4351 meis
1117 4294 1290 4369 (Psal.
1333 4294 1460 4367 xu).
1509 4295 1643 4351 Nam
1685 4310 1811 4352 cum
1841 4294 2019 4351 omnis

424 4394 615 4458 gustus
641 4388 818 4456 sapiat
847 4387 899 4441 in
926 4386 1106 4457 palato
1128 4426 1143 4451 ,
1202 4386 1657 4443 considerandum
1709 4386 1819 4453 hic,
1848 4400 2021 4457 quare

2122 3195 2366 3251 cordibus
2392 3205 2440 3251 et
2474 3196 2716 3265 auribus,
2742 3214 2828 3253 vos
2861 3214 3064 3268 semper
3101 3196 3327 3268 Spiritui
3354 3208 3533 3252 sancto
3558 3199 3710 3252 resti-

2121 3289 2274 3352 tistis,
2300 3290 2435 3344 sicut
2472 3301 2648 3360 patres
2677 3292 2834 3345 vestri
2862 3290 2998 3363 (Act.
3035 3290 3148 3362 vn).
3182 3290 3304 3345 Istis
3332 3304 3460 3360 ergo
3480 3290 3596 3345 haec
3621 3290 3711 3344 vi-

2120 3379 2379 3435 cissitudo
2432 3380 2694 3444 redditur,
2722 3389 2782 3435 ut
2818 3381 3076 3443 cervices.
3104 3396 3241 3450 quas
3283 3391 3472 3436 contra
3521 3380 3709 3435 Domi-

2121 3486 2250 3525 num
2276 3470 2548 3527 lcthalitcr
2580 3470 2924 3537 extulerunt,
2955 3470 3087 3543 jugo
3109 3472 3279 3542 ipsius
3299 3471 3452 3527 suavi
3480 3471 3717 3528 salutari

2121 3563 2426 3619 humilitate
2456 3564 2776 3620 subdantur.
2802 3563 2954 3631 Quod
2985 3579 3128 3634 szepe
3156 3565 3223 3619 de
3264 3563 3711 3634 persecutoribus

2121 3653 2323 3711 factum
2347 3671 2469 3712 esse
2488 3656 2857 3723 meminimus,
2880 3664 2939 3711 ut
2968 3656 3158 3712 ﬁerent
3178 3656 3561 3726 praedicatores
3581 3672 3712 3711 san-

2120 3750 2377 3807 ctissimae
2411 3751 2726 3821 religionis,
2777 3751 2871 3822 qui
2914 3751 3068 3823 prius
3121 3749 3260 3806 idola
3308 3748 3711 3806 nefandissimis

2119 3841 2560 3912 persuasionibus
2588 3842 2953 3898 vindicabant.
3007 3840 3266 3913 Gurgulio
3289 3856 3320 3895 a
3348 3849 3565 3913 gutture
3611 3857 3713 3896 no-

2122 3946 2244 3988 men
2273 3933 2499 4005 aecepit,
2532 3933 2687 4004 cujus
2709 3942 2916 3989 meatus
2935 3933 3005 3988 ad
3028 3947 3092 3989 os
3129 3941 3183 3987 et
3222 3947 3385 3987 nares
3413 3932 3703 4001 pertendit,

2120 4024 2328 4081 habens
2348 4025 2515 4091 viam,
2535 4040 2643 4094 qua
2685 4040 2789 4081 vox
2823 4025 2892 4080 ad
2931 4025 3167 4096 linguam
3201 4023 3617 4087 transmittitur,
3647 4032 3709 4078 ut

2119 4118 2291 4187 possit
2344 4118 2509 4174 verba
2553 4118 2806 4174 collidere
2847 4136 2861 4173 :
2896 4119 3037 4173 unde
3085 4126 3145 4173 et
3189 4117 3397 4188 garrire
3451 4115 3713 4171 dicimus.

2118 4207 2318 4265 Guttur
2372 4209 2660 4280 aliquando
2709 4208 2980 4280 signiﬁcat
3030 4207 3371 4264 dulcedinem
3415 4205 3548 4277 legis
3582 4205 3703 4269 Dei,

2120 4312 2181 4357 ut
2206 4309 2292 4357 est
2317 4301 2447 4357 illud
2474 4317 2686 4374 sponsa:
2712 4302 2780 4358 de
2801 4300 3050 4371 Spouso:
3083 4300 3278 4357 Cuttur
3323 4298 3467 4353 illius
3503 4298 3704 4353 suavis-

2122 4394 2335 4460 simum,
2368 4403 2416 4449 et
2445 4404 2585 4449 totus
2629 4392 2990 4460 desiderabilis
3018 4389 3193 4463 (Cant.
3244 4389 3349 4461 ιιι).
3382 4389 3442 4445 ln
3486 4395 3711 4460 gutture

425 4455 581 4543 dixit,
611 4455 853 4548 felicibus
880 4455 1047 4531 meis?
1075 4476 1280 4532 Fauces
1310 4478 1460 4532 enim
1488 4484 1615 4533 sunt
1643 4455 1884 4550 gutturis
1918 4491 2014 4532 no-
2046 4455 2095 4515 Ῐ)
2119 4455 2332 4541 im,ch
2359 4485 2585 4542 dulcedo
2607 4485 2892 4541 verborum
2916 4455 3060 4539 illius
3081 4455 3432 4548 memoratur,
3454 4455 3561 4550 qua
3582 4479 3704 4550 quis

423 4575 524 4632 stri
556 4574 661 4641 via,
682 4574 769 4630 ubi
789 4572 901 4644 jam
924 4572 1184 4645 deglutita
1204 4572 1433 4628 dulcedo
1459 4572 1602 4627 nulla
1622 4573 1875 4628 sentitur.
1904 4570 2013 4627 Sed

426 4666 570 4737 quod
604 4667 668 4721 de
691 4665 905 4735 eloquio
942 4664 1156 4720 Domini
1181 4673 1303 4720 erat
1345 4663 1594 4720 absolute
1629 4664 1872 4719 dicturus
1906 4662 2011 4718 mi-

427 4759 671 4814 rabiliter
699 4759 844 4813 illam
873 4768 1080 4829 partem
1114 4757 1312 4828 posuit,
1346 4763 1409 4813 ut
1443 4757 1554 4813 cito
1598 4757 1667 4813 ad
1712 4755 1892 4812 cordis
1918 4770 2014 4812 uo-

426 4853 524 4907 stri
550 4850 904 4922 peuetrabilia
930 4850 1257 4921 perveniret.
1304 4848 1543 4904 Itursum
1593 4847 1855 4917 scriptum
1882 4856 1967 4904 est
1996 4865 2011 4902 :

427 4942 683 4997 Laboraui
732 4940 1006 4997 clamans:
1051 4958 1226 4995 rauca:
1276 4941 1436 5010 facta:
1483 4950 1604 4995 sunt
1660 4940 1839 5009 fauces
1886 4957 2015 4996 mea:

427 5032 597 5105 (Psal.
648 5033 861 5104 vam).
917 5032 1223 5088 Laborabat
1275 5047 1409 5103 ergo
1459 5030 1707 5089 Christus
1750 5032 2012 5099 clamans,

431 5128 640 5196 quando
663 5143 768 5183 non
791 5126 1113 5182 audiebatur
1132 5142 1165 5181 a
1192 5127 1454 5197 perﬁdis;
1501 5143 1680 5185 raucae
1707 5127 1864 5185 facta:
1889 5136 2016 5184 sunt

427 5218 610 5274 fauces
638 5218 777 5290 ejus,
813 5219 940 5289 quia
990 5220 1134 5275 dicta
1172 5219 1290 5291 ejus
1340 5236 1689 5292 nequaquam
1716 5220 2015 5292 sacrilegus

424 5312 653 5382 populus
701 5312 974 5368 audiebat.
1008 5312 1244 5369 Mentum
1273 5314 1501 5382 dictum,
1528 5316 1669 5385 quod
1698 5314 1823 5370 inde
1858 5328 2013 5369 man-

425 5403 622 5459 dibula:
640 5405 921 5461 oriantur:
954 5404 1038 5461 vel
1075 5405 1219 5476 quod
1266 5406 1343 5461 ibi
1367 5406 1684 5477 jungantur.
1717 5404 1775 5460 In
1827 5410 2012 5460 mento

425 5495 570 5550 enim
600 5496 691 5552 ubi
733 5497 898 5553 barba
937 5496 1171 5553 maxime
1221 5497 1565 5567 protenditur
1590 5536 1605 5560 ,
1656 5494 1893 5551 ostendit
1920 5494 2013 5549 ad;

424 5601 549 5643 esse
578 5585 779 5644 debere
799 5589 1265 5645 mansuetudinem
1297 5604 1442 5643 verse
1469 5588 1751 5653 doctrinae,
1778 5601 1880 5642 nec
1907 5585 2011 5640 ali-

427 5679 652 5749 quid‘ibi
675 5681 1011 5739 commisceri
1041 5680 1246 5736 fraudis
1272 5689 1329 5736 et
1379 5678 1613 5734 malitiae.
1672 5678 1809 5734 llinc
1839 5678 2006 5745 enim,

2119 4576 2278 4646 sapit,
2302 4591 2408 4632 non
2438 4576 2628 4632 esurit.
2658 4575 2825 4631 Totus
2870 4572 3242 4630 desiderabilis
3264 4580 3381 4635 est,
3406 4570 3535 4641 quia
3563 4578 3704 4625 totus

2119 4666 2292 4734 Deus;
2321 4675 2377 4721 et
2422 4674 2567 4723 totus
2591 4667 2773 4732 homo,
2804 4666 2860 4722 in
2887 4680 3047 4736 quem
3096 4664 3403 4720 desiderant
3427 4669 3485 4718 et
3526 4660 3705 4732 angeli

2119 4758 2429 4828 prospicere
2459 4756 2512 4829 (Ι
2546 4754 2694 4811 Petr.
2724 4755 2787 4826 ι).
2817 4756 2961 4812 Deus
2993 4755 3049 4810 in
3084 4754 3363 4825 majestate
3393 4751 3587 4822 patris,
3610 4751 3703 4804 ho-

2121 4861 2211 4899 mo
2237 4846 2290 4900 in
2320 4846 2632 4916 virginitate
2660 4845 2886 4912 matris;
2917 4845 2971 4900 in
3000 4844 3092 4900 illa
3114 4844 3361 4907 Creator,
3386 4843 3440 4897 in
3466 4839 3701 4897 hacSal-

2116 4941 2290 4989 vator.
2320 4933 2452 4989 Item
2476 4936 2529 4990 iu
2550 4936 2876 4991 mntrariam
2899 4944 3108 5006 partem
3131 4943 3318 5007 guttur
3339 4932 3623 5002 accipitur,
3634 4938 3705 4987 ut

2117 5025 2248 5081 illud
2271 5040 2287 5080 :
2319 5025 2631 5097 Sepulcrum
2658 5037 2841 5099 patens
2855 5037 2931 5082 est
2951 5037 3133 5097 guttur
3156 5042 3359 5092 eorum,
3374 5023 3569 5094 linguis
3591 5023 3701 5076 suis

2116 5117 2295 5173 dolose
2319 5118 2537 5189 agebant
2560 5116 2732 5190 (Psal.
2762 5116 2904 5188 xm).
2930 5115 3034 5172 Per
3070 5116 3299 5187 ﬁguram
3326 5112 3599 5185 parabolae
3620 5112 3702 5165 ni-

2115 5209 2219 5264 mis
2260 5217 2571 5279 eompetens
2611 5208 2755 5264 facta
2798 5208 3061 5278 probatur
3110 5205 3323 5262 allusio.
3381 5203 3707 5275 Sepulcrum

2115 5303 2261 5359 enim
2286 5303 2484 5360 mortui
2505 5310 2691 5373 guttur
2715 5311 2800 5358 est
2839 5300 3170 5367 mentientis,
3200 5298 3417 5371 quando
3455 5294 3703 5352 exitiabi-

2117 5399 2227 5454 lem
2258 5397 2360 5453 sibi
2380 5396 2679 5452 vanitatem
2702 5395 2757 5450 in
2790 5395 3032 5472 faucibus
3073 5392 3322 5458 revolvit,
3351 5405 3474 5461 quae
3498 5387 3700 5445 malum

2116 5490 2307 5548 mortis
2341 5487 2553 5560 inﬁigit.
2585 5487 2775 5543 Merito
2818 5501 2949 5557 ergo
3003 5483 3311 5556 sepulcrum
3367 5480 3569 5537 dictum
3619 5487 3704 5533 est

2115 5592 2302 5656 guttur
2322 5596 2534 5647 eorum,
2557 5580 2650 5650 qui
2675 5578 2955 5635 mortifera
2984 5577 3361 5648 loquebantur.
3398 5572 3534 5628 Nam
3560 5570 3701 5625 sicut

2118 5676 2206 5730 illa
2253 5689 2376 5733 cum
2444 5681 2677 5743 patent,
2724 5671 2919 5729 fetidos
2965 5670 3159 5727 odores
3204 5666 3461 5724 exhalant
3526 5665 3598 5719 ita
3649 5670 3713 5717 et
