4074 6316
315 359 523 425 15⁸7,

1319 353 1408 408 DE
1448 352 1794 411 UNIVERSO
1830 351 2009 408 LIBRI
2048 352 2211 412 XXII.
2248 387 2322 398 -
2356 356 2484 414 LIB.
2527 359 2617 417 VI.

3482 364 3583 422 {58

317 481 550 536 istorum
574 476 760 545 guttur
779 467 1069 541 pestiferos
1099 482 1379 526 sermones
1406 469 1733 540 proferebat.
1764 469 1903 526 Gula
1932 468 1982 531 A
2008 485 2170 541 quam
2200 471 2375 542 ipsum
2399 471 2678 530 Christum
2710 474 3069 545 amplectitur.
3099 450 3212 533 Alze
3268 477 3593 535 suonrachia

312 575 526 630 autem,
551 578 669 634 qua:
695 577 724 616 a
751 560 1096 633 dcglutiendo
1141 568 1446 629 nuncupata
1482 568 1589 626 est,
1616 561 1906 631 aliquando

320 675 426 732 pro
453 656 764 726 acceptione
783 654 892 709 cibi
913 653 996 708 vel
1019 660 1177 724 potus
1202 652 1457 723 ponitur;
1500 654 1789 725 aliquando
1809 670 1908 726 pro

322 757 642 818 voracitate.
691 755 746 810 id
787 760 892 821 est,
924 752 1319 809 comessatione
1352 759 1409 807 et
1443 750 1707 805 ebrietate
1728 790 1744 814 ,
1789 763 1909 819 qute

322 840 700 915 gastrimargia
730 839 949 905 dicitur,
976 847 1033 894 et
1053 853 1222 893 unum
1251 846 1336 892 est
1355 838 1421 892 de
1447 844 1570 891 octo
1599 834 1911 906 principali-

320 933 424 989 bus
448 932 619 988 vitiis.
649 930 851 987 Contra
881 945 1041 1000 quam
1085 930 1201 1001 ipsa
1245 928 1461 985 Veritas
1507 927 1576 983 ad
1620 925 1910 996 discipulos

321 1024 403 1080 ait
428 1043 443 1079 :
486 1022 753 1079 Attendite
785 1022 949 1086 vobis,
973 1038 1035 1076 ne
1064 1020 1198 1090 forte
1246 1028 1528 1090 graventur
1556 1017 1717 1071 corda
1742 1024 1912 1071 vestra

319 1118 380 1173 in
411 1115 700 1188 crapularct
721 1114 965 1168 ebrietate
993 1111 1143 1184 (Luc.
1169 1111 1306 1181 xxx).
1338 1110 1407 1165 Et
1431 1108 1720 1179 Apostolus
1746 1124 1760 1161 :
1794 1106 1914 1161 Non

323 1209 381 1265 in
425 1206 920 1271 comessationibus,
989 1203 1201 1275 inquit,
1259 1211 1307 1256 et
1359 1199 1731 1262 ebrietatibus,
1788 1197 1913 1267 quia

323 1299 516 1355 ebriosi
562 1313 778 1368 regnum
831 1295 930 1350 Dei
992 1310 1095 1349 non
1158 1292 1496 1364 possidebunt
1534 1289 1732 1363 (Rom.
1779 1303 1911 1354 xm;

2011 570 2136 616 sunt
2163 562 2441 633 appellata:
2467 604 2482 629 ,
2529 580 2595 620 co
2638 566 2782 635 quod
2832 566 2885 620 in
2930 566 3010 622 eis
3054 567 3108 621 in
3136 568 3353 623 modum
3385 568 3595 625 alarum

2009 662 2190 710 motus
2238 653 2582 710 brachiorum
2639 657 2876 712 inchoat.
2924 656 3070 725 Quas
3097 656 3318 728 quidam
3368 660 3594 715 ascellas

2010 754 2227 810 vocant,
2248 747 2391 817 quod
2416 763 2483 802 ex
2514 748 2593 804 eis
2618 747 2886 813 cillentur,
2912 749 2964 805 id
2985 758 3088 816 est,
3110 757 3417 805 moventur.
3447 750 3598 806 Unde

2012 846 2068 895 et
2097 839 2279 895 ascilla
2300 839 2444 894 dicta
2473 839 2542 894 ab
2565 853 2653 905 eo,
2680 841 2823 909 quod
2854 839 3139 906 cillautur,
3197 842 3300 895 hoc
3334 847 3437 905 est,
3482 856 3599 895 mo-

2011 940 2244 988 veantur
2260 933 2459 989 omnia.
2489 934 2623 988 Nam
2648 934 2831 990 cillere
2866 944 2951 990 est
2983 949 3220 990 movere.
3255 931 3465 988 Ascella
3496 932 3599 987 ali-

2015 1030 2229 1098 quando
2255 1045 2352 1099 pro
2377 1029 2644 1085 desideria
2684 1031 2858 1100 posita
2884 1029 3156 1100 reperitur
3184 1044 3250 1083 ex
3286 1027 3559 1082 otiositate
3584 1043 3597 1079 :

2018 1116 2170 1174 Unde
2196 1126 2279 1173 est
2311 1118 2436 1173 illud
2470 1119 2521 1173 in
2560 1119 2865 1175 Proverbiis
2894 1119 3148 1174 Salomon
3181 1137 3192 1171 :
3225 1116 3293 1171 In
3331 1116 3603 1170 desideriis

2016 1219 2092 1264 est
2122 1210 2289 1263 omnis
2315 1211 2512 1263 otiosus
2540 1209 2723 1280 (Prov.
2748 1209 2917 1278 xxvn).
2957 1209 3026 1262 Et
3055 1209 3247 1263 iterum
3272 1225 3284 1260 :
3320 1205 3605 1259 Abscondit

2017 1302 2165 1371 piger
2194 1318 2405 1355 manum
2440 1317 2589 1354 suam
2631 1299 2726 1354 sub
2756 1299 2969 1364 ascella,
3010 1310 3056 1353 et
3098 1300 3300 1353 laborat
3358 1298 3402 1351 si
3440 1298 3509 1350 ad
3546 1312 3603 1350 os

325 1393 358 1448 Ι
377 1391 503 1447 Cor.
529 1389 867 1464 vr).Humeri
899 1388 1051 1453 dicti,
1073 1386 1230 1458 quasi
1258 1385 1397 1440 armi
1421 1384 1488 1439 ad
1516 1381 1917 1438 distinctionem

2030 1406 2173 1445 suum
2200 1389 2533 1460 applicaverit
2555 1406 2669 1443 eam
2702 1389 2911 1462 (lbiJ.).
2940 1388 3074 1455 Quia
3104 1389 3257 1459 piger
3286 1394 3342 1442 et
3369 1387 3607 1442 desidio-

326 1484 563 1542 bominis
590 1500 622 1538 ει
668 1482 962 1554 pecudibus
1000 1481 1185 1546 mutis,
1214 1487 1274 1534 ιιι
1316 1479 1374 1534 hi
1422 1479 1697 1542 humeros.
1730 1475 1802 1530 iiii
1833 1490 1921 1529 al"
2021 1500 2116 1540 sus
2137 1484 2310 1553 magis
2337 1483 2539 1553 appetit
2567 1483 2824 1537 desidiam
2839 1482 3128 1548 carnalem,
3158 1498 3319 1551 quam
3349 1481 3607 1535 virtutum

329 1589 447 1630 mos
483 1573 688 1629 habere
715 1572 984 1628 dicantur.
1018 1569 1151 1625 Nam
1179 1569 1396 1640 proprie
1441 1568 1577 1623 armi
1617 1567 1922 1637 quadrupe—
2022 1573 2424 1642 operationem;
2458 1572 2738 1627 abscondit
2785 1587 3002 1625 manum
3034 1587 3185 1625 suam
3240 1572 3341 1625 sub
3389 1569 3605 1632 ascella,

329 1665 456 1721 dum
480 1672 626 1719 sunt.
654 1662 875 1717 Ilumeri
901 1661 1144 1731 operatio
1169 1660 1255 1715 vel
1280 1659 1489 1729 pondus
1522 1655 1763 1725 ejusdem
1791 1670 1920 1726 ope-

329 1757 425 1820 ris,
453 1755 598 1811 sicut
632 1754 688 1809 in
716 1753 904 1809 Exodo
930 1753 983 1808 in
1018 1758 1338 1809 ornamento
1388 1748 1689 1806 sacerdotis
1738 1762 1925 1817 super-

2026 1680 2128 1720 nec
2162 1664 2277 1719 vult
2299 1664 2667 1733 operationem
2700 1678 2850 1717 suam
2899 1660 3218 1731 professioni
3249 1676 3358 1714 sua:
3382 1676 3607 1715 concor—

2027 1758 2148 1812 dem
2173 1755 2374 1821 faeere,
2401 1754 2636 1809 maxime
2658 1769 2781 1810 cum
2811 1753 3072 1823 scriptum
3094 1753 3165 1807 'sit
3191 1771 3204 1806 :
3238 1751 3407 1805 Corde
3434 1751 3608 1804 credi—

330 1846 609 1905 humerale
630 1846 961 1918 praecipitur.
984 1844 1215 1901 Brachia
1232 1860 1262 1898 a
1286 1841 1599 1899 fortitudine
1615 1840 1914 1896 nominata.

2030 1859 2109 1904 tur
2135 1849 2205 1903 ad
2233 1849 2499 1920 justitiam
2525 1888 2540 1914 ,
2591 1865 2680 1903 ore
2717 1857 2892 1902 autem
2922 1846 3174 1916 confessio
3200 1846 3259 1914 ﬁt
3292 1845 3360 1898 ad
3389 1844 3609 1898 salutem

331 1939 478 2012 Bary
515 1939 654 1995 enim
681 1936 869 1994 Graece
896 1951 1058 2008 grave
1083 1944 1139 1991 et
1167 1935 1306 1990 forte
1335 1933 1684 2006 significatur.
1709 1931 1767 1986 ln
1794 1930 1918 1985 bra-

335 2031 476 2088 chiis
505 2031 650 2085 enim
680 2028 822 2085 thori
844 2028 1171 2083 lacertorum
1187 2034 1334 2091 sunt,
1358 2033 1413 2079 et
1428 2024 1637 2094 insigne
1652 2020 1922 2076 musculo-

333 2138 457 2178 rum
490 2120 654 2175 robur
678 2119 882 2175 existit.
932 2116 997 2172 Hi
1035 2124 1163 2172 sunt
1191 2115 1353 2181 thori,
1380 2114 1432 2169 id
1460 2121 1544 2168 est
1564 2109 1791 2167 musculi
1822 2127 1836 2163 :
1867 2114 1924 2164 et

333 2214 467 2270 dicti
487 2212 655 2278 thori,
668 2212 810 2283 quod
829 2210 941 2266 illic
950 2210 1159 2265 viscera
1176 2217 1316 2263 torta
1327 2206 1629 2262 videantur.
1652 2202 1922 2258 Humerus

335 2312 518 2360 autem
532 2318 631 2373 pro
641 2316 808 2358 onere
818 2299 1108 2372 aliquando
1120 2299 1326 2370 positus
1340 2292 1923 2369 reperitur,aliquando

335 2410 437 2468 pro
457 2393 792 2452 fortitudine.
808 2391 1178 2447 Dicitur‘enim
1200 2390 1252 2445 in
1277 2387 1648 2445 benedictione
1673 2383 1925 2441 Issachar

336 2488 492 2561 (Gen.
520 2484 696 2557 xux),
718 2485 860 2554 quod
888 2483 1003 2554 ipse
1049 2482 1211 2538 fuerit
1233 2482 1418 2537 asinus
1445 2480 1623 2546 fortis,
1649 2488 1706 2535 et
1728 2494 1926 2552 suppo-

336 2580 510 2638 suerit
535 2580 822 2635 humerum
844 2592 1000 2631 suum
1022 2576 1090 2631 ad
1104 2575 1446 2647 portandum.
1466 2573 1526 2627 In
1547 2587 1655 2643 quo
1681 2572 1927 2645 intelligi-

340 2679 430 2726 tur
441 2668 665 2739 simplex
681 2666 864 2739 gentili
873 2675 1099 2736 tas,quze
1112 2680 1170 2721 se
1181 2664 1283 2720 idci
1292 2679 1383 2719 rco
1395 2664 1462 2718 ad
1479 2662 1643 2717 robur
1654 2663 1779 2717 boni
1802 2678 1927 2733 ope-

337 2764 418 2819 ris
431 2762 591 2833 erigit
612 2779 624 2815 :
657 2759 784 2831 quia
800 2759 868 2813 ad
898 2767 1157 2814 aeternam
1170 2758 1294 2812 vitae
1308 2756 1538 2827 patriam
1566 2754 1754 2810 tendit.
1776 2754 1928 2810 Unde

338 2855 510 2911 etiam
529 2862 584 2909 et
604 2853 756 2924 ponit
785 2854 1069 2908 humerum
1095 2851 1161 2905 ad
1187 2849 1526 2921 portandum,
1558 2848 1685 2917 quia
1707 2848 1832 2901 dum
1859 2845 1927 2901 ad

340 2944 664 3014 promissam
688 2941 925 3011 requiem
947 2939 1230 3011 pervenire
1254 2937 1547 3003 desiderat,
1567 2944 1762 2991 cuncta
1777 2949 1929 2989 man-

340 3034 591 3090 datorum
612 3048 775 3104 opera
804 3033 1034 3089 libenter
1063 3039 1263 3102 portat.
1288 3030 1507 3101 Legitur
1528 3036 1583 3085 et
1612 3029 1668 3084 in
1690 3028 1827 3083 Isaia
1863 3027 1931 3084 de

2023 1939 2203 2013 (Rom.
2233 1940 2310 2012 ιι).
2341 1939 2491 1995 Unde
2519 1948 2575 1994 et
2598 1939 2865 2009 sapientia
2896 1938 3022 1993 alibi
3056 1937 3189 1992 dicit
3215 1956 3229 1991 :
3260 1936 3363 2002 Qui
3393 1952 3614 1995 operan-

2022 2040 2110 2085 tur
2134 2032 2189 2085 in
2224 2047 2325 2097 me,
2357 2048 2461 2086 non
2485 2030 2769 2101 pcccabunt
2811 2029 3001 2102 (Eccli.
3030 2029 3199 2100 xxiv).
3234 2028 3368 2082 lliuc
3398 2037 3451 2082 et
3498 2028 3610 2098 ipsa

2024 2121 2236 2179 Veritas
2264 2123 2339 2178 ait
2364 2142 2378 2178 :
2417 2123 2543 2178 Non
2568 2123 2759 2189 omnis,
2787 2123 2877 2194 qui
2903 2123 3029 2176 dicit
3056 2124 3207 2187 mihi,
3240 2122 3481 2186 Domine,
3508 2119 3613 2175 Do-

2022 2214 2182 2279 mine,
2213 2212 2427 2267 intrabit
2458 2213 2515 2267 in
2552 2229 2767 2283 regnum
2800 2211 3089 2267 calorum:
3117 2212 3208 2267 sed
3235 2213 3328 2283 qui
3368 2212 3494 2281 facit
3519 2229 3613 2266 vo-

2024 2304 2278 2360 luntatem
2300 2304 2500 2370 Patris,
2521 2305 2611 2375 qui
2639 2305 2692 2357 in
2740 2302 2878 2359 caelis
2913 2313 3009 2370 est,
3038 2305 3144 2374 ipse
3170 2304 3384 2358 intrabit
3427 2304 3483 2357 in
3528 2320 3610 2356 re-

2026 2412 2186 2468 gnum
2207 2394 2453 2450 caelorum
2476 2394 2691 2467 (Matth.
2717 2394 2838 2466 vn).
2863 2393 3051 2449 Manus
3074 2394 3237 2460 dicta,
3267 2394 3409 2464 quod
3435 2394 3504 2448 sit
3530 2405 3613 2448 to-

2026 2487 2135 2541 tius
2156 2486 2398 2557 corporis
2424 2501 2640 2541 munus.
2674 2484 2795 2555 Ipsa
2825 2485 2967 2541 enim
2994 2486 3172 2540 cibum
3193 2485 3274 2541 ori
3305 2486 3607 2539 ministrat:

2028 2576 2144 2647 ipsa
2167 2586 2427 2647 operatur
2451 2576 2631 2631 omnia
2666 2585 2829 2647 atque
2854 2576 3134 2647 dispensat
3160 2594 3171 2629 :
3200 2591 3300 2645 per
3324 2591 3443 2630 eam
3469 2575 3614 2629 acci-

2027 2668 2208 2739 pimus
2234 2676 2289 2723 et
2311 2669 2522 2724 damus.
2542 2667 2778 2723 Abusive
2819 2683 3011 2723 manus
3038 2668 3201 2722 etiam
3232 2683 3322 2722 ars
3352 2667 3434 2721 vel
3481 2669 3617 2721 arti-

2029 2759 2160 2816 fex:
2194 2761 2336 2816 unde
2362 2768 2419 2815 et
2461 2776 2655 2815 manus
2706 2760 2940 2830 pretium
2986 2758 3236 2815 dicimus.
3284 2757 3474 2813 Manus
3518 2757 3618 2812 ali-

2027 2853 2243 2925 quando
2265 2860 2586 2923 potestatem
2614 2851 2899 2923 significat,
2930 2859 2989 2906 ut
3017 2859 3102 2906 est
3139 2850 3268 2905 illud
3294 2849 3614 2909 Psalmistne,

2031 2959 2139 3013 quo
2184 2943 2253 2998 ad
2296 2943 2582 2999 Dominum
2611 2942 2687 2997 ait
2713 2962 2725 2996 :
2757 2941 2823 2997 In
2852 2944 3092 2997 manibus
3119 2942 3222 2996 tuis
3274 2951 3528 3012 tempora.
3557 2941 3623 2994 Et

2031 3032 2199 3091 Jacob
2221 3034 2531 3104 patriarcha
2559 3034 2627 3088 ad
2647 3031 2837 3088 ludam
2866 3032 3034 3087 tilium
3064 3048 3242 3097 suum,
3274 3030 3467 3084 Manus
3487 3071 3502 3095 ,
3534 3030 3618 3084 iu-

340 3125 569 3182 Domino
602 3125 901 3188 Salvatore,
930 3126 1073 3195 quod
1095 3122 1270 3179 factus
1299 3123 1373 3178 sit
1411 3122 1742 3192 principatus
1769 3135 1933 3191 super
2034 3127 2189 3198 quit,
2231 3136 2324 3181 tua
2383 3127 2438 3181 in
2484 3127 2765 3182 ceruicibus
2817 3127 3151 3181 inimicorum
3180 3134 3392 3180 tuorum
3445 3124 3463 3196 (
3487 3122 3617 3179 Gen.

342 3220 627 3275 humerum
648 3219 768 3290 ejus
792 3218 948 3289 (lsai.
970 3216 1109 3289 Lm),
1141 3232 1207 3273 eo
1228 3215 1372 3286 quod
1390 3228 1608 3271 crucem
1629 3228 1785 3268 suam
1810 3212 1928 3282 ipse
1958 3206 2002 3269 C
2035 3216 2206 3290 xux).
2233 3217 2541 3287 Aliquando
2579 3217 2963 3272 discretionem
2984 3214 3196 3284 judicii,
3226 3224 3285 3269 ut
3324 3223 3407 3269 est
3447 3214 3573 3268 illud
3602 3232 3615 3267 :

341 3309 657 3380 portaverit,
689 3308 771 3363 vel
807 3324 903 3379 per
944 3310 1230 3363 humerum
1250 3306 1541 3363 ostendens
1569 3304 1777 3360 brachii
1822 3300 1932 3358 for-

346 3401 650 3466 titudinem,
682 3399 872 3456 eodem
920 3399 1058 3454 Isaia
1087 3399 1337 3455 dicente:
1383 3395 1643 3451 Revelavit
1675 3394 1933 3448 Dominus

343 3493 616 3548 brachium
641 3501 883 3546 sanctum
912 3507 1065 3545 suum
1087 3490 1327 3545 omnibus
1363 3488 1597 3560 gentibus
1629 3486 1783 3558 (Isai.
1811 3484 1930 3555 LII).

342 3584 413 3639 Et
434 3598 652 3638 rursum
678 3599 692 3635 :
723 3581 965 3646 Domine,
987 3582 1105 3652 quis
1129 3580 1349 3636 credidit
1383 3579 1591 3633 auditui
1622 3586 1799 3632 nostro
1824 3618 1839 3641 ,
1882 3584 1930 3631 et

258 3706 265 3713 -
340 3677 619 3730 brachium
643 3673 855 3726 Domini
876 3673 961 3725 cui
985 3673 1264 3727 rerelatum
1298 3680 1375 3726 est
1402 3670 1556 3743 (Isai.
1596 3670 1737 3742 LIII).
1774 3668 1937 3725 Cubi—

343 3775 464 3820 tum
493 3763 719 3830 dictum,
742 3760 885 3831 quod
908 3761 975 3815 ad
1023 3761 1174 3816 cibos
1213 3761 1505 3816 sumendos
1532 3760 1587 3815 in
1622 3760 1739 3830 ipso
1774 3758 1937 3814 cuba-

342 3870 490 3911 mus.
515 3852 574 3907 ln
595 3851 781 3907 cubito
805 3862 986 3906 autem
1017 3849 1301 3919 aliquando
1323 3858 1513 3905 auctor
1547 3857 1603 3905 et
1633 3849 1941 3917 redemptor

344 3928 571 4003 humani
597 3942 816 4015 generis
844 3941 1176 4013 designatur,
1220 3948 1280 3995 ut
1312 3947 1398 3996 est
1430 3939 1560 3995 illud
1612 3939 1667 3993 in
1693 3945 1941 3994 constru-

346 4036 528 4093 ctione
552 4048 694 4090 arcte
721 4030 871 4089 Noe:
907 4031 974 4086 Et
1001 4032 1056 4086 in
1082 4030 1254 4087 cubito
1276 4072 1291 4098 ,
1332 4030 1531 4102 inquit,
1555 4028 1940 4085 consummabis

349 4128 701 4184 summitatem
747 4127 862 4193 eius
893 4124 1046 4197 (Gen.
1078 4123 1177 4195 vn).
1208 4122 1266 4179 In
1297 4138 1405 4179 uno
1437 4139 1568 4195 ergo
1596 4123 1779 4179 cubito
1802 4137 1937 4178 con-

349 4226 654 4275 summatur
690 4233 818 4272 arca
845 4236 858 4273 :
902 4218 1029 4288 quia
1052 4231 1193 4272 unus
1213 4225 1299 4273 est
1327 4224 1519 4273 auctor
1539 4223 1595 4271 et
1632 4216 1940 4286 redemptor

350 4317 556 4367 sanctae
576 4307 831 4363 Ecclesize
855 4308 973 4364 sine
1006 4316 1255 4377 peccato,
1281 4306 1347 4362 ad
1374 4322 1533 4377 quem
1563 4316 1614 4362 et
1637 4322 1735 4377 per
1774 4320 1938 4377 quem

351 4415 543 4457 omnes
569 4399 888 4470 proﬁciunt,
934 4400 1028 4470 qui
1071 4414 1131 4455 se
1163 4415 1283 4455 esse
1303 4407 1618 4470 peccatores
1647 4405 1932 4454 noverunt.

350 4492 484 4548 Item
513 4490 682 4547 cubiti
726 4492 832 4546 duo
861 4499 1131 4561 pmcepta
1176 4490 1476 4546 eharitatis.
1514 4491 1667 4547 Unde
1710 4501 1765 4545 et
1804 4505 1933 4545 arca

352 4583 707 4648 Testamenti,
739 4597 860 4650 qua:
883 4589 1067 4651 typum
1095 4581 1351 4637 Ecclesiae
1379 4582 1586 4647 habuit,
1616 4581 1751 4636 duos
1775 4581 1932 4636 cubi-

354 4672 699 4729 toshabuisse
711 4671 767 4725 in
789 4670 1119 4741 longitudine
1133 4670 1466 4741 perhibetur.
1483 4669 1619 4725 Ulna
1635 4669 1932 4724 secundum

353 4760 615 4829 quosdam
665 4760 944 4829 utriusque
989 4774 1179 4814 manus
1205 4758 1452 4815 extensio
1481 4766 1565 4814 est
1591 4775 1604 4810 :
1636 4758 1933 4813 secundum

353 4851 493 4906 alios
520 4849 750 4915 cubitus,
782 4850 925 4920 quod
962 4849 1134 4920 magis
1177 4864 1364 4904 verum
1408 4857 1521 4914 est;
1574 4847 1700 4917 quia
1750 4846 1937 4902 Grzece

351 4941 509 4997 olene
533 4941 748 4998 cubitus
790 4942 1006 4997 dicitur.
1050 4940 1186 4997 Ulna
1213 4940 1485 5011 signiﬁcat
1512 4939 1707 4994 bonam
1747 4952 1938 5008 opera-

356 5031 582 5087 tionem.
619 5030 773 5087 Unde
803 5029 1022 5087 Simeon
1047 5030 1248 5086 dicitur
1268 5030 1540 5086 Christum
1564 5030 1618 5084 in
1647 5029 1789 5084 ulnis
1816 5044 1935 5084 sus-

352 5122 563 5193 cepisse
585 5130 641 5177 et
686 5122 972 5177 Dominum
1011 5122 1352 5186 benedixisse
1375 5121 1525 5194 (Luc.
1573 5122 1656 5192 ιι).
1689 5121 1828 5188 Quid
1850 5128 1933 5176 est

352 5215 499 5270 enim
527 5212 804 5269 Christum
852 5214 906 5269 in
955 5213 1099 5268 ulnis
1149 5213 1444 5283 suscipere,
1487 5213 1592 5267 nisi
1644 5213 1748 5283 piis
1787 5214 1933 5268 hunc

352 5304 609 5374 operibus
634 5302 785 5358 velut
818 5304 1076 5358 membris
1106 5303 1305 5359 nostris
1325 5303 1687 5374 amplectere?
1714 5301 1817 5357 Per
1845 5303 1931 5356 ul-

354 5408 453 5449 nas
475 5393 622 5449 enim
644 5393 906 5448 virtutum
943 5394 1189 5464 operatio
1240 5395 1581 5464 exprimitur.
1611 5393 1743 5449 Cum
1791 5395 1936 5449 enim

358 5486 480 5556 quis
526 5486 584 5541 in
616 5485 725 5541 alio
750 5486 1080 5543 esurientem
1104 5486 1381 5543 Christum
1411 5487 1590 5551 satiat,
1614 5488 1670 5542 in
1708 5486 1815 5542 alio
1861 5486 1942 5542 si-

358 5577 583 5632 tientem
607 5584 777 5648 potat,
811 5577 865 5632 in
887 5576 994 5633 alio
1032 5578 1297 5649 hospitem
1328 5578 1574 5650 suscipit,
1603 5579 1657 5633 in
1705 5578 1813 5634 alio
1838 5594 1944 5634 nu-

358 5667 486 5722 dum
508 5668 688 5737 operit
706 5706 721 5732 ,
752 5668 808 5723 in
827 5669 933 5725 alio
956 5669 1227 5725 inﬁmum
1263 5668 1348 5725 vel
1374 5670 1430 5725 in
1465 5684 1684 5727 carcere
1709 5671 1943 5743 positum

358 5757 584 5813 visitat:
646 5759 731 5816 bis
781 5760 965 5829 procul
1010 5761 1173 5818 (hihio
1222 5762 1431 5819 devotis
1480 5764 1780 5819 actionibus
1821 5772 1942 5818 tan-

2035 3308 2286 3364 Extendit
2311 3324 2528 3362 manum
2553 3324 2703 3362 suam
2731 3308 2785 3361 in
2811 3306 3139 3361 retribuendo
3160 3305 3266 3361 illis
3288 3303 3461 3378 (Psal.
3486 3305 3619 3375 Liv).

2034 3400 2223 3456 Manus
2243 3401 2328 3456 his
2349 3399 2603 3456 virtutem
2625 3399 2812 3469 judicii
2845 3399 3252 3471 signiﬁcatqute
3276 3409 3402 3455 tunc
3431 3408 3622 3454 osten-

2035 3491 2209 3557 ditur,
2260 3492 2477 3563 quando
2528 3491 2672 3547 illam
2703 3491 3087 3547 discretionem
3134 3491 3397 3546 bonorum
3450 3489 3623 3543 malo-

2035 3600 2265 3655 rumque
2288 3585 2495 3641 fecerit.
2526 3583 2714 3638 Manus
2742 3598 2839 3652 pro
2876 3581 3017 3636 bona
3039 3580 3355 3651 operatione
3379 3579 3625 3650 aliquan—

2037 3678 2107 3734 do
2132 3676 2373 3747 ponitur,
2396 3685 2455 3731 ut
2500 3677 2554 3731 in
2590 3675 2804 3731 Psalmo
2829 3692 2842 3728 :
2874 3672 3069 3727 Manus
3098 3681 3203 3726 tua:
3249 3672 3481 3743 fecerunt
3509 3687 3621 3737 me,

2037 3778 2085 3824 et
2121 3767 2509 3838 plasmaverunt
2534 3783 2615 3821 me
2657 3764 2829 3839 (Psal.
2881 3763 3090 3834 cxvm).
3125 3762 3191 3817 Et
3237 3762 3401 3817 alibi:
3435 3761 3621 3827 Deum,

2038 3860 2237 3930 inquit,
2263 3858 2515 3930 exquisivi
2564 3858 2805 3912 manibus
2856 3858 2985 3911 meis
3029 3853 3201 3927 (Psal.
3238 3852 3441 3924 Lxxvt).
3492 3852 3623 3907 Item

2037 3967 2234 4007 manus
2261 3950 2434 4004 virtus
2450 3948 2644 4003 anima:
2672 3949 2785 4004 sive
2811 3963 2948 4018 Opus
2964 3947 3262 4011 bonum,ut
3284 3944 3338 3998 in
3363 3942 3579 3999 Psalmo
3605 3959 3621 3996 :

2041 4038 2268 4095 Labores
2288 4054 2539 4092 manuum
2580 4046 2791 4091 tuarum
2823 4033 3165 4090 manducabis
3194 4032 3366 4105 (Psal.
3391 4030 3619 4102 cxxvn).

2039 4132 2097 4188 In
2119 4130 2446 4188 contrariam
2469 4143 2597 4183 vero
2616 4135 2827 4198 partem
2856 4140 3049 4182 manus
3070 4123 3429 4194 accipiuntur,
3460 4131 3518 4176 ut
3543 4130 3627 4176 est

2039 4223 2202 4279 illud:
2236 4219 2534 4277 Secundum
2560 4219 2913 4290 operationem
2941 4233 3193 4273 manuum
3213 4230 3434 4270 suarum
3469 4212 3623 4267 retri-

2041 4316 2138 4371 bue
2169 4314 2276 4370 illis
2306 4310 2489 4387 (Prov.
2523 4312 2647 4381 xu).
2673 4309 2906 4365 Dextera
2930 4316 3156 4363 vocatur
3192 4324 3223 4361 a
3259 4304 3455 4361 dando.
3504 4303 3623 4374 Ipsa

2037 4403 2183 4461 enim
2205 4403 2397 4474 pignus
2424 4400 2572 4472 pacis
2597 4399 2773 4463 datur,
2802 4399 2916 4469 ipsa
2944 4397 3069 4453 lidel
3101 4396 3253 4452 testis
3284 4402 3445 4465 atque
3480 4392 3625 4449 salu-

2041 4497 2109 4549 tis
2138 4492 2453 4556 adhibetur;
2505 4497 2562 4544 et
2591 4490 2694 4545 hoc
2732 4499 2817 4544 est
2842 4488 2969 4543 illud
2998 4488 3140 4558 apud
3168 4486 3399 4542 Tullium
3425 4504 3437 4539 :
3470 4504 3487 4536 ι
3530 4484 3621 4539 Fi-

2037 4584 2158 4639 dem
2180 4580 2449 4653 publicam
2490 4578 2643 4648 jussu
2674 4578 3051 4642 senatusdedi,
3076 4595 3093 4627 ι
3120 4575 3172 4630 id
3204 4576 3618 4640 est,dexteram.

2037 4671 2190 4727 Unde
2225 4677 2280 4723 et
2331 4668 2639 4739 Apostolus,
2670 4667 2946 4732 Dexteras,
2972 4666 3176 4735 inquit,
3217 4665 3471 4718 dederunt
3495 4664 3623 4717 mihi

2035 4774 2084 4818 et
2119 4761 2379 4816 Barnaba:
2416 4761 2678 4815 societatis
2722 4757 2863 4830 (Gal.
2902 4758 2985 4829 ιι).
3039 4756 3269 4810 Sinistra
3311 4763 3491 4811 autem
3522 4769 3620 4810 vo-

2034 4864 2175 4922 cata,
2215 4854 2368 4926 quasi
2408 4852 2524 4909 sine
2560 4852 2802 4917 dextera,
2843 4849 2957 4905 sive
2991 4847 3135 4917 quod
3168 4863 3280 4902 rem
3308 4847 3423 4903 fieri
3451 4847 3617 4903 sinat.

2037 4948 2082 5002 A
2108 4947 2333 5003 sinendo
2362 4955 2539 5001 autem
2569 4943 2785 4999 sinistra
2811 4948 2895 4996 est
2924 4946 3252 5009 nuncupata.
3305 4938 3409 4994 Per
3436 4938 3624 4995 dexte-

2041 5055 2156 5095 ram
2185 5038 2329 5094 enim
2357 5034 2642 5107 aliquando
2672 5033 2984 5103 designatur
3028 5028 3271 5085 Christus
3305 5029 3473 5085 Filius
3502 5029 3622 5095 Dei,

2041 5138 2264 5202 propter
2289 5128 2587 5184 eﬂ'ectivam
2614 5124 2909 5195 potentiam
2927 5163 2942 5188 ,
2969 5121 3036 5177 de
3067 5139 3174 5193 quo
3201 5122 3459 5191 scriptum
3495 5131 3580 5177 est
3604 5141 3618 5176 :

2044 5223 2272 5278 Dextera
2298 5221 2508 5275 Domini
2535 5220 2653 5291 fecit
2679 5219 2939 5283 virtutem,
2967 5217 3194 5271 Dextera
3234 5216 3445 5271 Domini
3483 5216 3623 5272 exal-

2046 5314 2170 5367 tavit
2200 5329 2281 5366 me
2307 5310 2480 5384 (Psal.
2508 5308 2696 5379 cxvn).
2736 5308 3037 5379 Aliquando
3071 5317 3270 5365 azterna
3309 5307 3619 5363 beatitudo:

2042 5404 2186 5459 unde
2206 5404 2321 5473 ipse
2342 5400 2585 5457 Christus
2614 5398 2809 5454 dicitur
2839 5399 2890 5454 in
2922 5400 3141 5455 dextera
3165 5398 3258 5453 Dei
3281 5398 3492 5464 sedere,
3520 5397 3624 5453 hoc

2039 5501 2140 5558 est,
2182 5492 2235 5547 in
2278 5499 2476 5545 acterna
2512 5487 2843 5544 beatitudine
2881 5503 3127 5560 regnare.
3168 5486 3470 5559 Aliquando
3507 5487 3621 5542 ele-

2040 5583 2150 5639 ctio
2197 5591 2541 5646 sanctorum,
2607 5580 2749 5635 unde
2816 5579 3071 5635 dicuntur
3130 5577 3262 5649 justi
3328 5588 3474 5634 stare
3551 5562 3621 5631 ad

2041 5675 2316 5729 dexteram
2347 5668 2550 5727 Iudicis
2583 5669 2797 5742 (Matth.
2839 5667 2985 5740 xxv),
3015 5668 3118 5724 hoc
3143 5675 3246 5733 est,
3269 5676 3471 5723 (eterna
3494 5666 3622 5721 bea-

2043 5762 2272 5818 titudine
2305 5760 2470 5834 digni,
2511 5770 2565 5816 et
2601 5769 2913 5832 peccatores
2950 5760 3017 5816 ad
3054 5759 3347 5826 sinistram,
3377 5760 3478 5813 hoc
3514 5765 3617 5821 est,
