4074 6316
447 327 550 385 159

1083 321 1146 378 Β.
1187 319 1444 376 RABANI
1483 319 1704 376 MAURI
1739 317 2058 376 ARCHIEP.
2099 316 2410 376 MOGUNT.
2452 313 2736 378 On-‘U’tUM
2773 319 2955 376 PARS
2991 319 3056 376 11.

3609 320 3720 379 ιω

441 443 499 498 in
526 445 732 511 partem
761 435 1069 508 reprobam,
1105 435 1199 506 qui
1229 433 1490 505 supplicio
1519 433 1702 488 traditi
1731 439 1877 488 sunt.
1931 429 2031 484 Hic
2058 428 2106 490 A
2133 432 2436 511 praesentia:
2462 433 2690 504 gittiam
2719 442 2998 504 respuunt.
3031 433 3164 488 Item
3193 431 3437 504 colaphis
3464 448 3589 490 eum
3619 452 3734 492 cae-

443 530 700 601 impletur
737 528 881 598 quod
922 525 1051 582 alibi
1097 527 1488 596 seriptum‘est
1520 543 1533 579 :
1565 523 1635 579 In
1679 524 1891 578 dextera
1934 521 2034 577 Dei

441 625 593 694 ignea
619 621 705 676 lex
745 621 922 693 (Deut.
955 616 1176 688 xxxm),
1221 633 1252 672 a
1296 617 1518 672 sinislra
1562 627 1743 672 autem
1780 615 1899 684 ejus
1943 629 2032 670 re-

443 712 622 784 probi.
673 711 731 766 In
767 710 984 765 sinistra
1017 723 1145 779 ergo
1183 707 1391 762 Domini
1419 708 1636 778 reprobi
1663 705 1826 778 positi
1853 711 2029 769 erunt,

445 803 539 874 qui
595 811 650 857 et
680 801 917 865 sinistra,
947 801 1049 856 hoc
1107 806 1210 865 est,
1241 799 1552 869 praesentia,
1595 797 1834 868 quandiu
1880 795 2032 852 vixev

440 903 588 960 runt,
615 892 822 947 ardenti
854 891 1146 962 cupiditate
1172 898 1490 944 amaverunt
1515 909 1528 944 :
1553 904 1652 944 nec
1681 895 2032 952 aeternorum,

442 1002 561 1058 qum
587 1001 685 1058 per
713 985 988 1040 dexteram
1028 981 1426 1054 signiﬁcantur,
1465 980 1795 1038 desiderium
1831 978 2036 1034 habue-

440 1085 586 1132 runt.
628 1075 782 1140 Item,
813 1073 1032 1128 dextera
1057 1071 1328 1143 significat
1350 1084 1588 1125 amorem
1616 1075 1836 1124 aiterua:
1863 1067 1990 1122 vitae
2015 1083 2030 1121 :

439 1176 496 1222 et
542 1167 759 1222 sinistra
813 1163 1220 1220 delectationem
1275 1162 1450 1218 laudis
1507 1161 1788 1232 przesentis
1830 1157 2033 1214 steculi.

440 1257 594 1313 Unde
625 1257 818 1312 dicitur
851 1273 864 1310 :
898 1252 966 1308 Te
1013 1262 1186 1308 autem
1229 1252 1450 1323 faciente
1494 1250 1892 1320 eleemosynam,
1946 1263 2036 1300 ne-

437 1350 569 1404 sciat
621 1347 834 1402 sinistra
873 1355 997 1410 tua,
1053 1345 1180 1416 quid
1224 1343 1386 1414 faciat
1440 1343 1657 1396 dextera
1700 1349 1836 1394 tua:
1867 1347 1924 1392 ut
1967 1339 2034 1392 sit

437 1438 760 1508 eleemosyna
790 1446 880 1490 tua
907 1437 962 1490 in
993 1434 1246 1490 absconso
1267 1450 1286 1488 :
1309 1442 1358 1488 et
1400 1431 1562 1486 Pater
1589 1441 1732 1496 tuus,
1769 1429 1858 1502 qui
1900 1428 2036 1484 videt

437 1529 494 1583 in
537 1527 822 1592 absconso,
864 1525 1042 1582 reddet
1097 1523 1190 1578 tibi
1239 1523 1455 1596 (Matth.
1504 1521 1602 1594 vt).
1658 1519 1798 1588 Quid
1843 1528 1929 1575 est
1980 1518 2036 1573 in

437 1617 776 1684 abscondito,
805 1615 910 1671 nisi
941 1615 994 1668 in
1032 1615 1146 1684 ipsa
1176 1613 1317 1670 bona
1361 1611 1715 1674 conscientia,
1763 1624 1883 1679 quae
1925 1609 2032 1663 bu-

439 1707 615 1762 manis
644 1707 816 1762 oculis
841 1705 1206 1763 demonstrari
1232 1720 1338 1760 non
1361 1711 1561 1774 potest,
1585 1717 1685 1757 nec
1705 1700 1886 1756 verbis
1906 1713 2034 1770 ape-

2133 510 2288 592 dunt,
2319 525 2411 594 qui
2441 527 2490 581 ei
2517 525 2750 582 honores
2777 541 2904 582 suos
2927 524 3240 596 praeferunt.
3291 525 3509 582 Palmas
3545 527 3600 583 in
3641 527 3731 584 fa-

2132 615 2269 672 ciem
2291 617 2344 670 ei
2365 615 2517 682 dant,
2547 615 2641 686 qui
2671 615 2899 686 perﬁdia
2941 615 3150 682 caecati,
3191 629 3314 671 eum
3359 632 3468 672 non
3509 619 3731 677 venisse

2132 706 2423 774 allirmant,
2445 709 2783 778 praesentiam
2809 709 2925 780 ejus
2947 708 3369 765 exterminantes
3388 718 3446 766 et
3460 710 3734 781 repellen-

2133 805 2234 853 tes.
2291 797 2462 852 Error
2489 797 2864 853 haereticorum
2900 797 2973 854 de
2991 796 3209 854 Christo
3237 799 3410 854 tribus
3435 800 3732 872 generibus

2136 889 2473 945 terminatur.
2518 889 2628 944 Aut
2655 889 2800 945 enim
2826 889 2894 944 de
2921 889 3220 954 divinitate,
3257 897 3352 945 aut
3377 891 3444 946 de
3474 891 3730 947 humani-

2135 988 2265 1047 tate,
2289 989 2383 1039 aut
2408 981 2474 1036 de
2505 980 3031 1052 utroque'l‘alluntur.
3063 981 3224 1053 Digiti
3249 984 3564 1053 nuncupati,
3595 985 3727 1054 quia

2134 1067 2318 1124 decem
2347 1077 2474 1125 sunt
2502 1088 2515 1125 :
2548 1069 2632 1126 vel
2656 1071 2784 1141 quia
2811 1071 3065 1128 decenter
3085 1071 3262 1142 juncti
3287 1072 3545 1128 existunt.
3585 1073 3729 1129 Nam

2135 1159 2337 1215 habent
2363 1161 2420 1215 in
2455 1175 2515 1217 se
2551 1170 2608 1218 et
2641 1177 2924 1218 numerum
2974 1161 3452 1234 perfectissimum,
3487 1171 3546 1220 et
3582 1166 3731 1220 ordi-

2135 1266 2259 1306 nem
2297 1251 2756 1308 decentissimum.
2795 1253 2956 1324 Digiti
2991 1260 3172 1310 autem
3206 1271 3306 1326 pro
3343 1256 3731 1314 distributione

2133 1341 2397 1398 donorum
2423 1341 2656 1414 Spiritus
2684 1346 2858 1401 sancti
2885 1347 2938 1402 in
2962 1347 3248 1417 scripturis
3275 1331 3560 1420 allegorice
3579 1352 3729 1406 acci-

2135 1433 2373 1503 piuntur.
2425 1432 2561 1488 Nam
2585 1435 2846 1505 scriptum
2869 1445 2952 1491 est
2973 1437 3028 1492 in
3056 1437 3364 1510 Evangelio,
3391 1439 3618 1496 Domino
3643 1443 3731 1497 dia-

2135 1531 2291 1578 cente
2315 1541 2328 1576 :
2354 1521 2416 1579 Si
2445 1523 2500 1578 in
2533 1524 2695 1594 digito
2725 1524 2822 1579 Dei
2847 1524 2998 1594 ejicio
3025 1526 3288 1582 dremonia
3312 1527 3462 1600 (Luc.
3487 1530 3588 1602 ιι),
3619 1532 3730 1588 hoc

2136 1622 2237 1680 est,
2286 1615 2344 1670 in
2387 1614 2588 1672 virtute
2626 1615 2860 1685 Spiritus
2899 1609 3096 1682 sancti,
3125 1618 3358 1688 profecto
3383 1623 3638 1691 perveniet
3667 1624 3731 1677 in

2135 1721 2226 1760 vos
2255 1722 2470 1778 regnum
2495 1706 2594 1761 Dei
2623 1705 2836 1780 (Ibid.).
2874 1707 2945 1762 Et
2982 1709 3038 1763 in
3067 1708 3252 1764 Exodo
3291 1710 3510 1782 legitur,
3551 1711 3729 1783 Digito

439 1797 580 1851 riri?
619 1798 852 1851 Rursum
883 1811 982 1867 per
1013 1796 1293 1850 dexteram
1323 1793 1659 1866 signiﬁcatur
1689 1792 1870 1847 futura
1895 1793 2028 1856 vita,
2057 1785 2106 1846 Β
2133 1793 2348 1850 Domini
2370 1795 2529 1866 legem
2558 1796 2720 1866 fuisse
2751 1799 3094 1870 conscriptam
3126 1799 3326 1872 (Exod.
3357 1801 3530 1875 xxxi),
3561 1819 3730 1872 quem

437 1898 491 1944 et
518 1903 616 1959 per
640 1889 916 1943 sinistram
942 1902 1199 1958 prtesens.
1256 1885 1406 1943 Unde
1432 1886 1496 1941 de
1519 1885 1745 1940 Domino
1766 1884 2027 1954 scriptum

435 1987 521 2033 est
549 1997 562 2032 :
596 1977 661 2032 In
690 1977 899 2032 dextera
931 1979 1046 2048 ejus
1073 1975 1345 2046 longitudo
1373 1975 1596 2038 dierum,
1636 1983 1684 2029 et
1724 1975 1779 2028 in
1813 1973 2029 2028 sinistra

435 2071 570 2140 ejus,
601 2070 798 2124 divitia:
823 2079 870 2124 et
899 2067 1080 2140 gloria:
1119 2066 1300 2140 (Prov.
1325 2066 1441 2141 tu);
1475 2067 1599 2138 quia
1625 2066 1716 2121 hic
1745 2065 1918 2122 sancti
1951 2063 2032 2120 di-

435 2161 597 2215 vitias
621 2160 882 2214 virtutum
915 2158 1190 2229 colligunt,
1228 2165 1284 2212 et
1318 2157 1374 2211 in
1411 2157 1594 2212 futuro
1624 2154 2034 2225 contemplatio-

435 2263 560 2304 nem
596 2247 776 2302 vultus
812 2247 903 2303 Dei
940 2247 1257 2316 percipient.
1307 2245 1446 2301 Nam
1491 2253 1547 2300 et
1591 2245 1721 2300 alibi
1758 2244 2031 2299 invenitur

437 2337 656 2392 dextera
700 2351 798 2406 pro
835 2335 1196 2407 prosperitate
1227 2335 1423 2404 posita,
1469 2335 1584 2390 sive
1631 2334 1908 2389 hominum
1951 2331 2030 2388 fa-

432 2443 566 2482 vore
591 2445 605 2482 :
633 2435 688 2481 et
723 2427 944 2482 sinistra
981 2442 1080 2496 pro
1121 2426 1450 2481 adversitate
1479 2424 1640 2494 hujus
1667 2425 1806 2488 vitae,
1839 2424 1922 2480 vel
1952 2423 2032 2478 vi-

435 2516 796 2587 tuperatione,
835 2523 894 2570 ut
932 2516 984 2570 in
1015 2515 1152 2570 Isaia
1185 2534 1199 2569 :
1236 2514 1366 2570 Iltrc
1403 2525 1478 2570 est
1517 2517 1619 2581 via,
1665 2514 1931 2570 ambulate
1975 2516 2032 2571 in

415 2623 522 2673 rea,
547 2623 709 2676 neque
731 2606 798 2659 ad
817 2606 1105 2672 dexteram,
1130 2623 1292 2677 neque
1317 2606 1384 2660 ad
1407 2606 1672 2660 sinistram
1697 2603 1832 2678 (Isa.
1861 2605 2030 2678 xxx);

435 2697 576 2751 sicut
611 2697 726 2752 dies
763 2697 1054 2768 aliquando
1091 2698 1503 2766 prosperitatem
1527 2697 1816 2770 signiﬁcat,
1845 2706 1900 2752 et
1923 2696 2053 2754 nox

433 2787 839 2843 adversitatem.
885 2786 1190 2859 Aliquando
1219 2789 1442 2844 dextera
1472 2790 1612 2844 bona
1657 2804 1823 2858 opera
1851 2788 2032 2860 expri-

435 2879 552 2943 mit,
584 2894 705 2948 qure
735 2878 961 2932 Domino
985 2877 1227 2948 placent;
1267 2887 1324 2932 et
1359 2877 1578 2932 sinistra
1620 2878 1782 2944 mala,
1823 2893 1944 2949 quae
1981 2878 2032 2933 ei

434 2969 741 3039 displicent.
788 2969 1020 3024 Dextera
1057 2967 1284 3034 amicus,
1322 2969 1435 3024 sive
1476 2983 1633 3034 uxor,
1676 2968 1761 3024 vel
1797 2969 1914 3034 lilii,
1949 2967 2033 3022 vel

433 3059 661 3128 quilibet
685 3059 992 3130 propinqui,
1025 3059 1166 3114 sicut
1200 3059 1420 3130 quidam
1453 3059 1638 3114 volunt
1680 3059 1926 3132 intelligi,
1972 3069 2034 3116 ut

2135 1884 2292 1941 multi
2324 1883 2872 1954 Spiritum‘sanctum
2911 1890 3161 1960 accipere
3200 1891 3520 1948 voluerunt-
3558 1894 3628 1948 Et
3671 1895 3728 1949 in

2134 1975 2343 2045 psalmo
2380 1976 2608 2049 legitur:
2635 1977 2896 2044 Quoniam
2931 1979 3112 2036 videbo
3147 1979 3300 2036 caelos
3339 1998 3494 2052 opera
3529 1983 3730 2053 digito-

2137 2083 2250 2122 rum
2292 2077 2503 2122 tuorum
2543 2068 2714 2141 (Psal.
2746 2071 2886 2142 vui).
2925 2070 3114 2127 Merito
3152 2072 3295 2128 istud
3321 2074 3388 2129 de
3412 2073 3592 2129 futuro
3613 2074 3731 2146 glo.

2135 2163 2280 2220 riosa
2313 2165 2445 2220 dicit
2468 2165 2728 2232 Ecclesia,
2761 2183 2882 2238 quae
2907 2176 3032 2224 ante
3053 2169 3340 2225 adventum
3367 2169 3578 2226 Domini
3609 2181 3733 2227 erat

2135 2257 2311 2314 adhuc
2337 2259 2392 2314 in
2418 2259 2742 2331 patriarchis
2765 2269 2820 2317 et
2843 2263 3048 2318 sanctis
3073 2265 3384 2320 hominibus
3409 2267 3729 2321 constituta.

2133 2347 2227 2402 Ait
2255 2349 2398 2404 enim
2427 2367 2441 2403 :
2474 2351 2653 2406 videbo
2689 2351 2865 2420 ctelos,
2908 2353 2963 2408 id
3005 2361 3108 2420 est,
3141 2348 3317 2411 libros
3350 2355 3731 2426 Evangelicos,

2135 2441 2226 2510 qui
2253 2441 2377 2496 caeli
2405 2444 2599 2499 merito
2626 2445 2880 2500 dicuntur
2899 2431 2926 2500 ’τ
2954 2447 3211 2518 quoniam
3239 2450 3516 2504 continent
3536 2449 3732 2507 Domi-

2135 2545 2264 2584 num
2303 2529 2656 2596 Salvatorem,
2687 2535 2780 2604 qui
2816 2535 2951 2591 dixit
2982 2555 2996 2592 :
3032 2535 3231 2593 Caelum
3273 2538 3403 2592 mihi
3441 2538 3586 2594 sedes
3628 2551 3730 2608 est,

2135 2627 2276 2674 terra
2320 2631 2494 2678 autem
2532 2623 2816 2680 scabellum
2861 2626 3052 2696 pedum
3095 2643 3329 2683 meorum
3353 2627 3510 2700 '(Isa.
3555 2632 3729 2702 LXVl)s

2134 2707 2258 2764 ldeo
2283 2710 2372 2764 hic
2397 2711 2631 2780 positam
2661 2716 3031 2784 operationem
3060 2717 3351 2788 digitorum
3393 2720 3624 2786 aestimo,
3669 2731 3732 2776 ut

2134 2799 2304 2856 libros
2329 2801 2537 2858 divinos
2560 2807 2942 2874 cooperatione
2981 2815 3182 2863 sancta:
3226 2807 3508 2864 Trinitatis
3550 2809 3732 2882 perfe-

2135 2899 2254 2948 ctos
2281 2893 2563 2950 evidenter
2591 2897 2922 2962 ostenderet,
2949 2898 3088 2954 sicut
3109 2906 3164 2953 et
3188 2898 3312 2954 alibi
3350 2899 3547 2970 legitur
3576 2920 3589 2956 :
3619 2903 3730 2976 Ap.

2133 2983 2309 3054 pendit
2335 2985 2502 3040 tribus
2526 2986 2704 3058 digitis
2725 2987 2912 3042 malent
2945 2997 3098 3044 terra:
3131 2989 3267 3062 (Isti.
3309 2990 3420 3067 ιι).
3465 2995 3618 3064 Quod
3650 2999 3730 3053 si—

2136 3076 2252 3130 mili
2292 3088 2633 3134 sacramento
2668 3080 3036 3150 recipiendum
3074 3095 3180 3141 est.
3234 3085 3444 3156 Digitus
3467 3088 3610 3143 enim
3637 3087 3728 3143 di-

435 3150 490 3203 in
522 3149 854 3220 Evangelio:
891 3149 952 3204 Si
989 3149 1202 3204 dextera
1241 3166 1428 3204 manus
1465 3160 1555 3204 tua
1591 3151 1918 3208 scandalizat
1961 3160 2029 3220 te,

2137 3169 2279 3225 citur
2305 3169 2497 3227 divinae
2522 3149 2854 3243 operationis
2888 3173 3133 3242 ell‘ectus,
3182 3149 3328 3246 quod
3361 3186 3538 3246 potest
3577 3177 3730 3234 Patri

434 3241 644 3295 abscide
667 3259 802 3306 eam,
830 3251 890 3310 et
915 3243 1109 3312 projice
1151 3244 1242 3296 abs
1268 3253 1319 3300 te
1354 3243 1566 3318 (Matth.
1607 3246 1680 3319 v).
1717 3245 1904 3301 Palma
1946 3257 2032 3302 est

437 3347 631 3392 manus
659 3333 912 3406 expansis
939 3333 1123 3408 digitis
1148 3337 1288 3393 sicut
1312 3337 1607 3393 contractis
1641 3352 1870 3408 pugnus.
1924 3335 2030 3392 Pu-

435 3449 572 3503 guus
599 3443 781 3488 autem
804 3448 834 3487 a
856 3433 1053 3504 pugillo
1075 3433 1249 3488 dictus
1278 3451 1290 3486 :
1321 3433 1459 3488 sicut
1478 3431 1656 3504 palma
1682 3432 1750 3487 ab
1774 3429 2030 3501 expansis

433 3525 627 3596 palmze
671 3525 858 3580 ramis.
903 3525 963 3580 ln
1002 3524 1180 3596 palma
1233 3524 1528 3596 amplitudo
1571 3522 1893 3592 eloquentia:
1933 3521 2032 3576 ali-

437 3615 654 3686 quando
676 3617 926 3687 signatur
957 3635 969 3670 :
1003 3617 1140 3672 sicut
1181 3615 1234 3670 in
1266 3631 1446 3686 pugno
1471 3621 1733 3686 angustus
1765 3621 2030 3668 tractatus

438 3716 883 3776 argumentorum
936 3715 992 3762 et
1037 3705 1310 3762 conclusio
1359 3705 1812 3777 syllogismorum.
1877 3701 2031 3758 Unde

436 3797 656 3866 quidam
683 3796 1002 3867 sapientium
1034 3797 1101 3852 de
1130 3796 1420 3852 Dialectica
1444 3804 1498 3851 et
1531 3795 1822 3852 Rhetorica
1847 3795 2030 3865 dispu-

436 3897 560 3942 tans
589 3887 664 3942 ait
693 3905 708 3941 :
736 3886 1027 3943 Dialectica
1052 3895 1108 3942 et
1134 3887 1422 3944 Rhetorica
1451 3896 1565 3956 est,
1595 3888 1740 3960 quod
1771 3885 1827 3942 in
1865 3901 2029 3941 manu

438 3980 674 4036 hominis
715 3995 928 4052 pugnus
971 3980 1245 4047 astrictus,
1293 3989 1349 4037 et
1392 3980 1571 4051 palma
1617 3981 1874 4036 distensa.
1935 3980 2029 4036 llla

437 4069 586 4126 brevi
624 4070 870 4124 oratione
914 4079 1231 4140 argumenta
1275 4069 1567 4136 concludit,
1617 4069 1723 4128 ista
1767 4068 2032 4125 facundia:
2057 4109 2076 4117 κ

439 4179 660 4234 caiupos
689 4163 908 4234 cepioso
950 4178 1198 4220 sermone
1235 4163 1508 4220 discurrit.
1563 4163 1657 4218 llla
1697 4163 1861 4219 verba
1898 4179 2032 4218 con-

438 4256 640 4323 trahit,
667 4256 770 4312 ista
801 4255 1070 4308 distendit.
1113 4254 1405 4310 Dialectica
1432 4253 1648 4325 quidem
1669 4251 1736 4308 ad
1757 4253 2033 4308 invenien-

438 4348 538 4404 das
576 4363 664 4402 res
696 4348 927 4414 acutior,
967 4347 1258 4402 Rhetorica
1292 4347 1359 4401 ad
1396 4346 1644 4400 inventas
1672 4345 1927 4401 dicendas
1956 4343 2032 4399 l'a-

437 4438 686 4495 cundior.
739 4437 831 4494 illa
872 4454 1024 4494 raros
1067 4447 1122 4494 et
1161 4440 1429 4494 studiosos
1469 4438 1694 4509 requirit
1727 4457 1740 4493 :
1773 4439 1888 4495 haec
1924 4438 2029 4495 fre-

2133 3270 2190 3316 et
2221 3260 2358 3316 Filio
2385 3269 2441 3316 et
2468 3261 2694 3332 Spiritui
2721 3274 2929 3330 sancto,
2965 3267 3018 3321 id
3043 3275 3147 3332 est,
3178 3267 3269 3322 uni
3299 3267 3408 3324 Deo
3445 3269 3732 3340 aptissime

2132 3352 2442 3408 convenire.
2486 3353 2618 3409 Item
2648 3369 2746 3424 per
2769 3356 2964 3426 digitos
2988 3356 3244 3413 discretio
3271 3360 3385 3414 sive
3407 3361 3730 3416 exercitium

2131 3444 2256 3499 boni
2281 3444 2462 3514 operis
2489 3446 2830 3517 exprimitur.
2883 3447 3036 3505 Unde
3069 3450 3136 3506 de
3170 3450 3261 3506 illa
3303 3451 3526 3507 muliere
3575 3451 3726 3520 forti,

2132 3550 2297 3606 quam
2327 3533 2581 3591 Salomon
2609 3537 2662 3592 in
2696 3538 2801 3594 line
2833 3539 3240 3608 proverbiorum
3273 3556 3493 3596 suorum
3521 3542 3728 3598 descri-

2131 3627 2211 3682 bit
2239 3627 2311 3680 ita
2347 3627 2562 3698 legitur.
2615 3627 2837 3684 Manum
2873 3647 3024 3686 suam
3060 3632 3202 3687 misit
3237 3632 3306 3687 ad
3343 3632 3527 3702 fortia,
3559 3645 3609 3689 et
3646 3636 3730 3688 di-

2131 3719 2225 3790 giti
2261 3719 2346 3775 sui
2373 3720 2822 3792 apprehemlerunt
2857 3722 3034 3792 fusum
3080 3721 3263 3794 (Prov.
3307 3723 3482 3796 xxxi).
3533 3723 3732 3782 Manus

2131 3811 2276 3868 enim
2305 3811 2452 3867 misit
2473 3813 2539 3867 ad
2567 3812 2750 3879 fortia,
2779 3813 2833 3868 id
2857 3820 2962 3880 est,
2985 3813 3224 3870 studium
3249 3831 3408 3870 suum
3441 3816 3510 3872 ad
3545 3817 3727 3887 perle~

2131 3911 2218 3960 cta
2242 3902 2444 3959 Christi
2473 3903 2758 3960 cbaritatis
2779 3918 2964 3976 opera,
2986 3913 3041 3961 et
3069 3905 3222 3977 digiti
3248 3905 3332 3960 sui
3355 3907 3726 3976 apprehende-

2132 4003 2261 4049 runt
2300 3994 2500 4060 fusum,
2555 4007 2679 4050 cum
2735 3994 3078 4050 discretionis
3121 3995 3378 4065 {equitate
3433 3996 3730 4051 textrinum

2131 4085 2284 4142 stolae
2311 4083 2550 4140 caelestis
2595 4099 2692 4155 per
2733 4100 2895 4156 opera
2939 4085 3223 4142 cbaritatis
3265 4084 3448 4142 ellieit.
3498 4086 3599 4144 Ubi
3643 4087 3726 4142 di-

2131 4176 2398 4233 scretioue
2429 4191 2640 4232 summa
2664 4190 2800 4246 opus
2827 4184 2934 4243 est,
2970 4184 3030 4232 ut
3073 4193 3174 4248 pro
3205 4186 3405 4234 aeterna
3449 4177 3727 4242 mercede,

2130 4274 2188 4322 et
2218 4281 2324 4321 non
2357 4281 2456 4336 pro
2499 4267 2782 4336 temporali
2825 4267 2982 4324 laude
3014 4269 3154 4324 bona
3189 4283 3435 4339 agamus.
3487 4267 3726 4340 Ungulas

2130 4371 2195 4412 ex
2223 4357 2413 4413 Graaco
2437 4371 2729 4424 vocamus;
2773 4357 2850 4412 illi
2896 4359 3042 4414 enim
3075 4359 3318 4430 onychen
3347 4357 3599 4431 ungulam
3641 4358 3726 4414 di-

2130 4454 2278 4503 cunt.
2331 4446 2436 4503 Per
2460 4447 2713 4519 ungulam
2745 4448 2940 4518 quippe
2972 4449 3288 4505 extremitas
3326 4449 3414 4504 vel
3452 4449 3578 4505 linis
3626 4464 3721 4504 ett-

436 4539 670 4602 quenter
717 4531 957 4602 procedit
995 4531 1049 4586 in
1098 4532 1302 4586 turbas.
1352 4529 1483 4584 item
1528 4529 1710 4599 palma
1756 4523 2104 4603 signiﬁcatD
2124 4535 2346 4607 juslibet
2378 4538 2456 4593 rei
2497 4537 2918 4593 demonstratur.
2970 4537 3107 4594 Nam
3137 4539 3400 4610 scriptum
3428 4547 3512 4596 est
3541 4540 3592 4596 in
3619 4538 3726 4595 Ges

437 4624 742 4695 largitatem
770 4623 1146 4694 elcemosynae,
1176 4632 1232 4678 et
1259 4637 1468 4692 pugnus
1493 4623 1833 4692 parcitatem.
1874 4622 2026 4680 Unde

439 4717 700 4786 scriptum
743 4725 826 4770 est
882 4715 938 4769 in
987 4713 1288 4785 proverbiis
1336 4713 1641 4771 Salomonis
1695 4715 1760 4772 de
1803 4715 2028 4772 muliere

435 4809 691 4879 prudenti
717 4827 730 4862 ;
754 4809 970 4863 Palmas
999 4827 1126 4864 suas
1169 4809 1397 4863 extendit
1441 4810 1510 4864 ad
1537 4826 1815 4881 pauperem
1843 4807 2025 4882 (Prov.

438 4900 612 4972 xxxi).
655 4901 724 4956 Et
748 4901 872 4958 alibi
905 4903 1166 4972 scriptum
1195 4909 1320 4956 est:
1352 4901 1432 4956 Sit
1464 4919 1650 4956 manus
1674 4913 1766 4956 tua
1800 4903 1870 4956 ad
1895 4903 2029 4958 dan-

439 4995 564 5050 dum
591 5007 851 5066 porrecta,
871 5006 920 5050 et
945 4996 1014 5050 ad
1034 4994 1381 5066 colligendum
1405 5005 1672 5050 contracta
1689 4994 1878 5068 (Eccli.
1903 4997 2022 5070 vn).

439 5087 572 5142 Item
603 5087 668 5143 de
695 5087 874 5158 palmo
905 5095 959 5142 et
984 5085 1180 5157 pugillo
1207 5085 1476 5156 Propheta
1507 5087 1658 5153 dicit,
1697 5089 1907 5143 Domini
1932 5105 2028 5160 po—

439 5178 666 5234 tentiam
694 5179 1076 5235 demonstrans
1099 5195 1112 5232 :
1139 5175 1359 5252 (Italum,
1395 5178 1586 5248 inquit,
1615 5178 1793 5250 palma
1817 5181 2029 5234 metitur

439 5279 488 5324 et
505 5280 698 5325 terram
718 5267 916 5340 pugillo
941 5267 1199 5321 concludit
1227 5267 1363 5338 (lsa.
1391 5269 1502 5342 XL).
1542 5269 1674 5324 [tem
1701 5271 1752 5325 in
1779 5275 2029 5342 passione

443 5360 657 5416 Domini
687 5359 946 5428 scriptum
972 5365 1056 5436 est
1073 5376 1086 5412 :
1105 5356 1248 5414 Tunc
1268 5370 1580 5430 exspuerunt
1598 5361 1652 5414 in
1672 5360 1860 5431 faciem
1882 5362 2022 5432 ejus,

443 5461 491 5505 et
513 5449 744 5520 colaphis
771 5464 888 5503 eum
917 5448 1216 5504 ceciderunt
1240 5463 1260 5502 :
1287 5449 1378 5505 alii
1415 5461 1588 5508 autem
1629 5451 1832 5524 palatos
1860 5455 1912 5507 in
1942 5453 2027 5522 fa-

444 5541 575 5595 ciem
597 5539 644 5596 ei
665 5538 942 5604 dederunt,
967 5539 1224 5596 dicentes:
1242 5537 1556 5612 Prophetiza
1585 5541 1752 5608 nobis,
1789 5539 2023 5608 Christe,

445 5633 560 5706 quis
587 5640 661 5686 est
689 5631 781 5703 qui
815 5640 864 5686 te
889 5635 1140 5706 percussit
1161 5633 1414 5706 ε’(ΜαιιΙι.
1446 5636 1620 5707 xxvi.)
1648 5636 1802 5704 Quod
1823 5636 2025 5692 dictum

446 5735 531 5784 cst
560 5743 570 5779 :
597 5736 908 5797 ars-puerum
931 5727 984 5781 in
1001 5725 1190 5803 faciem
1216 5727 1352 5794 eius,
1384 5728 1652 5800 significat
1671 5745 1782 5797 eos,
1797 5729 1889 5800 qui
1911 5726 2028 5799 ejus

2129 4627 2265 4692 nesi,
2322 4627 2412 4684 ubi
2461 4627 2630 4684 Jacob
2675 4629 2951 4684 benedixit
2993 4629 3106 4686 tilio
3147 4644 3246 4686 suo
3299 4629 3438 4695 Dan,
3483 4629 3716 4685 dicens:

2129 4717 2255 4773 Fiat
2281 4717 2401 4772 Dan
2441 4717 2652 4773 coluber
2682 4719 2738 4772 in
2770 4718 2878 4786 via,
2912 4730 3134 4775 cerastes
3160 4721 3215 4774 in
3242 4719 3447 4786 semita,
3477 4718 3731 4774 mordens.

2129 4809 2356 4882 ungulas
2379 4809 2517 4880 equi,
2545 4819 2599 4863 ut
2626 4808 2781 4863 cadat
2807 4825 3054 4865 ascensor
3069 4809 3184 4880 ejus
3211 4819 3347 4864 retro
3371 4805 3525 4880 (Gen.
3543 4805 3716 4878 xux).

2131 4903 2360 4970 Quidam
2385 4917 2515 4957 vero
2537 4900 2678 4956 hanc
2697 4900 3036 4970 prophetiam
3057 4901 3126 4956 ad
3140 4899 3520 4955 antichristum
3543 4906 3723 4952 trans-

2129 4992 2332 5057 ferunt,
2369 4991 2694 5046 arbitrantes
2721 5004 2844 5045 eum
2873 4991 2939 5046 de
2967 4990 3110 5048 tribu
3151 4991 3266 5046 Dan
3309 4997 3632 5047 venturum:
3665 4986 3720 5040 in

2130 5087 2234 5141 hoc
2266 5083 2386 5140 loco
2409 5098 2598 5152 equum
2626 5081 2798 5152 accipi
2821 5079 3068 5150 iudicant
3099 5081 3264 5146 hunc,
3289 5079 3383 5150 qui
3408 5093 3506 5150 per
3529 5076 3718 5132 elatio-

2129 5191 2253 5232 nem
2289 5191 2442 5231 suam
2473 5174 2527 5228 in
2553 5189 2714 5230 cursu
2739 5173 3035 5231 labentium
3057 5173 3358 5244 temporum
3383 5178 3632 5242 spumat;
3663 5176 3728 5227 et.

2129 5267 2255 5338 quia
2286 5265 2636 5322 antichristus
2667 5273 2910 5320 extrema
2939 5265 3125 5320 mundi
3154 5261 3560 5334 apprehendere
3587 5259 3713 5313 ltiti-

2133 5368 2244 5424 tur,
2265 5365 2502 5413 cerastes
2531 5357 2634 5412 iste
2661 5356 2786 5426 equi
2821 5356 3052 5428 ungulas
3080 5355 3330 5411 mordere
3360 5351 3675 5424 perhibetur
3696 5363 3732 5405 ε.

2126 5449 2384 5521 ungulam
2417 5448 2616 5519 quippe
2643 5447 2764 5517 equi
2805 5448 3072 5514 mordere,
3119 5453 3206 5501 est
3238 5453 3483 5500 extrema
3531 5439 3728 5500 s'eculi.

2127 5543 2371 5600 feriendo
2412 5541 2748 5613 contingere.
2798 5537 2864 5593 Ut
2901 5540 3058 5595 cadat
3101 5551 3348 5594 assensor
3395 5535 3511 5606 ejus
3555 5542 3712 5587 retro.

2128 5634 2399 5690 Ascensor
2423 5632 2548 5702 equi
2577 5638 2682 5697 est,
2709 5629 2952 5700 quisquis
2979 5627 3256 5684 extollitur
3280 5627 3335 5686 in
3365 5622 3716 5695 dignitatibus

2132 5726 2337 5784 mundi.
2355 5724 2455 5794 Qui
2476 5732 2622 5793 retro
2633 5723 2826 5782 cadere
2841 5721 3058 5790 dicitur,
3073 5727 3247 5778 etnon
3263 5719 3316 5777 in
3331 5717 3556 5776 faciem:
3575 5715 3718 5774 sicut
