4074 6316
345 425 438 483 161

1323 413 1408 468 DE
1449 406 1796 467 UMVEilSO
1836 402 2012 459 LIBRI
2050 400 2216 457 XXII.
2258 432 2327 442 —
2362 402 2488 456 LIB.
2532 401 2619 456 Vl.

3492 402 3595 458 162

337 538 535 596 Saulus
561 532 820 591 cecidisse
854 539 1202 588 memoratur.
1253 528 1311 582 1n
1346 524 1481 579 facie
1516 520 1658 575 enim
1694 519 1906 582 cadere,
1940 518 1985 577 Β
2011 530 2110 570 nas
2136 511 2360 581 injurias
2395 511 2639 582 corporis
2681 513 2906 582 tegendo
2954 513 3137 584 pellat,
3184 513 3497 586 pluviasque
3539 527 3594 572 et

338 637 426 685 est
469 628 520 682 in
554 626 656 681 hac
688 624 797 678 vita
846 637 970 678 suas
1010 629 1445 689 unumquemque
1491 612 1675 680 culpas
1717 623 1914 678 cogno-

340 734 511 780 scere,
558 729 758 785 easque
805 712 1115 784 paenitendo
1162 707 1379 766 deflere.
1423 704 1587 758 Retro
1622 715 1767 765 vero,
1807 713 1914 768 quo

340 823 450 863 nou
474 805 704 866 videtur,
731 803 924 857 cadere
946 809 1031 856 est
1050 814 1117 854 ex
1140 799 1241 852 hac
1264 796 1371 849 vita
1392 798 1612 862 repente
1635 790 1912 853 decedere,

339 899 406 953 ad
437 911 557 967 quae
582 893 841 964 supplicia
867 893 1096 947 ducatur
1129 891 1393 958 ignorare.
1435 884 1569 938 Item
1598 883 1663 936 de
1695 894 1835 951 equo
1860 880 1915 932 in

336 989 438 1045 Job
510 986 769 1055 scriptum
825 991 908 1039 est
955 997 971 1036 :
1036 981 1251 1036 Terram
1314 975 1511 1047 ungula
1562 974 1693 1044 fodit
1748 971 1913 1043 (Job.

336 1077 550 1147 xxxrx).
612 1075 762 1130 Solet
785 1073 839 1127 in
869 1072 993 1142 equi
1037 1069 1234 1141 ungula
1277 1067 1477 1123 laboris
1520 1063 1778 1123 fortitudo
1820 1076 1913 1116 co-

336 1166 543 1239 gnosci.
600 1162 738 1231 Quid
766 1176 894 1230 ergo
916 1175 1014 1230 per
1042 1157 1316 1231 ungulam,
1346 1155 1451 1210 nisi
1485 1154 1539 1208 in
1566 1152 1918 1239 praedicatore

338 1238 531 1312 sancto
560 1254 819 1307 virtutum
853 1248 1131 1320 perfectio,
1168 1244 1604 1300 demonstratur?
1644 1240 1743 1306 Qui
1771 1238 1918 1292 vide-

336 1346 465 1401 licet
496 1353 695 1398 terram
725 1340 857 1395 fodit
877 1338 1092 1409 ungula,
1124 1336 1251 1390 dum
1286 1336 1352 1390 de
1386 1333 1550 1389 corde
1585 1329 1916 1385 audientium

335 1434 583 1504 exemplo
612 1446 829 1488 suorum
858 1443 1080 1499 operum
1109 1437 1352 1481 terrenas
1371 1423 1724 1494 cogitationes
1748 1418 1913 1489 ejicit.

336 1527 588 1579 Truncus
632 1521 804 1576 media
851 1535 977 1590 pars
1020 1517 1264 1587 corporis
1303 1530 1334 1569 a
1370 1515 1507 1570 collo
1527 1514 1594 1567 ad
1623 1512 1914 1582 inguineu.

338 1615 415 1670 De
448 1628 555 1689 quo
584 1609 859 1682 Virgilius.
907 1609 1079 1679 Caput
1109 1607 1247 1662 collo
1275 1607 1504 1661 vehitur.
1557 1605 1802 1659 Truncus
1825 1618 1918 1657 su-

336 1707 569 1761 stinetur
593 1703 744 1758 coxis
767 1710 821 1756 et
853 1700 1078 1772 genibus
1100 1694 1476 1768 cruribusque.
1527 1697 1795 1762 Truncus,
1826 1696 1921 1766 qui

2016 612 2203 660 ventos
2230 602 2465 672 solisque
2504 602 2728 656 ardores
2771 602 3028 671 perferat.
3076 603 3235 658 Pellis
3279 606 3422 659 enim
3467 622 3592 660 ruox

2015 694 2254 748 detracta
2276 706 2306 745 a
2329 706 2554 760 corpore
2574 690 2687 759 jam
2715 693 2920 746 corium
2952 693 3167 747 dicitur.
3215 694 3271 747 In
3296 705 3419 749 cute
3451 696 3594 750 enim

2012 782 2099 837 vel
2130 781 2288 852 pelle,
2321 796 2425 851 qua
2456 779 2654 834 animal
2688 780 2990 836 forinsecus
3046 782 3433 848 circumdatur,
3481 798 3597 853 my-

2015 875 2149 930 stice
2196 875 2280 929 vel
2323 888 2520 943 corpus
2562 874 2856 928 humanum
2898 876 3251 940 demonstrat,
3296 890 3401 944 quo
3444 883 3599 929 natu-

2016 981 2129 1019 ram
2173 966 2365 1019 animae
2413 965 2556 1018 intra
2599 979 2658 1019 se
2698 965 2962 1037 vigentem
3013 967 3191 1036 tegit:
3226 967 3305 1021 vel
3355 976 3597 1021 sanctam

2014 1055 2311 1110 Ecclesium
2335 1053 2621 1124 signiﬁcat,
2651 1070 2812 1132 quam
2844 1054 3111 1122 Christus,
3143 1057 3234 1127 qui
3261 1064 3345 1112 est
3371 1058 3475 1122 via,
3516 1073 3601 1110 ve-

2014 1145 2145 1199 ritas
2173 1153 2221 1197 et
2241 1144 2347 1197 vita
2371 1143 2553 1215 (Joan.
2585 1145 2716 1215 xiv),
2749 1145 2988 1200 viviﬁeat
3026 1155 3080 1201 et
3119 1148 3291 1218 regit:
3314 1163 3433 1217 qua:
3467 1146 3600 1201 allii-

1986 1232 2285 1288 ‘ctionibus
2313 1233 2445 1286 foris
2469 1234 2738 1298 atteritur,
2780 1245 2835 1289 et
2870 1235 3014 1291 intus
3054 1237 3344 1291 virtutibus
3373 1238 3598 1292 robora-

2018 1332 2124 1377 tur.
2163 1321 2314 1377 Unde
2346 1329 2401 1375 et
2429 1321 2482 1376 in
2511 1320 2612 1383 Job
2648 1322 2909 1393 scriptum
2940 1333 3025 1379 est
3053 1343 3065 1377 :
3095 1324 3243 1379 Cutis
3284 1342 3399 1379 mea
3436 1327 3599 1387 aruit,

2016 1420 2065 1466 et
2102 1421 2371 1465 contracta
2402 1420 2476 1464 est
2506 1409 2647 1482 (Job.
2673 1413 2793 1482 vn).
2826 1414 2893 1467 Et
2924 1415 3117 1469 iterum
3146 1432 3159 1467 :
3190 1414 3374 1485 llugte,
3406 1415 3599 1483 inquit,

2017 1521 2145 1559 mea:
2164 1503 2514 1576 testimonium
2541 1502 2721 1557 dicunt
2748 1516 2930 1558 contra
2955 1522 3035 1559 me
3054 1505 3203 1577 (Job.
3229 1505 3363 1577 xw).
3393 1506 3459 1559 Et
3483 1522 3603 1558 rur-

2018 1612 2138 1652 sum
2171 1593 2352 1650 :Pelli
2399 1609 2549 1659 mea’,
2604 1597 2918 1665 consumptis
2968 1598 3214 1650 carnibus
3268 1597 3489 1649 adlucsit
3545 1612 3604 1648 os

2018 1702 2189 1740 meum
2228 1684 2368 1759 (Job.
2404 1685 2541 1757 xix).
2593 1686 2728 1756 Quia
2778 1686 2940 1758 igitur
2981 1687 3228 1742 Christus
3273 1695 3327 1741 et
3363 1686 3603 1740 Ecclesia

336 1797 452 1852 sine
477 1795 650 1865 capite
679 1800 734 1847 et
772 1791 1022 1847 manibus
1055 1798 1160 1855 est,
1196 1788 1462 1860 signiﬁcat
1498 1787 1828 1843 debilitatem
1866 1795 1923 1842 et
2021 1795 2123 1834 una
2155 1794 2385 1851 persona
2417 1790 2502 1837 est
2527 1796 2542 1835 :
2567 1782 2696 1852 quid
2738 1795 2835 1850 per
2870 1795 2951 1843 os,
2998 1778 3103 1833 nisi
3143 1778 3256 1849 ipse
3306 1777 3606 1831 Dominus?

338 1884 589 1940 inertiam
634 1881 938 1950 cujuslibet.
989 1880 1141 1936 Unde
1183 1880 1249 1935 de
1293 1878 1476 1934 Juditb
1530 1878 1789 1948 scriptum
1837 1885 1922 1932 est
1949 1891 1994 1950 B
2023 1870 2149 1940 quid
2183 1886 2281 1939 per
2308 1887 2547 1937 carnem,
2576 1872 2678 1926 nisi
2702 1870 2947 1939 discipuli
2970 1868 3341 1939 designantur,
3366 1868 3459 1936 qui
3484 1884 3606 1937 pas-

339 1972 722 2045 (ludit/1x111),
754 1969 918 2041 quod,
951 1984 1073 2023 cum
1094 1975 1254 2037 caput
1272 1967 1572 2022 abscideret
1593 1966 1915 2031 llolofemis,
2023 1961 2191 2015 Sionis
2234 1960 2351 2029 ejus
2393 1972 2630 2032 tempore
2676 1962 2886 2016 inﬁrma
2936 1968 3247 2031 sapueruut.
3301 1959 3441 2025 Quid
3479 1974 3608 2012 vero

338 2079 535 2135 corpus
565 2062 682 2131 ejus
708 2070 957 2116 truncum
990 2060 1280 2115 evolveret.
1319 2058 1488 2114 Porro
1516 2060 1640 2128 quia
1675 2058 1921 2113 llolofer-
2019 2066 2117 2120 per
2155 2052 2374 2120 pellem,
2416 2068 2536 2124 quae
2581 2055 2819 2108 exterior
2851 2068 3016 2107 carne
3047 2059 3231 2106 manet
3267 2051 3321 2104 in
3358 2065 3606 2119 corpore,

335 2158 424 2212 nis
454 2166 637 2227 typum
670 2163 817 2209 tenet
840 2153 1058 2218 diaboli,
1086 2160 1334 2207 truncum
1370 2166 1565 2221 corpus
1599 2150 1714 2219 ejus
1735 2159 1919 2205 osten-

336 2248 436 2314 dit,
466 2248 643 2311 idest,
672 2245 880 2300 abscisa
908 2253 1173 2313 potestate
1194 2241 1329 2312 ejus,
1358 2242 1531 2312 ipsum
1558 2242 1834 2295 iuimicmn
1855 2255 1918 2294 ex

335 2337 484 2394 omni
527 2344 684 2406 parte
726 2335 998 2389 inﬁrmum
1032 2342 1088 2388 et
1111 2333 1336 2388 debilem
1360 2348 1504 2397 esse,
1534 2341 1590 2385 ut
1620 2346 1685 2386 eo
1712 2330 1924 2386 facilius

334 2425 625 2481 bellatores
657 2423 860 2479 Christi
882 2422 1172 2487 conﬁdant,
1191 2422 1427 2492 judicem
1454 2420 1841 2492 nequissimum
1864 2434 1924 2474 se

334 2516 557 2572 vincere
588 2529 769 2585 posse,
803 2528 910 2583 quo
947 2528 1069 2568 eum
1116 2512 1348 2581 pleniter
1385 2513 1629 2568 ediscunt
1676 2511 1924 2582 fragilem

336 2616 394 2663 et
420 2606 781 2678 superabilem
810 2606 944 2661 fore.
984 2606 1179 2660 Pectus
1221 2616 1493 2672 vocatum,
1538 2607 1681 2676 quod
1722 2607 1792 2660 sit
1828 2621 1924 2675 pe—

338 2712 467 2751 xum
498 2697 638 2751 inter
671 2696 971 2752 eminentes
1014 2695 1375 2750 mamillarum
1419 2706 1619 2764 partes.
1680 2695 1832 2751 Unde
1871 2702 1927 2750 et

336 2789 607 2859 pectinem
636 2787 761 2851 dici,
790 2788 933 2858 quod
961 2802 1127 2858 pexos
1155 2787 1377 2855 capillos
1406 2785 1554 2841 facit.
1600 2786 1795 2842 Pectus
1824 2801 1923 2840 au-

341 2888 453 2932 tem
474 2878 735 2949 signiﬁcat
759 2886 1048 2933 tractatum
1072 2878 1344 2933 internum
1378 2887 1433 2933 et
1462 2878 1740 2948 sapientiae
1762 2878 1927 2933 ratio—

340 2984 487 3022 nem.
547 2968 692 3024 Unde
723 2968 957 3023 Joannes
984 2967 1180 3038 legitur
1205 2983 1366 3037 super
1393 2976 1582 3037 pectus
1614 2967 1927 3022 recubuisse

340 3060 640 3114 Salvatoris
670 3059 851 3132 (Joan.
881 3060 1025 3130 xm),
1056 3074 1119 3115 ex
1168 3074 1276 3129 quo
1309 3060 1609 3115 doctrinam
1647 3059 1928 3130 sapientiae

340 3151 519 3205 hausit
545 3152 803 3206 cwlestis.
853 3151 913 3206 ln
945 3152 1274 3207 contrariam
1316 3167 1445 3207 vero
1486 3160 1692 3222 partem
1736 3160 1927 3222 pectus

2022 2140 2123 2194 nisi
2148 2141 2251 2195 illae
2275 2152 2474 2198 sanctae
2502 2143 2756 2198 mulieres
2782 2143 3100 2213 ﬁgurantur,
3135 2158 3256 2212 quae
3301 2142 3368 2195 ad
3398 2156 3608 2211 praepa-

2023 2232 2192 2286 rauda
2230 2234 2469 2287 subsidia
2504 2234 2731 2288 Domino
2766 2233 3087 2288 servierunt.
3135 2233 3231 2286 Ait
3271 2247 3398 2300 ergo
3428 2251 3440 2284 :
3473 2228 3611 2284 Pelli

2022 2340 2171 2389 mete,
2196 2326 2514 2396 consumptis
2541 2328 2806 2391 carnibus,
2830 2325 3049 2378 ad/ttcsit
3076 2340 3133 2378 os
3157 2339 3360 2378 meum:
3385 2324 3488 2377 hoc
3505 2331 3608 2385 est,

2023 2416 2079 2470 hi
2109 2416 2199 2485 qui
2229 2432 2362 2470 meae
2392 2417 2687 2471 fortitudini
2716 2415 3067 2487 propinquius
3095 2415 3370 2469 adhaerere
3413 2416 3611 2469 debue—

2025 2518 2169 2573 runt,
2197 2508 2461 2576 passionis
2489 2521 2621 2561 mere
2649 2516 2889 2578 tempore
2915 2508 3106 2561 timore
3126 2505 3427 2575 consumpti
3449 2513 3607 2559 sunt:

2025 2607 2079 2653 et
2103 2614 2214 2662 cas,
2252 2613 2388 2668 quas
2417 2599 2484 2653 ad
2514 2599 2785 2654 exteriora
2828 2598 3127 2652 ministeria
3173 2597 3345 2668 posui,
3395 2597 3448 2650 in
3488 2612 3612 2666 pas-

2027 2690 2177 2745 sione
2212 2705 2332 2744 mea
2364 2691 2629 2745 iub-.erere
2654 2691 2783 2744 mihi
2813 2690 3040 2745 ﬁdeliter
3067 2690 3265 2744 inveni.
3315 2689 3463 2744 Unde
3489 2691 3613 2743 sub-

2027 2778 2174 2835 ditur
2206 2798 2219 2834 :
2252 2780 2320 2835 Et
2350 2780 2596 2834 derelicta
2624 2790 2744 2835 sunt
2765 2782 3126 2835 tantummodo
3153 2781 3296 2835 labia
3325 2783 3464 2835 circa
3486 2781 3615 2834 den-

2027 2880 2103 2924 tes
2146 2887 2287 2925 meos
2335 2871 2477 2943 (Job.
2518 2868 2656 2942 xix).
2704 2870 2842 2937 Quid
2878 2887 2976 2941 per
3012 2871 3174 2937 labia,
3223 2871 3327 2926 nisi
3373 2871 3617 2926 locutio?

2028 2961 2156 3030 quid
2189 2977 2286 3032 per
2316 2962 2526 3027 dentes,
2556 2961 2661 3016 nisi
2701 2960 2928 3031 apostoli
2956 2961 3348 3032 designantur?
3386 2960 3487 3025 Qui
3520 2961 3617 3014 ad-

2028 3056 2137 3110 huc
2177 3055 2360 3110 statim
2402 3062 2526 3124 post
2570 3054 2879 3126 passionem
2927 3054 3258 3109 confabulari
3298 3054 3364 3107 de
3392 3052 3618 3106 Domino

2030 3156 2294 3204 noverant
2326 3164 2339 3200 :
2374 3147 2468 3202 sed
2497 3147 2792 3217 praedicare
2823 3145 2938 3216 jam
2973 3160 3115 3209 eum,
3149 3153 3241 3200 aut
3266 3144 3512 3199 mordere
3536 3144 3620 3198 in-

341 3241 508 3294 trahit
541 3241 1009 3311 signiﬁcationem,
1036 3244 1250 3312 quando
1282 3243 1552 3311 signiﬁcat
1582 3243 1688 3298 doli
1722 3258 1787 3298 ac
1809 3258 1924 3297 ma—
1953 3241 1997 3304 C
2031 3239 2266 3295 ﬁdelium
2307 3238 2439 3292 vitia
2483 3236 2865 3293 formidabant.
2918 3236 3143 3303 Arvina,
3190 3235 3456 3306 pinguedo
3505 3233 3617 3288 cuti

338 3329 470 3386 litizc
499 3331 865 3387 calliditatem.
914 3332 1068 3388 Unde
1093 3333 1290 3388 dicitur
1325 3332 1572 3403 Serpenti
1598 3351 1612 3387 :
1638 3332 1810 3404 Super
1839 3350 1930 3403 pe-

339 3431 453 3477 ctus
483 3433 630 3477 tuum
659 3422 937 3495 gradieris,
970 3434 1018 3478 et
1042 3434 1235 3478 terram
1259 3428 1492 3480 comedes
1522 3414 1723 3501 {unctis
1749 3425 1929 3479 diebus

340 3512 495 3585 (Gen.
527 3516 671 3584 xm).
724 3513 899 3585 Super
927 3524 1117 3586 pectus
1151 3517 1349 3587 quippe
1381 3518 1625 3588 graditur
1663 3531 1925 3586 serpens:

339 3605 467 3672 quia
488 3618 680 3658 omnes
707 3620 923 3674 gressus
955 3606 1152 3660 diaboli
1182 3607 1433 3675 nequitiae
1468 3615 1593 3662 sunt
1616 3614 1670 3662 et
1691 3606 1926 3662 fraudes.

335 3694 479 3749 Nam
502 3695 555 3746 in
585 3704 869 3761 peccatore
894 3696 1240 3751 calliditatem
1271 3706 1328 3752 et
1350 3700 1616 3753 versutias
1642 3700 1932 3769 cogitatio-

338 3798 474 3838 num
499 3781 617 3851 ejus
644 3783 862 3849 indicat,
890 3784 1084 3853 quibus
1109 3787 1177 3839 ad
1206 3802 1317 3850 eos,
1360 3803 1496 3858 quos
1519 3789 1635 3842 vult
1657 3790 1927 3859 decipere,

341 3874 533 3943 serpit.
573 3874 797 3928 Terram
841 3883 1024 3930 autem
1058 3876 1313 3952 comedit,
1337 3892 1459 3932 cum
1488 3891 1675 3932 errore
1702 3894 1930 3947 peccan-

343 3965 481 4019 tium
508 3963 750 4034 pascitur
769 3979 833 4019 ac
856 3965 1175 4031 delectatur,
1204 3981 1405 4038 eosque
1426 3966 1690 4023 seducens
1710 3968 1777 4022 ad
1798 3968 1936 4022 inte-

344 4056 511 4111 ritum
556 4056 715 4125 rapit.
772 4055 1020 4112 Mamilia:
1062 4066 1284 4125 vocatae,
1329 4060 1455 4129 quia
1499 4061 1744 4116 rotundae
1785 4068 1931 4128 sunt,

345 4145 500 4215 quasi
537 4144 710 4210 malm,
738 4160 836 4215 per
865 4147 1275 4205 diminutionem
1302 4150 1526 4206 scilicet.
1563 4151 1740 4207 Ubera
1767 4152 1931 4218 dicta,

346 4235 474 4304 quia
505 4235 642 4290 lacte
671 4237 859 4292 uberta
884 4255 897 4291 :
919 4238 1003 4292 vel
1028 4240 1154 4307 quia
1191 4239 1418 4297 humore
1450 4242 1688 4308 humida,
1729 4244 1935 4300 scilicet

346 4323 504 4379 lactis
531 4326 584 4379 in
609 4341 816 4382 morem
840 4343 1065 4383 uvarum
1095 4330 1273 4400 plena.
1322 4332 1379 4387 In
1412 4334 1664 4390 mamillis
1687 4349 1817 4393 vero
1845 4345 1929 4391 at-

346 4429 454 4483 que
483 4415 739 4471 uberibus
774 4417 1023 4473 doctores
1056 4422 1227 4477 sancti
1269 4425 1494 4496 mystice
1537 4426 1930 4498 exprimuntur,

347 4502 442 4570 qui
471 4502 610 4560 lacte
648 4504 903 4562 doctrinae
941 4523 1110 4565 sacra:
1141 4512 1385 4569 nutriunt
1413 4515 1615 4582 ﬁdeles,
1649 4518 1764 4573 sive
1795 4517 1931 4576 duos

2031 3334 2333 3387 adhaerens.
2396 3331 2563 3401 Pulpa
2607 3339 2691 3386 est
2731 3346 2860 3387 caro
2900 3331 3018 3387 sine
3058 3330 3416 3402 pinguedine;
3449 3331 3615 3396 dicta,

2031 3420 2174 3491 quod
2201 3421 2429 3492 palpitet
2459 3438 2472 3475 :
2511 3420 2685 3477 resilit
2718 3422 2862 3476 enim
2898 3436 3060 3492 saepe.
3101 3420 3253 3476 Hanc
3292 3421 3535 3491 plerique
3564 3429 3620 3474 et

2030 3512 2237 3567 viscum
2263 3519 2478 3577 vocant,
2502 3520 2790 3583 propterea
2818 3512 2961 3581 quod
2984 3511 3249 3583 glutinosa
3278 3513 3367 3566 sit.
3413 3511 3619 3565 Arvina

2033 3604 2320 3673 aliquando
2352 3604 2732 3675 pinguedinem
2764 3604 3065 3660 dilectionis
3093 3605 3362 3675 signiﬁcat
3389 3623 3401 3659 :
3447 3614 3504 3660 ut
3537 3615 3619 3661 est

2034 3694 2163 3749 illud
2188 3695 2245 3748 in
2277 3693 2517 3749 Levitico
2552 3712 2564 3748 :
2597 3695 2755 3766 adeps
2792 3703 2849 3750 et
2882 3695 3101 3760 arvina;
3134 3697 3184 3749 in
3214 3696 3406 3751 hostiis
3428 3697 3621 3766 pacili-

2033 3784 2112 3839 cis
2151 3782 2415 3852 jubeutur
2454 3784 2564 3839 Deo
2593 3785 2797 3840 offerri.
2845 3786 2976 3842 Item
3009 3787 3195 3841 arvina
3232 3788 3620 3842 abundantiam

2034 3883 2373 3929 terrenarum
2401 3890 2581 3929 rerum
2615 3876 2899 3948 signiﬁcat,
2934 3887 2993 3931 ut
3019 3888 3104 3933 est
3124 3878 3252 3933 illud
3285 3879 3337 3932 in
3366 3878 3465 3933 Job
3488 3920 3502 3944 ,
3528 3880 3618 3934 ubi

2035 3965 2103 4019 de
2149 3964 2380 4033 superbo
2439 3965 2658 4020 homine
2709 3968 2965 4021 scribitur
3007 3985 3021 4022 :
3060 3967 3302 4022 Cucurrit
3342 3969 3621 4023 adversum

2034 4052 2203 4107 Deum
2223 4062 2390 4108 erecto
2416 4055 2573 4121 collo,
2599 4066 2647 4109 et
2676 4057 2858 4126 pingui
2887 4058 3083 4111 cervice
3111 4067 3347 4113 armatus
3366 4069 3441 4112 est
3473 4059 3614 4131 (Job.

2035 4144 2148 4215 xv).
2197 4144 2397 4199 Contra
2424 4146 2602 4203 Deum.
2617 4153 2800 4200 erecto
2834 4146 2969 4201 collo
2992 4161 3214 4203 currere
3244 4159 3347 4213 est,
3381 4164 3464 4210 ea,
3500 4165 3620 4218 qua:

2034 4232 2277 4289 Creatori
2317 4235 2635 4305 displicent,
2689 4251 2811 4290 cum
2859 4235 3081 4292 audacia
3127 4249 3460 4309 perpetrare.
3513 4242 3621 4295 lni-

2034 4336 2172 4392 quus
2207 4323 2352 4377 enim
2381 4325 2434 4378 iu
2461 4324 2645 4395 pingui
2671 4326 2881 4382 cervice
2907 4335 3095 4383 contra
3122 4328 3287 4382 Deum
3328 4338 3571 4386 armatur
3595 4348 3614 4388 :

2033 4415 2161 4485 quia
2183 4417 2345 4472 rebus
2375 4418 2761 4489 temporalibus
2790 4432 3007 4478 tumens
3028 4433 3214 4480 contra
3239 4436 3505 4496 praecepta
3527 4440 3621 4491 ve-

2034 4506 2233 4573 ritatis,
2280 4510 2435 4578 quasi
2478 4511 2545 4565 de
2590 4512 2955 4583 magnitudine
2997 4517 3201 4583 carnis,
3247 4516 3495 4588 erigitur.
3542 4517 3621 4573 De

348 4592 575 4662 populos
619 4594 894 4651 venientes
936 4612 1004 4653 ex
1042 4599 1451 4658 circumcisione
1504 4615 1561 4661 et
1610 4613 1926 4680 gentilitate.

2036 4612 2144 4667 quo
2185 4599 2437 4655 additur:
2466 4599 2679 4672 Operuit
2716 4603 2907 4673 faciem
2944 4606 3057 4676 ejus
3083 4608 3377 4661 crassitudo
3407 4607 3616 4680 (Ibid.).

352 4680 506 4737 Unde
532 4683 586 4738 in
612 4683 1220 4757 CanticO‘canticorum,
1264 4692 1507 4763 Sponsus
1538 4699 1606 4752 ad
1632 4716 1886 4771 sponsam
1916 4723 1930 4761 :

350 4771 473 4865 Duo
491 4774 647 4865 ubera
665 4785 759 4830 tua
781 4777 915 4832 sicut
939 4779 1044 4833 duo
1066 4782 1273 4836 ltinuuli
1299 4801 1501 4855 caprea:
1521 4790 1728 4858 gemelli
1749 4794 1933 4865 (Cant.

350 4863 451 4933 Iv).
493 4862 607 4921 Duo
639 4867 806 4923 ubera
834 4869 917 4941 (ut
944 4871 1199 4944 diximus)
1233 4874 1483 4931 doctores
1506 4887 1633 4934 sunt
1657 4862 1936 4955 utriusque

350 4954 687 5013 Tcstamenti
719 4960 843 5015 :vel
886 4961 992 5016 duo
1029 4963 1229 5033 populi,
1280 4980 1347 5021 ex
1392 4967 1803 5027 circumcisione
1843 4954 1935 5029 ve-

350 5047 586 5116 nientcs,
621 5059 678 5106 et
704 5053 1039 5123 gentilitate:
1072 5056 1164 5126 qui
1202 5069 1300 5126 per
1333 5058 1690 5116 humilitatem
1716 5064 1932 5133 quidem

350 5155 546 5210 parvos
568 5157 626 5197 se
653 5157 773 5200 esse
793 5145 1114 5218 intelligunt,
1141 5156 1197 5202 et
1215 5159 1524 5219 peccatores
1547 5170 1559 5207 :
1583 5154 1790 5210 scilicet
1809 5157 1936 5212 cha-

349 5231 514 5287 ritate
559 5246 840 5292 currentes
885 5240 1066 5294 omnia
1104 5240 1380 5297 obstacula
1419 5245 1602 5300 mundi
1632 5254 1930 5304 transeunt.

352 5322 536 5378 Ubera
575 5338 768 5382 sensus
806 5330 1004 5397 cordis,
1043 5339 1102 5386 ut
1138 5333 1191 5386 in
1231 5332 1408 5389 Isaia:
1440 5335 1705 5407 Accingite
1732 5337 1934 5394 lumbos

350 5424 547 5468 vestros
591 5433 748 5488 super
788 5419 949 5474 ubera
989 5421 1121 5493 (lsa.
1162 5424 1358 5495 xxxn),
1390 5426 1491 5481 hoc
1518 5435 1621 5493 est,
1648 5430 1932 5485 continen-

353 5503 485 5559 tiam
524 5507 720 5565 habete
747 5519 936 5567 contra
975 5529 1165 5569 sensus
1202 5516 1464 5572 carnales.
1507 5514 1658 5574 Cutis
1685 5529 1786 5587 est,
1820 5538 1940 5592 qua:

352 5594 408 5647 in
434 5610 660 5668 corpore
687 5601 857 5669 prima
879 5611 962 5657 est
982 5603 1267 5673 appellata,
1295 5605 1436 5673 quod
1467 5605 1583 5675 ipsa
1604 5610 1815 5678 corpori
1846 5626 1938 5665 su-

353 5690 629 5758 perposita
682 5693 992 5750 incisionem
1044 5697 1215 5765 prima
1269 5697 1526 5766 patiatur.
1590 5697 1742 5756 Cutis
1790 5703 1936 5757 enim

354 5774 746 5840 Graeceincisio
773 5783 988 5841 dicitur.
1026 5787 1168 5841 ldcm
1195 5796 1277 5846 est
1300 5796 1354 5845 et
1386 5789 1559 5862 pellis,
1585 5793 1724 5861 quod
1755 5804 1933 5850 exter-

2037 4687 2253 4743 Faciem
2280 4690 2396 4759 ejus
2425 4693 2724 4748 crassitudo
2758 4696 3003 4763 operuit:
3028 4697 3153 4765 quia
3185 4696 3487 4750 desiderata
3512 4708 3622 4752 ter-

2037 4795 2288 4835 reuarum
2311 4795 2491 4836 rerum
2522 4782 2813 4837 abundatia
2841 4784 3028 4838 oculos
3063 4785 3258 4839 mentis
3286 4786 3498 4855 premit.
3552 4786 3621 4841 Et

2036 4872 2101 4926 de
2123 4872 2389 4939 lateribus,
2418 4872 2610 4942 inquit,
2640 4872 2754 4943 ejus
2782 4876 2964 4929 arvina
2987 4874 3228 4945 dependit
3256 4874 3475 4949 (Ibid);
3516 4879 3621 4935 hoc

2035 4970 2138 5029 est,
2170 4964 2415 5034 quisquis
2439 4966 2642 5035 potenti
2672 4975 2729 5021 et
2750 4967 2934 5036 iniquo
2975 4967 3250 5034 adlueret,
3275 4969 3388 5041 ipse
3407 4987 3622 5042 quoque

2040 5054 2106 5109 de
2139 5053 2255 5123 ejus
2294 5056 2553 5125 potentia,
2584 5057 2731 5111 velut
2756 5071 2822 5110 ex
2852 5057 3175 5127 pinguedine
3197 5074 3396 5127 rerum,
3428 5071 3616 5118 tumet.

2039 5143 2173 5199 item
2218 5145 2484 5217 pinguedo
2527 5147 2757 5218 gratiam
2798 5148 3032 5203 divinam
3078 5149 3347 5222 signiﬁcat
3380 5168 3394 5206 :
3428 5160 3488 5206 ut
3537 5161 3622 5210 est

2040 5237 2168 5292 illud
2194 5239 2246 5291 in
2272 5238 2480 5309 psalmo
2510 5256 2524 5293 :
2555 5239 2702 5294 Sicut
2743 5240 2896 5310 adipe
2924 5252 2971 5296 et
3006 5244 3321 5314 pinguedine
3359 5246 3622 5318 repleatur

2040 5333 2217 5387 anima
2248 5349 2362 5388 mea
2388 5331 2563 5405 (Psal.
2593 5332 2746 5405 uti).
2781 5333 2912 5389 Item
2934 5336 2989 5390 in
3008 5337 3200 5392 malam
3223 5347 3430 5408 partem
3454 5341 3623 5411 adeps

2038 5424 2275 5492 ponitur,
2309 5438 2430 5477 cum
2459 5424 2870 5480 crassitudinem
2898 5427 3118 5482 malitia:
3154 5428 3442 5498 signiﬁcat,
3462 5427 3622 5499 juxta

2035 5512 2164 5568 illud
2203 5512 2497 5568 Psalmistte
2520 5531 2533 5568 :
2560 5514 2776 5587 Adipem
2804 5533 2978 5584 suum,
3017 5519 3209 5589 inquit,
3252 5520 3621 5575 concluscrunt

2037 5602 2209 5675 (Psal.
2259 5603 2391 5676 xvr).
2446 5603 2680 5660 Membra
2730 5614 2856 5662 sunt
2891 5616 3075 5676 partes
3115 5608 3376 5677 corporis.
3416 5608 3615 5673 Artus,

2034 5699 2229 5768 quibus
2257 5697 2578 5769 colligantur
2604 5701 2870 5765 membra,
2900 5700 2968 5755 ab
3007 5702 3267 5756 arctando
3294 5700 3444 5764 dicti,
3476 5714 3615 5769 quo.

2037 5806 2154 5845 rum
2191 5791 2505 5847 diminutiva
2546 5803 2671 5849 sunt
2699 5793 2930 5849 articuli.
2968 5793 3103 5849 Nam
3131 5794 3268 5849 sicut
3297 5799 3449 5846 artus
3482 5790 3616 5848 dici-
