  <div class='ocr_page' id='page_1' title='image "/cluster/home/n/w/nwhite01/storage/ocr_20150623/111/hvd.32044009716333/089.png"; bbox 0 0 4074 6316; ppageno 0'>
   <div class='ocr_carea' id='block_1_1' title="bbox 454 365 558 424">
    <p class='ocr_par' dir='ltr' id='par_1_1' title="bbox 454 365 558 424">
     <span class='ocr_line' id='line_1_1' title="bbox 454 365 558 424; baseline -0.038 0"><span class='ocrx_word' id='word_1_1' title='bbox 454 365 558 424; x_wconf 71' lang='grc'><strong>165</strong></span> 
     </span>
    </p>
   </div>
   <div class='ocr_carea' id='block_1_2' title="bbox 1128 350 3068 421">
    <p class='ocr_par' dir='ltr' id='par_1_2' title="bbox 1128 350 3068 421">
     <span class='ocr_line' id='line_1_2' title="bbox 1128 350 3068 421; baseline -0.005 -6"><span class='ocrx_word' id='word_1_2' title='bbox 1128 360 1188 416; x_wconf 86' lang='grc' dir='ltr'>Β.</span> <span class='ocrx_word' id='word_1_3' title='bbox 1230 357 1482 414; x_wconf 79' lang='lat' dir='ltr'><strong>RABANI</strong></span> <span class='ocrx_word' id='word_1_4' title='bbox 1519 356 1738 415; x_wconf 81' lang='lat' dir='ltr'><strong>MAURI</strong></span> <span class='ocrx_word' id='word_1_5' title='bbox 1774 353 2096 421; x_wconf 77' lang='lat' dir='ltr'><strong>ARCHIEP.</strong></span> <span class='ocrx_word' id='word_1_6' title='bbox 2139 350 2751 416; x_wconf 74' lang='lat' dir='ltr'><strong>MOGUNT.OPERUM</strong></span> <span class='ocrx_word' id='word_1_7' title='bbox 2787 351 2967 409; x_wconf 80' lang='lat' dir='ltr'><strong>PARS</strong></span> <span class='ocrx_word' id='word_1_8' title='bbox 3006 351 3068 408; x_wconf 83' lang='lat' dir='ltr'><strong>ll.</strong></span> 
     </span>
    </p>
   </div>
   <div class='ocr_carea' id='block_1_3' title="bbox 3613 353 3724 410">
    <p class='ocr_par' dir='ltr' id='par_1_3' title="bbox 3613 353 3724 410">
     <span class='ocr_line' id='line_1_3' title="bbox 3613 353 3724 410; baseline -0.018 0"><span class='ocrx_word' id='word_1_9' title='bbox 3613 353 3724 410; x_wconf 67' lang='grc'><strong>164</strong></span> 
     </span>
    </p>
   </div>
   <div class='ocr_carea' id='block_1_4' title="bbox 452 443 3726 540">
    <p class='ocr_par' dir='ltr' id='par_1_4' title="bbox 452 443 3726 540">
     <span class='ocr_line' id='line_1_4' title="bbox 452 443 3726 540; baseline -0.004 -8"><span class='ocrx_word' id='word_1_10' title='bbox 452 491 574 533; x_wconf 91' lang='lat' dir='ltr'><strong>mus</strong></span> <span class='ocrx_word' id='word_1_11' title='bbox 607 473 848 530; x_wconf 89' lang='lat' dir='ltr'><strong>membra</strong></span> <span class='ocrx_word' id='word_1_12' title='bbox 877 443 1104 540; x_wconf 86' lang='lat' dir='ltr'><strong>majora,</strong></span> <span class='ocrx_word' id='word_1_13' title='bbox 1152 478 1214 525; x_wconf 91' lang='lat' dir='ltr'><strong>ut</strong></span> <span class='ocrx_word' id='word_1_14' title='bbox 1249 469 1473 525; x_wconf 89' lang='lat' dir='ltr'><strong>brachia</strong></span> <span class='ocrx_word' id='word_1_15' title='bbox 1499 487 1512 523; x_wconf 90' lang='lat'>:</span> <span class='ocrx_word' id='word_1_16' title='bbox 1537 469 1609 523; x_wconf 91' lang='lat' dir='ltr'><strong>ita</strong></span> <span class='ocrx_word' id='word_1_17' title='bbox 1650 467 1905 523; x_wconf 80' lang='lat' dir='ltr'><strong>articulos</strong></span> <span class='ocrx_word' id='word_1_18' title='bbox 1933 467 2034 522; x_wconf 91' lang='lat' dir='ltr'><strong>mi—</strong></span> <span class='ocrx_word' id='word_1_19' title='bbox 2057 470 2112 532; x_wconf 78' lang='grc' dir='ltr'>Α</span> <span class='ocrx_word' id='word_1_20' title='bbox 2134 477 2353 520; x_wconf 87' lang='lat' dir='ltr'><strong>sensum</strong></span> <span class='ocrx_word' id='word_1_21' title='bbox 2377 463 2515 518; x_wconf 84' lang='lat' dir='ltr'><strong>bene</strong></span> <span class='ocrx_word' id='word_1_22' title='bbox 2550 462 2763 519; x_wconf 81' lang='lat' dir='ltr'><strong>vivendi</strong></span> <span class='ocrx_word' id='word_1_23' title='bbox 2808 478 2917 517; x_wconf 91' lang='lat' dir='ltr'><strong>non</strong></span> <span class='ocrx_word' id='word_1_24' title='bbox 2956 462 3177 518; x_wconf 81' lang='lat' dir='ltr'><strong>habent.</strong></span> <span class='ocrx_word' id='word_1_25' title='bbox 3215 461 3489 533; x_wconf 89' lang='lat' dir='ltr'><strong>Compago</strong></span> <span class='ocrx_word' id='word_1_26' title='bbox 3538 463 3726 536; x_wconf 90' lang='lat' dir='ltr'><strong>capita</strong></span> 
     </span>
    </p>
   </div>
   <div class='ocr_carea' id='block_1_5' title="bbox 453 559 2032 635">
    <p class='ocr_par' dir='ltr' id='par_1_5' title="bbox 453 559 2032 635">
     <span class='ocr_line' id='line_1_5' title="bbox 453 559 2032 635; baseline -0.007 -11"><span class='ocrx_word' id='word_1_27' title='bbox 453 584 585 624; x_wconf 90' lang='lat' dir='ltr'><strong>nora</strong></span> <span class='ocrx_word' id='word_1_28' title='bbox 617 566 877 632; x_wconf 88' lang='lat' dir='ltr'><strong>membra,</strong></span> <span class='ocrx_word' id='word_1_29' title='bbox 915 573 974 620; x_wconf 91' lang='lat' dir='ltr'><strong>ut</strong></span> <span class='ocrx_word' id='word_1_30' title='bbox 1003 564 1174 635; x_wconf 78' lang='lat' dir='ltr'><strong>digiti.</strong></span> <span class='ocrx_word' id='word_1_31' title='bbox 1222 563 1460 618; x_wconf 85' lang='lat' dir='ltr'><strong>Membra</strong></span> <span class='ocrx_word' id='word_1_32' title='bbox 1491 561 1704 632; x_wconf 89' lang='lat' dir='ltr'><strong>quando</strong></span> <span class='ocrx_word' id='word_1_33' title='bbox 1741 560 1798 615; x_wconf 92' lang='lat' dir='ltr'><strong>in</strong></span> <span class='ocrx_word' id='word_1_34' title='bbox 1835 559 2032 615; x_wconf 85' lang='lat' dir='ltr'><strong>bonam</strong></span> 
     </span>
    </p>
   </div>
   <div class='ocr_carea' id='block_1_6' title="bbox 452 650 2033 729">
    <p class='ocr_par' dir='ltr' id='par_1_6' title="bbox 452 650 2033 729">
     <span class='ocr_line' id='line_1_6' title="bbox 452 650 2033 729; baseline -0.007 -14"><span class='ocrx_word' id='word_1_35' title='bbox 452 669 660 729; x_wconf 90' lang='lat' dir='ltr'><strong>partem</strong></span> <span class='ocrx_word' id='word_1_36' title='bbox 686 657 1040 727; x_wconf 89' lang='lat' dir='ltr'><strong>accipiuntur,</strong></span> <span class='ocrx_word' id='word_1_37' title='bbox 1064 661 1279 710; x_wconf 86' lang='lat' dir='ltr'><strong>sanctos</strong></span> <span class='ocrx_word' id='word_1_38' title='bbox 1300 661 1354 708; x_wconf 91' lang='lat' dir='ltr'><strong>et</strong></span> <span class='ocrx_word' id='word_1_39' title='bbox 1377 652 1577 707; x_wconf 89' lang='lat' dir='ltr'><strong>electos</strong></span> <span class='ocrx_word' id='word_1_40' title='bbox 1604 650 1718 716; x_wconf 87' lang='lat' dir='ltr'><strong>Dei,</strong></span> <span class='ocrx_word' id='word_1_41' title='bbox 1750 652 1841 720; x_wconf 88' lang='lat' dir='ltr'><strong>qui</strong></span> <span class='ocrx_word' id='word_1_42' title='bbox 1863 665 2033 707; x_wconf 85' lang='lat' dir='ltr'><strong>mem-</strong></span> 
     </span>
    </p>
   </div>
   <div class='ocr_carea' id='block_1_7' title="bbox 454 740 2033 819">
    <p class='ocr_par' dir='ltr' id='par_1_7' title="bbox 454 740 2033 819">
     <span class='ocr_line' id='line_1_7' title="bbox 454 740 2033 819; baseline -0.008 -11"><span class='ocrx_word' id='word_1_43' title='bbox 454 754 550 808; x_wconf 88' lang='lat' dir='ltr'><strong>bra</strong></span> <span class='ocrx_word' id='word_1_44' title='bbox 591 758 716 807; x_wconf 89' lang='lat' dir='ltr'><strong>sunt</strong></span> <span class='ocrx_word' id='word_1_45' title='bbox 751 749 994 819; x_wconf 88' lang='lat' dir='ltr'><strong>corporis</strong></span> <span class='ocrx_word' id='word_1_46' title='bbox 1030 745 1249 812; x_wconf 85' lang='lat' dir='ltr'><strong>Christi,</strong></span> <span class='ocrx_word' id='word_1_47' title='bbox 1293 743 1631 815; x_wconf 84' lang='lat' dir='ltr'><strong>signiﬁcant:</strong></span> <span class='ocrx_word' id='word_1_48' title='bbox 1657 742 1781 812; x_wconf 91' lang='lat' dir='ltr'><strong>quia</strong></span> <span class='ocrx_word' id='word_1_49' title='bbox 1820 740 1911 798; x_wconf 90' lang='lat' dir='ltr'><strong>ille</strong></span> <span class='ocrx_word' id='word_1_50' title='bbox 1948 748 2033 796; x_wconf 91' lang='lat' dir='ltr'><strong>est</strong></span> 
     </span>
    </p>
   </div>
   <div class='ocr_carea' id='block_1_8' title="bbox 452 833 2032 913">
    <p class='ocr_par' dir='ltr' id='par_1_8' title="bbox 452 833 2032 913">
     <span class='ocr_line' id='line_1_8' title="bbox 452 833 2032 913; baseline -0.005 -16"><span class='ocrx_word' id='word_1_51' title='bbox 452 849 642 913; x_wconf 77' lang='lat' dir='ltr'><strong>caput;</strong></span> <span class='ocrx_word' id='word_1_52' title='bbox 680 840 922 897; x_wconf 87' lang='lat' dir='ltr'><strong>Ecclesia</strong></span> <span class='ocrx_word' id='word_1_53' title='bbox 956 852 1087 893; x_wconf 88' lang='lat' dir='ltr'><strong>vero</strong></span> <span class='ocrx_word' id='word_1_54' title='bbox 1121 852 1317 906; x_wconf 90' lang='lat' dir='ltr'><strong>corpus</strong></span> <span class='ocrx_word' id='word_1_55' title='bbox 1354 835 1520 906; x_wconf 89' lang='lat' dir='ltr'><strong>ipsius</strong></span> <span class='ocrx_word' id='word_1_56' title='bbox 1544 874 1560 901; x_wconf 94' lang='lat'><strong>,</strong></span> <span class='ocrx_word' id='word_1_57' title='bbox 1598 842 1652 890; x_wconf 89' lang='lat' dir='ltr'><strong>et</strong></span> <span class='ocrx_word' id='word_1_58' title='bbox 1686 835 1928 890; x_wconf 90' lang='lat' dir='ltr'><strong>membra</strong></span> <span class='ocrx_word' id='word_1_59' title='bbox 1967 833 2032 913; x_wconf 85' lang='lat' dir='ltr'><strong>de</strong></span> 
     </span>
    </p>
   </div>
   <div class='ocr_carea' id='block_1_9' title="bbox 384 912 2032 1000">
    <p class='ocr_par' dir='ltr' id='par_1_9' title="bbox 384 912 2032 1000">
     <span class='ocr_line' id='line_1_9' title="bbox 384 912 2032 1000; baseline -0.007 -8"><span class='ocrx_word' id='word_1_60' title='bbox 384 938 389 943; x_wconf 87' lang='grc'><strong>’</strong></span> <span class='ocrx_word' id='word_1_61' title='bbox 451 912 715 991; x_wconf 81' lang='lat' dir='ltr'><strong>membro.</strong></span> <span class='ocrx_word' id='word_1_62' title='bbox 775 930 928 998; x_wconf 88' lang='lat' dir='ltr'><strong>Quod</strong></span> <span class='ocrx_word' id='word_1_63' title='bbox 974 931 1131 1000; x_wconf 89' lang='lat' dir='ltr'><strong>longa</strong></span> <span class='ocrx_word' id='word_1_64' title='bbox 1180 929 1388 984; x_wconf 83' lang='lat' dir='ltr'><strong>ratione</strong></span> <span class='ocrx_word' id='word_1_65' title='bbox 1433 927 1712 996; x_wconf 90' lang='lat' dir='ltr'><strong>disputans</strong></span> <span class='ocrx_word' id='word_1_66' title='bbox 1744 912 2032 996; x_wconf 72' lang='lat' dir='ltr'><strong>Apostolus</strong></span> 
     </span>
    </p>
   </div>
   <div class='ocr_carea' id='block_1_10' title="bbox 451 1015 2033 1092">
    <p class='ocr_par' dir='ltr' id='par_1_10' title="bbox 451 1015 2033 1092">
     <span class='ocr_line' id='line_1_10' title="bbox 451 1015 2033 1092; baseline -0.006 -12"><span class='ocrx_word' id='word_1_67' title='bbox 451 1026 526 1079; x_wconf 87' lang='lat' dir='ltr'><strong>ita</strong></span> <span class='ocrx_word' id='word_1_68' title='bbox 574 1025 845 1091; x_wconf 85' lang='lat' dir='ltr'><strong>ostendit,</strong></span> <span class='ocrx_word' id='word_1_69' title='bbox 894 1023 948 1078; x_wconf 92' lang='lat' dir='ltr'><strong>in</strong></span> <span class='ocrx_word' id='word_1_70' title='bbox 995 1020 1192 1092; x_wconf 88' lang='lat' dir='ltr'><strong>quibus</strong></span> <span class='ocrx_word' id='word_1_71' title='bbox 1234 1020 1342 1075; x_wconf 89' lang='lat' dir='ltr'><strong>alia</strong></span> <span class='ocrx_word' id='word_1_72' title='bbox 1388 1027 1515 1077; x_wconf 88' lang='lat' dir='ltr'><strong>sunt</strong></span> <span class='ocrx_word' id='word_1_73' title='bbox 1562 1018 1795 1090; x_wconf 89' lang='lat' dir='ltr'><strong>gloriosa</strong></span> <span class='ocrx_word' id='word_1_74' title='bbox 1831 1025 1887 1072; x_wconf 90' lang='lat' dir='ltr'><strong>et</strong></span> <span class='ocrx_word' id='word_1_75' title='bbox 1922 1015 2033 1072; x_wconf 88' lang='lat' dir='ltr'><strong>for-</strong></span> 
     </span>
    </p>
   </div>
   <div class='ocr_carea' id='block_1_11' title="bbox 450 1105 2032 1184">
    <p class='ocr_par' dir='ltr' id='par_1_11' title="bbox 450 1105 2032 1184">
     <span class='ocr_line' id='line_1_11' title="bbox 450 1105 2032 1184; baseline -0.004 -17"><span class='ocrx_word' id='word_1_76' title='bbox 450 1114 610 1181; x_wconf 90' lang='lat' dir='ltr'><strong>tiora,</strong></span> <span class='ocrx_word' id='word_1_77' title='bbox 652 1112 755 1169; x_wconf 89' lang='lat' dir='ltr'><strong>alia</strong></span> <span class='ocrx_word' id='word_1_78' title='bbox 793 1111 1111 1184; x_wconf 79' lang='lat' dir='ltr'><strong>ignobiliora</strong></span> <span class='ocrx_word' id='word_1_79' title='bbox 1146 1118 1201 1164; x_wconf 92' lang='lat' dir='ltr'><strong>et</strong></span> <span class='ocrx_word' id='word_1_80' title='bbox 1237 1108 1533 1164; x_wconf 89' lang='lat' dir='ltr'><strong>inﬁrmiora</strong></span> <span class='ocrx_word' id='word_1_81' title='bbox 1567 1107 1809 1163; x_wconf 89' lang='lat' dir='ltr'><strong>membra</strong></span> <span class='ocrx_word' id='word_1_82' title='bbox 1839 1122 1856 1161; x_wconf 86' lang='lat'><strong>:</strong></span> <span class='ocrx_word' id='word_1_83' title='bbox 1888 1105 2032 1175; x_wconf 89' lang='lat' dir='ltr'><strong>quod</strong></span> 
     </span>
    </p>
   </div>
   <div class='ocr_carea' id='block_1_12' title="bbox 453 1197 2030 1267">
    <p class='ocr_par' dir='ltr' id='par_1_12' title="bbox 453 1197 2030 1267">
     <span class='ocr_line' id='line_1_12' title="bbox 453 1197 2030 1267; baseline -0.006 -6"><span class='ocrx_word' id='word_1_84' title='bbox 453 1206 583 1262; x_wconf 86' lang='lat' dir='ltr'><strong>facit</strong></span> <span class='ocrx_word' id='word_1_85' title='bbox 603 1206 904 1263; x_wconf 71' lang='lat' dir='ltr'><strong>differentia</strong></span> <span class='ocrx_word' id='word_1_86' title='bbox 926 1204 1203 1267; x_wconf 89' lang='lat' dir='ltr'><strong>virtutum,</strong></span> <span class='ocrx_word' id='word_1_87' title='bbox 1229 1209 1283 1256; x_wconf 92' lang='lat' dir='ltr'><strong>et</strong></span> <span class='ocrx_word' id='word_1_88' title='bbox 1317 1197 1632 1256; x_wconf 85' lang='lat' dir='ltr'><strong>discutiendi</strong></span> <span class='ocrx_word' id='word_1_89' title='bbox 1679 1198 1764 1254; x_wconf 89' lang='lat' dir='ltr'><strong>vel</strong></span> <span class='ocrx_word' id='word_1_90' title='bbox 1806 1197 2030 1255; x_wconf 84' lang='lat' dir='ltr'><strong>docendi</strong></span> 
     </span>
    </p>
   </div>
   <div class='ocr_carea' id='block_1_13' title="bbox 450 1287 2031 1362">
    <p class='ocr_par' dir='ltr' id='par_1_13' title="bbox 450 1287 2031 1362">
     <span class='ocr_line' id='line_1_13' title="bbox 450 1287 2031 1362; baseline -0.008 -9"><span class='ocrx_word' id='word_1_91' title='bbox 450 1298 703 1353; x_wconf 90' lang='lat' dir='ltr'><strong>studium.</strong></span> <span class='ocrx_word' id='word_1_92' title='bbox 758 1296 893 1352; x_wconf 89' lang='lat' dir='ltr'><strong>Nam</strong></span> <span class='ocrx_word' id='word_1_93' title='bbox 920 1295 1058 1351; x_wconf 90' lang='lat' dir='ltr'><strong>oculi</strong></span> <span class='ocrx_word' id='word_1_94' title='bbox 1086 1295 1139 1349; x_wconf 90' lang='lat' dir='ltr'><strong>in</strong></span> <span class='ocrx_word' id='word_1_95' title='bbox 1174 1307 1398 1362; x_wconf 84' lang='lat' dir='ltr'><strong>corpore</strong></span> <span class='ocrx_word' id='word_1_96' title='bbox 1426 1290 1625 1346; x_wconf 92' lang='lat' dir='ltr'><strong>Christi</strong></span> <span class='ocrx_word' id='word_1_97' title='bbox 1650 1295 1875 1359; x_wconf 89' lang='lat' dir='ltr'><strong>possunt</strong></span> <span class='ocrx_word' id='word_1_98' title='bbox 1902 1287 2031 1355; x_wconf 89' lang='lat' dir='ltr'><strong>dici,</strong></span> 
     </span>
    </p>
   </div>
   <div class='ocr_carea' id='block_1_14' title="bbox 449 1384 2032 1461">
    <p class='ocr_par' dir='ltr' id='par_1_14' title="bbox 449 1384 2032 1461">
     <span class='ocr_line' id='line_1_14' title="bbox 449 1384 2032 1461; baseline -0.008 -15"><span class='ocrx_word' id='word_1_99' title='bbox 449 1392 539 1461; x_wconf 92' lang='lat' dir='ltr'><strong>qui</strong></span> <span class='ocrx_word' id='word_1_100' title='bbox 581 1390 907 1445; x_wconf 87' lang='lat' dir='ltr'><strong>meditantur</strong></span> <span class='ocrx_word' id='word_1_101' title='bbox 934 1389 987 1443; x_wconf 93' lang='lat' dir='ltr'><strong>in</strong></span> <span class='ocrx_word' id='word_1_102' title='bbox 1017 1385 1369 1458; x_wconf 87' lang='lat' dir='ltr'><strong>lege&#39;Domini</strong></span> <span class='ocrx_word' id='word_1_103' title='bbox 1402 1384 1488 1440; x_wconf 90' lang='lat' dir='ltr'><strong>die</strong></span> <span class='ocrx_word' id='word_1_104' title='bbox 1525 1398 1590 1437; x_wconf 90' lang='lat' dir='ltr'><strong>ac</strong></span> <span class='ocrx_word' id='word_1_105' title='bbox 1619 1388 1821 1446; x_wconf 84' lang='lat' dir='ltr'><strong>nocte:</strong></span> <span class='ocrx_word' id='word_1_106' title='bbox 1849 1395 2032 1447; x_wconf 83' lang='lat' dir='ltr'><strong>aures,</strong></span> 
     </span>
    </p>
   </div>
   <div class='ocr_carea' id='block_1_15' title="bbox 448 1474 2034 1553">
    <p class='ocr_par' dir='ltr' id='par_1_15' title="bbox 448 1474 2034 1553">
     <span class='ocr_line' id='line_1_15' title="bbox 448 1474 2034 1553; baseline -0.008 -15"><span class='ocrx_word' id='word_1_107' title='bbox 448 1483 539 1553; x_wconf 90' lang='lat' dir='ltr'><strong>qui</strong></span> <span class='ocrx_word' id='word_1_108' title='bbox 570 1483 853 1552; x_wconf 80' lang='lat' dir='ltr'><strong>diligenter</strong></span> <span class='ocrx_word' id='word_1_109' title='bbox 880 1480 1104 1534; x_wconf 90' lang='lat' dir='ltr'><strong>audiunt</strong></span> <span class='ocrx_word' id='word_1_110' title='bbox 1126 1477 1351 1532; x_wconf 79' lang='lat' dir='ltr'><strong>verbum</strong></span> <span class='ocrx_word' id='word_1_111' title='bbox 1379 1475 1475 1530; x_wconf 88' lang='lat' dir='ltr'><strong>Dei</strong></span> <span class='ocrx_word' id='word_1_112' title='bbox 1506 1482 1562 1529; x_wconf 91' lang='lat' dir='ltr'><strong>et</strong></span> <span class='ocrx_word' id='word_1_113' title='bbox 1597 1474 1854 1529; x_wconf 89' lang='lat' dir='ltr'><strong>obediunt</strong></span> <span class='ocrx_word' id='word_1_114' title='bbox 1880 1488 2034 1527; x_wconf 88' lang='lat' dir='ltr'><strong>man-</strong></span> 
     </span>
    </p>
   </div>
   <div class='ocr_carea' id='block_1_16' title="bbox 448 1565 2033 1644">
    <p class='ocr_par' dir='ltr' id='par_1_16' title="bbox 448 1565 2033 1644">
     <span class='ocr_line' id='line_1_16' title="bbox 448 1565 2033 1644; baseline -0.007 -13"><span class='ocrx_word' id='word_1_115' title='bbox 448 1577 587 1631; x_wconf 89' lang='lat' dir='ltr'><strong>datis</strong></span> <span class='ocrx_word' id='word_1_116' title='bbox 605 1572 721 1644; x_wconf 83' lang='lat' dir='ltr'><strong>ejus</strong></span> <span class='ocrx_word' id='word_1_117' title='bbox 745 1592 758 1627; x_wconf 90' lang='lat'><strong>:</strong></span> <span class='ocrx_word' id='word_1_118' title='bbox 782 1588 845 1628; x_wconf 91' lang='lat' dir='ltr'><strong>os</strong></span> <span class='ocrx_word' id='word_1_119' title='bbox 865 1582 921 1629; x_wconf 92' lang='lat' dir='ltr'><strong>et</strong></span> <span class='ocrx_word' id='word_1_120' title='bbox 946 1572 1124 1642; x_wconf 88' lang='lat' dir='ltr'><strong>lingua</strong></span> <span class='ocrx_word' id='word_1_121' title='bbox 1161 1568 1544 1639; x_wconf 65' lang='lat' dir='ltr'><strong>praedicatores</strong></span> <span class='ocrx_word' id='word_1_122' title='bbox 1575 1565 1748 1620; x_wconf 89' lang='lat' dir='ltr'><strong>sancti</strong></span> <span class='ocrx_word' id='word_1_123' title='bbox 1777 1583 1789 1619; x_wconf 93' lang='lat'><strong>:</strong></span> <span class='ocrx_word' id='word_1_124' title='bbox 1815 1580 2033 1631; x_wconf 89' lang='lat' dir='ltr'><strong>manus,</strong></span> 
     </span>
    </p>
   </div>
   <div class='ocr_carea' id='block_1_17' title="bbox 447 1655 2029 1739">
    <p class='ocr_par' dir='ltr' id='par_1_17' title="bbox 447 1655 2029 1739">
     <span class='ocr_line' id='line_1_17' title="bbox 447 1655 2029 1739; baseline -0.009 -16"><span class='ocrx_word' id='word_1_125' title='bbox 447 1668 538 1739; x_wconf 90' lang='lat' dir='ltr'><strong>qui</strong></span> <span class='ocrx_word' id='word_1_126' title='bbox 563 1667 701 1722; x_wconf 84' lang='lat' dir='ltr'><strong>bene</strong></span> <span class='ocrx_word' id='word_1_127' title='bbox 730 1672 1023 1735; x_wconf 84' lang='lat' dir='ltr'><strong>operantur</strong></span> <span class='ocrx_word' id='word_1_128' title='bbox 1044 1661 1128 1717; x_wconf 90' lang='lat' dir='ltr'><strong>vel</strong></span> <span class='ocrx_word' id='word_1_129' title='bbox 1146 1661 1512 1728; x_wconf 85' lang='lat' dir='ltr'><strong>eleemosyuas</strong></span> <span class='ocrx_word' id='word_1_130' title='bbox 1534 1657 1774 1711; x_wconf 91' lang='lat' dir='ltr'><strong>tribuunt</strong></span> <span class='ocrx_word' id='word_1_131' title='bbox 1799 1673 1812 1709; x_wconf 90' lang='lat'><strong>:</strong></span> <span class='ocrx_word' id='word_1_132' title='bbox 1846 1655 2029 1725; x_wconf 85' lang='lat' dir='ltr'><strong>pedes,</strong></span> 
     </span>
    </p>
   </div>
   <div class='ocr_carea' id='block_1_18' title="bbox 446 1746 2033 1829">
    <p class='ocr_par' dir='ltr' id='par_1_18' title="bbox 446 1746 2033 1829">
     <span class='ocr_line' id='line_1_18' title="bbox 446 1746 2033 1829; baseline -0.008 -16"><span class='ocrx_word' id='word_1_133' title='bbox 446 1759 539 1829; x_wconf 90' lang='lat' dir='ltr'><strong>qui</strong></span> <span class='ocrx_word' id='word_1_134' title='bbox 581 1758 724 1813; x_wconf 90' lang='lat' dir='ltr'><strong>viam</strong></span> <span class='ocrx_word' id='word_1_135' title='bbox 763 1754 1140 1811; x_wconf 86' lang='lat' dir='ltr'><strong>mandatorqu</strong></span> <span class='ocrx_word' id='word_1_136' title='bbox 1178 1750 1277 1805; x_wconf 86' lang='lat' dir='ltr'><strong>Dei</strong></span> <span class='ocrx_word' id='word_1_137' title='bbox 1308 1749 1580 1813; x_wconf 88' lang='lat' dir='ltr'><strong>incedunt,</strong></span> <span class='ocrx_word' id='word_1_138' title='bbox 1611 1756 1667 1802; x_wconf 91' lang='lat' dir='ltr'><strong>et</strong></span> <span class='ocrx_word' id='word_1_139' title='bbox 1696 1756 1893 1802; x_wconf 60' lang='lat' dir='ltr'><strong>caetera</strong></span> <span class='ocrx_word' id='word_1_140' title='bbox 1929 1746 2033 1802; x_wconf 88' lang='lat' dir='ltr'><strong>hu-</strong></span> 
     </span>
    </p>
   </div>
   <div class='ocr_carea' id='block_1_19' title="bbox 2133 554 3728 626">
    <p class='ocr_par' dir='ltr' id='par_1_19' title="bbox 2133 554 3728 626">
     <span class='ocr_line' id='line_1_19' title="bbox 2133 554 3728 626; baseline 0.004 -18"><span class='ocrx_word' id='word_1_141' title='bbox 2133 554 2479 609; x_wconf 90' lang='lat' dir='ltr'><strong>suntossium</strong></span> <span class='ocrx_word' id='word_1_142' title='bbox 2506 554 2645 609; x_wconf 90' lang='lat' dir='ltr'><strong>dicta</strong></span> <span class='ocrx_word' id='word_1_143' title='bbox 2676 569 2762 620; x_wconf 91' lang='lat' dir='ltr'><strong>eo,</strong></span> <span class='ocrx_word' id='word_1_144' title='bbox 2799 554 2941 626; x_wconf 92' lang='lat' dir='ltr'><strong>quod</strong></span> <span class='ocrx_word' id='word_1_145' title='bbox 2972 554 3043 609; x_wconf 88' lang='lat' dir='ltr'><strong>ibi</strong></span> <span class='ocrx_word' id='word_1_146' title='bbox 3089 564 3368 625; x_wconf 91' lang='lat' dir='ltr'><strong>compacta</strong></span> <span class='ocrx_word' id='word_1_147' title='bbox 3414 557 3596 613; x_wconf 81' lang='lat' dir='ltr'><strong>nervis</strong></span> <span class='ocrx_word' id='word_1_148' title='bbox 3637 559 3728 615; x_wconf 82' lang='lat' dir='ltr'><strong>vel</strong></span> 
     </span>
    </p>
   </div>
   <div class='ocr_carea' id='block_1_20' title="bbox 2133 645 3729 719">
    <p class='ocr_par' dir='ltr' id='par_1_20' title="bbox 2133 645 3729 719">
     <span class='ocr_line' id='line_1_20' title="bbox 2133 645 3729 719; baseline 0.004 -19"><span class='ocrx_word' id='word_1_149' title='bbox 2133 646 2339 718; x_wconf 83' lang='lat' dir='ltr'><strong>glutino</strong></span> <span class='ocrx_word' id='word_1_150' title='bbox 2366 647 2595 718; x_wconf 89' lang='lat' dir='ltr'><strong>quodam</strong></span> <span class='ocrx_word' id='word_1_151' title='bbox 2623 648 2949 702; x_wconf 78' lang='lat' dir='ltr'><strong>adhaereant.</strong></span> <span class='ocrx_word' id='word_1_152' title='bbox 3000 645 3137 702; x_wconf 89' lang='lat' dir='ltr'><strong>Ossa</strong></span> <span class='ocrx_word' id='word_1_153' title='bbox 3164 654 3289 703; x_wconf 88' lang='lat' dir='ltr'><strong>sunt</strong></span> <span class='ocrx_word' id='word_1_154' title='bbox 3316 649 3562 719; x_wconf 87' lang='lat' dir='ltr'><strong>corporis</strong></span> <span class='ocrx_word' id='word_1_155' title='bbox 3590 650 3729 706; x_wconf 85' lang='lat' dir='ltr'><strong>soli-</strong></span> 
     </span>
    </p>
   </div>
   <div class='ocr_carea' id='block_1_21' title="bbox 2134 736 3730 811">
    <p class='ocr_par' dir='ltr' id='par_1_21' title="bbox 2134 736 3730 811">
     <span class='ocr_line' id='line_1_21' title="bbox 2134 736 3730 811; baseline 0.004 -19"><span class='ocrx_word' id='word_1_156' title='bbox 2134 737 2403 792; x_wconf 90' lang='lat' dir='ltr'><strong>damenta.</strong></span> <span class='ocrx_word' id='word_1_157' title='bbox 2452 736 2509 791; x_wconf 93' lang='lat' dir='ltr'><strong>ln</strong></span> <span class='ocrx_word' id='word_1_158' title='bbox 2539 737 2624 792; x_wconf 93' lang='lat' dir='ltr'><strong>his</strong></span> <span class='ocrx_word' id='word_1_159' title='bbox 2649 737 2791 792; x_wconf 88' lang='lat' dir='ltr'><strong>enim</strong></span> <span class='ocrx_word' id='word_1_160' title='bbox 2820 738 2995 793; x_wconf 88' lang='lat' dir='ltr'><strong>omnis</strong></span> <span class='ocrx_word' id='word_1_161' title='bbox 3025 738 3221 809; x_wconf 88' lang='lat' dir='ltr'><strong>positio</strong></span> <span class='ocrx_word' id='word_1_162' title='bbox 3253 740 3524 811; x_wconf 88' lang='lat' dir='ltr'><strong>roburque</strong></span> <span class='ocrx_word' id='word_1_163' title='bbox 3545 741 3730 798; x_wconf 81' lang='lat' dir='ltr'><strong>subsi-</strong></span> 
     </span>
    </p>
   </div>
   <div class='ocr_carea' id='block_1_22' title="bbox 2133 827 3726 899">
    <p class='ocr_par' dir='ltr' id='par_1_22' title="bbox 2133 827 3726 899">
     <span class='ocr_line' id='line_1_22' title="bbox 2133 827 3726 899; baseline 0.003 -16"><span class='ocrx_word' id='word_1_164' title='bbox 2133 827 2247 883; x_wconf 90' lang='lat' dir='ltr'><strong>stit.</strong></span> <span class='ocrx_word' id='word_1_165' title='bbox 2297 828 2432 882; x_wconf 90' lang='lat' dir='ltr'><strong>Ossa</strong></span> <span class='ocrx_word' id='word_1_166' title='bbox 2467 842 2681 897; x_wconf 91' lang='lat' dir='ltr'><strong>quoque</strong></span> <span class='ocrx_word' id='word_1_167' title='bbox 2705 843 2802 898; x_wconf 91' lang='lat' dir='ltr'><strong>per</strong></span> <span class='ocrx_word' id='word_1_168' title='bbox 2824 827 3133 899; x_wconf 77' lang='lat' dir='ltr'><strong>allegoriam</strong></span> <span class='ocrx_word' id='word_1_169' title='bbox 3160 828 3531 885; x_wconf 89' lang='lat' dir='ltr'><strong>fortitudinem</strong></span> <span class='ocrx_word' id='word_1_170' title='bbox 3560 846 3726 887; x_wconf 82' lang='lat' dir='ltr'><strong>men-</strong></span> 
     </span>
    </p>
   </div>
   <div class='ocr_carea' id='block_1_23' title="bbox 2134 920 3727 1000">
    <p class='ocr_par' dir='ltr' id='par_1_23' title="bbox 2134 920 3727 1000">
     <span class='ocr_line' id='line_1_23' title="bbox 2134 920 3727 1000; baseline -0.001 -20"><span class='ocrx_word' id='word_1_171' title='bbox 2134 921 2205 981; x_wconf 83' lang='lat' dir='ltr'><strong>tis</strong></span> <span class='ocrx_word' id='word_1_172' title='bbox 2226 920 2484 976; x_wconf 87' lang='lat' dir='ltr'><strong>debemus</strong></span> <span class='ocrx_word' id='word_1_173' title='bbox 2513 921 2815 976; x_wconf 86' lang='lat' dir='ltr'><strong>advertere.</strong></span> <span class='ocrx_word' id='word_1_174' title='bbox 2853 920 2983 1000; x_wconf 60' lang='lat' dir='ltr'><strong>Quae</strong></span> <span class='ocrx_word' id='word_1_175' title='bbox 3027 937 3151 989; x_wconf 92' lang='lat' dir='ltr'><strong>cum</strong></span> <span class='ocrx_word' id='word_1_176' title='bbox 3194 921 3394 989; x_wconf 91' lang='lat' dir='ltr'><strong>deﬁcit,</strong></span> <span class='ocrx_word' id='word_1_177' title='bbox 3421 923 3578 995; x_wconf 85' lang='lat' dir='ltr'><strong>vigor</strong></span> <span class='ocrx_word' id='word_1_178' title='bbox 3603 923 3727 994; x_wconf 89' lang='lat' dir='ltr'><strong>ejus</strong></span> 
     </span>
    </p>
   </div>
   <div class='ocr_carea' id='block_1_24' title="bbox 2132 1012 3726 1085">
    <p class='ocr_par' dir='ltr' id='par_1_24' title="bbox 2132 1012 3726 1085">
     <span class='ocr_line' id='line_1_24' title="bbox 2132 1012 3726 1085; baseline 0.001 -17"><span class='ocrx_word' id='word_1_179' title='bbox 2132 1012 2403 1068; x_wconf 82' lang='lat' dir='ltr'><strong>elabitur:</strong></span> <span class='ocrx_word' id='word_1_180' title='bbox 2436 1014 2577 1069; x_wconf 90' lang='lat' dir='ltr'><strong>sicut</strong></span> <span class='ocrx_word' id='word_1_181' title='bbox 2613 1022 2667 1069; x_wconf 89' lang='lat' dir='ltr'><strong>et</strong></span> <span class='ocrx_word' id='word_1_182' title='bbox 2699 1013 2914 1069; x_wconf 88' lang='lat' dir='ltr'><strong>ossibus</strong></span> <span class='ocrx_word' id='word_1_183' title='bbox 2950 1014 3222 1083; x_wconf 89' lang='lat' dir='ltr'><strong>quassatis</strong></span> <span class='ocrx_word' id='word_1_184' title='bbox 3258 1029 3457 1085; x_wconf 89' lang='lat' dir='ltr'><strong>corpus</strong></span> <span class='ocrx_word' id='word_1_185' title='bbox 3495 1014 3726 1070; x_wconf 88' lang='lat' dir='ltr'><strong>minime</strong></span> 
     </span>
    </p>
   </div>
   <div class='ocr_carea' id='block_1_25' title="bbox 2132 1102 3725 1175">
    <p class='ocr_par' dir='ltr' id='par_1_25' title="bbox 2132 1102 3725 1175">
     <span class='ocr_line' id='line_1_25' title="bbox 2132 1102 3725 1175; baseline 0 -15"><span class='ocrx_word' id='word_1_186' title='bbox 2132 1105 2453 1160; x_wconf 85' lang='lat' dir='ltr'><strong>continetur.</strong></span> <span class='ocrx_word' id='word_1_187' title='bbox 2507 1104 2660 1161; x_wconf 89' lang='lat' dir='ltr'><strong>Unde</strong></span> <span class='ocrx_word' id='word_1_188' title='bbox 2694 1102 2964 1173; x_wconf 86' lang='lat' dir='ltr'><strong>Propheta</strong></span> <span class='ocrx_word' id='word_1_189' title='bbox 3000 1104 3051 1158; x_wconf 91' lang='lat' dir='ltr'><strong>in</strong></span> <span class='ocrx_word' id='word_1_190' title='bbox 3081 1105 3284 1175; x_wconf 83' lang='lat' dir='ltr'><strong>psalmo</strong></span> <span class='ocrx_word' id='word_1_191' title='bbox 3310 1106 3426 1161; x_wconf 84' lang='lat' dir='ltr'><strong>ait:</strong></span> <span class='ocrx_word' id='word_1_192' title='bbox 3450 1103 3595 1160; x_wconf 84' lang='lat' dir='ltr'><strong>Sana</strong></span> <span class='ocrx_word' id='word_1_193' title='bbox 3618 1122 3725 1173; x_wconf 85' lang='lat' dir='ltr'><strong>me,</strong></span> 
     </span>
    </p>
   </div>
   <div class='ocr_carea' id='block_1_26' title="bbox 2131 1193 3728 1266">
    <p class='ocr_par' dir='ltr' id='par_1_26' title="bbox 2131 1193 3728 1266">
     <span class='ocr_line' id='line_1_26' title="bbox 2131 1193 3728 1266; baseline 0.004 -18"><span class='ocrx_word' id='word_1_194' title='bbox 2131 1193 2374 1261; x_wconf 81' lang='lat' dir='ltr'><strong>Domine,</strong></span> <span class='ocrx_word' id='word_1_195' title='bbox 2412 1196 2659 1266; x_wconf 80' lang='lat' dir='ltr'><strong>quoniam</strong></span> <span class='ocrx_word' id='word_1_196' title='bbox 2703 1194 3011 1250; x_wconf 85' lang='lat' dir='ltr'><strong>conturbata</strong></span> <span class='ocrx_word' id='word_1_197' title='bbox 3055 1205 3178 1249; x_wconf 82' lang='lat' dir='ltr'><strong>sunt</strong></span> <span class='ocrx_word' id='word_1_198' title='bbox 3216 1196 3393 1250; x_wconf 80' lang='lat' dir='ltr'><strong>omnia</strong></span> <span class='ocrx_word' id='word_1_199' title='bbox 3435 1212 3554 1251; x_wconf 85' lang='lat' dir='ltr'><strong>ossa</strong></span> <span class='ocrx_word' id='word_1_200' title='bbox 3604 1213 3728 1254; x_wconf 79' lang='lat' dir='ltr'><strong>mea</strong></span> 
     </span>
    </p>
   </div>
   <div class='ocr_carea' id='block_1_27' title="bbox 2133 1282 3729 1357">
    <p class='ocr_par' dir='ltr' id='par_1_27' title="bbox 2133 1282 3729 1357">
     <span class='ocr_line' id='line_1_27' title="bbox 2133 1282 3729 1357; baseline 0.001 -20"><span class='ocrx_word' id='word_1_201' title='bbox 2133 1282 2307 1357; x_wconf 85' lang='lat' dir='ltr'><strong>(Psal.</strong></span> <span class='ocrx_word' id='word_1_202' title='bbox 2346 1284 2446 1356; x_wconf 74' lang='lat' dir='ltr'><strong>vr).</strong></span> <span class='ocrx_word' id='word_1_203' title='bbox 2491 1285 2558 1340; x_wconf 86' lang='lat' dir='ltr'><strong>Et</strong></span> <span class='ocrx_word' id='word_1_204' title='bbox 2594 1285 2764 1351; x_wconf 88' lang='lat' dir='ltr'><strong>alibi,</strong></span> <span class='ocrx_word' id='word_1_205' title='bbox 2816 1285 2993 1338; x_wconf 83' lang='lat' dir='ltr'><strong>omnia</strong></span> <span class='ocrx_word' id='word_1_206' title='bbox 3016 1324 3030 1347; x_wconf 91' lang='lat'><strong>,</strong></span> <span class='ocrx_word' id='word_1_207' title='bbox 3071 1284 3287 1354; x_wconf 87' lang='lat' dir='ltr'><strong>inquit,</strong></span> <span class='ocrx_word' id='word_1_208' title='bbox 3328 1301 3450 1339; x_wconf 85' lang='lat' dir='ltr'><strong>ossa</strong></span> <span class='ocrx_word' id='word_1_209' title='bbox 3485 1300 3602 1339; x_wconf 88' lang='lat' dir='ltr'><strong>mea</strong></span> <span class='ocrx_word' id='word_1_210' title='bbox 3638 1284 3729 1338; x_wconf 54' lang='lat' dir='ltr'><strong>die</strong></span> 
     </span>
    </p>
   </div>
   <div class='ocr_carea' id='block_1_28' title="bbox 2132 1375 3727 1450">
    <p class='ocr_par' dir='ltr' id='par_1_28' title="bbox 2132 1375 3727 1450">
     <span class='ocr_line' id='line_1_28' title="bbox 2132 1375 3727 1450; baseline 0.001 -18"><span class='ocrx_word' id='word_1_211' title='bbox 2132 1388 2246 1433; x_wconf 79' lang='lat' dir='ltr'><strong>cent</strong></span> <span class='ocrx_word' id='word_1_212' title='bbox 2270 1393 2289 1431; x_wconf 91' lang='lat'><strong><em>:</em></strong></span> <span class='ocrx_word' id='word_1_213' title='bbox 2316 1377 2556 1443; x_wconf 83' lang='lat' dir='ltr'><strong>Domine,</strong></span> <span class='ocrx_word' id='word_1_214' title='bbox 2582 1378 2701 1450; x_wconf 80' lang='lat' dir='ltr'><strong>quis</strong></span> <span class='ocrx_word' id='word_1_215' title='bbox 2728 1377 2916 1433; x_wconf 75' lang='lat' dir='ltr'><strong>similis</strong></span> <span class='ocrx_word' id='word_1_216' title='bbox 2956 1377 3095 1432; x_wconf 82' lang='lat' dir='ltr'><strong>tibi?</strong></span> <span class='ocrx_word' id='word_1_217' title='bbox 3129 1376 3302 1449; x_wconf 88' lang='lat' dir='ltr'><strong>(Psal.</strong></span> <span class='ocrx_word' id='word_1_218' title='bbox 3336 1375 3548 1448; x_wconf 76' lang='lat' dir='ltr'><strong>uxrv.)</strong></span> <span class='ocrx_word' id='word_1_219' title='bbox 3584 1375 3727 1433; x_wconf 80' lang='lat' dir='ltr'><strong>Ossa</strong></span> 
     </span>
    </p>
   </div>
   <div class='ocr_carea' id='block_1_29' title="bbox 2132 1468 3728 1528">
    <p class='ocr_par' dir='ltr' id='par_1_29' title="bbox 2132 1468 3728 1528">
     <span class='ocr_line' id='line_1_29' title="bbox 2132 1468 3728 1528; baseline -0.003 0"><span class='ocrx_word' id='word_1_220' title='bbox 2132 1488 2233 1528; x_wconf 90' lang='lat' dir='ltr'><strong>nec</strong></span> <span class='ocrx_word' id='word_1_221' title='bbox 2260 1487 2479 1527; x_wconf 88' lang='lat' dir='ltr'><strong>sensum</strong></span> <span class='ocrx_word' id='word_1_222' title='bbox 2509 1486 2610 1526; x_wconf 90' lang='lat' dir='ltr'><strong>nec</strong></span> <span class='ocrx_word' id='word_1_223' title='bbox 2641 1486 2828 1526; x_wconf 91' lang='lat' dir='ltr'><strong>vocem</strong></span> <span class='ocrx_word' id='word_1_224' title='bbox 2858 1471 3060 1526; x_wconf 89' lang='lat' dir='ltr'><strong>habere</strong></span> <span class='ocrx_word' id='word_1_225' title='bbox 3094 1468 3440 1525; x_wconf 89' lang='lat' dir='ltr'><strong>manifestum</strong></span> <span class='ocrx_word' id='word_1_226' title='bbox 3463 1478 3547 1524; x_wconf 87' lang='lat' dir='ltr'><strong>est</strong></span> <span class='ocrx_word' id='word_1_227' title='bbox 3574 1487 3588 1524; x_wconf 89' lang='lat'><strong>:</strong></span> <span class='ocrx_word' id='word_1_228' title='bbox 3627 1468 3728 1524; x_wconf 87' lang='lat' dir='ltr'><strong>sed</strong></span> 
     </span>
    </p>
   </div>
   <div class='ocr_carea' id='block_1_30' title="bbox 2134 1559 3726 1636">
    <p class='ocr_par' dir='ltr' id='par_1_30' title="bbox 2134 1559 3726 1636">
     <span class='ocr_line' id='line_1_30' title="bbox 2134 1559 3726 1636; baseline -0.004 -16"><span class='ocrx_word' id='word_1_229' title='bbox 2134 1563 2297 1636; x_wconf 89' lang='lat' dir='ltr'><strong>(sicut</strong></span> <span class='ocrx_word' id='word_1_230' title='bbox 2322 1563 2632 1633; x_wconf 86' lang='lat' dir='ltr'><strong>frequenter</strong></span> <span class='ocrx_word' id='word_1_231' title='bbox 2674 1559 2931 1632; x_wconf 80' lang='lat' dir='ltr'><strong>diximus)</strong></span> <span class='ocrx_word' id='word_1_232' title='bbox 2981 1559 3240 1616; x_wconf 81' lang='lat' dir='ltr'><strong>fortitudo</strong></span> <span class='ocrx_word' id='word_1_233' title='bbox 3279 1559 3446 1615; x_wconf 86' lang='lat' dir='ltr'><strong>animi</strong></span> <span class='ocrx_word' id='word_1_234' title='bbox 3493 1566 3550 1616; x_wconf 92' lang='lat' dir='ltr'><strong>et</strong></span> <span class='ocrx_word' id='word_1_235' title='bbox 3588 1574 3726 1615; x_wconf 86' lang='lat' dir='ltr'><strong>eon-</strong></span> 
     </span>
    </p>
   </div>
   <div class='ocr_carea' id='block_1_31' title="bbox 2133 1650 3729 1722">
    <p class='ocr_par' dir='ltr' id='par_1_31' title="bbox 2133 1650 3729 1722">
     <span class='ocr_line' id='line_1_31' title="bbox 2133 1650 3729 1722; baseline -0.004 -9"><span class='ocrx_word' id='word_1_236' title='bbox 2133 1655 2332 1713; x_wconf 80' lang='lat' dir='ltr'><strong>Stantia</strong></span> <span class='ocrx_word' id='word_1_237' title='bbox 2358 1655 2556 1711; x_wconf 87' lang='lat' dir='ltr'><strong>mentis</strong></span> <span class='ocrx_word' id='word_1_238' title='bbox 2580 1652 2780 1709; x_wconf 90' lang='lat' dir='ltr'><strong>debent</strong></span> <span class='ocrx_word' id='word_1_239' title='bbox 2814 1651 3059 1722; x_wconf 88' lang='lat' dir='ltr'><strong>intelligi.</strong></span> <span class='ocrx_word' id='word_1_240' title='bbox 3113 1650 3244 1719; x_wconf 76' lang='lat' dir='ltr'><strong>Qua:</strong></span> <span class='ocrx_word' id='word_1_241' title='bbox 3274 1651 3470 1707; x_wconf 91' lang='lat' dir='ltr'><strong>merito</strong></span> <span class='ocrx_word' id='word_1_242' title='bbox 3505 1650 3729 1707; x_wconf 88' lang='lat' dir='ltr'><strong>ossibus</strong></span> 
     </span>
    </p>
   </div>
   <div class='ocr_carea' id='block_1_32' title="bbox 2133 1742 3730 1817">
    <p class='ocr_par' dir='ltr' id='par_1_32' title="bbox 2133 1742 3730 1817">
     <span class='ocr_line' id='line_1_32' title="bbox 2133 1742 3730 1817; baseline -0.003 -15"><span class='ocrx_word' id='word_1_243' title='bbox 2133 1753 2518 1817; x_wconf 83' lang='lat' dir='ltr'><strong>comparantur</strong></span> <span class='ocrx_word' id='word_1_244' title='bbox 2540 1763 2555 1799; x_wconf 87' lang='lat'><strong>:</strong></span> <span class='ocrx_word' id='word_1_245' title='bbox 2579 1744 2703 1815; x_wconf 90' lang='lat' dir='ltr'><strong>quia</strong></span> <span class='ocrx_word' id='word_1_246' title='bbox 2729 1743 2871 1798; x_wconf 91' lang='lat' dir='ltr'><strong>sicut</strong></span> <span class='ocrx_word' id='word_1_247' title='bbox 2898 1742 2985 1797; x_wconf 91' lang='lat' dir='ltr'><strong>illa</strong></span> <span class='ocrx_word' id='word_1_248' title='bbox 3011 1757 3207 1812; x_wconf 87' lang='lat' dir='ltr'><strong>corpus</strong></span> <span class='ocrx_word' id='word_1_249' title='bbox 3234 1742 3537 1807; x_wconf 89' lang='lat' dir='ltr'><strong>continent,</strong></span> <span class='ocrx_word' id='word_1_250' title='bbox 3566 1742 3641 1796; x_wconf 89' lang='lat' dir='ltr'><strong>ita</strong></span> <span class='ocrx_word' id='word_1_251' title='bbox 3668 1749 3730 1797; x_wconf 84' lang='lat' dir='ltr'><strong>et</strong></span> 
     </span>
    </p>
   </div>
   <div class='ocr_carea' id='block_1_33' title="bbox 436 1830 3731 1919">
    <p class='ocr_par' dir='ltr' id='par_1_33' title="bbox 436 1830 3731 1919">
     <span class='ocr_line' id='line_1_33' title="bbox 436 1830 3731 1919; baseline -0.005 -16"><span class='ocrx_word' id='word_1_252' title='bbox 436 1848 676 1919; x_wconf 68' lang='lat' dir='ltr'><strong>jusmodi</strong></span> <span class='ocrx_word' id='word_1_253' title='bbox 716 1864 728 1900; x_wconf 89' lang='lat'><strong>:</strong></span> <span class='ocrx_word' id='word_1_254' title='bbox 758 1845 899 1915; x_wconf 91' lang='lat' dir='ltr'><strong>quod</strong></span> <span class='ocrx_word' id='word_1_255' title='bbox 930 1844 1147 1912; x_wconf 85' lang='lat' dir='ltr'><strong>longqu</strong></span> <span class='ocrx_word' id='word_1_256' title='bbox 1166 1849 1249 1895; x_wconf 92' lang='lat' dir='ltr'><strong>est</strong></span> <span class='ocrx_word' id='word_1_257' title='bbox 1275 1852 1613 1895; x_wconf 88' lang='lat' dir='ltr'><strong>enumerare.</strong></span> <span class='ocrx_word' id='word_1_258' title='bbox 1668 1837 1847 1892; x_wconf 84' lang='lat' dir='ltr'><strong>Aliam</strong></span> <span class='ocrx_word' id='word_1_259' title='bbox 1896 1852 2028 1893; x_wconf 88' lang='lat' dir='ltr'><strong>vero</strong></span> <span class='ocrx_word' id='word_1_260' title='bbox 2055 1831 2104 1891; x_wconf 90' lang='lat' dir='ltr'><strong>B</strong></span> <span class='ocrx_word' id='word_1_261' title='bbox 2131 1836 2247 1892; x_wconf 70' lang='lat' dir='ltr'><strong>hmo</strong></span> <span class='ocrx_word' id='word_1_262' title='bbox 2273 1843 2490 1891; x_wconf 89' lang='lat' dir='ltr'><strong>sanctas</strong></span> <span class='ocrx_word' id='word_1_263' title='bbox 2521 1833 2878 1890; x_wconf 88' lang='lat' dir='ltr'><strong>corroborant</strong></span> <span class='ocrx_word' id='word_1_264' title='bbox 2903 1830 3224 1887; x_wconf 87' lang='lat' dir='ltr'><strong>voluntates.</strong></span> <span class='ocrx_word' id='word_1_265' title='bbox 3260 1830 3731 1902; x_wconf 87' lang='lat' dir='ltr'><strong>Dicantergohoc</strong></span> 
     </span>
    </p>
   </div>
   <div class='ocr_carea' id='block_1_34' title="bbox 443 1925 2032 2007">
    <p class='ocr_par' dir='ltr' id='par_1_34' title="bbox 443 1925 2032 2007">
     <span class='ocr_line' id='line_1_34' title="bbox 443 1925 2032 2007; baseline -0.006 -16"><span class='ocrx_word' id='word_1_266' title='bbox 443 1935 891 2007; x_wconf 88' lang='lat' dir='ltr'><strong>signiﬁcationem</strong></span> <span class='ocrx_word' id='word_1_267' title='bbox 929 1932 1127 1986; x_wconf 87' lang='lat' dir='ltr'><strong>habent</strong></span> <span class='ocrx_word' id='word_1_268' title='bbox 1169 1928 1430 1993; x_wconf 90' lang='lat' dir='ltr'><strong>membra,</strong></span> <span class='ocrx_word' id='word_1_269' title='bbox 1469 1927 1683 1997; x_wconf 86' lang='lat' dir='ltr'><strong>quando</strong></span> <span class='ocrx_word' id='word_1_270' title='bbox 1721 1926 1789 1981; x_wconf 86' lang='lat' dir='ltr'><strong>ad</strong></span> <span class='ocrx_word' id='word_1_271' title='bbox 1833 1925 2032 1982; x_wconf 86' lang='lat' dir='ltr'><strong>diaboli</strong></span> 
     </span>
    </p>
   </div>
   <div class='ocr_carea' id='block_1_35' title="bbox 446 2018 2039 2098">
    <p class='ocr_par' dir='ltr' id='par_1_35' title="bbox 446 2018 2039 2098">
     <span class='ocr_line' id='line_1_35' title="bbox 446 2018 2039 2098; baseline -0.004 -17"><span class='ocrx_word' id='word_1_272' title='bbox 446 2036 655 2098; x_wconf 91' lang='lat' dir='ltr'><strong>partem</strong></span> <span class='ocrx_word' id='word_1_273' title='bbox 685 2039 904 2080; x_wconf 89' lang='lat' dir='ltr'><strong>sensum</strong></span> <span class='ocrx_word' id='word_1_274' title='bbox 929 2023 1152 2078; x_wconf 86' lang='lat' dir='ltr'><strong>trahunt</strong></span> <span class='ocrx_word' id='word_1_275' title='bbox 1182 2038 1195 2074; x_wconf 94' lang='lat'>:</span> <span class='ocrx_word' id='word_1_276' title='bbox 1224 2019 1349 2090; x_wconf 91' lang='lat' dir='ltr'><strong>quia</strong></span> <span class='ocrx_word' id='word_1_277' title='bbox 1375 2019 1515 2074; x_wconf 88' lang='lat' dir='ltr'><strong>sicut</strong></span> <span class='ocrx_word' id='word_1_278' title='bbox 1543 2033 1731 2074; x_wconf 86' lang='lat' dir='ltr'><strong>omnes</strong></span> <span class='ocrx_word' id='word_1_279' title='bbox 1764 2019 1934 2074; x_wconf 88' lang='lat' dir='ltr'><strong>sancti</strong></span> <span class='ocrx_word' id='word_1_280' title='bbox 1964 2018 2039 2074; x_wconf 74' lang='lat' dir='ltr'><strong>ad</strong></span> 
     </span>
    </p>
   </div>
   <div class='ocr_carea' id='block_1_36' title="bbox 445 2108 2033 2185">
    <p class='ocr_par' dir='ltr' id='par_1_36' title="bbox 445 2108 2033 2185">
     <span class='ocr_line' id='line_1_36' title="bbox 445 2108 2033 2185; baseline -0.004 -13"><span class='ocrx_word' id='word_1_281' title='bbox 445 2115 646 2172; x_wconf 85' lang='lat' dir='ltr'><strong>Christi</strong></span> <span class='ocrx_word' id='word_1_282' title='bbox 672 2131 867 2185; x_wconf 90' lang='lat' dir='ltr'><strong>corpus</strong></span> <span class='ocrx_word' id='word_1_283' title='bbox 892 2114 1183 2185; x_wconf 88' lang='lat' dir='ltr'><strong>pertinent,</strong></span> <span class='ocrx_word' id='word_1_284' title='bbox 1214 2112 1289 2166; x_wconf 91' lang='lat' dir='ltr'><strong>ita</strong></span> <span class='ocrx_word' id='word_1_285' title='bbox 1335 2124 1524 2164; x_wconf 90' lang='lat' dir='ltr'><strong>omnes</strong></span> <span class='ocrx_word' id='word_1_286' title='bbox 1554 2108 1720 2179; x_wconf 90' lang='lat' dir='ltr'><strong>iniqui</strong></span> <span class='ocrx_word' id='word_1_287' title='bbox 1744 2111 1811 2166; x_wconf 90' lang='lat' dir='ltr'><strong>ad</strong></span> <span class='ocrx_word' id='word_1_288' title='bbox 1836 2125 2033 2181; x_wconf 90' lang='lat' dir='ltr'><strong>corpus</strong></span> 
     </span>
    </p>
   </div>
   <div class='ocr_carea' id='block_1_37' title="bbox 444 2200 2029 2275">
    <p class='ocr_par' dir='ltr' id='par_1_37' title="bbox 444 2200 2029 2275">
     <span class='ocr_line' id='line_1_37' title="bbox 444 2200 2029 2275; baseline -0.005 -13"><span class='ocrx_word' id='word_1_289' title='bbox 444 2207 772 2262; x_wconf 84' lang='lat' dir='ltr'><strong>antichristi.</strong></span> <span class='ocrx_word' id='word_1_290' title='bbox 819 2206 972 2262; x_wconf 90' lang='lat' dir='ltr'><strong>Unde</strong></span> <span class='ocrx_word' id='word_1_291' title='bbox 1006 2206 1264 2275; x_wconf 88' lang='lat' dir='ltr'><strong>scriptum</strong></span> <span class='ocrx_word' id='word_1_292' title='bbox 1293 2209 1375 2259; x_wconf 90' lang='lat' dir='ltr'><strong>est</strong></span> <span class='ocrx_word' id='word_1_293' title='bbox 1403 2202 1455 2256; x_wconf 92' lang='lat' dir='ltr'><strong>in</strong></span> <span class='ocrx_word' id='word_1_294' title='bbox 1485 2202 1587 2259; x_wconf 82' lang='lat' dir='ltr'><strong>Job</strong></span> <span class='ocrx_word' id='word_1_295' title='bbox 1608 2200 1675 2255; x_wconf 90' lang='lat' dir='ltr'><strong>de</strong></span> <span class='ocrx_word' id='word_1_296' title='bbox 1694 2201 1988 2257; x_wconf 90' lang='lat' dir='ltr'><strong>Leviathan</strong></span> <span class='ocrx_word' id='word_1_297' title='bbox 2013 2217 2029 2254; x_wconf 90' lang='lat'><strong>:</strong></span> 
     </span>
    </p>
   </div>
   <div class='ocr_carea' id='block_1_38' title="bbox 446 2291 2025 2368">
    <p class='ocr_par' dir='ltr' id='par_1_38' title="bbox 446 2291 2025 2368">
     <span class='ocr_line' id='line_1_38' title="bbox 446 2291 2025 2368; baseline -0.004 -15"><span class='ocrx_word' id='word_1_298' title='bbox 446 2298 686 2353; x_wconf 75' lang='lat' dir='ltr'><strong>Membra</strong></span> <span class='ocrx_word' id='word_1_299' title='bbox 745 2299 983 2352; x_wconf 81' lang='lat' dir='ltr'><strong>carnium</strong></span> <span class='ocrx_word' id='word_1_300' title='bbox 1029 2297 1144 2368; x_wconf 87' lang='lat' dir='ltr'><strong>ejus</strong></span> <span class='ocrx_word' id='word_1_301' title='bbox 1183 2297 1496 2352; x_wconf 80' lang='lat' dir='ltr'><strong>cohwrentia</strong></span> <span class='ocrx_word' id='word_1_302' title='bbox 1550 2296 1650 2350; x_wconf 87' lang='lat' dir='ltr'><strong>sibi</strong></span> <span class='ocrx_word' id='word_1_303' title='bbox 1697 2293 1841 2366; x_wconf 77' lang='lat' dir='ltr'><strong>(Job.</strong></span> <span class='ocrx_word' id='word_1_304' title='bbox 1891 2291 2025 2364; x_wconf 82' lang='lat' dir='ltr'><strong>xu).</strong></span> 
     </span>
    </p>
   </div>
   <div class='ocr_carea' id='block_1_39' title="bbox 441 2384 2030 2461">
    <p class='ocr_par' dir='ltr' id='par_1_39' title="bbox 441 2384 2030 2461">
     <span class='ocr_line' id='line_1_39' title="bbox 441 2384 2030 2461; baseline -0.003 -17"><span class='ocrx_word' id='word_1_305' title='bbox 441 2388 647 2444; x_wconf 91' lang='lat' dir='ltr'><strong>Carnes</strong></span> <span class='ocrx_word' id='word_1_306' title='bbox 673 2388 829 2443; x_wconf 91' lang='lat' dir='ltr'><strong>istius</strong></span> <span class='ocrx_word' id='word_1_307' title='bbox 856 2395 983 2443; x_wconf 89' lang='lat' dir='ltr'><strong>sunt</strong></span> <span class='ocrx_word' id='word_1_308' title='bbox 1008 2402 1198 2443; x_wconf 88' lang='lat' dir='ltr'><strong>omnes</strong></span> <span class='ocrx_word' id='word_1_309' title='bbox 1219 2387 1454 2458; x_wconf 86' lang='lat' dir='ltr'><strong>reprobi,</strong></span> <span class='ocrx_word' id='word_1_310' title='bbox 1486 2386 1578 2457; x_wconf 91' lang='lat' dir='ltr'><strong>qui</strong></span> <span class='ocrx_word' id='word_1_311' title='bbox 1605 2384 1673 2440; x_wconf 88' lang='lat' dir='ltr'><strong>ad</strong></span> <span class='ocrx_word' id='word_1_312' title='bbox 1694 2384 2030 2461; x_wconf 84' lang='lat' dir='ltr'><strong>intellectum</strong></span> 
     </span>
    </p>
   </div>
   <div class='ocr_carea' id='block_1_40' title="bbox 440 2476 2028 2549">
    <p class='ocr_par' dir='ltr' id='par_1_40' title="bbox 440 2476 2028 2549">
     <span class='ocr_line' id='line_1_40' title="bbox 440 2476 2028 2549; baseline -0.003 -16"><span class='ocrx_word' id='word_1_313' title='bbox 440 2476 702 2549; x_wconf 87' lang='lat' dir='ltr'><strong>spiritalis</strong></span> <span class='ocrx_word' id='word_1_314' title='bbox 753 2477 943 2547; x_wconf 47' lang='lat' dir='ltr'><strong>patria).</strong></span> <span class='ocrx_word' id='word_1_315' title='bbox 991 2492 1092 2546; x_wconf 88' lang='lat' dir='ltr'><strong>per</strong></span> <span class='ocrx_word' id='word_1_316' title='bbox 1155 2476 1480 2532; x_wconf 89' lang='lat' dir='ltr'><strong>desiderium</strong></span> <span class='ocrx_word' id='word_1_317' title='bbox 1545 2490 1653 2530; x_wconf 90' lang='lat' dir='ltr'><strong>non</strong></span> <span class='ocrx_word' id='word_1_318' title='bbox 1715 2484 2028 2546; x_wconf 90' lang='lat' dir='ltr'><strong>assurgunt.</strong></span> 
     </span>
    </p>
   </div>
   <div class='ocr_carea' id='block_1_41' title="bbox 441 2566 2035 2639">
    <p class='ocr_par' dir='ltr' id='par_1_41' title="bbox 441 2566 2035 2639">
     <span class='ocr_line' id='line_1_41' title="bbox 441 2566 2035 2639; baseline -0.003 -13"><span class='ocrx_word' id='word_1_319' title='bbox 441 2571 683 2627; x_wconf 71' lang='lat' dir='ltr'><strong>Membra</strong></span> <span class='ocrx_word' id='word_1_320' title='bbox 724 2580 903 2624; x_wconf 90' lang='lat' dir='ltr'><strong>autem</strong></span> <span class='ocrx_word' id='word_1_321' title='bbox 944 2578 1073 2625; x_wconf 92' lang='lat' dir='ltr'><strong>sunt</strong></span> <span class='ocrx_word' id='word_1_322' title='bbox 1114 2569 1357 2624; x_wconf 88' lang='lat' dir='ltr'><strong>carnium</strong></span> <span class='ocrx_word' id='word_1_323' title='bbox 1396 2568 1476 2634; x_wconf 90' lang='lat' dir='ltr'><strong>hi,</strong></span> <span class='ocrx_word' id='word_1_324' title='bbox 1518 2568 1610 2639; x_wconf 92' lang='lat' dir='ltr'><strong>qui</strong></span> <span class='ocrx_word' id='word_1_325' title='bbox 1648 2566 1852 2624; x_wconf 90' lang='lat' dir='ltr'><strong>eisdem</strong></span> <span class='ocrx_word' id='word_1_326' title='bbox 1908 2580 2035 2636; x_wconf 89' lang='lat' dir='ltr'><strong>per-</strong></span> 
     </span>
    </p>
   </div>
   <div class='ocr_carea' id='block_1_42' title="bbox 441 2658 2030 2731">
    <p class='ocr_par' dir='ltr' id='par_1_42' title="bbox 441 2658 2030 2731">
     <span class='ocr_line' id='line_1_42' title="bbox 441 2658 2030 2731; baseline -0.002 -15"><span class='ocrx_word' id='word_1_327' title='bbox 441 2677 598 2718; x_wconf 87' lang='lat' dir='ltr'><strong>verse</strong></span> <span class='ocrx_word' id='word_1_328' title='bbox 632 2662 915 2731; x_wconf 86' lang='lat' dir='ltr'><strong>agentibus</strong></span> <span class='ocrx_word' id='word_1_329' title='bbox 933 2668 988 2716; x_wconf 92' lang='lat' dir='ltr'><strong>et</strong></span> <span class='ocrx_word' id='word_1_330' title='bbox 1008 2675 1126 2717; x_wconf 87' lang='lat' dir='ltr'><strong>sese</strong></span> <span class='ocrx_word' id='word_1_331' title='bbox 1146 2660 1212 2715; x_wconf 91' lang='lat' dir='ltr'><strong>ad</strong></span> <span class='ocrx_word' id='word_1_332' title='bbox 1239 2660 1573 2730; x_wconf 91' lang='lat' dir='ltr'><strong>iniquitatem</strong></span> <span class='ocrx_word' id='word_1_333' title='bbox 1600 2658 2030 2730; x_wconf 67' lang='lat' dir='ltr'><strong>praecedentibus</strong></span> 
     </span>
    </p>
   </div>
   <div class='ocr_carea' id='block_1_43' title="bbox 441 2746 2032 2821">
    <p class='ocr_par' dir='ltr' id='par_1_43' title="bbox 441 2746 2032 2821">
     <span class='ocr_line' id='line_1_43' title="bbox 441 2746 2032 2821; baseline -0.003 -14"><span class='ocrx_word' id='word_1_334' title='bbox 441 2751 797 2821; x_wconf 90' lang='lat' dir='ltr'><strong>conjungunt.</strong></span> <span class='ocrx_word' id='word_1_335' title='bbox 850 2747 957 2805; x_wconf 87' lang='lat' dir='ltr'><strong>Sed</strong></span> <span class='ocrx_word' id='word_1_336' title='bbox 988 2749 1240 2804; x_wconf 78' lang='lat' dir='ltr'><strong>estaliud</strong></span> <span class='ocrx_word' id='word_1_337' title='bbox 1266 2747 1566 2804; x_wconf 88' lang='lat' dir='ltr'><strong>membrum</strong></span> <span class='ocrx_word' id='word_1_338' title='bbox 1590 2746 1854 2818; x_wconf 89' lang='lat' dir='ltr'><strong>corporis,</strong></span> <span class='ocrx_word' id='word_1_339' title='bbox 1886 2747 2032 2803; x_wconf 85' lang='lat' dir='ltr'><strong>aliud</strong></span> 
     </span>
    </p>
   </div>
   <div class='ocr_carea' id='block_1_44' title="bbox 444 2837 2030 2908">
    <p class='ocr_par' dir='ltr' id='par_1_44' title="bbox 444 2837 2030 2908">
     <span class='ocr_line' id='line_1_44' title="bbox 444 2837 2030 2908; baseline -0.003 -12"><span class='ocrx_word' id='word_1_340' title='bbox 444 2841 747 2896; x_wconf 88' lang='lat' dir='ltr'><strong>membrum</strong></span> <span class='ocrx_word' id='word_1_341' title='bbox 794 2839 1044 2897; x_wconf 91' lang='lat' dir='ltr'><strong>membri.</strong></span> <span class='ocrx_word' id='word_1_342' title='bbox 1093 2838 1245 2894; x_wconf 90' lang='lat' dir='ltr'><strong>Sicut</strong></span> <span class='ocrx_word' id='word_1_343' title='bbox 1287 2846 1469 2892; x_wconf 88' lang='lat' dir='ltr'><strong>autem</strong></span> <span class='ocrx_word' id='word_1_344' title='bbox 1520 2837 1884 2908; x_wconf 88' lang='lat' dir='ltr'><strong>perniciosum</strong></span> <span class='ocrx_word' id='word_1_345' title='bbox 1923 2845 2030 2903; x_wconf 87' lang='lat' dir='ltr'><strong>est,</strong></span> 
     </span>
    </p>
   </div>
   <div class='ocr_carea' id='block_1_45' title="bbox 440 2929 2031 3000">
    <p class='ocr_par' dir='ltr' id='par_1_45' title="bbox 440 2929 2031 3000">
     <span class='ocr_line' id='line_1_45' title="bbox 440 2929 2031 3000; baseline -0.003 -11"><span class='ocrx_word' id='word_1_346' title='bbox 440 2934 488 2989; x_wconf 92' lang='lat' dir='ltr'><strong>si</strong></span> <span class='ocrx_word' id='word_1_347' title='bbox 511 2933 689 2988; x_wconf 87' lang='lat' dir='ltr'><strong>unitas</strong></span> <span class='ocrx_word' id='word_1_348' title='bbox 708 2931 846 2987; x_wconf 90' lang='lat' dir='ltr'><strong>desit</strong></span> <span class='ocrx_word' id='word_1_349' title='bbox 864 2931 1122 2987; x_wconf 88' lang='lat' dir='ltr'><strong>membris</strong></span> <span class='ocrx_word' id='word_1_350' title='bbox 1144 2929 1302 2986; x_wconf 86' lang='lat' dir='ltr'><strong>bonis</strong></span> <span class='ocrx_word' id='word_1_351' title='bbox 1327 2946 1341 2985; x_wconf 91' lang='lat'><strong>:</strong></span> <span class='ocrx_word' id='word_1_352' title='bbox 1367 2930 1438 2984; x_wconf 92' lang='lat' dir='ltr'><strong>ita</strong></span> <span class='ocrx_word' id='word_1_353' title='bbox 1463 2930 1827 3000; x_wconf 90' lang='lat' dir='ltr'><strong>perniciosum</strong></span> <span class='ocrx_word' id='word_1_354' title='bbox 1857 2938 1960 2995; x_wconf 91' lang='lat' dir='ltr'><strong>est,</strong></span> <span class='ocrx_word' id='word_1_355' title='bbox 1983 2929 2031 2985; x_wconf 92' lang='lat' dir='ltr'><strong>si</strong></span> 
     </span>
    </p>
   </div>
   <div class='ocr_carea' id='block_1_46' title="bbox 442 3020 2031 3091">
    <p class='ocr_par' dir='ltr' id='par_1_46' title="bbox 442 3020 2031 3091">
     <span class='ocr_line' id='line_1_46' title="bbox 442 3020 2031 3091; baseline -0.001 -13"><span class='ocrx_word' id='word_1_356' title='bbox 442 3040 551 3079; x_wconf 87' lang='lat' dir='ltr'><strong>non</strong></span> <span class='ocrx_word' id='word_1_357' title='bbox 580 3023 721 3078; x_wconf 89' lang='lat' dir='ltr'><strong>desit</strong></span> <span class='ocrx_word' id='word_1_358' title='bbox 758 3022 1103 3078; x_wconf 82' lang='lat' dir='ltr'><strong>maliszdum</strong></span> <span class='ocrx_word' id='word_1_359' title='bbox 1150 3022 1203 3076; x_wconf 94' lang='lat' dir='ltr'><strong>in</strong></span> <span class='ocrx_word' id='word_1_360' title='bbox 1251 3021 1385 3076; x_wconf 92' lang='lat' dir='ltr'><strong>duas</strong></span> <span class='ocrx_word' id='word_1_361' title='bbox 1412 3031 1597 3091; x_wconf 89' lang='lat' dir='ltr'><strong>partes</strong></span> <span class='ocrx_word' id='word_1_362' title='bbox 1646 3020 1816 3077; x_wconf 81' lang='lat' dir='ltr'><strong>Rubri</strong></span> <span class='ocrx_word' id='word_1_363' title='bbox 1863 3020 2031 3077; x_wconf 88' lang='lat' dir='ltr'><strong>maris</strong></span> 
     </span>
    </p>
   </div>
   <div class='ocr_carea' id='block_1_47' title="bbox 442 3111 2031 3183">
    <p class='ocr_par' dir='ltr' id='par_1_47' title="bbox 442 3111 2031 3183">
     <span class='ocr_line' id='line_1_47' title="bbox 442 3111 2031 3183; baseline -0.001 -13"><span class='ocrx_word' id='word_1_364' title='bbox 442 3114 586 3170; x_wconf 88' lang='lat' dir='ltr'><strong>unda</strong></span> <span class='ocrx_word' id='word_1_365' title='bbox 615 3113 892 3179; x_wconf 86' lang='lat' dir='ltr'><strong>dividitur,</strong></span> <span class='ocrx_word' id='word_1_366' title='bbox 923 3122 981 3167; x_wconf 92' lang='lat' dir='ltr'><strong>ut</strong></span> <span class='ocrx_word' id='word_1_367' title='bbox 1005 3113 1072 3167; x_wconf 90' lang='lat' dir='ltr'><strong>ab</strong></span> <span class='ocrx_word' id='word_1_368' title='bbox 1100 3111 1271 3167; x_wconf 87' lang='lat' dir='ltr'><strong>electo</strong></span> <span class='ocrx_word' id='word_1_369' title='bbox 1295 3111 1490 3181; x_wconf 90' lang='lat' dir='ltr'><strong>popqu</strong></span> <span class='ocrx_word' id='word_1_370' title='bbox 1516 3112 1584 3167; x_wconf 89' lang='lat' dir='ltr'><strong>ad</strong></span> <span class='ocrx_word' id='word_1_371' title='bbox 1612 3120 1813 3167; x_wconf 89' lang='lat' dir='ltr'><strong>terram</strong></span> <span class='ocrx_word' id='word_1_372' title='bbox 1842 3128 2031 3183; x_wconf 84' lang='lat' dir='ltr'><strong>repro-</strong></span> 
     </span>
    </p>
   </div>
   <div class='ocr_carea' id='block_1_48' title="bbox 2134 1919 3727 1989">
    <p class='ocr_par' dir='ltr' id='par_1_48' title="bbox 2134 1919 3727 1989">
     <span class='ocr_line' id='line_1_48' title="bbox 2134 1919 3727 1989; baseline -0.005 -6"><span class='ocrx_word' id='word_1_373' title='bbox 2134 1933 2530 1984; x_wconf 85' lang='lat' dir='ltr'><strong>sacramentum</strong></span> <span class='ocrx_word' id='word_1_374' title='bbox 2568 1938 2715 1989; x_wconf 89' lang='lat' dir='ltr'><strong>ossa,</strong></span> <span class='ocrx_word' id='word_1_375' title='bbox 2762 1938 2870 1978; x_wconf 88' lang='lat' dir='ltr'><strong>non</strong></span> <span class='ocrx_word' id='word_1_376' title='bbox 2919 1936 3070 1988; x_wconf 88' lang='lat' dir='ltr'><strong>caro,</strong></span> <span class='ocrx_word' id='word_1_377' title='bbox 3111 1921 3166 1977; x_wconf 92' lang='lat' dir='ltr'><strong>id</strong></span> <span class='ocrx_word' id='word_1_378' title='bbox 3200 1929 3305 1987; x_wconf 89' lang='lat' dir='ltr'><strong>est,</strong></span> <span class='ocrx_word' id='word_1_379' title='bbox 3332 1919 3581 1987; x_wconf 89' lang='lat' dir='ltr'><strong>ﬁrmitas,</strong></span> <span class='ocrx_word' id='word_1_380' title='bbox 3612 1936 3727 1975; x_wconf 85' lang='lat' dir='ltr'><strong>non</strong></span> 
     </span>
    </p>
   </div>
   <div class='ocr_carea' id='block_1_49' title="bbox 2132 2011 3727 2087">
    <p class='ocr_par' dir='ltr' id='par_1_49' title="bbox 2132 2011 3727 2087">
     <span class='ocr_line' id='line_1_49' title="bbox 2132 2011 3727 2087; baseline -0.004 -15"><span class='ocrx_word' id='word_1_381' title='bbox 2132 2016 2416 2073; x_wconf 88' lang='lat' dir='ltr'><strong>remissio:</strong></span> <span class='ocrx_word' id='word_1_382' title='bbox 2441 2016 2568 2087; x_wconf 91' lang='lat' dir='ltr'><strong>quia</strong></span> <span class='ocrx_word' id='word_1_383' title='bbox 2601 2015 2764 2070; x_wconf 90' lang='lat' dir='ltr'><strong>talem</strong></span> <span class='ocrx_word' id='word_1_384' title='bbox 2793 2015 3055 2085; x_wconf 87' lang='lat' dir='ltr'><strong>hymnum</strong></span> <span class='ocrx_word' id='word_1_385' title='bbox 3094 2029 3203 2069; x_wconf 91' lang='lat' dir='ltr'><strong>non</strong></span> <span class='ocrx_word' id='word_1_386' title='bbox 3241 2020 3420 2083; x_wconf 88' lang='lat' dir='ltr'><strong>potest</strong></span> <span class='ocrx_word' id='word_1_387' title='bbox 3461 2011 3568 2066; x_wconf 90' lang='lat' dir='ltr'><strong>nisi</strong></span> <span class='ocrx_word' id='word_1_388' title='bbox 3607 2012 3727 2067; x_wconf 87' lang='lat' dir='ltr'><strong>sola</strong></span> 
     </span>
    </p>
   </div>
   <div class='ocr_carea' id='block_1_50' title="bbox 2132 2104 3727 2176">
    <p class='ocr_par' dir='ltr' id='par_1_50' title="bbox 2132 2104 3727 2176">
     <span class='ocr_line' id='line_1_50' title="bbox 2132 2104 3727 2176; baseline -0.002 -13"><span class='ocrx_word' id='word_1_389' title='bbox 2132 2108 2329 2164; x_wconf 89' lang='lat' dir='ltr'><strong>mentis</strong></span> <span class='ocrx_word' id='word_1_390' title='bbox 2356 2108 2538 2164; x_wconf 89' lang='lat' dir='ltr'><strong>dicere</strong></span> <span class='ocrx_word' id='word_1_391' title='bbox 2577 2107 2856 2162; x_wconf 82' lang='lat' dir='ltr'><strong>fortitudo.</strong></span> <span class='ocrx_word' id='word_1_392' title='bbox 2901 2104 3055 2171; x_wconf 82' lang='lat' dir='ltr'><strong>Quis,</strong></span> <span class='ocrx_word' id='word_1_393' title='bbox 3095 2105 3401 2176; x_wconf 89' lang='lat' dir='ltr'><strong>negativum</strong></span> <span class='ocrx_word' id='word_1_394' title='bbox 3443 2113 3527 2160; x_wconf 88' lang='lat' dir='ltr'><strong>est</strong></span> <span class='ocrx_word' id='word_1_395' title='bbox 3556 2105 3727 2175; x_wconf 87' lang='lat' dir='ltr'><strong>:quia</strong></span> 
     </span>
    </p>
   </div>
   <div class='ocr_carea' id='block_1_51' title="bbox 2132 2197 3731 2272">
    <p class='ocr_par' dir='ltr' id='par_1_51' title="bbox 2132 2197 3731 2272">
     <span class='ocr_line' id='line_1_51' title="bbox 2132 2197 3731 2272; baseline -0.003 -16"><span class='ocrx_word' id='word_1_396' title='bbox 2132 2216 2293 2256; x_wconf 92' lang='lat' dir='ltr'><strong>nemo</strong></span> <span class='ocrx_word' id='word_1_397' title='bbox 2316 2207 2495 2272; x_wconf 89' lang='lat' dir='ltr'><strong>potest</strong></span> <span class='ocrx_word' id='word_1_398' title='bbox 2518 2213 2640 2255; x_wconf 90' lang='lat' dir='ltr'><strong>esse</strong></span> <span class='ocrx_word' id='word_1_399' title='bbox 2661 2198 2871 2263; x_wconf 89' lang='lat' dir='ltr'><strong>similis,</strong></span> <span class='ocrx_word' id='word_1_400' title='bbox 2903 2213 3025 2254; x_wconf 91' lang='lat' dir='ltr'><strong>cum</strong></span> <span class='ocrx_word' id='word_1_401' title='bbox 3054 2199 3127 2255; x_wconf 84' lang='lat' dir='ltr'><strong>sit</strong></span> <span class='ocrx_word' id='word_1_402' title='bbox 3143 2205 3332 2254; x_wconf 87' lang='lat' dir='ltr'><strong>sancta</strong></span> <span class='ocrx_word' id='word_1_403' title='bbox 3355 2197 3594 2253; x_wconf 86' lang='lat' dir='ltr'><strong>Trinitas</strong></span> <span class='ocrx_word' id='word_1_404' title='bbox 3612 2197 3731 2252; x_wconf 87' lang='lat' dir='ltr'><strong>sin-</strong></span> 
     </span>
    </p>
   </div>
   <div class='ocr_carea' id='block_1_52' title="bbox 2132 2290 3729 2363">
    <p class='ocr_par' dir='ltr' id='par_1_52' title="bbox 2132 2290 3729 2363">
     <span class='ocr_line' id='line_1_52' title="bbox 2132 2290 3729 2363; baseline 0 -16"><span class='ocrx_word' id='word_1_405' title='bbox 2132 2292 2356 2363; x_wconf 85' lang='lat' dir='ltr'><strong>gularis.</strong></span> <span class='ocrx_word' id='word_1_406' title='bbox 2422 2291 2647 2346; x_wconf 75' lang='lat' dir='ltr'><strong>Multum</strong></span> <span class='ocrx_word' id='word_1_407' title='bbox 2697 2291 2893 2362; x_wconf 90' lang='lat' dir='ltr'><strong>quippe</strong></span> <span class='ocrx_word' id='word_1_408' title='bbox 2942 2298 3026 2346; x_wconf 89' lang='lat' dir='ltr'><strong>est</strong></span> <span class='ocrx_word' id='word_1_409' title='bbox 3072 2302 3323 2349; x_wconf 89' lang='lat' dir='ltr'><strong>creatura</strong></span> <span class='ocrx_word' id='word_1_410' title='bbox 3372 2306 3404 2345; x_wconf 91' lang='lat' dir='ltr'><strong>a</strong></span> <span class='ocrx_word' id='word_1_411' title='bbox 3461 2290 3729 2347; x_wconf 85' lang='lat' dir='ltr'><strong>Creatore</strong></span> 
     </span>
    </p>
   </div>
   <div class='ocr_carea' id='block_1_53' title="bbox 2132 2383 3731 2454">
    <p class='ocr_par' dir='ltr' id='par_1_53' title="bbox 2132 2383 3731 2454">
     <span class='ocr_line' id='line_1_53' title="bbox 2132 2383 3731 2454; baseline 0.001 -14"><span class='ocrx_word' id='word_1_412' title='bbox 2132 2385 2425 2441; x_wconf 88' lang='lat' dir='ltr'><strong>dissimilis.</strong></span> <span class='ocrx_word' id='word_1_413' title='bbox 2479 2384 2575 2439; x_wconf 88' lang='lat' dir='ltr'><strong>llla</strong></span> <span class='ocrx_word' id='word_1_414' title='bbox 2621 2384 2852 2454; x_wconf 90' lang='lat' dir='ltr'><strong>denique</strong></span> <span class='ocrx_word' id='word_1_415' title='bbox 2892 2383 3081 2450; x_wconf 85' lang='lat' dir='ltr'><strong>servit,</strong></span> <span class='ocrx_word' id='word_1_416' title='bbox 3130 2383 3233 2439; x_wconf 87' lang='lat' dir='ltr'><strong>iste</strong></span> <span class='ocrx_word' id='word_1_417' title='bbox 3278 2383 3606 2439; x_wconf 90' lang='lat' dir='ltr'><strong>dominatur.</strong></span> <span class='ocrx_word' id='word_1_418' title='bbox 3656 2386 3731 2441; x_wconf 90' lang='lat' dir='ltr'><strong>Et</strong></span> 
     </span>
    </p>
   </div>
   <div class='ocr_carea' id='block_1_54' title="bbox 2132 2474 3725 2548">
    <p class='ocr_par' dir='ltr' id='par_1_54' title="bbox 2132 2474 3725 2548">
     <span class='ocr_line' id='line_1_54' title="bbox 2132 2474 3725 2548; baseline -0.003 -13"><span class='ocrx_word' id='word_1_419' title='bbox 2132 2478 2331 2535; x_wconf 83' lang='lat' dir='ltr'><strong>iterum</strong></span> <span class='ocrx_word' id='word_1_420' title='bbox 2368 2476 2641 2548; x_wconf 65' lang='lat' dir='ltr'><strong>paenitens</strong></span> <span class='ocrx_word' id='word_1_421' title='bbox 2672 2475 2805 2531; x_wconf 90' lang='lat' dir='ltr'><strong>dicit</strong></span> <span class='ocrx_word' id='word_1_422' title='bbox 2836 2493 2850 2529; x_wconf 91' lang='lat'><strong>:</strong></span> <span class='ocrx_word' id='word_1_423' title='bbox 2876 2474 3011 2531; x_wconf 90' lang='lat' dir='ltr'><strong>Ossa</strong></span> <span class='ocrx_word' id='word_1_424' title='bbox 3055 2491 3172 2529; x_wconf 86' lang='lat' dir='ltr'><strong>mea</strong></span> <span class='ocrx_word' id='word_1_425' title='bbox 3218 2475 3355 2530; x_wconf 83' lang='lat' dir='ltr'><strong>sicut</strong></span> <span class='ocrx_word' id='word_1_426' title='bbox 3394 2475 3451 2529; x_wconf 82' lang='lat' dir='ltr'><strong>in</strong></span> <span class='ocrx_word' id='word_1_427' title='bbox 3495 2476 3725 2545; x_wconf 60' lang='lat' dir='ltr'><strong>historia</strong></span> 
     </span>
    </p>
   </div>
   <div class='ocr_carea' id='block_1_55' title="bbox 2131 2564 3724 2639">
    <p class='ocr_par' dir='ltr' id='par_1_55' title="bbox 2131 2564 3724 2639">
     <span class='ocr_line' id='line_1_55' title="bbox 2131 2564 3724 2639; baseline -0.001 -15"><span class='ocrx_word' id='word_1_428' title='bbox 2131 2568 2375 2639; x_wconf 70' lang='lat' dir='ltr'><strong>confrixa</strong></span> <span class='ocrx_word' id='word_1_429' title='bbox 2419 2576 2539 2623; x_wconf 81' lang='lat' dir='ltr'><strong>sunt</strong></span> <span class='ocrx_word' id='word_1_430' title='bbox 2571 2565 2755 2639; x_wconf 81' lang='lat' dir='ltr'><strong>(Psal.</strong></span> <span class='ocrx_word' id='word_1_431' title='bbox 2801 2564 2947 2637; x_wconf 82' lang='lat' dir='ltr'><strong>xu).</strong></span> <span class='ocrx_word' id='word_1_432' title='bbox 2996 2564 3149 2621; x_wconf 89' lang='lat' dir='ltr'><strong>Sicut</strong></span> <span class='ocrx_word' id='word_1_433' title='bbox 3180 2566 3432 2633; x_wconf 89' lang='lat' dir='ltr'><strong>opinione</strong></span> <span class='ocrx_word' id='word_1_434' title='bbox 3460 2581 3724 2637; x_wconf 83' lang='lat' dir='ltr'><strong>prospera</strong></span> 
     </span>
    </p>
   </div>
   <div class='ocr_carea' id='block_1_56' title="bbox 2130 2657 3723 2730">
    <p class='ocr_par' dir='ltr' id='par_1_56' title="bbox 2130 2657 3723 2730">
     <span class='ocr_line' id='line_1_56' title="bbox 2130 2657 3723 2730; baseline -0.002 -13"><span class='ocrx_word' id='word_1_435' title='bbox 2130 2661 2270 2718; x_wconf 87' lang='lat' dir='ltr'><strong>bene</strong></span> <span class='ocrx_word' id='word_1_436' title='bbox 2308 2660 2627 2715; x_wconf 89' lang='lat' dir='ltr'><strong>meritorum</strong></span> <span class='ocrx_word' id='word_1_437' title='bbox 2656 2673 2801 2723; x_wconf 90' lang='lat' dir='ltr'><strong>ossa,</strong></span> <span class='ocrx_word' id='word_1_438' title='bbox 2844 2657 2898 2712; x_wconf 91' lang='lat' dir='ltr'><strong>id</strong></span> <span class='ocrx_word' id='word_1_439' title='bbox 2931 2667 3035 2724; x_wconf 89' lang='lat' dir='ltr'><strong>est,</strong></span> <span class='ocrx_word' id='word_1_440' title='bbox 3079 2658 3247 2713; x_wconf 90' lang='lat' dir='ltr'><strong>animi</strong></span> <span class='ocrx_word' id='word_1_441' title='bbox 3298 2657 3560 2715; x_wconf 81' lang='lat' dir='ltr'><strong>fortitudo</strong></span> <span class='ocrx_word' id='word_1_442' title='bbox 3594 2658 3723 2730; x_wconf 83' lang='lat' dir='ltr'><strong>pin-</strong></span> 
     </span>
    </p>
   </div>
   <div class='ocr_carea' id='block_1_57' title="bbox 2132 2749 3718 2825">
    <p class='ocr_par' dir='ltr' id='par_1_57' title="bbox 2132 2749 3718 2825">
     <span class='ocr_line' id='line_1_57' title="bbox 2132 2749 3718 2825; baseline 0 -19"><span class='ocrx_word' id='word_1_443' title='bbox 2132 2751 2359 2825; x_wconf 90' lang='lat' dir='ltr'><strong>guescit,</strong></span> <span class='ocrx_word' id='word_1_444' title='bbox 2402 2749 2619 2822; x_wconf 87' lang='lat' dir='ltr'><strong>quando</strong></span> <span class='ocrx_word' id='word_1_445' title='bbox 2660 2764 2848 2805; x_wconf 90' lang='lat' dir='ltr'><strong>eorum</strong></span> <span class='ocrx_word' id='word_1_446' title='bbox 2885 2749 3218 2805; x_wconf 83' lang='lat' dir='ltr'><strong>conscientia</strong></span> <span class='ocrx_word' id='word_1_447' title='bbox 3268 2749 3410 2806; x_wconf 82' lang='lat' dir='ltr'><strong>felici</strong></span> <span class='ocrx_word' id='word_1_448' title='bbox 3455 2752 3718 2807; x_wconf 85' lang='lat' dir='ltr'><strong>recorda-</strong></span> 
     </span>
    </p>
   </div>
   <div class='ocr_carea' id='block_1_58' title="bbox 2136 2839 3719 2910">
    <p class='ocr_par' dir='ltr' id='par_1_58' title="bbox 2136 2839 3719 2910">
     <span class='ocr_line' id='line_1_58' title="bbox 2136 2839 3719 2910; baseline -0.003 -10"><span class='ocrx_word' id='word_1_449' title='bbox 2136 2845 2279 2901; x_wconf 90' lang='lat' dir='ltr'><strong>tione</strong></span> <span class='ocrx_word' id='word_1_450' title='bbox 2314 2844 2548 2910; x_wconf 75' lang='lat' dir='ltr'><strong>laetatur,</strong></span> <span class='ocrx_word' id='word_1_451' title='bbox 2594 2841 2738 2897; x_wconf 87' lang='lat' dir='ltr'><strong>sicut</strong></span> <span class='ocrx_word' id='word_1_452' title='bbox 2772 2840 2975 2897; x_wconf 89' lang='lat' dir='ltr'><strong>dicitur</strong></span> <span class='ocrx_word' id='word_1_453' title='bbox 3022 2839 3276 2896; x_wconf 86' lang='lat' dir='ltr'><strong>Salomon</strong></span> <span class='ocrx_word' id='word_1_454' title='bbox 3308 2858 3321 2895; x_wconf 93' lang='lat'>:</span> <span class='ocrx_word' id='word_1_455' title='bbox 3354 2839 3528 2896; x_wconf 87' lang='lat' dir='ltr'><strong>Fama</strong></span> <span class='ocrx_word' id='word_1_456' title='bbox 3579 2841 3719 2895; x_wconf 81' lang='lat' dir='ltr'><strong>bona</strong></span> 
     </span>
    </p>
   </div>
   <div class='ocr_carea' id='block_1_59' title="bbox 2132 2929 3725 3006">
    <p class='ocr_par' dir='ltr' id='par_1_59' title="bbox 2132 2929 3725 3006">
     <span class='ocr_line' id='line_1_59' title="bbox 2132 2929 3725 3006; baseline 0 -17"><span class='ocrx_word' id='word_1_457' title='bbox 2132 2936 2421 3006; x_wconf 76' lang='lat' dir='ltr'><strong>impingunt</strong></span> <span class='ocrx_word' id='word_1_458' title='bbox 2457 2949 2577 2988; x_wconf 82' lang='lat' dir='ltr'><strong>ossa</strong></span> <span class='ocrx_word' id='word_1_459' title='bbox 2609 2929 2804 3004; x_wconf 75' lang='lat' dir='ltr'><strong>(Prov.</strong></span> <span class='ocrx_word' id='word_1_460' title='bbox 2828 2930 2963 2999; x_wconf 75' lang='lat' dir='ltr'><strong>xv);</strong></span> <span class='ocrx_word' id='word_1_461' title='bbox 2994 2932 3067 2987; x_wconf 90' lang='lat' dir='ltr'><strong>ita</strong></span> <span class='ocrx_word' id='word_1_462' title='bbox 3107 2932 3481 2988; x_wconf 89' lang='lat' dir='ltr'><strong>recordatione</strong></span> <span class='ocrx_word' id='word_1_463' title='bbox 3501 2942 3725 2989; x_wconf 88' lang='lat' dir='ltr'><strong>contra-</strong></span> 
     </span>
    </p>
   </div>
   <div class='ocr_carea' id='block_1_60' title="bbox 2136 3020 3717 3095">
    <p class='ocr_par' dir='ltr' id='par_1_60' title="bbox 2136 3020 3717 3095">
     <span class='ocr_line' id='line_1_60' title="bbox 2136 3020 3717 3095; baseline -0.001 -15"><span class='ocrx_word' id='word_1_464' title='bbox 2136 3026 2215 3081; x_wconf 90' lang='lat' dir='ltr'><strong>ria</strong></span> <span class='ocrx_word' id='word_1_465' title='bbox 2244 3032 2596 3095; x_wconf 88' lang='lat' dir='ltr'><strong>peccatorum</strong></span> <span class='ocrx_word' id='word_1_466' title='bbox 2622 3023 2820 3088; x_wconf 91' lang='lat' dir='ltr'><strong>virtus,</strong></span> <span class='ocrx_word' id='word_1_467' title='bbox 2852 3029 3112 3093; x_wconf 87' lang='lat' dir='ltr'><strong>tanquam</strong></span> <span class='ocrx_word' id='word_1_468' title='bbox 3150 3020 3315 3088; x_wconf 75' lang='lat' dir='ltr'><strong>frixa,</strong></span> <span class='ocrx_word' id='word_1_469' title='bbox 3349 3024 3717 3090; x_wconf 88' lang='lat' dir='ltr'><strong>contrahitur,</strong></span> 
     </span>
    </p>
   </div>
   <div class='ocr_carea' id='block_1_61' title="bbox 2134 3113 3717 3185">
    <p class='ocr_par' dir='ltr' id='par_1_61' title="bbox 2134 3113 3717 3185">
     <span class='ocr_line' id='line_1_61' title="bbox 2134 3113 3717 3185; baseline -0.002 -13"><span class='ocrx_word' id='word_1_470' title='bbox 2134 3114 2264 3172; x_wconf 90' lang='lat' dir='ltr'><strong>dum</strong></span> <span class='ocrx_word' id='word_1_471' title='bbox 2288 3115 2660 3171; x_wconf 90' lang='lat' dir='ltr'><strong>oblocutiones</strong></span> <span class='ocrx_word' id='word_1_472' title='bbox 2688 3113 2967 3170; x_wconf 89' lang='lat' dir='ltr'><strong>hominum</strong></span> <span class='ocrx_word' id='word_1_473' title='bbox 2991 3121 3045 3169; x_wconf 89' lang='lat' dir='ltr'><strong>et</strong></span> <span class='ocrx_word' id='word_1_474' title='bbox 3070 3114 3414 3170; x_wconf 63' lang='lat' dir='ltr'><strong>conscientiae</strong></span> <span class='ocrx_word' id='word_1_475' title='bbox 3436 3129 3545 3171; x_wconf 71' lang='lat' dir='ltr'><strong>sum</strong></span> <span class='ocrx_word' id='word_1_476' title='bbox 3565 3114 3717 3185; x_wconf 86' lang='lat' dir='ltr'><strong>judi-</strong></span> 
     </span>
    </p>
   </div>
   <div class='ocr_carea' id='block_1_62' title="bbox 441 3181 3715 3278">
    <p class='ocr_par' dir='ltr' id='par_1_62' title="bbox 441 3181 3715 3278">
     <span class='ocr_line' id='line_1_62' title="bbox 441 3181 3715 3278; baseline 0.001 -20"><span class='ocrx_word' id='word_1_477' title='bbox 441 3204 716 3259; x_wconf 86' lang='lat' dir='ltr'><strong>missionis</strong></span> <span class='ocrx_word' id='word_1_478' title='bbox 755 3203 1012 3258; x_wconf 88' lang='lat' dir='ltr'><strong>tenditur.</strong></span> <span class='ocrx_word' id='word_1_479' title='bbox 1064 3200 1226 3257; x_wconf 91' lang='lat' dir='ltr'><strong>Nervi</strong></span> <span class='ocrx_word' id='word_1_480' title='bbox 1254 3200 1442 3258; x_wconf 81' lang='lat' dir='ltr'><strong>Graeca</strong></span> <span class='ocrx_word' id='word_1_481' title='bbox 1479 3202 1813 3258; x_wconf 88' lang='lat' dir='ltr'><strong>derivatione</strong></span> <span class='ocrx_word' id='word_1_482' title='bbox 1843 3181 2026 3273; x_wconf 80' lang='lat' dir='ltr'><strong>appel-</strong></span> <span class='ocrx_word' id='word_1_483' title='bbox 2055 3181 2101 3244; x_wconf 62' lang='grc' dir='ltr'>Ο·</span> <span class='ocrx_word' id='word_1_484' title='bbox 2132 3206 2217 3262; x_wconf 91' lang='lat' dir='ltr'><strong>cia</strong></span> <span class='ocrx_word' id='word_1_485' title='bbox 2241 3205 2480 3278; x_wconf 86' lang='lat' dir='ltr'><strong>graviter</strong></span> <span class='ocrx_word' id='word_1_486' title='bbox 2508 3204 2837 3275; x_wconf 81' lang='lat' dir='ltr'><strong>expavescit.</strong></span> <span class='ocrx_word' id='word_1_487' title='bbox 2891 3201 3016 3259; x_wconf 88' lang='lat' dir='ltr'><strong>Sive</strong></span> <span class='ocrx_word' id='word_1_488' title='bbox 3044 3204 3132 3259; x_wconf 91' lang='lat' dir='ltr'><strong>hic</strong></span> <span class='ocrx_word' id='word_1_489' title='bbox 3160 3204 3376 3276; x_wconf 81' lang='lat' dir='ltr'><strong>frigitur</strong></span> <span class='ocrx_word' id='word_1_490' title='bbox 3413 3181 3669 3276; x_wconf 76' lang='lat' dir='ltr'><strong>peccator</strong></span> <span class='ocrx_word' id='word_1_491' title='bbox 3698 3224 3715 3260; x_wconf 91' lang='lat'><strong>:</strong></span> 
     </span>
    </p>
   </div>
   <div class='ocr_carea' id='block_1_63' title="bbox 442 3294 2030 3367">
    <p class='ocr_par' dir='ltr' id='par_1_63' title="bbox 442 3294 2030 3367">
     <span class='ocr_line' id='line_1_63' title="bbox 442 3294 2030 3367; baseline -0.002 -14"><span class='ocrx_word' id='word_1_492' title='bbox 442 3299 555 3363; x_wconf 85' lang='lat' dir='ltr'><strong>lati,</strong></span> <span class='ocrx_word' id='word_1_493' title='bbox 583 3314 718 3367; x_wconf 90' lang='lat' dir='ltr'><strong>quos</strong></span> <span class='ocrx_word' id='word_1_494' title='bbox 746 3297 820 3351; x_wconf 91' lang='lat' dir='ltr'><strong>illi</strong></span> <span class='ocrx_word' id='word_1_495' title='bbox 847 3312 1017 3351; x_wconf 91' lang='lat' dir='ltr'><strong>neura</strong></span> <span class='ocrx_word' id='word_1_496' title='bbox 1057 3304 1271 3351; x_wconf 88' lang='lat' dir='ltr'><strong>vocant.</strong></span> <span class='ocrx_word' id='word_1_497' title='bbox 1303 3294 1409 3349; x_wconf 84' lang='lat' dir='ltr'><strong>Alii</strong></span> <span class='ocrx_word' id='word_1_498' title='bbox 1444 3294 1637 3351; x_wconf 88' lang='lat' dir='ltr'><strong>Latine</strong></span> <span class='ocrx_word' id='word_1_499' title='bbox 1660 3303 1881 3350; x_wconf 90' lang='lat' dir='ltr'><strong>vocatos</strong></span> <span class='ocrx_word' id='word_1_500' title='bbox 1906 3310 2030 3350; x_wconf 89' lang='lat' dir='ltr'><strong>ner-</strong></span> 
     </span>
    </p>
   </div>
   <div class='ocr_carea' id='block_1_64' title="bbox 439 3383 2029 3459">
    <p class='ocr_par' dir='ltr' id='par_1_64' title="bbox 439 3383 2029 3459">
     <span class='ocr_line' id='line_1_64' title="bbox 439 3383 2029 3459; baseline -0.002 -14"><span class='ocrx_word' id='word_1_501' title='bbox 439 3406 538 3445; x_wconf 86' lang='lat' dir='ltr'><strong>vos</strong></span> <span class='ocrx_word' id='word_1_502' title='bbox 565 3396 780 3459; x_wconf 87' lang='lat' dir='ltr'><strong>putant,</strong></span> <span class='ocrx_word' id='word_1_503' title='bbox 809 3403 875 3442; x_wconf 90' lang='lat' dir='ltr'><strong>eo</strong></span> <span class='ocrx_word' id='word_1_504' title='bbox 908 3386 1051 3457; x_wconf 90' lang='lat' dir='ltr'><strong>quod</strong></span> <span class='ocrx_word' id='word_1_505' title='bbox 1087 3394 1301 3441; x_wconf 90' lang='lat' dir='ltr'><strong>artuum</strong></span> <span class='ocrx_word' id='word_1_506' title='bbox 1335 3383 1769 3454; x_wconf 82' lang='lat' dir='ltr'><strong>coniunctionem</strong></span> <span class='ocrx_word' id='word_1_507' title='bbox 1799 3387 2029 3442; x_wconf 91' lang='lat' dir='ltr'><strong>invicem</strong></span> 
     </span>
    </p>
   </div>
   <div class='ocr_carea' id='block_1_65' title="bbox 438 3477 2028 3536">
    <p class='ocr_par' dir='ltr' id='par_1_65' title="bbox 438 3477 2028 3536">
     <span class='ocr_line' id='line_1_65' title="bbox 438 3477 2028 3536; baseline -0.003 -1"><span class='ocrx_word' id='word_1_508' title='bbox 438 3479 527 3536; x_wconf 81' lang='lat' dir='ltr'><strong>his</strong></span> <span class='ocrx_word' id='word_1_509' title='bbox 575 3480 892 3535; x_wconf 78' lang='lat' dir='ltr'><strong>inhmreant.</strong></span> <span class='ocrx_word' id='word_1_510' title='bbox 921 3477 1209 3533; x_wconf 78' lang='lat' dir='ltr'><strong>Maximam</strong></span> <span class='ocrx_word' id='word_1_511' title='bbox 1240 3486 1419 3533; x_wconf 86' lang='lat' dir='ltr'><strong>autem</strong></span> <span class='ocrx_word' id='word_1_512' title='bbox 1445 3477 1639 3533; x_wconf 91' lang='lat' dir='ltr'><strong>virium</strong></span> <span class='ocrx_word' id='word_1_513' title='bbox 1669 3478 2028 3533; x_wconf 89' lang='lat' dir='ltr'><strong>substantiam</strong></span> 
     </span>
    </p>
   </div>
   <div class='ocr_carea' id='block_1_66' title="bbox 440 3566 2033 3639">
    <p class='ocr_par' dir='ltr' id='par_1_66' title="bbox 440 3566 2033 3639">
     <span class='ocr_line' id='line_1_66' title="bbox 440 3566 2033 3639; baseline -0.001 -14"><span class='ocrx_word' id='word_1_514' title='bbox 440 3586 636 3627; x_wconf 88' lang='lat' dir='ltr'><strong>nervos</strong></span> <span class='ocrx_word' id='word_1_515' title='bbox 668 3569 846 3624; x_wconf 89' lang='lat' dir='ltr'><strong>facere</strong></span> <span class='ocrx_word' id='word_1_516' title='bbox 875 3568 1233 3624; x_wconf 88' lang='lat' dir='ltr'><strong>certissimum</strong></span> <span class='ocrx_word' id='word_1_517' title='bbox 1272 3576 1374 3624; x_wconf 91' lang='lat' dir='ltr'><strong>est.</strong></span> <span class='ocrx_word' id='word_1_518' title='bbox 1425 3566 1561 3622; x_wconf 88' lang='lat' dir='ltr'><strong>Nam</strong></span> <span class='ocrx_word' id='word_1_519' title='bbox 1594 3576 1796 3639; x_wconf 90' lang='lat' dir='ltr'><strong>quanto</strong></span> <span class='ocrx_word' id='word_1_520' title='bbox 1828 3568 2033 3624; x_wconf 86' lang='lat' dir='ltr'><strong>fuerint</strong></span> 
     </span>
    </p>
   </div>
   <div class='ocr_carea' id='block_1_67' title="bbox 444 3657 2024 3731">
    <p class='ocr_par' dir='ltr' id='par_1_67' title="bbox 444 3657 2024 3731">
     <span class='ocr_line' id='line_1_67' title="bbox 444 3657 2024 3731; baseline -0.003 -13"><span class='ocrx_word' id='word_1_521' title='bbox 444 3663 750 3727; x_wconf 89' lang='lat' dir='ltr'><strong>densiores,</strong></span> <span class='ocrx_word' id='word_1_522' title='bbox 796 3668 946 3717; x_wconf 89' lang='lat' dir='ltr'><strong>tanto</strong></span> <span class='ocrx_word' id='word_1_523' title='bbox 993 3659 1311 3731; x_wconf 88' lang='lat' dir='ltr'><strong>propensius</strong></span> <span class='ocrx_word' id='word_1_524' title='bbox 1359 3672 1650 3729; x_wconf 85' lang='lat' dir='ltr'><strong>augescere</strong></span> <span class='ocrx_word' id='word_1_525' title='bbox 1691 3657 2024 3714; x_wconf 89' lang='lat' dir='ltr'><strong>ﬁrmitatem.</strong></span> 
     </span>
    </p>
   </div>
   <div class='ocr_carea' id='block_1_68' title="bbox 441 3749 2028 3822">
    <p class='ocr_par' dir='ltr' id='par_1_68' title="bbox 441 3749 2028 3822">
     <span class='ocr_line' id='line_1_68' title="bbox 441 3749 2028 3822; baseline -0.002 -13"><span class='ocrx_word' id='word_1_526' title='bbox 441 3755 499 3809; x_wconf 90' lang='lat' dir='ltr'><strong>ln</strong></span> <span class='ocrx_word' id='word_1_527' title='bbox 526 3754 708 3809; x_wconf 83' lang='lat' dir='ltr'><strong>nervis</strong></span> <span class='ocrx_word' id='word_1_528' title='bbox 732 3752 1034 3822; x_wconf 76' lang='lat' dir='ltr'><strong>complexio</strong></span> <span class='ocrx_word' id='word_1_529' title='bbox 1058 3751 1317 3806; x_wconf 90' lang='lat' dir='ltr'><strong>virtutum</strong></span> <span class='ocrx_word' id='word_1_530' title='bbox 1349 3750 1663 3821; x_wconf 82' lang='lat' dir='ltr'><strong>designatur</strong></span> <span class='ocrx_word' id='word_1_531' title='bbox 1688 3768 1702 3804; x_wconf 88' lang='lat'>:</span> <span class='ocrx_word' id='word_1_532' title='bbox 1733 3749 1859 3820; x_wconf 88' lang='lat' dir='ltr'><strong>quia</strong></span> <span class='ocrx_word' id='word_1_533' title='bbox 1886 3751 2028 3806; x_wconf 90' lang='lat' dir='ltr'><strong>sicut</strong></span> 
     </span>
    </p>
   </div>
   <div class='ocr_carea' id='block_1_69' title="bbox 444 3840 2029 3912">
    <p class='ocr_par' dir='ltr' id='par_1_69' title="bbox 444 3840 2029 3912">
     <span class='ocr_line' id='line_1_69' title="bbox 444 3840 2029 3912; baseline -0.002 -13"><span class='ocrx_word' id='word_1_534' title='bbox 444 3852 595 3899; x_wconf 88' lang='lat' dir='ltr'><strong>artus</strong></span> <span class='ocrx_word' id='word_1_535' title='bbox 624 3850 679 3898; x_wconf 92' lang='lat' dir='ltr'><strong>et</strong></span> <span class='ocrx_word' id='word_1_536' title='bbox 699 3857 822 3898; x_wconf 85' lang='lat' dir='ltr'><strong>ossa</strong></span> <span class='ocrx_word' id='word_1_537' title='bbox 861 3842 1044 3897; x_wconf 89' lang='lat' dir='ltr'><strong>nervis</strong></span> <span class='ocrx_word' id='word_1_538' title='bbox 1091 3842 1526 3912; x_wconf 87' lang='lat' dir='ltr'><strong>compinguntur,</strong></span> <span class='ocrx_word' id='word_1_539' title='bbox 1581 3840 1656 3895; x_wconf 90' lang='lat' dir='ltr'><strong>ita</strong></span> <span class='ocrx_word' id='word_1_540' title='bbox 1700 3840 1929 3896; x_wconf 89' lang='lat' dir='ltr'><strong>virtutes</strong></span> <span class='ocrx_word' id='word_1_541' title='bbox 1971 3849 2029 3896; x_wconf 88' lang='lat' dir='ltr'><strong>et</strong></span> 
     </span>
    </p>
   </div>
   <div class='ocr_carea' id='block_1_70' title="bbox 441 3930 2027 4002">
    <p class='ocr_par' dir='ltr' id='par_1_70' title="bbox 441 3930 2027 4002">
     <span class='ocr_line' id='line_1_70' title="bbox 441 3930 2027 4002; baseline -0.001 -13"><span class='ocrx_word' id='word_1_542' title='bbox 441 3934 581 3989; x_wconf 89' lang='lat' dir='ltr'><strong>bona</strong></span> <span class='ocrx_word' id='word_1_543' title='bbox 615 3948 781 4002; x_wconf 88' lang='lat' dir='ltr'><strong>opera</strong></span> <span class='ocrx_word' id='word_1_544' title='bbox 810 3932 1012 3986; x_wconf 90' lang='lat' dir='ltr'><strong>amoris</strong></span> <span class='ocrx_word' id='word_1_545' title='bbox 1038 3931 1241 4002; x_wconf 86' lang='lat' dir='ltr'><strong>glutino</strong></span> <span class='ocrx_word' id='word_1_546' title='bbox 1267 3931 1605 4002; x_wconf 90' lang='lat' dir='ltr'><strong>copulantur.</strong></span> <span class='ocrx_word' id='word_1_547' title='bbox 1664 3930 1817 3987; x_wconf 91' lang='lat' dir='ltr'><strong>Unde</strong></span> <span class='ocrx_word' id='word_1_548' title='bbox 1846 3932 1899 3986; x_wconf 92' lang='lat' dir='ltr'><strong>in</strong></span> <span class='ocrx_word' id='word_1_549' title='bbox 1924 3931 2027 3987; x_wconf 85' lang='lat' dir='ltr'><strong>Job</strong></span> 
     </span>
    </p>
   </div>
   <div class='ocr_carea' id='block_1_71' title="bbox 440 4022 2027 4096">
    <p class='ocr_par' dir='ltr' id='par_1_71' title="bbox 440 4022 2027 4096">
     <span class='ocr_line' id='line_1_71' title="bbox 440 4022 2027 4096; baseline -0.003 -14"><span class='ocrx_word' id='word_1_550' title='bbox 440 4026 702 4096; x_wconf 86' lang='lat' dir='ltr'><strong>scriptum</strong></span> <span class='ocrx_word' id='word_1_551' title='bbox 728 4033 811 4082; x_wconf 91' lang='lat' dir='ltr'><strong>est</strong></span> <span class='ocrx_word' id='word_1_552' title='bbox 839 4044 851 4079; x_wconf 90' lang='lat'><strong>:</strong></span> <span class='ocrx_word' id='word_1_553' title='bbox 886 4022 1101 4079; x_wconf 81' lang='lat' dir='ltr'><strong>Ossibus</strong></span> <span class='ocrx_word' id='word_1_554' title='bbox 1126 4033 1174 4078; x_wconf 86' lang='lat' dir='ltr'><strong>et</strong></span> <span class='ocrx_word' id='word_1_555' title='bbox 1196 4025 1363 4078; x_wconf 85' lang='lat' dir='ltr'><strong>nervis</strong></span> <span class='ocrx_word' id='word_1_556' title='bbox 1386 4023 1682 4094; x_wconf 86' lang='lat' dir='ltr'><strong>compegisti</strong></span> <span class='ocrx_word' id='word_1_557' title='bbox 1703 4039 1803 4079; x_wconf 87' lang='lat' dir='ltr'><strong>me.</strong></span> <span class='ocrx_word' id='word_1_558' title='bbox 1849 4022 2027 4077; x_wconf 82' lang='lat' dir='ltr'><strong>Vitam</strong></span> 
     </span>
    </p>
   </div>
   <div class='ocr_carea' id='block_1_72' title="bbox 439 4104 2027 4181">
    <p class='ocr_par' dir='ltr' id='par_1_72' title="bbox 439 4104 2027 4181">
     <span class='ocr_line' id='line_1_72' title="bbox 439 4104 2027 4181; baseline -0.004 -8"><span class='ocrx_word' id='word_1_559' title='bbox 439 4127 488 4173; x_wconf 89' lang='lat' dir='ltr'><strong>et</strong></span> <span class='ocrx_word' id='word_1_560' title='bbox 509 4115 918 4172; x_wconf 84' lang='lat' dir='ltr'><strong>misericordiam</strong></span> <span class='ocrx_word' id='word_1_561' title='bbox 942 4114 1168 4168; x_wconf 85' lang='lat' dir='ltr'><strong>tribuisti</strong></span> <span class='ocrx_word' id='word_1_562' title='bbox 1188 4115 1337 4181; x_wconf 85' lang='lat' dir='ltr'><strong>mihi,</strong></span> <span class='ocrx_word' id='word_1_563' title='bbox 1362 4124 1411 4169; x_wconf 91' lang='lat' dir='ltr'><strong>et</strong></span> <span class='ocrx_word' id='word_1_564' title='bbox 1438 4104 1661 4178; x_wconf 78' lang='lat' dir='ltr'><strong>visitatio</strong></span> <span class='ocrx_word' id='word_1_565' title='bbox 1683 4123 1774 4167; x_wconf 89' lang='lat' dir='ltr'><strong>tua</strong></span> <span class='ocrx_word' id='word_1_566' title='bbox 1796 4114 2027 4167; x_wconf 86' lang='lat' dir='ltr'><strong>custodi-</strong></span> 
     </span>
    </p>
   </div>
   <div class='ocr_carea' id='block_1_73' title="bbox 440 4204 2025 4278">
    <p class='ocr_par' dir='ltr' id='par_1_73' title="bbox 440 4204 2025 4278">
     <span class='ocr_line' id='line_1_73' title="bbox 440 4204 2025 4278; baseline -0.003 -15"><span class='ocrx_word' id='word_1_567' title='bbox 440 4210 508 4263; x_wconf 76' lang='lat' dir='ltr'><strong>uit</strong></span> <span class='ocrx_word' id='word_1_568' title='bbox 548 4208 787 4278; x_wconf 84' lang='lat' dir='ltr'><strong>spiritum</strong></span> <span class='ocrx_word' id='word_1_569' title='bbox 821 4222 992 4261; x_wconf 84' lang='lat' dir='ltr'><strong>meum</strong></span> <span class='ocrx_word' id='word_1_570' title='bbox 1024 4204 1165 4278; x_wconf 86' lang='lat' dir='ltr'><strong>(Job.</strong></span> <span class='ocrx_word' id='word_1_571' title='bbox 1208 4204 1285 4276; x_wconf 72' lang='grc' dir='ltr'><strong>χ).</strong></span> <span class='ocrx_word' id='word_1_572' title='bbox 1337 4204 1641 4260; x_wconf 85' lang='lat' dir='ltr'><strong>Humanum</strong></span> <span class='ocrx_word' id='word_1_573' title='bbox 1673 4205 1870 4275; x_wconf 85' lang='lat' dir='ltr'><strong>quippe</strong></span> <span class='ocrx_word' id='word_1_574' title='bbox 1909 4205 2025 4260; x_wconf 90' lang='lat' dir='ltr'><strong>ani-</strong></span> 
     </span>
    </p>
   </div>
   <div class='ocr_carea' id='block_1_74' title="bbox 440 4282 2024 4371">
    <p class='ocr_par' dir='ltr' id='par_1_74' title="bbox 440 4282 2024 4371">
     <span class='ocr_line' id='line_1_74' title="bbox 440 4282 2024 4371; baseline -0.001 -14"><span class='ocrx_word' id='word_1_575' title='bbox 440 4316 589 4358; x_wconf 89' lang='lat' dir='ltr'><strong>mum</strong></span> <span class='ocrx_word' id='word_1_576' title='bbox 609 4302 847 4357; x_wconf 80' lang='lat' dir='ltr'><strong>visitatio</strong></span> <span class='ocrx_word' id='word_1_577' title='bbox 875 4282 1106 4371; x_wconf 82' lang='lat' dir='ltr'><strong>superna</strong></span> <span class='ocrx_word' id='word_1_578' title='bbox 1133 4299 1388 4365; x_wconf 88' lang='lat' dir='ltr'><strong>custodit,</strong></span> <span class='ocrx_word' id='word_1_579' title='bbox 1412 4316 1535 4354; x_wconf 90' lang='lat' dir='ltr'><strong>cum</strong></span> <span class='ocrx_word' id='word_1_580' title='bbox 1564 4300 1706 4354; x_wconf 88' lang='lat' dir='ltr'><strong>hunc</strong></span> <span class='ocrx_word' id='word_1_581' title='bbox 1735 4299 2024 4357; x_wconf 90' lang='lat' dir='ltr'><strong>virtutibus</strong></span> 
     </span>
    </p>
   </div>
   <div class='ocr_carea' id='block_1_75' title="bbox 441 4390 2023 4463">
    <p class='ocr_par' dir='ltr' id='par_1_75' title="bbox 441 4390 2023 4463">
     <span class='ocr_line' id='line_1_75' title="bbox 441 4390 2023 4463; baseline -0.003 -12"><span class='ocrx_word' id='word_1_582' title='bbox 441 4396 671 4451; x_wconf 87' lang='lat' dir='ltr'><strong>ditatum</strong></span> <span class='ocrx_word' id='word_1_583' title='bbox 700 4392 782 4448; x_wconf 87' lang='lat' dir='ltr'><strong>vel</strong></span> <span class='ocrx_word' id='word_1_584' title='bbox 812 4391 1018 4463; x_wconf 81' lang='lat' dir='ltr'><strong>flagello</strong></span> <span class='ocrx_word' id='word_1_585' title='bbox 1060 4399 1340 4462; x_wconf 88' lang='lat' dir='ltr'><strong>percutere</strong></span> <span class='ocrx_word' id='word_1_586' title='bbox 1382 4390 1467 4446; x_wconf 88' lang='lat' dir='ltr'><strong>vel</strong></span> <span class='ocrx_word' id='word_1_587' title='bbox 1511 4404 1872 4460; x_wconf 88' lang='lat' dir='ltr'><strong>compungere</strong></span> <span class='ocrx_word' id='word_1_588' title='bbox 1914 4406 2023 4447; x_wconf 92' lang='lat' dir='ltr'><strong>non</strong></span> 
     </span>
    </p>
   </div>
   <div class='ocr_carea' id='block_1_76' title="bbox 442 4482 2021 4555">
    <p class='ocr_par' dir='ltr' id='par_1_76' title="bbox 442 4482 2021 4555">
     <span class='ocr_line' id='line_1_76' title="bbox 442 4482 2021 4555; baseline -0.004 -11"><span class='ocrx_word' id='word_1_589' title='bbox 442 4489 661 4547; x_wconf 88' lang='lat' dir='ltr'><strong>desinit.</strong></span> <span class='ocrx_word' id='word_1_590' title='bbox 696 4487 828 4543; x_wconf 91' lang='lat' dir='ltr'><strong>ltem</strong></span> <span class='ocrx_word' id='word_1_591' title='bbox 862 4487 917 4542; x_wconf 91' lang='lat' dir='ltr'><strong>in</strong></span> <span class='ocrx_word' id='word_1_592' title='bbox 945 4486 1106 4541; x_wconf 88' lang='lat' dir='ltr'><strong>aliam</strong></span> <span class='ocrx_word' id='word_1_593' title='bbox 1131 4492 1340 4555; x_wconf 90' lang='lat' dir='ltr'><strong>partem</strong></span> <span class='ocrx_word' id='word_1_594' title='bbox 1374 4482 1659 4537; x_wconf 86' lang='lat' dir='ltr'><strong>verborum</strong></span> <span class='ocrx_word' id='word_1_595' title='bbox 1698 4482 2021 4553; x_wconf 90' lang='lat' dir='ltr'><strong>signiﬁcatio</strong></span> 
     </span>
    </p>
   </div>
   <div class='ocr_carea' id='block_1_77' title="bbox 441 4572 2021 4644">
    <p class='ocr_par' dir='ltr' id='par_1_77' title="bbox 441 4572 2021 4644">
     <span class='ocr_line' id='line_1_77' title="bbox 441 4572 2021 4644; baseline -0.003 -9"><span class='ocrx_word' id='word_1_596' title='bbox 441 4580 674 4635; x_wconf 89' lang='lat' dir='ltr'><strong>trahitur</strong></span> <span class='ocrx_word' id='word_1_597' title='bbox 699 4597 712 4633; x_wconf 92' lang='lat'><strong>:</strong></span> <span class='ocrx_word' id='word_1_598' title='bbox 738 4595 860 4634; x_wconf 91' lang='lat' dir='ltr'><strong>cum</strong></span> <span class='ocrx_word' id='word_1_599' title='bbox 883 4578 938 4633; x_wconf 91' lang='lat' dir='ltr'><strong>in</strong></span> <span class='ocrx_word' id='word_1_600' title='bbox 964 4576 1150 4632; x_wconf 90' lang='lat' dir='ltr'><strong>eodem</strong></span> <span class='ocrx_word' id='word_1_601' title='bbox 1178 4575 1317 4629; x_wconf 87' lang='lat' dir='ltr'><strong>libro</strong></span> <span class='ocrx_word' id='word_1_602' title='bbox 1345 4574 1412 4629; x_wconf 91' lang='lat' dir='ltr'><strong>de</strong></span> <span class='ocrx_word' id='word_1_603' title='bbox 1438 4572 1731 4629; x_wconf 89' lang='lat' dir='ltr'><strong>Behemoth</strong></span> <span class='ocrx_word' id='word_1_604' title='bbox 1761 4573 2021 4644; x_wconf 88' lang='lat' dir='ltr'><strong>scriptum</strong></span> 
     </span>
    </p>
   </div>
   <div class='ocr_carea' id='block_1_78' title="bbox 441 4664 2031 4738">
    <p class='ocr_par' dir='ltr' id='par_1_78' title="bbox 441 4664 2031 4738">
     <span class='ocr_line' id='line_1_78' title="bbox 441 4664 2031 4738; baseline -0.004 -8"><span class='ocrx_word' id='word_1_605' title='bbox 441 4674 550 4729; x_wconf 89' lang='lat' dir='ltr'><strong>sit:</strong></span> <span class='ocrx_word' id='word_1_606' title='bbox 581 4672 742 4727; x_wconf 85' lang='lat' dir='ltr'><strong>Nervi</strong></span> <span class='ocrx_word' id='word_1_607' title='bbox 771 4669 1129 4728; x_wconf 85' lang='lat' dir='ltr'><strong>testiculorum</strong></span> <span class='ocrx_word' id='word_1_608' title='bbox 1156 4667 1271 4737; x_wconf 87' lang='lat' dir='ltr'><strong>ejus</strong></span> <span class='ocrx_word' id='word_1_609' title='bbox 1303 4664 1534 4737; x_wconf 69' lang='lat' dir='ltr'><strong>perplexi</strong></span> <span class='ocrx_word' id='word_1_610' title='bbox 1566 4675 1706 4721; x_wconf 78' lang='lat' dir='ltr'><strong>sunt.</strong></span> <span class='ocrx_word' id='word_1_611' title='bbox 1745 4665 1879 4722; x_wconf 85' lang='lat' dir='ltr'><strong>Ossa</strong></span> <span class='ocrx_word' id='word_1_612' title='bbox 1908 4668 2031 4738; x_wconf 85' lang='lat' dir='ltr'><strong>ejus-</strong></span> 
     </span>
    </p>
   </div>
   <div class='ocr_carea' id='block_1_79' title="bbox 442 4756 2021 4832">
    <p class='ocr_par' dir='ltr' id='par_1_79' title="bbox 442 4756 2021 4832">
     <span class='ocr_line' id='line_1_79' title="bbox 442 4756 2021 4832; baseline -0.004 -13"><span class='ocrx_word' id='word_1_613' title='bbox 442 4763 574 4821; x_wconf 78' lang='lat' dir='ltr'><strong>velut</strong></span> <span class='ocrx_word' id='word_1_614' title='bbox 597 4762 774 4832; x_wconf 83' lang='lat' dir='ltr'><strong>ﬁstula</strong></span> <span class='ocrx_word' id='word_1_615' title='bbox 800 4762 919 4816; x_wconf 72' lang='lat' dir='ltr'><strong>reris</strong></span> <span class='ocrx_word' id='word_1_616' title='bbox 950 4758 1093 4832; x_wconf 80' lang='lat' dir='ltr'><strong>(Job.</strong></span> <span class='ocrx_word' id='word_1_617' title='bbox 1120 4757 1230 4829; x_wconf 75' lang='grc' dir='ltr'>χι).</span> <span class='ocrx_word' id='word_1_618' title='bbox 1284 4756 1389 4812; x_wconf 87' lang='grc' dir='ltr'><strong>Τοι</strong></span> <span class='ocrx_word' id='word_1_619' title='bbox 1419 4772 1547 4828; x_wconf 89' lang='lat' dir='ltr'><strong>ergo</strong></span> <span class='ocrx_word' id='word_1_620' title='bbox 1586 4758 1689 4813; x_wconf 89' lang='lat' dir='ltr'><strong>iste</strong></span> <span class='ocrx_word' id='word_1_621' title='bbox 1723 4756 2021 4814; x_wconf 89' lang='lat' dir='ltr'><strong>Behemoth</strong></span> 
     </span>
    </p>
   </div>
   <div class='ocr_carea' id='block_1_80' title="bbox 441 4847 2020 4920">
    <p class='ocr_par' dir='ltr' id='par_1_80' title="bbox 441 4847 2020 4920">
     <span class='ocr_line' id='line_1_80' title="bbox 441 4847 2020 4920; baseline -0.006 -9"><span class='ocrx_word' id='word_1_622' title='bbox 441 4864 609 4911; x_wconf 86' lang='lat' dir='ltr'><strong>testes</strong></span> <span class='ocrx_word' id='word_1_623' title='bbox 640 4851 820 4917; x_wconf 83' lang='lat' dir='ltr'><strong>habet,</strong></span> <span class='ocrx_word' id='word_1_624' title='bbox 847 4858 979 4920; x_wconf 89' lang='lat' dir='ltr'><strong>quot</strong></span> <span class='ocrx_word' id='word_1_625' title='bbox 1006 4849 1305 4919; x_wconf 90' lang='lat' dir='ltr'><strong>iniquitatis</strong></span> <span class='ocrx_word' id='word_1_626' title='bbox 1330 4864 1441 4903; x_wconf 70' lang='lat' dir='ltr'><strong>sua:</strong></span> <span class='ocrx_word' id='word_1_627' title='bbox 1468 4847 1740 4918; x_wconf 86' lang='lat' dir='ltr'><strong>adjutores</strong></span> <span class='ocrx_word' id='word_1_628' title='bbox 1763 4848 2020 4918; x_wconf 90' lang='lat' dir='ltr'><strong>possidet.</strong></span> 
     </span>
    </p>
   </div>
   <div class='ocr_carea' id='block_1_81' title="bbox 440 4938 2019 5016">
    <p class='ocr_par' dir='ltr' id='par_1_81' title="bbox 440 4938 2019 5016">
     <span class='ocr_line' id='line_1_81' title="bbox 440 4938 2019 5016; baseline -0.006 -14"><span class='ocrx_word' id='word_1_629' title='bbox 440 4947 544 5016; x_wconf 85' lang='lat' dir='ltr'><strong>Qui</strong></span> <span class='ocrx_word' id='word_1_630' title='bbox 586 4946 786 5001; x_wconf 90' lang='lat' dir='ltr'><strong>idcirco</strong></span> <span class='ocrx_word' id='word_1_631' title='bbox 822 4940 1059 5012; x_wconf 86' lang='lat' dir='ltr'><strong>perplexi</strong></span> <span class='ocrx_word' id='word_1_632' title='bbox 1099 4948 1259 5007; x_wconf 91' lang='lat' dir='ltr'><strong>sunt,</strong></span> <span class='ocrx_word' id='word_1_633' title='bbox 1299 4941 1424 5009; x_wconf 89' lang='lat' dir='ltr'><strong>quia</strong></span> <span class='ocrx_word' id='word_1_634' title='bbox 1466 4938 1712 4994; x_wconf 89' lang='lat' dir='ltr'><strong>videlicet</strong></span> <span class='ocrx_word' id='word_1_635' title='bbox 1758 4938 2019 5008; x_wconf 77' lang='lat' dir='ltr'><strong>praedica-</strong></span> 
     </span>
    </p>
   </div>
   <div class='ocr_carea' id='block_1_82' title="bbox 442 5029 2023 5102">
    <p class='ocr_par' dir='ltr' id='par_1_82' title="bbox 442 5029 2023 5102">
     <span class='ocr_line' id='line_1_82' title="bbox 442 5029 2023 5102; baseline -0.005 -7"><span class='ocrx_word' id='word_1_636' title='bbox 442 5047 624 5095; x_wconf 86' lang='lat' dir='ltr'><strong>t0rum</strong></span> <span class='ocrx_word' id='word_1_637' title='bbox 666 5034 809 5089; x_wconf 90' lang='lat' dir='ltr'><strong>illius</strong></span> <span class='ocrx_word' id='word_1_638' title='bbox 852 5039 1167 5102; x_wconf 89' lang='lat' dir='ltr'><strong>argumenta</strong></span> <span class='ocrx_word' id='word_1_639' title='bbox 1208 5029 1408 5086; x_wconf 90' lang='lat' dir='ltr'><strong>dolosis</strong></span> <span class='ocrx_word' id='word_1_640' title='bbox 1452 5029 1841 5086; x_wconf 88' lang='lat' dir='ltr'><strong>assertionibus</strong></span> <span class='ocrx_word' id='word_1_641' title='bbox 1869 5030 2023 5087; x_wconf 87' lang='lat' dir='ltr'><strong>inno-</strong></span> 
     </span>
    </p>
   </div>
   <div class='ocr_carea' id='block_1_83' title="bbox 440 5121 2020 5193">
    <p class='ocr_par' dir='ltr' id='par_1_83' title="bbox 440 5121 2020 5193">
     <span class='ocr_line' id='line_1_83' title="bbox 440 5121 2020 5193; baseline -0.004 -10"><span class='ocrx_word' id='word_1_642' title='bbox 440 5129 759 5184; x_wconf 83' lang='lat' dir='ltr'><strong>dantur:ut</strong></span> <span class='ocrx_word' id='word_1_643' title='bbox 795 5133 941 5180; x_wconf 90' lang='lat' dir='ltr'><strong>recta</strong></span> <span class='ocrx_word' id='word_1_644' title='bbox 986 5138 1106 5178; x_wconf 83' lang='lat' dir='ltr'><strong>esse</strong></span> <span class='ocrx_word' id='word_1_645' title='bbox 1145 5121 1416 5187; x_wconf 89' lang='lat' dir='ltr'><strong>simulent,</strong></span> <span class='ocrx_word' id='word_1_646' title='bbox 1456 5138 1575 5191; x_wconf 80' lang='lat' dir='ltr'><strong>qua:</strong></span> <span class='ocrx_word' id='word_1_647' title='bbox 1612 5136 1861 5192; x_wconf 90' lang='lat' dir='ltr'><strong>perversa</strong></span> <span class='ocrx_word' id='word_1_648' title='bbox 1893 5138 2020 5193; x_wconf 83' lang='lat' dir='ltr'><strong>per-</strong></span> 
     </span>
    </p>
   </div>
   <div class='ocr_carea' id='block_1_84' title="bbox 441 5211 2021 5283">
    <p class='ocr_par' dir='ltr' id='par_1_84' title="bbox 441 5211 2021 5283">
     <span class='ocr_line' id='line_1_84' title="bbox 441 5211 2021 5283; baseline -0.002 -10"><span class='ocrx_word' id='word_1_649' title='bbox 441 5218 691 5274; x_wconf 88' lang='lat' dir='ltr'><strong>suadent.</strong></span> <span class='ocrx_word' id='word_1_650' title='bbox 742 5214 895 5280; x_wconf 83' lang='lat' dir='ltr'><strong>Ossa,</strong></span> <span class='ocrx_word' id='word_1_651' title='bbox 923 5213 1116 5283; x_wconf 87' lang='lat' dir='ltr'><strong>inquit,</strong></span> <span class='ocrx_word' id='word_1_652' title='bbox 1152 5214 1266 5283; x_wconf 85' lang='lat' dir='ltr'><strong>ejus</strong></span> <span class='ocrx_word' id='word_1_653' title='bbox 1299 5213 1434 5266; x_wconf 84' lang='lat' dir='ltr'><strong>uelut</strong></span> <span class='ocrx_word' id='word_1_654' title='bbox 1470 5211 1651 5280; x_wconf 79' lang='lat' dir='ltr'><strong>ﬁstula</strong></span> <span class='ocrx_word' id='word_1_655' title='bbox 1686 5214 1826 5268; x_wconf 70' lang='lat' dir='ltr'><strong>(uris.</strong></span> <span class='ocrx_word' id='word_1_656' title='bbox 1883 5213 2021 5281; x_wconf 88' lang='lat' dir='ltr'><strong>Quid</strong></span> 
     </span>
    </p>
   </div>
   <div class='ocr_carea' id='block_1_85' title="bbox 444 5303 2023 5375">
    <p class='ocr_par' dir='ltr' id='par_1_85' title="bbox 444 5303 2023 5375">
     <span class='ocr_line' id='line_1_85' title="bbox 444 5303 2023 5375; baseline -0.005 -10"><span class='ocrx_word' id='word_1_657' title='bbox 444 5311 590 5365; x_wconf 92' lang='lat' dir='ltr'><strong>aliud</strong></span> <span class='ocrx_word' id='word_1_658' title='bbox 621 5322 745 5363; x_wconf 85' lang='lat' dir='ltr'><strong>ossa</strong></span> <span class='ocrx_word' id='word_1_659' title='bbox 778 5304 1118 5370; x_wconf 83' lang='lat' dir='ltr'><strong>Antichristi,</strong></span> <span class='ocrx_word' id='word_1_660' title='bbox 1147 5319 1309 5375; x_wconf 91' lang='lat' dir='ltr'><strong>quam</strong></span> <span class='ocrx_word' id='word_1_661' title='bbox 1336 5303 1606 5374; x_wconf 89' lang='lat' dir='ltr'><strong>quoslibet</strong></span> <span class='ocrx_word' id='word_1_662' title='bbox 1644 5304 1697 5359; x_wconf 94' lang='lat' dir='ltr'><strong>in</strong></span> <span class='ocrx_word' id='word_1_663' title='bbox 1737 5305 1853 5375; x_wconf 85' lang='lat' dir='ltr'><strong>ejus</strong></span> <span class='ocrx_word' id='word_1_664' title='bbox 1901 5319 2023 5360; x_wconf 61' lang='grc' dir='ltr'><strong>σοι-α</strong></span> 
     </span>
    </p>
   </div>
   <div class='ocr_carea' id='block_1_86' title="bbox 440 5388 2015 5472">
    <p class='ocr_par' dir='ltr' id='par_1_86' title="bbox 440 5388 2015 5472">
     <span class='ocr_line' id='line_1_86' title="bbox 440 5388 2015 5472; baseline -0.003 -21"><span class='ocrx_word' id='word_1_665' title='bbox 440 5388 575 5472; x_wconf 74' lang='lat' dir='ltr'><strong>pore</strong></span> <span class='ocrx_word' id='word_1_666' title='bbox 603 5396 928 5452; x_wconf 88' lang='lat' dir='ltr'><strong>valentiores</strong></span> <span class='ocrx_word' id='word_1_667' title='bbox 962 5392 1296 5463; x_wconf 82' lang='lat' dir='ltr'><strong>accipimus?</strong></span> <span class='ocrx_word' id='word_1_668' title='bbox 1338 5392 1396 5447; x_wconf 81' lang='lat' dir='ltr'><strong>in</strong></span> <span class='ocrx_word' id='word_1_669' title='bbox 1443 5408 1670 5464; x_wconf 90' lang='lat' dir='ltr'><strong>quorum</strong></span> <span class='ocrx_word' id='word_1_670' title='bbox 1711 5394 1874 5450; x_wconf 90' lang='lat' dir='ltr'><strong>corde</strong></span> <span class='ocrx_word' id='word_1_671' title='bbox 1914 5393 2015 5448; x_wconf 92' lang='lat' dir='ltr'><strong>ini-</strong></span> 
     </span>
    </p>
   </div>
   <div class='ocr_carea' id='block_1_87' title="bbox 443 5483 2017 5561">
    <p class='ocr_par' dir='ltr' id='par_1_87' title="bbox 443 5483 2017 5561">
     <span class='ocr_line' id='line_1_87' title="bbox 443 5483 2017 5561; baseline -0.003 -16"><span class='ocrx_word' id='word_1_672' title='bbox 443 5491 622 5561; x_wconf 90' lang='lat' dir='ltr'><strong>quitas</strong></span> <span class='ocrx_word' id='word_1_673' title='bbox 647 5489 773 5544; x_wconf 91' lang='lat' dir='ltr'><strong>dum</strong></span> <span class='ocrx_word' id='word_1_674' title='bbox 797 5488 1143 5542; x_wconf 90' lang='lat' dir='ltr'><strong>vehementer</strong></span> <span class='ocrx_word' id='word_1_675' title='bbox 1166 5485 1454 5552; x_wconf 90' lang='lat' dir='ltr'><strong>induravit,</strong></span> <span class='ocrx_word' id='word_1_676' title='bbox 1489 5501 1585 5557; x_wconf 89' lang='lat' dir='ltr'><strong>per</strong></span> <span class='ocrx_word' id='word_1_677' title='bbox 1617 5499 1711 5539; x_wconf 89' lang='lat' dir='ltr'><strong>eos</strong></span> <span class='ocrx_word' id='word_1_678' title='bbox 1750 5492 1858 5540; x_wconf 82' lang='lat' dir='ltr'><strong>tota</strong></span> <span class='ocrx_word' id='word_1_679' title='bbox 1899 5483 2017 5553; x_wconf 91' lang='lat' dir='ltr'><strong>ejus</strong></span> 
     </span>
    </p>
   </div>
   <div class='ocr_carea' id='block_1_88' title="bbox 444 5577 2018 5652">
    <p class='ocr_par' dir='ltr' id='par_1_88' title="bbox 444 5577 2018 5652">
     <span class='ocr_line' id='line_1_88' title="bbox 444 5577 2018 5652; baseline -0.001 -17"><span class='ocrx_word' id='word_1_680' title='bbox 444 5580 683 5652; x_wconf 88' lang='lat' dir='ltr'><strong>corporis</strong></span> <span class='ocrx_word' id='word_1_681' title='bbox 711 5594 970 5651; x_wconf 85' lang='lat' dir='ltr'><strong>compago</strong></span> <span class='ocrx_word' id='word_1_682' title='bbox 994 5580 1259 5635; x_wconf 87' lang='lat' dir='ltr'><strong>subsistit.</strong></span> <span class='ocrx_word' id='word_1_683' title='bbox 1307 5580 1470 5635; x_wconf 82' lang='lat' dir='ltr'><strong>Recte</strong></span> <span class='ocrx_word' id='word_1_684' title='bbox 1507 5588 1686 5634; x_wconf 88' lang='lat' dir='ltr'><strong>autem</strong></span> <span class='ocrx_word' id='word_1_685' title='bbox 1728 5594 1850 5634; x_wconf 82' lang='lat' dir='ltr'><strong>ossa</strong></span> <span class='ocrx_word' id='word_1_686' title='bbox 1899 5577 2018 5647; x_wconf 83' lang='lat' dir='ltr'><strong>ejus</strong></span> 
     </span>
    </p>
   </div>
   <div class='ocr_carea' id='block_1_89' title="bbox 444 5673 2018 5744">
    <p class='ocr_par' dir='ltr' id='par_1_89' title="bbox 444 5673 2018 5744">
     <span class='ocr_line' id='line_1_89' title="bbox 444 5673 2018 5744; baseline -0.001 -16"><span class='ocrx_word' id='word_1_687' title='bbox 444 5675 569 5729; x_wconf 81' lang='lat' dir='ltr'><strong>:eris</strong></span> <span class='ocrx_word' id='word_1_688' title='bbox 594 5673 783 5730; x_wconf 75' lang='lat' dir='ltr'><strong>tistulze</strong></span> <span class='ocrx_word' id='word_1_689' title='bbox 811 5683 1187 5744; x_wconf 87' lang='lat' dir='ltr'><strong>comparantur</strong></span> <span class='ocrx_word' id='word_1_690' title='bbox 1213 5689 1226 5728; x_wconf 89' lang='lat'>:</span> <span class='ocrx_word' id='word_1_691' title='bbox 1259 5675 1385 5744; x_wconf 90' lang='lat' dir='ltr'><strong>quia</strong></span> <span class='ocrx_word' id='word_1_692' title='bbox 1417 5673 1693 5736; x_wconf 89' lang='lat' dir='ltr'><strong>nimirum,</strong></span> <span class='ocrx_word' id='word_1_693' title='bbox 1723 5688 1872 5728; x_wconf 89' lang='lat' dir='ltr'><strong>more</strong></span> <span class='ocrx_word' id='word_1_694' title='bbox 1900 5687 2018 5726; x_wconf 87' lang='lat' dir='ltr'><strong>me-</strong></span> 
     </span>
    </p>
   </div>
   <div class='ocr_carea' id='block_1_90' title="bbox 448 5763 2018 5834">
    <p class='ocr_par' dir='ltr' id='par_1_90' title="bbox 448 5763 2018 5834">
     <span class='ocr_line' id='line_1_90' title="bbox 448 5763 2018 5834; baseline 0.003 -15"><span class='ocrx_word' id='word_1_695' title='bbox 448 5766 559 5821; x_wconf 83' lang='lat' dir='ltr'><strong>talli</strong></span> <span class='ocrx_word' id='word_1_696' title='bbox 591 5765 935 5834; x_wconf 82' lang='lat' dir='ltr'><strong>insensibilis,</strong></span> <span class='ocrx_word' id='word_1_697' title='bbox 972 5780 1163 5823; x_wconf 85' lang='lat' dir='ltr'><strong>sonum</strong></span> <span class='ocrx_word' id='word_1_698' title='bbox 1208 5763 1346 5823; x_wconf 85' lang='lat' dir='ltr'><strong>bene</strong></span> <span class='ocrx_word' id='word_1_699' title='bbox 1394 5764 1608 5824; x_wconf 84' lang='lat' dir='ltr'><strong>vivendi</strong></span> <span class='ocrx_word' id='word_1_700' title='bbox 1648 5764 1888 5828; x_wconf 79' lang='lat' dir='ltr'><strong>habent:</strong></span> <span class='ocrx_word' id='word_1_701' title='bbox 1922 5763 2018 5823; x_wconf 81' lang='lat' dir='ltr'><strong>sed</strong></span> 
     </span>
    </p>
   </div>
   <div class='ocr_carea' id='block_1_91' title="bbox 2131 3295 3714 3371">
    <p class='ocr_par' dir='ltr' id='par_1_91' title="bbox 2131 3295 3714 3371">
     <span class='ocr_line' id='line_1_91' title="bbox 2131 3295 3714 3371; baseline -0.002 -17"><span class='ocrx_word' id='word_1_702' title='bbox 2131 3299 2388 3371; x_wconf 89' lang='lat' dir='ltr'><strong>quoniam</strong></span> <span class='ocrx_word' id='word_1_703' title='bbox 2431 3298 2643 3352; x_wconf 90' lang='lat' dir='ltr'><strong>futuros</strong></span> <span class='ocrx_word' id='word_1_704' title='bbox 2678 3297 2830 3368; x_wconf 86' lang='lat' dir='ltr'><strong>ignes</strong></span> <span class='ocrx_word' id='word_1_705' title='bbox 2867 3295 3223 3365; x_wconf 89' lang='lat' dir='ltr'><strong>incendiaque</strong></span> <span class='ocrx_word' id='word_1_706' title='bbox 3264 3295 3535 3351; x_wconf 86' lang='lat' dir='ltr'><strong>formidat.</strong></span> <span class='ocrx_word' id='word_1_707' title='bbox 3577 3295 3714 3351; x_wconf 85' lang='lat' dir='ltr'><strong>Nam</strong></span> 
     </span>
    </p>
   </div>
   <div class='ocr_carea' id='block_1_92' title="bbox 2129 3378 3718 3462">
    <p class='ocr_par' dir='ltr' id='par_1_92' title="bbox 2129 3378 3718 3462">
     <span class='ocr_line' id='line_1_92' title="bbox 2129 3378 3718 3462; baseline -0.002 -17"><span class='ocrx_word' id='word_1_708' title='bbox 2129 3390 2223 3462; x_wconf 88' lang='lat' dir='ltr'><strong>qui</strong></span> <span class='ocrx_word' id='word_1_709' title='bbox 2250 3405 2309 3445; x_wconf 87' lang='lat' dir='ltr'><strong>se</strong></span> <span class='ocrx_word' id='word_1_710' title='bbox 2334 3378 2579 3460; x_wconf 78' lang='lat' dir='ltr'><strong>paveséit</strong></span> <span class='ocrx_word' id='word_1_711' title='bbox 2606 3402 2877 3451; x_wconf 91' lang='lat' dir='ltr'><strong>arsurum,</strong></span> <span class='ocrx_word' id='word_1_712' title='bbox 2909 3386 3079 3456; x_wconf 90' lang='lat' dir='ltr'><strong>ipsius</strong></span> <span class='ocrx_word' id='word_1_713' title='bbox 3106 3386 3340 3442; x_wconf 90' lang='lat' dir='ltr'><strong>incendii</strong></span> <span class='ocrx_word' id='word_1_714' title='bbox 3370 3395 3580 3442; x_wconf 88' lang='lat' dir='ltr'><strong>terrore</strong></span> <span class='ocrx_word' id='word_1_715' title='bbox 3599 3385 3718 3454; x_wconf 90' lang='lat' dir='ltr'><strong>jam</strong></span> 
     </span>
    </p>
   </div>
   <div class='ocr_carea' id='block_1_93' title="bbox 2129 3477 3713 3550">
    <p class='ocr_par' dir='ltr' id='par_1_93' title="bbox 2129 3477 3713 3550">
     <span class='ocr_line' id='line_1_93' title="bbox 2129 3477 3713 3550; baseline -0.002 -15"><span class='ocrx_word' id='word_1_716' title='bbox 2129 3480 2376 3550; x_wconf 85' lang='lat' dir='ltr'><strong>frigetur.</strong></span> <span class='ocrx_word' id='word_1_717' title='bbox 2416 3480 2548 3535; x_wconf 88' lang='lat' dir='ltr'><strong>[tem</strong></span> <span class='ocrx_word' id='word_1_718' title='bbox 2594 3493 2717 3534; x_wconf 90' lang='lat' dir='ltr'><strong>ossa</strong></span> <span class='ocrx_word' id='word_1_719' title='bbox 2758 3477 2989 3533; x_wconf 89' lang='lat' dir='ltr'><strong>virtutes</strong></span> <span class='ocrx_word' id='word_1_720' title='bbox 3028 3477 3332 3547; x_wconf 84' lang='lat' dir='ltr'><strong>signiﬁcant</strong></span> <span class='ocrx_word' id='word_1_721' title='bbox 3377 3485 3713 3546; x_wconf 86' lang='lat' dir='ltr'><strong>sanctorum,</strong></span> 
     </span>
    </p>
   </div>
   <div class='ocr_carea' id='block_1_94' title="bbox 2126 3569 3719 3637">
    <p class='ocr_par' dir='ltr' id='par_1_94' title="bbox 2126 3569 3719 3637">
     <span class='ocr_line' id='line_1_94' title="bbox 2126 3569 3719 3637; baseline -0.003 -8"><span class='ocrx_word' id='word_1_722' title='bbox 2126 3582 2189 3629; x_wconf 88' lang='lat' dir='ltr'><strong>ut</strong></span> <span class='ocrx_word' id='word_1_723' title='bbox 2214 3573 2267 3629; x_wconf 91' lang='lat' dir='ltr'><strong>in</strong></span> <span class='ocrx_word' id='word_1_724' title='bbox 2297 3573 2513 3629; x_wconf 90' lang='lat' dir='ltr'><strong>Psalmo</strong></span> <span class='ocrx_word' id='word_1_725' title='bbox 2546 3590 2559 3626; x_wconf 89' lang='lat'><strong>:</strong></span> <span class='ocrx_word' id='word_1_726' title='bbox 2593 3569 2832 3626; x_wconf 84' lang='lat' dir='ltr'><strong>Custodit</strong></span> <span class='ocrx_word' id='word_1_727' title='bbox 2860 3570 3036 3624; x_wconf 87' lang='lat' dir='ltr'><strong>omnia</strong></span> <span class='ocrx_word' id='word_1_728' title='bbox 3072 3587 3191 3624; x_wconf 87' lang='lat' dir='ltr'><strong>ossa</strong></span> <span class='ocrx_word' id='word_1_729' title='bbox 3220 3587 3422 3637; x_wconf 85' lang='lat' dir='ltr'><strong>eorum,</strong></span> <span class='ocrx_word' id='word_1_730' title='bbox 3458 3587 3622 3625; x_wconf 88' lang='lat' dir='ltr'><strong>unum</strong></span> <span class='ocrx_word' id='word_1_731' title='bbox 3651 3587 3719 3626; x_wconf 75' lang='lat' dir='ltr'><strong>ea:</strong></span> 
     </span>
    </p>
   </div>
   <div class='ocr_carea' id='block_1_95' title="bbox 2128 3661 3714 3735">
    <p class='ocr_par' dir='ltr' id='par_1_95' title="bbox 2128 3661 3714 3735">
     <span class='ocr_line' id='line_1_95' title="bbox 2128 3661 3714 3735; baseline -0.003 -14"><span class='ocrx_word' id='word_1_732' title='bbox 2128 3667 2209 3721; x_wconf 83' lang='lat' dir='ltr'><strong>his</strong></span> <span class='ocrx_word' id='word_1_733' title='bbox 2260 3682 2365 3720; x_wconf 83' lang='lat' dir='ltr'><strong>non</strong></span> <span class='ocrx_word' id='word_1_734' title='bbox 2403 3672 2700 3719; x_wconf 83' lang='lat' dir='ltr'><strong>conteretur</strong></span> <span class='ocrx_word' id='word_1_735' title='bbox 2739 3661 2922 3735; x_wconf 86' lang='lat' dir='ltr'><strong>(Psal.</strong></span> <span class='ocrx_word' id='word_1_736' title='bbox 2965 3661 3197 3734; x_wconf 68' lang='grc' dir='ltr'>χχχιιι).</span> <span class='ocrx_word' id='word_1_737' title='bbox 3238 3661 3481 3717; x_wconf 70' lang='lat' dir='ltr'><strong>Medulla:</strong></span> <span class='ocrx_word' id='word_1_738' title='bbox 3525 3663 3714 3734; x_wconf 87' lang='lat' dir='ltr'><strong>appel-</strong></span> 
     </span>
    </p>
   </div>
   <div class='ocr_carea' id='block_1_96' title="bbox 2129 3752 3715 3827">
    <p class='ocr_par' dir='ltr' id='par_1_96' title="bbox 2129 3752 3715 3827">
     <span class='ocr_line' id='line_1_96' title="bbox 2129 3752 3715 3827; baseline -0.003 -15"><span class='ocrx_word' id='word_1_739' title='bbox 2129 3757 2273 3821; x_wconf 65' lang='lat' dir='ltr'><strong>lata),</strong></span> <span class='ocrx_word' id='word_1_740' title='bbox 2305 3757 2448 3827; x_wconf 91' lang='lat' dir='ltr'><strong>quod</strong></span> <span class='ocrx_word' id='word_1_741' title='bbox 2489 3753 2857 3810; x_wconf 85' lang='lat' dir='ltr'><strong>madefaciant</strong></span> <span class='ocrx_word' id='word_1_742' title='bbox 2891 3767 3036 3808; x_wconf 88' lang='lat' dir='ltr'><strong>ossa.</strong></span> <span class='ocrx_word' id='word_1_743' title='bbox 3072 3752 3304 3823; x_wconf 88' lang='lat' dir='ltr'><strong>lrrigant</strong></span> <span class='ocrx_word' id='word_1_744' title='bbox 3331 3753 3476 3808; x_wconf 89' lang='lat' dir='ltr'><strong>enim</strong></span> <span class='ocrx_word' id='word_1_745' title='bbox 3507 3762 3562 3807; x_wconf 92' lang='lat' dir='ltr'><strong>et</strong></span> <span class='ocrx_word' id='word_1_746' title='bbox 3588 3768 3715 3808; x_wconf 82' lang='lat' dir='ltr'><strong>con-</strong></span> 
     </span>
    </p>
   </div>
   <div class='ocr_carea' id='block_1_97' title="bbox 2127 3844 3709 3916">
    <p class='ocr_par' dir='ltr' id='par_1_97' title="bbox 2127 3844 3709 3916">
     <span class='ocr_line' id='line_1_97' title="bbox 2127 3844 3709 3916; baseline -0.001 -15"><span class='ocrx_word' id='word_1_747' title='bbox 2127 3847 2351 3905; x_wconf 88' lang='lat' dir='ltr'><strong>fortant.</strong></span> <span class='ocrx_word' id='word_1_748' title='bbox 2404 3846 2632 3902; x_wconf 81' lang='lat' dir='ltr'><strong>Medulla</strong></span> <span class='ocrx_word' id='word_1_749' title='bbox 2675 3844 2966 3916; x_wconf 60' lang='lat' dir='ltr'><strong>signiﬁcat“</strong></span> <span class='ocrx_word' id='word_1_750' title='bbox 3002 3844 3268 3900; x_wconf 78' lang='lat' dir='ltr'><strong>internum</strong></span> <span class='ocrx_word' id='word_1_751' title='bbox 3321 3844 3709 3916; x_wconf 87' lang='lat' dir='ltr'><strong>cogitationem</strong></span> 
     </span>
    </p>
   </div>
   <div class='ocr_carea' id='block_1_98' title="bbox 2126 3934 3714 3994">
    <p class='ocr_par' dir='ltr' id='par_1_98' title="bbox 2126 3934 3714 3994">
     <span class='ocr_line' id='line_1_98' title="bbox 2126 3934 3714 3994; baseline -0.002 0"><span class='ocrx_word' id='word_1_752' title='bbox 2126 3940 2343 3994; x_wconf 87' lang='lat' dir='ltr'><strong>mentis.</strong></span> <span class='ocrx_word' id='word_1_753' title='bbox 2373 3937 2526 3993; x_wconf 88' lang='lat' dir='ltr'><strong>Unde</strong></span> <span class='ocrx_word' id='word_1_754' title='bbox 2564 3943 2649 3992; x_wconf 87' lang='lat' dir='ltr'><strong>est</strong></span> <span class='ocrx_word' id='word_1_755' title='bbox 2697 3935 2826 3991; x_wconf 90' lang='lat' dir='ltr'><strong>illud</strong></span> <span class='ocrx_word' id='word_1_756' title='bbox 2865 3935 3202 3991; x_wconf 65' lang='lat' dir='ltr'><strong>Psalmistm:</strong></span> <span class='ocrx_word' id='word_1_757' title='bbox 3233 3934 3555 3991; x_wconf 82' lang='lat' dir='ltr'><strong>llolocausta</strong></span> <span class='ocrx_word' id='word_1_758' title='bbox 3604 3953 3714 3991; x_wconf 86' lang='lat' dir='ltr'><strong>me-</strong></span> 
     </span>
    </p>
   </div>
   <div class='ocr_carea' id='block_1_99' title="bbox 2125 4025 3714 4100">
    <p class='ocr_par' dir='ltr' id='par_1_99' title="bbox 2125 4025 3714 4100">
     <span class='ocr_line' id='line_1_99' title="bbox 2125 4025 3714 4100; baseline 0 -16"><span class='ocrx_word' id='word_1_759' title='bbox 2125 4029 2332 4084; x_wconf 83' lang='lat' dir='ltr'><strong>dullata</strong></span> <span class='ocrx_word' id='word_1_760' title='bbox 2366 4029 2585 4099; x_wconf 75' lang='lat' dir='ltr'><strong>offeram</strong></span> <span class='ocrx_word' id='word_1_761' title='bbox 2620 4028 2713 4081; x_wconf 87' lang='lat' dir='ltr'><strong>tibi</strong></span> <span class='ocrx_word' id='word_1_762' title='bbox 2741 4025 2926 4100; x_wconf 84' lang='lat' dir='ltr'><strong>(Psal.</strong></span> <span class='ocrx_word' id='word_1_763' title='bbox 2955 4043 3060 4082; x_wconf 81' lang='lat' dir='ltr'><strong>va</strong></span> <span class='ocrx_word' id='word_1_764' title='bbox 3080 4026 3121 4100; x_wconf 87' lang='lat'><strong>).</strong></span> <span class='ocrx_word' id='word_1_765' title='bbox 3151 4026 3475 4084; x_wconf 84' lang='lat' dir='ltr'><strong>llolocausta</strong></span> <span class='ocrx_word' id='word_1_766' title='bbox 3506 4029 3714 4084; x_wconf 82' lang='lat' dir='ltr'><strong>medul-</strong></span> 
     </span>
    </p>
   </div>
   <div class='ocr_carea' id='block_1_100' title="bbox 2125 4118 3713 4191">
    <p class='ocr_par' dir='ltr' id='par_1_100' title="bbox 2125 4118 3713 4191">
     <span class='ocr_line' id='line_1_100' title="bbox 2125 4118 3713 4191; baseline 0.003 -16"><span class='ocrx_word' id='word_1_767' title='bbox 2125 4121 2234 4175; x_wconf 90' lang='lat' dir='ltr'><strong>lata</strong></span> <span class='ocrx_word' id='word_1_768' title='bbox 2276 4128 2403 4176; x_wconf 91' lang='lat' dir='ltr'><strong>sunt</strong></span> <span class='ocrx_word' id='word_1_769' title='bbox 2456 4118 2750 4186; x_wconf 88' lang='lat' dir='ltr'><strong>sacriﬁcia,</strong></span> <span class='ocrx_word' id='word_1_770' title='bbox 2786 4134 2907 4189; x_wconf 81' lang='lat' dir='ltr'><strong>quae</strong></span> <span class='ocrx_word' id='word_1_771' title='bbox 2937 4135 3074 4190; x_wconf 89' lang='lat' dir='ltr'><strong>puro</strong></span> <span class='ocrx_word' id='word_1_772' title='bbox 3116 4129 3279 4191; x_wconf 91' lang='lat' dir='ltr'><strong>atque</strong></span> <span class='ocrx_word' id='word_1_773' title='bbox 3318 4122 3509 4179; x_wconf 91' lang='lat' dir='ltr'><strong>intimo</strong></span> <span class='ocrx_word' id='word_1_774' title='bbox 3548 4124 3713 4180; x_wconf 87' lang='lat' dir='ltr'><strong>corde</strong></span> 
     </span>
    </p>
   </div>
   <div class='ocr_carea' id='block_1_101' title="bbox 2124 4209 3712 4281">
    <p class='ocr_par' dir='ltr' id='par_1_101' title="bbox 2124 4209 3712 4281">
     <span class='ocr_line' id='line_1_101' title="bbox 2124 4209 3712 4281; baseline 0.003 -15"><span class='ocrx_word' id='word_1_775' title='bbox 2124 4210 2324 4266; x_wconf 85' lang='lat' dir='ltr'><strong>divinis</strong></span> <span class='ocrx_word' id='word_1_776' title='bbox 2360 4210 2739 4280; x_wconf 87' lang='lat' dir='ltr'><strong>conspectibus</strong></span> <span class='ocrx_word' id='word_1_777' title='bbox 2784 4210 2992 4265; x_wconf 90' lang='lat' dir='ltr'><strong>damus.</strong></span> <span class='ocrx_word' id='word_1_778' title='bbox 3042 4209 3177 4264; x_wconf 87' lang='lat' dir='ltr'><strong>Nam</strong></span> <span class='ocrx_word' id='word_1_779' title='bbox 3217 4213 3433 4281; x_wconf 87' lang='lat' dir='ltr'><strong>quando</strong></span> <span class='ocrx_word' id='word_1_780' title='bbox 3479 4213 3712 4270; x_wconf 89' lang='lat' dir='ltr'><strong>invicem</strong></span> 
     </span>
    </p>
   </div>
   <div class='ocr_carea' id='block_1_102' title="bbox 2124 4301 3710 4378">
    <p class='ocr_par' dir='ltr' id='par_1_102' title="bbox 2124 4301 3710 4378">
     <span class='ocr_line' id='line_1_102' title="bbox 2124 4301 3710 4378; baseline 0.004 -22"><span class='ocrx_word' id='word_1_781' title='bbox 2124 4301 2426 4357; x_wconf 89' lang='lat' dir='ltr'><strong>holocausti</strong></span> <span class='ocrx_word' id='word_1_782' title='bbox 2474 4302 2854 4357; x_wconf 90' lang='lat' dir='ltr'><strong>contritionem</strong></span> <span class='ocrx_word' id='word_1_783' title='bbox 2895 4303 3074 4359; x_wconf 74' lang='lat' dir='ltr'><strong>Cordis</strong></span> <span class='ocrx_word' id='word_1_784' title='bbox 3111 4303 3388 4361; x_wconf 85' lang='lat' dir='ltr'><strong>offerimus</strong></span> <span class='ocrx_word' id='word_1_785' title='bbox 3428 4315 3710 4378; x_wconf 88' lang='lat' dir='ltr'><strong>:oportet,</strong></span> 
     </span>
    </p>
   </div>
   <div class='ocr_carea' id='block_1_103' title="bbox 2123 4393 3713 4465">
    <p class='ocr_par' dir='ltr' id='par_1_103' title="bbox 2123 4393 3713 4465">
     <span class='ocr_line' id='line_1_103' title="bbox 2123 4393 3713 4465; baseline 0.005 -18"><span class='ocrx_word' id='word_1_786' title='bbox 2123 4401 2185 4448; x_wconf 88' lang='lat' dir='ltr'><strong>ut</strong></span> <span class='ocrx_word' id='word_1_787' title='bbox 2235 4394 2379 4450; x_wconf 90' lang='lat' dir='ltr'><strong>intus</strong></span> <span class='ocrx_word' id='word_1_788' title='bbox 2432 4393 2628 4449; x_wconf 90' lang='lat' dir='ltr'><strong>habeat</strong></span> <span class='ocrx_word' id='word_1_789' title='bbox 2675 4394 3021 4465; x_wconf 90' lang='lat' dir='ltr'><strong>purissimam</strong></span> <span class='ocrx_word' id='word_1_790' title='bbox 3075 4395 3234 4451; x_wconf 89' lang='lat' dir='ltr'><strong>ﬁdem</strong></span> <span class='ocrx_word' id='word_1_791' title='bbox 3269 4414 3283 4451; x_wconf 90' lang='lat'><strong>:</strong></span> <span class='ocrx_word' id='word_1_792' title='bbox 3316 4398 3462 4453; x_wconf 90' lang='lat' dir='ltr'><strong>intus</strong></span> <span class='ocrx_word' id='word_1_793' title='bbox 3516 4399 3713 4456; x_wconf 85' lang='lat' dir='ltr'><strong>habeat</strong></span> 
     </span>
    </p>
   </div>
   <div class='ocr_carea' id='block_1_104' title="bbox 2124 4484 3709 4555">
    <p class='ocr_par' dir='ltr' id='par_1_104' title="bbox 2124 4484 3709 4555">
     <span class='ocr_line' id='line_1_104' title="bbox 2124 4484 3709 4555; baseline 0.004 -16"><span class='ocrx_word' id='word_1_794' title='bbox 2124 4499 2320 4554; x_wconf 91' lang='lat' dir='ltr'><strong>operas</strong></span> <span class='ocrx_word' id='word_1_795' title='bbox 2365 4484 2575 4549; x_wconf 87' lang='lat' dir='ltr'><strong>ﬁdeles,</strong></span> <span class='ocrx_word' id='word_1_796' title='bbox 2609 4500 2731 4555; x_wconf 67' lang='lat' dir='ltr'><strong>quae</strong></span> <span class='ocrx_word' id='word_1_797' title='bbox 2767 4486 2834 4541; x_wconf 90' lang='lat' dir='ltr'><strong>ad</strong></span> <span class='ocrx_word' id='word_1_798' title='bbox 2868 4486 3045 4542; x_wconf 87' lang='lat' dir='ltr'><strong>vicem</strong></span> <span class='ocrx_word' id='word_1_799' title='bbox 3095 4487 3342 4543; x_wconf 79' lang='lat' dir='ltr'><strong>medullae</strong></span> <span class='ocrx_word' id='word_1_800' title='bbox 3383 4488 3709 4545; x_wconf 87' lang='lat' dir='ltr'><strong>oblationem</strong></span> 
     </span>
    </p>
   </div>
   <div class='ocr_carea' id='block_1_105' title="bbox 2123 4576 3706 4651">
    <p class='ocr_par' dir='ltr' id='par_1_105' title="bbox 2123 4576 3706 4651">
     <span class='ocr_line' id='line_1_105' title="bbox 2123 4576 3706 4651; baseline 0.004 -20"><span class='ocrx_word' id='word_1_801' title='bbox 2123 4576 2470 4647; x_wconf 89' lang='lat' dir='ltr'><strong>purissimam</strong></span> <span class='ocrx_word' id='word_1_802' title='bbox 2518 4577 2750 4633; x_wconf 90' lang='lat' dir='ltr'><strong>reddant</strong></span> <span class='ocrx_word' id='word_1_803' title='bbox 2792 4592 2861 4633; x_wconf 86' lang='lat' dir='ltr'><strong>ne</strong></span> <span class='ocrx_word' id='word_1_804' title='bbox 2896 4578 2968 4633; x_wconf 89' lang='lat' dir='ltr'><strong>sit</strong></span> <span class='ocrx_word' id='word_1_805' title='bbox 3008 4579 3220 4636; x_wconf 90' lang='lat' dir='ltr'><strong>aridum</strong></span> <span class='ocrx_word' id='word_1_806' title='bbox 3266 4589 3428 4651; x_wconf 89' lang='lat' dir='ltr'><strong>atque</strong></span> <span class='ocrx_word' id='word_1_807' title='bbox 3455 4597 3706 4649; x_wconf 89' lang='lat' dir='ltr'><strong>vacuum,</strong></span> 
     </span>
    </p>
   </div>
   <div class='ocr_carea' id='block_1_106' title="bbox 2124 4665 3707 4737">
    <p class='ocr_par' dir='ltr' id='par_1_106' title="bbox 2124 4665 3707 4737">
     <span class='ocr_line' id='line_1_106' title="bbox 2124 4665 3707 4737; baseline 0.005 -17"><span class='ocrx_word' id='word_1_808' title='bbox 2124 4665 2272 4736; x_wconf 90' lang='lat' dir='ltr'><strong>quod</strong></span> <span class='ocrx_word' id='word_1_809' title='bbox 2303 4665 2503 4721; x_wconf 91' lang='lat' dir='ltr'><strong>divinis</strong></span> <span class='ocrx_word' id='word_1_810' title='bbox 2526 4668 2834 4737; x_wconf 86' lang='lat' dir='ltr'><strong>aspectibus</strong></span> <span class='ocrx_word' id='word_1_811' title='bbox 2861 4667 3237 4726; x_wconf 65' lang='lat' dir='ltr'><strong>immoiamus.’</strong></span> <span class='ocrx_word' id='word_1_812' title='bbox 3264 4668 3545 4727; x_wconf 82' lang='lat' dir='ltr'><strong>Vertibula</strong></span> <span class='ocrx_word' id='word_1_813' title='bbox 3583 4682 3707 4729; x_wconf 90' lang='lat' dir='ltr'><strong>sunt</strong></span> 
     </span>
    </p>
   </div>
   <div class='ocr_carea' id='block_1_107' title="bbox 2124 4759 3709 4835">
    <p class='ocr_par' dir='ltr' id='par_1_107' title="bbox 2124 4759 3709 4835">
     <span class='ocr_line' id='line_1_107' title="bbox 2124 4759 3709 4835; baseline 0.002 -21"><span class='ocrx_word' id='word_1_814' title='bbox 2124 4773 2348 4814; x_wconf 66' lang='lat' dir='ltr'><strong>summa:</strong></span> <span class='ocrx_word' id='word_1_815' title='bbox 2391 4759 2597 4815; x_wconf 91' lang='lat' dir='ltr'><strong>ossium</strong></span> <span class='ocrx_word' id='word_1_816' title='bbox 2637 4769 2821 4829; x_wconf 90' lang='lat' dir='ltr'><strong>partes</strong></span> <span class='ocrx_word' id='word_1_817' title='bbox 2869 4760 3026 4815; x_wconf 92' lang='lat' dir='ltr'><strong>nodis</strong></span> <span class='ocrx_word' id='word_1_818' title='bbox 3075 4762 3436 4831; x_wconf 88' lang='lat' dir='ltr'><strong>grossioribus</strong></span> <span class='ocrx_word' id='word_1_819' title='bbox 3491 4763 3709 4835; x_wconf 56' lang='lat' dir='ltr'><strong>conglo.</strong></span> 
     </span>
    </p>
   </div>
   <div class='ocr_carea' id='block_1_108' title="bbox 2123 4852 3708 4922">
    <p class='ocr_par' dir='ltr' id='par_1_108' title="bbox 2123 4852 3708 4922">
     <span class='ocr_line' id='line_1_108' title="bbox 2123 4852 3708 4922; baseline 0.002 -13"><span class='ocrx_word' id='word_1_820' title='bbox 2123 4853 2286 4916; x_wconf 72' lang='lat' dir='ltr'><strong>halm,</strong></span> <span class='ocrx_word' id='word_1_821' title='bbox 2326 4852 2400 4906; x_wconf 91' lang='lat' dir='ltr'><strong>ita</strong></span> <span class='ocrx_word' id='word_1_822' title='bbox 2444 4852 2585 4907; x_wconf 90' lang='lat' dir='ltr'><strong>dicta</strong></span> <span class='ocrx_word' id='word_1_823' title='bbox 2619 4867 2703 4918; x_wconf 91' lang='lat' dir='ltr'><strong>eo,</strong></span> <span class='ocrx_word' id='word_1_824' title='bbox 2749 4853 2893 4922; x_wconf 93' lang='lat' dir='ltr'><strong>quod</strong></span> <span class='ocrx_word' id='word_1_825' title='bbox 2931 4853 2999 4909; x_wconf 89' lang='lat' dir='ltr'><strong>ad</strong></span> <span class='ocrx_word' id='word_1_826' title='bbox 3046 4853 3387 4910; x_wconf 76' lang='lat' dir='ltr'><strong>inflexionem</strong></span> <span class='ocrx_word' id='word_1_827' title='bbox 3435 4858 3708 4915; x_wconf 71' lang='lat' dir='ltr'><strong>membro-</strong></span> 
     </span>
    </p>
   </div>
   <div class='ocr_carea' id='block_1_109' title="bbox 2127 4942 3703 5014">
    <p class='ocr_par' dir='ltr' id='par_1_109' title="bbox 2127 4942 3703 5014">
     <span class='ocr_line' id='line_1_109' title="bbox 2127 4942 3703 5014; baseline 0.002 -16"><span class='ocrx_word' id='word_1_828' title='bbox 2127 4960 2248 4999; x_wconf 90' lang='lat' dir='ltr'><strong>rum</strong></span> <span class='ocrx_word' id='word_1_829' title='bbox 2288 4942 2375 4997; x_wconf 91' lang='lat' dir='ltr'><strong>illa</strong></span> <span class='ocrx_word' id='word_1_830' title='bbox 2402 4950 2698 4997; x_wconf 91' lang='lat' dir='ltr'><strong>vertantur.</strong></span> <span class='ocrx_word' id='word_1_831' title='bbox 2729 4942 3086 5014; x_wconf 85' lang='lat' dir='ltr'><strong>Cartilagines</strong></span> <span class='ocrx_word' id='word_1_832' title='bbox 3111 4960 3235 5001; x_wconf 91' lang='lat' dir='ltr'><strong>ossa</strong></span> <span class='ocrx_word' id='word_1_833' title='bbox 3269 4946 3471 5013; x_wconf 90' lang='lat' dir='ltr'><strong>mollia,</strong></span> <span class='ocrx_word' id='word_1_834' title='bbox 3502 4955 3557 5003; x_wconf 93' lang='lat' dir='ltr'><strong>et</strong></span> <span class='ocrx_word' id='word_1_835' title='bbox 3587 4948 3703 5003; x_wconf 87' lang='lat' dir='ltr'><strong>sine</strong></span> 
     </span>
    </p>
   </div>
   <div class='ocr_carea' id='block_1_110' title="bbox 2123 5036 3706 5108">
    <p class='ocr_par' dir='ltr' id='par_1_110' title="bbox 2123 5036 3706 5108">
     <span class='ocr_line' id='line_1_110' title="bbox 2123 5036 3706 5108; baseline 0.003 -17"><span class='ocrx_word' id='word_1_836' title='bbox 2123 5036 2354 5092; x_wconf 89' lang='lat' dir='ltr'><strong>medulla</strong></span> <span class='ocrx_word' id='word_1_837' title='bbox 2388 5055 2401 5090; x_wconf 89' lang='lat'><strong>:</strong></span> <span class='ocrx_word' id='word_1_838' title='bbox 2433 5036 2575 5106; x_wconf 89' lang='lat' dir='ltr'><strong>quod</strong></span> <span class='ocrx_word' id='word_1_839' title='bbox 2621 5052 2792 5108; x_wconf 90' lang='lat' dir='ltr'><strong>genus</strong></span> <span class='ocrx_word' id='word_1_840' title='bbox 2845 5037 3102 5094; x_wconf 60' lang='lat' dir='ltr'><strong>auriculae</strong></span> <span class='ocrx_word' id='word_1_841' title='bbox 3150 5047 3206 5094; x_wconf 89' lang='lat' dir='ltr'><strong>et</strong></span> <span class='ocrx_word' id='word_1_842' title='bbox 3249 5039 3463 5095; x_wconf 89' lang='lat' dir='ltr'><strong>narium</strong></span> <span class='ocrx_word' id='word_1_843' title='bbox 3514 5039 3706 5098; x_wconf 86' lang='lat' dir='ltr'><strong>discri-</strong></span> 
     </span>
    </p>
   </div>
   <div class='ocr_carea' id='block_1_111' title="bbox 2122 5129 3701 5203">
    <p class='ocr_par' dir='ltr' id='par_1_111' title="bbox 2122 5129 3701 5203">
     <span class='ocr_line' id='line_1_111' title="bbox 2122 5129 3701 5203; baseline 0.001 -18"><span class='ocrx_word' id='word_1_844' title='bbox 2122 5146 2247 5186; x_wconf 90' lang='lat' dir='ltr'><strong>men</strong></span> <span class='ocrx_word' id='word_1_845' title='bbox 2271 5138 2327 5185; x_wconf 92' lang='lat' dir='ltr'><strong>et</strong></span> <span class='ocrx_word' id='word_1_846' title='bbox 2348 5137 2623 5185; x_wconf 90' lang='lat' dir='ltr'><strong>costarum</strong></span> <span class='ocrx_word' id='word_1_847' title='bbox 2645 5129 3017 5186; x_wconf 81' lang='lat' dir='ltr'><strong>extremitates</strong></span> <span class='ocrx_word' id='word_1_848' title='bbox 3053 5130 3273 5198; x_wconf 90' lang='lat' dir='ltr'><strong>habent,</strong></span> <span class='ocrx_word' id='word_1_849' title='bbox 3306 5132 3421 5187; x_wconf 90' lang='lat' dir='ltr'><strong>sive</strong></span> <span class='ocrx_word' id='word_1_850' title='bbox 3449 5131 3701 5203; x_wconf 89' lang='lat' dir='ltr'><strong>opercula</strong></span> 
     </span>
    </p>
   </div>
   <div class='ocr_carea' id='block_1_112' title="bbox 2121 5220 3701 5293">
    <p class='ocr_par' dir='ltr' id='par_1_112' title="bbox 2121 5220 3701 5293">
     <span class='ocr_line' id='line_1_112' title="bbox 2121 5220 3701 5293; baseline 0 -16"><span class='ocrx_word' id='word_1_851' title='bbox 2121 5220 2344 5285; x_wconf 88' lang='lat' dir='ltr'><strong>ossium,</strong></span> <span class='ocrx_word' id='word_1_852' title='bbox 2378 5235 2500 5290; x_wconf 69' lang='lat' dir='ltr'><strong>qua:</strong></span> <span class='ocrx_word' id='word_1_853' title='bbox 2533 5228 2819 5277; x_wconf 86' lang='lat' dir='ltr'><strong>moventur</strong></span> <span class='ocrx_word' id='word_1_854' title='bbox 2842 5234 2857 5274; x_wconf 94' lang='lat'><strong>:</strong></span> <span class='ocrx_word' id='word_1_855' title='bbox 2879 5229 2936 5276; x_wconf 93' lang='lat' dir='ltr'><strong>et</strong></span> <span class='ocrx_word' id='word_1_856' title='bbox 2966 5221 3124 5277; x_wconf 63' lang='lat' dir='ltr'><strong>dictae</strong></span> <span class='ocrx_word' id='word_1_857' title='bbox 3153 5221 3520 5293; x_wconf 86' lang='lat' dir='ltr'><strong>cartilagines,</strong></span> <span class='ocrx_word' id='word_1_858' title='bbox 3559 5221 3701 5293; x_wconf 91' lang='lat' dir='ltr'><strong>quod</strong></span> 
     </span>
    </p>
   </div>
   <div class='ocr_carea' id='block_1_113' title="bbox 2123 5312 3702 5385">
    <p class='ocr_par' dir='ltr' id='par_1_113' title="bbox 2123 5312 3702 5385">
     <span class='ocr_line' id='line_1_113' title="bbox 2123 5312 3702 5385; baseline 0.001 -17"><span class='ocrx_word' id='word_1_859' title='bbox 2123 5313 2226 5369; x_wconf 89' lang='lat' dir='ltr'><strong>levi</strong></span> <span class='ocrx_word' id='word_1_860' title='bbox 2262 5313 2449 5367; x_wconf 87' lang='lat' dir='ltr'><strong>attritu</strong></span> <span class='ocrx_word' id='word_1_861' title='bbox 2475 5321 2663 5369; x_wconf 88' lang='lat' dir='ltr'><strong>carent</strong></span> <span class='ocrx_word' id='word_1_862' title='bbox 2687 5312 2893 5380; x_wconf 92' lang='lat' dir='ltr'><strong>dolore,</strong></span> <span class='ocrx_word' id='word_1_863' title='bbox 2920 5314 3047 5369; x_wconf 90' lang='lat' dir='ltr'><strong>dum</strong></span> <span class='ocrx_word' id='word_1_864' title='bbox 3072 5314 3401 5384; x_wconf 89' lang='lat' dir='ltr'><strong>plectuntur.</strong></span> <span class='ocrx_word' id='word_1_865' title='bbox 3429 5312 3702 5385; x_wconf 87' lang='lat' dir='ltr'><strong>Cartilago</strong></span> 
     </span>
    </p>
   </div>
   <div class='ocr_carea' id='block_1_114' title="bbox 2125 5401 3703 5474">
    <p class='ocr_par' dir='ltr' id='par_1_114' title="bbox 2125 5401 3703 5474">
     <span class='ocr_line' id='line_1_114' title="bbox 2125 5401 3703 5474; baseline 0 -16"><span class='ocrx_word' id='word_1_866' title='bbox 2125 5401 2412 5473; x_wconf 90' lang='lat' dir='ltr'><strong>aliquando</strong></span> <span class='ocrx_word' id='word_1_867' title='bbox 2458 5401 2727 5474; x_wconf 87' lang='lat' dir='ltr'><strong>signiﬁcat</strong></span> <span class='ocrx_word' id='word_1_868' title='bbox 2765 5402 3161 5460; x_wconf 86' lang='lat' dir='ltr'><strong>simulationem</strong></span> <span class='ocrx_word' id='word_1_869' title='bbox 3208 5402 3491 5459; x_wconf 89' lang='lat' dir='ltr'><strong>virtutum.</strong></span> <span class='ocrx_word' id='word_1_870' title='bbox 3548 5401 3703 5461; x_wconf 86' lang='lat' dir='ltr'><strong>Unde</strong></span> 
     </span>
    </p>
   </div>
   <div class='ocr_carea' id='block_1_115' title="bbox 2128 5491 3703 5566">
    <p class='ocr_par' dir='ltr' id='par_1_115' title="bbox 2128 5491 3703 5566">
     <span class='ocr_line' id='line_1_115' title="bbox 2128 5491 3703 5566; baseline -0.001 -18"><span class='ocrx_word' id='word_1_871' title='bbox 2128 5494 2386 5564; x_wconf 89' lang='lat' dir='ltr'><strong>scriptum</strong></span> <span class='ocrx_word' id='word_1_872' title='bbox 2432 5501 2517 5549; x_wconf 90' lang='lat' dir='ltr'><strong>est</strong></span> <span class='ocrx_word' id='word_1_873' title='bbox 2561 5494 2615 5549; x_wconf 93' lang='lat' dir='ltr'><strong>in</strong></span> <span class='ocrx_word' id='word_1_874' title='bbox 2656 5491 2758 5549; x_wconf 85' lang='lat' dir='ltr'><strong>Joh</strong></span> <span class='ocrx_word' id='word_1_875' title='bbox 2802 5494 2868 5549; x_wconf 90' lang='lat' dir='ltr'><strong>de</strong></span> <span class='ocrx_word' id='word_1_876' title='bbox 2903 5493 3200 5549; x_wconf 89' lang='lat' dir='ltr'><strong>Leviathan</strong></span> <span class='ocrx_word' id='word_1_877' title='bbox 3234 5510 3246 5547; x_wconf 91' lang='lat'><strong>:</strong></span> <span class='ocrx_word' id='word_1_878' title='bbox 3277 5493 3546 5566; x_wconf 81' lang='lat' dir='ltr'><strong>Cartilago</strong></span> <span class='ocrx_word' id='word_1_879' title='bbox 3587 5493 3703 5565; x_wconf 85' lang='lat' dir='ltr'><strong>ejus</strong></span> 
     </span>
    </p>
   </div>
   <div class='ocr_carea' id='block_1_116' title="bbox 2127 5583 3699 5657">
    <p class='ocr_par' dir='ltr' id='par_1_116' title="bbox 2127 5583 3699 5657">
     <span class='ocr_line' id='line_1_116' title="bbox 2127 5583 3699 5657; baseline -0.001 -19"><span class='ocrx_word' id='word_1_880' title='bbox 2127 5587 2279 5654; x_wconf 89' lang='lat' dir='ltr'><strong>quasi</strong></span> <span class='ocrx_word' id='word_1_881' title='bbox 2334 5586 2546 5639; x_wconf 71' lang='lat' dir='ltr'><strong>lamina:</strong></span> <span class='ocrx_word' id='word_1_882' title='bbox 2591 5585 2775 5655; x_wconf 70' lang='lat' dir='ltr'><strong>ferrea</strong></span> <span class='ocrx_word' id='word_1_883' title='bbox 2823 5583 2985 5657; x_wconf 80' lang='lat' dir='ltr'><strong>(Job.</strong></span> <span class='ocrx_word' id='word_1_884' title='bbox 3037 5584 3191 5657; x_wconf 76' lang='grc' dir='ltr'>ιιι).</span> <span class='ocrx_word' id='word_1_885' title='bbox 3228 5583 3499 5655; x_wconf 86' lang='lat' dir='ltr'><strong>Cartilago</strong></span> <span class='ocrx_word' id='word_1_886' title='bbox 3544 5598 3699 5638; x_wconf 88' lang='lat' dir='ltr'><strong>nam-</strong></span> 
     </span>
    </p>
   </div>
   <div class='ocr_carea' id='block_1_117' title="bbox 2128 5674 3702 5747">
    <p class='ocr_par' dir='ltr' id='par_1_117' title="bbox 2128 5674 3702 5747">
     <span class='ocr_line' id='line_1_117' title="bbox 2128 5674 3702 5747; baseline 0.001 -18"><span class='ocrx_word' id='word_1_887' title='bbox 2128 5692 2231 5747; x_wconf 87' lang='lat' dir='ltr'><strong>que</strong></span> <span class='ocrx_word' id='word_1_888' title='bbox 2249 5676 2387 5732; x_wconf 88' lang='lat' dir='ltr'><strong>ossis</strong></span> <span class='ocrx_word' id='word_1_889' title='bbox 2405 5676 2622 5745; x_wconf 85' lang='lat' dir='ltr'><strong>quidem</strong></span> <span class='ocrx_word' id='word_1_890' title='bbox 2658 5676 2889 5746; x_wconf 89' lang='lat' dir='ltr'><strong>speciem</strong></span> <span class='ocrx_word' id='word_1_891' title='bbox 2920 5677 3108 5742; x_wconf 90' lang='lat' dir='ltr'><strong>habet,</strong></span> <span class='ocrx_word' id='word_1_892' title='bbox 3131 5676 3226 5731; x_wconf 89' lang='lat' dir='ltr'><strong>sed</strong></span> <span class='ocrx_word' id='word_1_893' title='bbox 3250 5677 3390 5733; x_wconf 90' lang='lat' dir='ltr'><strong>ossis</strong></span> <span class='ocrx_word' id='word_1_894' title='bbox 3428 5674 3702 5731; x_wconf 87' lang='lat' dir='ltr'><strong>fortitudi-</strong></span> 
     </span>
    </p>
   </div>
   <div class='ocr_carea' id='block_1_118' title="bbox 2128 5762 3705 5838">
    <p class='ocr_par' dir='ltr' id='par_1_118' title="bbox 2128 5762 3705 5838">
     <span class='ocr_line' id='line_1_118' title="bbox 2128 5762 3705 5838; baseline -0.002 -14"><span class='ocrx_word' id='word_1_895' title='bbox 2128 5783 2248 5826; x_wconf 83' lang='lat' dir='ltr'><strong>nem</strong></span> <span class='ocrx_word' id='word_1_896' title='bbox 2280 5783 2384 5825; x_wconf 86' lang='lat' dir='ltr'><strong>non</strong></span> <span class='ocrx_word' id='word_1_897' title='bbox 2424 5767 2604 5824; x_wconf 83' lang='lat' dir='ltr'><strong>habet.</strong></span> <span class='ocrx_word' id='word_1_898' title='bbox 2643 5765 2780 5834; x_wconf 88' lang='lat' dir='ltr'><strong>Quid</strong></span> <span class='ocrx_word' id='word_1_899' title='bbox 2817 5774 2900 5824; x_wconf 89' lang='lat' dir='ltr'><strong>est</strong></span> <span class='ocrx_word' id='word_1_900' title='bbox 2936 5780 3088 5835; x_wconf 86' lang='lat' dir='ltr'><strong>ergo,</strong></span> <span class='ocrx_word' id='word_1_901' title='bbox 3114 5766 3255 5836; x_wconf 89' lang='lat' dir='ltr'><strong>quod</strong></span> <span class='ocrx_word' id='word_1_902' title='bbox 3284 5765 3550 5838; x_wconf 84' lang='lat' dir='ltr'><strong>cartilago</strong></span> <span class='ocrx_word' id='word_1_903' title='bbox 3585 5762 3705 5835; x_wconf 81' lang='lat' dir='ltr'><strong>ejus</strong></span> 
     </span>
    </p>
   </div>
  </div>
