4074 6316
337 415 439 472 165

1318 422 1406 478 DE
1449 424 1794 485 UNlVERSO
1830 429 2014 486 1.th
2049 430 2210 487 xxu.
2244 406 2315 474 —'
2351 435 2479 491 LIB.
2521 436 2611 492 vt.

3486 449 3600 503 ltili.

328 529 547 587 laminis
587 527 780 586 ferreis
827 534 1206 603 comparatur?
1255 536 1382 605 nisi,
1421 540 1547 610 quia
1597 541 1674 608 hi,
1721 543 1813 614 qui
1851 546 1905 600 in
1934 549 1980 611 Α
2008 547 2170 617 pheta
2193 548 2325 604 dicit
2351 551 2405 605 in
2430 551 2646 607 Psalmo
2674 570 2686 606 :
2713 552 2948 609 Posuisti
2970 557 3328 617 tribulationes
3356 567 3589 624 indorso

327 618 424 676 illo
452 619 739 677 debiliores
774 630 919 690 sunt,
959 624 1028 679 ad
1052 628 1408 697 perpetranda
1440 631 1581 686 mala
1621 635 1909 705 nequiores

327 710 586 765 existunt.
628 710 772 783 Ergo
810 712 1070 786 cartilago
1098 715 1215 785 ejus
1248 716 1398 775 ferro
1442 722 1634 780 similis
1661 725 1859 781 dicitur
1889 747 1904 783 :

329 800 456 871 quia
498 800 577 866 hi,
607 804 699 872 qui
730 803 784 858 in
815 803 932 875 ejus
963 821 1188 877 corpore
1235 810 1304 866 ad
1342 814 1703 872 ostensionem
1738 818 1909 875 virtu-

329 898 442 944 tum
482 906 590 946 non
634 890 927 961 suﬁiciunt,
977 907 1162 954 contra
1211 917 1399 958 necem
1442 903 1680 961 ﬁdelium
1728 909 1908 966 acrius

325 982 716 1037 accenduntur.
744 982 935 1042 Costas
969 990 1225 1059 appellari
1261 994 1478 1064 quidam
1514 1007 1725 1068 putant,
1761 1003 1905 1072 quod

325 1073 396 1127 ab
444 1073 575 1142 ipsis
629 1074 889 1133 interiora
934 1082 1336 1150 custodiantur,
1383 1097 1440 1142 et
1498 1097 1609 1144 tota
1655 1092 1908 1151 mollities

324 1163 537 1247 ventris
564 1163 765 1220 vallata
805 1166 1062 1223 salvetur.
1092 1169 1279 1240 Latus,
1328 1176 1450 1244 quia
1478 1175 1782 1247 jacentibus
1805 1198 1903 1238 no-

325 1251 411 1307 bis
438 1236 571 1308 latet
597 1271 611 1308 :
638 1264 725 1310 est
762 1257 906 1312 enim
949 1258 1081 1315 laeva
1110 1276 1235 1331 pars
1265 1236 1538 1335 corporis.
1577 1270 1777 1327 Dextro
1805 1288 1905 1327 au-

326 1352 437 1397 tem
466 1344 624 1399 lateri
654 1346 887 1403 habilior
914 1359 1093 1405 motus
1124 1362 1238 1420 est,
1280 1354 1413 1411 laevo
1439 1355 1643 1424 fortior,
1676 1370 1730 1416 et
1755 1363 1906 1417 oneri

327 1432 551 1490 ferendo
595 1438 1069 1495 accommodatior.
1119 1440 1271 1499 Unde
1309 1455 1362 1500 et
1411 1447 1539 1502 lteva
1576 1463 1903 1522 nuncupata,

325 1523 469 1591 quod
504 1524 683 1594 aptior
717 1526 787 1580 sit
828 1528 895 1582 ad
931 1527 1217 1586 levandum
1252 1534 1451 1604 aliquid
1480 1547 1532 1592 et
1560 1541 1903 1609 portandum.

326 1610 446 1681 Ipsa
467 1613 613 1666 enim
647 1623 823 1685 gestat
842 1616 1110 1688 clypeum,
1157 1635 1362 1690 ensem,
1403 1624 1711 1693 pharetram
1736 1638 1790 1684 et
1823 1646 1907 1685 re-

326 1702 468 1771 liqua
495 1718 661 1759 onera
695 1722 708 1758 :
738 1715 798 1761 ut
820 1709 1067 1777 expedita
1098 1711 1168 1766 sit
1197 1712 1383 1768 dextra
1414 1717 1480 1770 ad
1510 1719 1799 1788 agendum.
1835 1721 1903 1776 Et

325 1793 645 1857 notandum,
686 1796 831 1864 quod
872 1796 1055 1854 lateris
1080 1815 1272 1856 nomen
1306 1817 1661 1875 synonymum
1701 1815 1803 1874 est,
1850 1818 1906 1865 et

2010 645 2188 690 nostro
2219 637 2344 709 (Ps.
2378 640 2515 711 va)
2544 658 2559 695 :
2591 641 2839 698 videlicet
2881 644 3130 712 verbera,
3158 665 3278 719 quae
3305 661 3361 706 et
3390 653 3590 713 Paulus

2008 726 2248 795 pertulit,
2276 736 2332 783 et
2357 729 2561 799 reliqua
2606 732 2841 789 ﬁdelium
2883 736 3037 792 turba
3078 741 3351 808 sustinuit,
3386 748 3452 801 ad
3484 748 3589 805 hoe

2007 816 2324 873 verberibus
2362 818 2649 888 humiliati,
2679 829 2739 876 ut
2768 824 3090 882 diabolicam
3130 833 3438 901 superbiam
3465 853 3588 894 cum

2009 905 2194 970 mundi
2237 906 2405 976 ipsius
2443 909 2796 968 delectatione
2834 927 3169 989 respuerent.
3199 921 3434 980 Rursum
3480 937 3591 985 ter-

2008 1009 2136 1067 gum
2155 996 2476 1054 oblivionem
2505 1004 2900 1071 praeteritorum
2944 1007 3230 1079 signiﬁcat.
3269 1014 3422 1072 Unde
3449 1020 3588 1088 peti-

2006 1103 2129 1143 mus
2166 1088 2334 1143 Deum
2374 1090 2429 1144 in
2453 1093 2718 1161 oratione,
2750 1104 2811 1150 ut
2842 1107 3064 1167 peccata
3088 1111 3271 1159 nostra
3312 1111 3590 1176 praeterita

2005 1187 2128 1247 post
2153 1186 2365 1250 tergum
2390 1182 2586 1248 mittat,
2619 1185 2722 1240 hoc
2753 1194 2858 1252 est,
2890 1198 3166 1260 perpetua:
3191 1194 3449 1252 oblivioni
3481 1206 3595 1254 tra-

2007 1268 2116 1322 dat.
2163 1268 2295 1322 Nam
2319 1271 2460 1339 quod
2483 1273 2701 1329 dorsum
2728 1283 2783 1330 et
2808 1285 3019 1348 tergum
3049 1280 3451 1352 despectionem
3491 1288 3587 1345 Dei

2006 1358 2330 1428 signiﬁcent,
2388 1364 2623 1418 ostendit
2659 1363 2828 1421 Isaias
2874 1369 3060 1424 dicens
3109 1373 3176 1427 ad
3231 1374 3584 1433 lsraelitieam

2005 1448 2213 1519 plebem
2253 1467 2265 1503 :
2302 1447 2368 1503 Et
2423 1462 2576 1506 erunt
2629 1454 2768 1508 oculi
2812 1459 2889 1511 tui
2939 1460 3165 1517 videntes
3218 1479 3587 1538 pra'reptorem

2005 1547 2178 1603 tuum,
2210 1548 2258 1592 ct
2298 1556 2453 1594 aures
2479 1549 2583 1595 tua:
2625 1544 2838 1597 audient
2864 1563 3039 1601 vocem
3079 1562 3194 1621 post
3235 1563 3435 1625 tergum
3480 1575 3593 1612 uto-

2005 1630 2173 1684 nentis
2201 1631 2346 1701 (lsa.
2398 1633 2569 1704 xxx).
2609 1634 2772 1702 Quasi
2810 1638 2863 1692 in
2906 1638 3098 1696 faciem
3142 1645 3304 1701 homo
3352 1646 3592 1723 monitus

2003 1728 2108 1785 est,
2138 1724 2354 1790 quando
2385 1724 2451 1777 ad
2472 1724 2739 1793 justitiam
2783 1730 3030 1787 conditus
3067 1747 3336 1807 prtecepta
3369 1743 3591 1797 rectitu—

2005 1811 2145 1867 diuis
2172 1814 2419 1883 accepit:
2453 1816 2546 1870 sed
2580 1832 2700 1871 eum
2727 1819 2915 1874 eadem
2944 1835 3211 1894 praecepta
3245 1834 3589 1902 contempsit,

325 1883 394 1935 ad
423 1882 574 1952 plura
601 1884 951 1955 signiﬁcanda
983 1890 1179 1945 habile.
1226 1892 1432 1948 Dicitur
1455 1897 1598 1951 enim
1636 1897 1776 1954 latus
1803 1901 1899 1956 ho-
1930 1894 1976 1953 B
2005 1903 2160 1970 quasi
2190 1882 2456 1960 conditori
2490 1922 2588 1962 suo
2619 1908 2841 1963 dorsum
2877 1914 3073 1968 mentis
3105 1915 3157 1969 iu
3190 1916 3381 1975 faciem
3419 1924 3586 1980 dedit.

327 1972 507 2038 minis,
544 1983 598 2044 et
632 1975 774 2031 latus
814 1979 1056 2047 pecudis,
1100 1982 1239 2038 latus
1279 1985 1510 2053 aediﬁcii,
1556 1998 1610 2044 et
1646 1990 1785 2046 latus
1825 1994 1903 2048 di-

326 2065 617 2119 mensionis
658 2075 815 2123 terra:
842 2087 855 2124 :
879 2087 997 2139 quae
1030 2075 1210 2129 omnia
1250 2075 1383 2132 locis
1421 2079 1533 2135 suis
1568 2084 1781 2153 propria
1822 2086 1900 2140 si-

319 2156 668 2223 gniﬁcatione
698 2160 1039 2231 interpretari
1066 2165 1283 2222 debent.
1317 2169 1519 2225 Tamen
1555 2172 1788 2231 hominis
1822 2176 1899 2231 la-

324 2255 431 2311 tus,
464 2249 605 2321 quod
649 2266 771 2305 cum
810 2256 991 2309 costis’
1008 2256 1263 2314 intestina
1306 2264 1557 2334 protegit,
1595 2266 1901 2338 signiﬁcare

322 2346 501 2406 potest
529 2341 918 2400 occultationes
960 2346 1293 2403 internorum
1338 2352 1705 2410 consiliorum.
1749 2356 1902 2414 Unde

320 2436 408 2482 est
447 2430 599 2497 illud,
645 2436 790 2502 quod
825 2434 1082 2493 Conditor
1118 2451 1301 2497 ncstcr
1342 2444 1628 2503 dormienti
1673 2448 1806 2505 Adae
1835 2452 1902 2508 de

323 2521 496 2578 latere
522 2536 733 2595 sumpta
761 2544 863 2583 una
887 2539 1035 2586 costa
1058 2533 1298 2591 condidit
1315 2536 1593 2594 mulierem
1623 2539 1787 2611 (Gen.
1815 2542 1897 2614 rt),

317 2626 445 2666 eum
474 2617 696 2685 mystice
720 2619 1102 2689 praeligurabat
1136 2623 1431 2680 Ecclesiam
1457 2628 1524 2682 de
1554 2628 1721 2685 latere
1744 2630 1900 2686 Chri-

318 2702 394 2755 sti
429 2702 481 2756 in
522 2718 683 2760 cruce
729 2722 826 2776 per
857 2719 1084 2765 mortem
1126 2714 1283 2782 sopiti
1331 2725 1669 2773 sacramenta
1712 2719 1899 2777 salutis

322 2808 447 2847 esse
471 2795 703 2862 exitura,
732 2799 983 2856 videlicet
1016 2804 1331 2874 sanguinem
1356 2813 1412 2859 et
1436 2820 1651 2876 aquam,
1683 2808 1748 2863 de
1774 2811 1898 2879 qui-

323 2880 430 2934 bus
488 2897 684 2951 sponsa
736 2884 810 2939 illi
859 2888 1184 2944 conderetur
1227 2891 1489 2948 Ecclesia.
1550 2893 1899 2968 Tropologice

321 2985 457 3027 vero
484 2975 755 3031 sciendum
778 2988 881 3044 est,
909 2983 1034 3051 quia
1055 2999 1394 3056 nequaquam
1420 2989 1632 3045 culmen
1659 3001 1899 3047 contem-

312 3062 576 3131 plationis
609 3068 942 3139 attingimus,
985 3073 1029 3128 si
1066 3090 1172 3130 non
1199 3077 1267 3131 ab
1301 3080 1586 3152 exterioris
1627 3097 1771 3137 cura:
1797 3099 1896 3154 op-

318 3154 598 3221 pressione
638 3173 934 3227 cessamus,
962 3178 1299 3234 nequaquam
1336 3169 1694 3240 nosmetipsos
1722 3172 1895 3228 intue-

2004 1991 2114 2049 Sed
2159 2009 2284 2050 ecce
2332 1997 2507 2052 adhuc
2551 2007 2676 2067 post
2726 2009 2931 2071 tergum
2981 2006 3226 2075 sequitur
3262 2020 3313 2065 et
3356 2023 3587 2070 monet:

1998 2086 2127 2155 quia
2164 2084 2277 2153 jam
2308 2097 2362 2142 et
2391 2104 2421 2141 a
2460 2089 2613 2144 nobis
2647 2100 2986 2162 contemptus
3031 2104 3134 2162 est,
3176 2106 3230 2153 et
3276 2108 3456 2157 tamen
3491 2122 3589 2161 nos

2001 2176 2179 2230 adhuc
2204 2192 2401 2232 vocare
2428 2194 2535 2232 non
2564 2188 2762 2236 cessat.
2794 2182 2959 2249 Quasi
2983 2185 3202 2243 dorsum
3229 2190 3279 2245 ei
3308 2192 3362 2247 in
3390 2193 3584 2250 faciem

2000 2265 2264 2333 dedimus,
2312 2267 2467 2336 cujus
2504 2271 2667 2325 verba
2709 2273 3062 2344 despicimus,
3101 2281 3256 2351 cujus
3281 2287 3446 2341 verba
3477 2290 3588 2342 cal-

2000 2372 2187 2414 camus
2213 2376 2227 2414 :
2254 2361 2348 2415 sed
2375 2378 2474 2418 nos
2509 2373 2629 2435 post
2675 2377 2884 2439 tergum
2910 2380 3061 2428 stans
3094 2390 3319 2435 aversos
3345 2395 3582 2450 revocat,

1999 2450 2088 2517 qui
2116 2459 2171 2507 et
2192 2452 2353 2518 videt,
2387 2457 2529 2524 quod
2559 2459 2870 2529 despicitur,
2895 2471 2950 2518 ct
2976 2472 3154 2522 tamen
3186 2485 3283 2539 per
3313 2488 3584 2547 praecepta
3623 2462 3632 2469 ”

1999 2539 2214 2609 clamat,
2236 2559 2335 2613 per
2352 2548 2670 2614 patientiam
2689 2563 2987 2623 exspectat.
3013 2539 3433 2633 interscapulum
3461 2539 3585 2639 spa-

2002 2631 2133 2686 tium
2165 2634 2383 2702 dicitur,
2412 2641 2555 2708 quod
2579 2642 2719 2697 inter
2747 2647 2994 2716 scapulas
3015 2660 3122 2715 est,
3155 2631 3297 2710 unde
3323 2666 3378 2712 ct
3405 2631 3583 2715 nonni-

1999 2730 2180 2777 natur.
2226 2724 2281 2780 In
2318 2731 2553 2800 scapulis
2582 2734 2725 2788 enim
2767 2751 3054 2805 possumus
3079 2742 3401 2814 intelligere,
3428 2747 3583 2817 juxta

1998 2811 2332 2884 allegoriam,
2366 2821 2548 2876 oneris
2595 2824 2863 2881 sarcinam
2910 2845 2924 2881 :
2966 2837 3026 2884 ut
3077 2841 3162 2887 est
3216 2835 3383 2902 illud,
3437 2843 3581 2910 quod

1996 2902 2268 2969 Abraham
2306 2907 2496 2963 tollens
2523 2927 2718 2980 panem
2742 2924 2797 2969 et
2824 2925 3001 2973 utrem
3029 2934 3185 2991 aquae
3205 2902 3580 2995 imposuit-su-

1996 3008 2094 3063 per
2123 2996 2372 3066 scapulas
2411 2998 2557 3071 Agar
2584 3001 2749 3074 (Gen.
2778 3007 2904 3079 xxi)
2939 3028 2952 3063 :
2982 3011 3067 3067 vel
3114 3020 3458 3085 operationes
3496 3024 3580 3078 di-

2001 3097 2212 3148 versas,
2234 3086 2391 3156 juxta
2422 3089 2569 3157 illud,
2593 3094 2735 3162 quod
2764 3096 2817 3149 in
2848 3097 3064 3156 Psalmo
3090 3103 3157 3158 de
3181 3106 3289 3162 Deo
3316 3110 3578 3181 scriptum

1999 3178 2081 3226 est
2120 3191 2133 3226 :
2165 3172 2405 3246 Scapulis
2427 3180 2537 3234 suis
2582 3182 2907 3241 obumbrabit
2933 3190 3027 3244 tibi
3059 3191 3079 3263 (
3104 3192 3249 3250 Psal.
3282 3198 3405 3263 xc).
3425 3172 3555 3259 -Sca

2266 3241 2276 3246 '
2936 3241 3020 3244 ""
3061 3241 3249 3263 \-"-'-
3282 3241 3405 3263 avl-
3451 3241 3555 3259 vn“

318 3257 466 3309 mur,
502 3255 560 3300 ut
595 3248 830 3305 sciamus
855 3252 998 3308 aliud
1028 3254 1081 3308 in
1109 3256 1265 3311 nobis
1292 3272 1412 3313 esse
1440 3260 1721 3328 rationale,
1751 3266 1892 3334 quod
1922 3241 1967 3303 (ἶ
1999 3263 2138 3331 pulae
2168 3266 2381 3323 Domini
2412 3281 2537 3326 sunt
2559 3278 2902 3344 operationes
2929 3284 3279 3357 mirabilium,
3305 3303 3404 3361 per
3421 3312 3577 3364 quas,

318 3335 452 3364 una“
510 3338 652 3364 ..ιε...ι
680 3342 901 3364 ..-2-..-ι-
962 3360 1056 3364 __--
1082 3347 1097 3364 ι
1225 3348 1258 3364 ο.
1444 3352 1456 3363 ι
1493 3353 1505 3364 ο
1585 3352 1600 3364 ι
2066 3356 2079 3364 .
2249 3360 2280 3364 __
2387 3362 2398 3364 _

318 3335 477 3403 regit,
510 3338 653 3394 aliud
677 3342 927 3410 animale,
955 3347 1097 3414 quod
1128 3348 1333 3419 regitur
1362 3367 1375 3404 :
1405 3352 1507 3407 nisi
1534 3352 1602 3408 ad
1626 3364 1894 3411 secretum

316 3423 517 3480 silentii
557 3441 899 3487 recurrentes
930 3435 998 3489 ab
1028 3437 1174 3491 omni
1215 3441 1452 3496 exterius
1492 3446 1895 3511 perturbatione

314 3514 615 3582 sopiamur.
646 3518 797 3586 Quod
826 3522 1100 3579 silentium
1126 3535 1370 3584 nostrum
1412 3531 1548 3586 bene
1572 3532 1743 3589 Adam
1766 3538 1893 3592 dor-

314 3603 494 3658 miens
524 3604 791 3675 ﬁguravit,
826 3611 889 3665 de
930 3612 1085 3681 cujus
1109 3631 1231 3671 mox
1260 3618 1429 3675 latere
1459 3623 1651 3679 mulier
1681 3642 1896 3695 proces-

310 3693 430 3755 sit;
460 3692 586 3761 quia
609 3697 853 3765 quisquis
887 3701 954 3754 ad
992 3703 1248 3760 interiora
1282 3708 1622 3780 intelligenda
1662 3692 1890 3787 rapitur,

311 3798 347 3835 ει
387 3782 552 3836 rebus
598 3784 894 3843 visibilibus
932 3794 1131 3848 mentis
1173 3798 1359 3853 oculos
1394 3801 1631 3858 claudit:
1670 3816 1724 3861 et
1769 3817 1895 3865 tunc

313 3872 371 3927 in
394 3886 453 3926 se
488 3872 606 3942 ipso
646 3876 728 3930 vel
756 3894 876 3947 qua:
900 3896 1132 3949 praeesse
1159 3887 1386 3944 viriliter
1417 3892 1645 3949 debeant
1666 3898 1747 3951 vel
1776 3915 1896 3969 qua:

309 3962 539 4017 subesse
562 3966 789 4033 possint,
825 3969 1039 4027 inﬁrma
1077 3975 1376 4048 distinguit,
1422 3989 1480 4036 ut
1518 3983 1662 4040 aliud
1686 3988 1749 4042 .in
1778 3962 1894 4060 ipso

313 4052 428 4118 sit,
468 4056 610 4123 quod
659 4071 849 4128 regere
887 4062 1061 4117 valeat
1103 4074 1355 4136 tanquam
1390 4071 1482 4127 vir
1514 4092 1529 4127 :
1562 4074 1728 4143 aliud,
1776 4052 1894 4135 tan-

310 4158 479 4213 quam
512 4145 736 4214 femina,
767 4152 910 4218 quod
957 4165 1192 4224 regatur.
1228 4158 1453 4216 Dorsum
1496 4172 1581 4219 est
1610 4181 1640 4220 a
1682 4171 1892 4227 cervice

311 4415 634 4481 portandum
665 4425 721 4472 et
755 4420 821 4474 ad
858 4424 1285 4492 perpetiendum.
1335 4429 1508 4504 Terga
1553 4438 1678 4505 quia
1726 4441 1780 4496 in
1822 4458 1888 4499 ea

310 4506 490 4574 supini
528 4507 773 4578 jacemus
814 4513 870 4568 in
917 4523 1061 4572 terra
1096 4521 1278 4589 :quod
1318 4524 1465 4581 solus
1498 4528 1661 4586 homo
1688 4542 1881 4602 potest.

311 4592 447 4648 Nam
497 4605 645 4652 muta
692 4599 896 4676 [bruta]
942 4588 1191 4663 animalia
1230 4619 1435 4670 tantum
1475 4626 1568 4673 aut
1607 4620 1664 4676 in
1688 4588 1885 4682 Iventre
1910 4588 1963 4649 Β

311 4692 405 4738 aut
433 4685 486 4739 in
517 4687 685 4743 latere
721 4689 922 4759 jacent.
961 4696 1109 4753 Unde
1141 4700 1195 4753 in
1223 4704 1545 4764 animalibus
1572 4721 1719 4783 terga
1746 4716 1882 4771 abu-

309 4774 428 4828 sive
471 4775 721 4833 dicuntur
753 4782 1000 4853 scapulae.
1045 4787 1271 4844 Dorsum
1313 4794 1531 4862 quidem
1575 4774 1737 4870 atqvue
1779 4812 1884 4859 ter-

307 4879 458 4934 gum,
505 4881 568 4922 eo
594 4871 736 4938 quod
766 4882 890 4928 sunt
917 4880 1245 4945 posteriores
1272 4892 1456 4952 partes
1481 4892 1742 4959 corporis,
1788 4903 1884 4950 aut
1984 4898 2129 4953 enim
2187 4915 2217 4954 a
2244 4903 2564 4972 corporibus

1986 4990 2153 5045 trahit
2189 5010 2203 5045 :
2236 4992 2377 5048 sicut
2406 4996 2472 5050 de
2501 5011 2566 5052 eo
2601 5001 2840 5070 Speranti
2881 5002 3083 5058 homini
3110 5021 3208 5076 per
3244 5012 3568 5082 prophetam

308 4951 492 5022 fugam
530 4956 854 5027 signiﬁcant,
900 4972 956 5018 ut
988 4975 1072 5020 est
1097 4967 1225 5023 illud
1267 4951 1594 5045 l’salmiswe,
1616 4951 1830 5051 quo'ait
1863 5006 1877 5042 :

307 5041 379 5096 Et
419 5045 750 5104 inimicorum
789 5070 1020 5111 meorum
1056 5059 1246 5118 dedisti
1289 5069 1417 5122 mihi
1457 5041 1669 5130 dorsum
1708 5076 1879 5148 (Psal.

306 5136 481 5209 xvu);
511 5148 567 5194 et
610 5140 739 5197 alibi
785 5146 1042 5217 scriptum
1077 5163 1198 5207 est:
1226 5164 1371 5228 terga
1421 5174 1681 5220 uerterunt
1713 5136 1879 5240 ‘(Jen

308 5245 433 5285 xux
448 5231 493 5303 ).
520 5231 673 5300 Quod
696 5236 999 5308 signiﬁcare
1021 5251 1201 5311 potest
1232 5252 1568 5310 aversionem
1588 5231 1879 5329 pravorum

306 5334 337 5372 a
366 5319 513 5376 cultu
541 5322 743 5391 divino,
763 5335 820 5382 ct
850 5329 1242 5400 despectionem
1269 5353 1408 5396 vera:
1438 5319 1710 5415 religionis
1736 5367 1750 5403 :
1776 5351 1881 5407 sie-

305 5418 368 5465 ut
409 5412 464 5467 in
505 5413 804 5473 Ezechielis
832 5420 1037 5476 visione
1068 5423 1291 5496 (Ezech.
1324 5431 1453 5504 vin)
1490 5412 1747 5508 scriptum
1771 5451 1877 5512 est,

306 5503 450 5570 quod
482 5505 585 5560 viri
624 5515 858 5574 stantes,
895 5519 1084 5567 contra
1117 5517 1370 5587 templum
1395 5503 1553 5580 dorsa
1584 5503 1739 5585 versa
1780 5503 1878 5587 ha;

306 5589 519 5659 herent,
559 5604 615 5650 et
639 5595 775 5653 facie
804 5600 1133 5670 respicerent
1167 5607 1233 5661 ad
1264 5609 1395 5665 solis
1427 5621 1625 5671 ortum.
1659 5617 1791 5675 Item
1819 5622 1874 5678 in

307 5681 470 5739 dorso
495 5685 579 5740 vel
612 5696 761 5759 tergo
785 5690 1157 5761 signiﬁcantur
1187 5702 1433 5769 corporei
1470 5702 1703 5775 dolores,
1740 5726 1875 5782 quos

309 5772 471 5831 illatis
502 5779 814 5836 verberibus
840 5784 1010 5839 sancti
1041 5788 1142 5843 viri
1173 5791 1528 5851 sustinebunt.
1564 5772 1714 5857 Unde
1746 5772 1870 5873 pro-

1998 3356 2143 3411 velut
2172 3360 2493 3428 quibusdam
2537 3365 2798 3436 humeris,
2841 3374 3057 3431 virtutis
3099 3356 3277 3436 divina
3306 3356 3579 3444 mon-stra;

1997 3453 2100 3500 tur.
2129 3445 2279 3503 Unde
2303 3466 2425 3505 cum
2452 3454 2562 3509 Deo
2590 3460 2843 3528 scapulae,
2874 3466 3016 3520 oculi
3048 3468 3399 3530 brachiumvc
3438 3476 3577 3540 dici.-

1998 3542 2105 3601 tur,
2131 3542 2431 3596 cavendum
2469 3559 2812 3619 summopere
2852 3563 2953 3618 est,
2988 3572 3057 3611 ne
3092 3560 3221 3629 quid
3250 3563 3305 3616 in
3331 3578 3396 3620 eo
3423 3583 3581 3624 mens

1994 3643 2309 3698 corporeum
2328 3637 2649 3705 suspicetur.
2668 3641 2723 3695 In
2741 3646 3401 3722 anthropomorphitarum
3423 3675 3579 3714 nam-

1995 3735 2100 3789 que
2126 3722 2373 3779 haeresim
2403 3731 2592 3786 cadere
2613 3740 2696 3787 est
2719 3750 2867 3803 eum,
2913 3740 3003 3810 qui
3039 3741 3453 3819 incircumsepte
3480 3751 3579 3806 im-

1994 3811 2106 3878 plet
2131 3820 2187 3866 et
2212 3814 2672 3887 circumplectitur
2696 3828 2875 3882 omnia
2910 3830 3053 3886 inter
3076 3811 3379 3905 corporalia
3404 3840 3576 3896 linea-

1996 3908 2178 3954 menta
2202 3905 2544 3964 concludere.
2574 3910 2680 3969 Sed
2709 3918 3050 3987 onmipotens
3092 3924 3233 3981 Deus
3257 3928 3323 3982 ad
3356 3944 3453 3984 sua
3479 3948 3581 3986 nos

1997 3988 2240 4056 trahens,
2270 4007 2442 4063 usque
2462 3997 2531 4051 ad
2555 4010 2738 4056 nostra
2773 4019 2830 4059 se
2852 4006 3103 4065 humiliat
3129 4027 3144 4066 :
3174 4021 3337 4083 atque
3380 4025 3442 4072 ut
3467 4019 3576 4074 alta

1993 4077 2312 4150 insinuaret,
2358 4085 2653 4146 humilibus
2695 4095 3097 4166 condescendit,
3143 4112 3414 4172 quatenus
3450 4127 3576 4180 par-

1991 4169 2137 4225 vulis
2168 4173 2381 4230 animus
2408 4179 2568 4234 rebus
2597 4183 2830 4252 cognitis
2860 4188 3129 4245 enutritus
3155 4169 3221 4246 ad
3253 4169 3574 4266 inquirenda

1989 4354 2164 4425 ipsum
2193 4366 2296 4424 est,
2328 4361 2570 4429 quaedam
2589 4362 2747 4433 juxta
2785 4382 2845 4422 se
2869 4371 3110 4437 audiens,
3161 4354 3570 4449 quasi'quibhs-

1989 4447 2114 4501 dam
2149 4448 2219 4504 ad
2262 4449 2412 4506 illum
2450 4454 2700 4523 passibus
2745 4470 3046 4518 moveatur.
3102 4465 3249 4524 Unde
3270 4468 3331 4525 ﬁt
3363 4447 3435 4527 *ιιι
3481 4490 3577 4543 per

1988 4539 2312 4609 scripturam
2341 4558 2495 4599 suam
2529 4547 2819 4618 aliquando
2845 4568 2876 4608 a
2916 4558 3232 4627 corporibus
3265 4561 3569 4630 hominum,

1987 4629 2278 4700 aliquando
2313 4648 2345 4687 a
2383 4636 2653 4693 mentibus
2679 4679 2694 4705 ,
2752 4642 3039 4712 aliquando
3079 4663 3210 4704 vero
3250 4651 3319 4704 ab
3356 4629 3571 4719 avibus,

1987 4716 2273 4788 aliquando
2315 4723 2477 4778 etiam
2507 4726 2575 4779 ab
2606 4726 2892 4785 insensatis
2917 4734 3079 4789 rebus
3104 4738 3368 4804 quasdam
3408 4716 3568 4813 longe

1987 4807 2278 4865 dissimiles
2330 4811 2384 4866 in
2435 4828 2496 4869 se
2552 4816 2936 4875 similitudines
2988 4824 3185 4880 trahat.
3242 4807 3570 4902 Plerumque

2615 4905 2896 4964 hominum
2946 4911 3001 4966 in
3052 4929 3111 4969 se
3159 4915 3567 4979 similitudinem

1989 5080 2187 5136 dicitur
2223 5101 2237 5136 ε
2271 5083 2338 5138 1η
2382 5088 2609 5157 scapulis
2649 5090 2975 5146 obumbrabit
3001 5095 3095 5150 tibi
3138 5080 3369 5173 (Ιὸἱά.)
3396 5122 3413 5157 :
3441 5120 3567 5160 cum

1987 5182 2217 5241 constet,
2249 5177 2391 5246 quod
2421 5179 2474 5233 in
2515 5190 2707 5236 natura
2748 5198 2845 5238 sua
2889 5200 2990 5243 nec
3024 5189 3237 5247 oculum
3272 5192 3437 5264 Deus,
3466 5213 3566 5254 nec
3668 5256 3675 5265 ,

1985 5264 2231 5333 scapulas
2271 5266 2483 5334 habeat,
2532 5286 2632 5325 nec
2678 5280 2872 5330 etetera
2917 5275 3244 5338 lineamenta
3291 5288 3566 5343 membro-

1986 5369 2126 5409 rum.
2156 5354 2261 5411 Sed
2288 5358 2415 5427 quia
2458 5375 2556 5415 nos
2583 5375 2680 5431 per
2708 5364 2922 5421 oculum
2952 5371 3245 5440 cernimus,
3275 5374 3330 5430 in
3362 5392 3559 5449 scapu-

1982 5441 2051 5498 lis
2077 5458 2205 5500 vero
2224 5460 2391 5501 onera
2421 5450 2766 5521 sustinemus,
2797 5455 2939 5514 Deus
2983 5462 3123 5531 quod
3147 5465 3326 5521 omnia
3354 5468 3556 5539 videat,

1978 5534 2190 5590 oculum
2235 5537 2436 5593 habere
2474 5540 2793 5609 perhibetur
2820 5565 2833 5603 :
2860 5551 3003 5618 quod
3038 5567 3169 5610 vero
3216 5570 3316 5612 nos
3358 5534 3558 5617 tolerat

1975 5633 2138 5696 atque
2183 5641 2248 5683 eo
2277 5628 2411 5699 ipso,
2446 5647 2552 5702 quo
2580 5633 2792 5704 tolerat,
2836 5651 3035 5708 servat,
3075 5643 3402 5704 obumbrare
3452 5666 3556 5707 nos

1976 5716 2030 5771 in
2053 5718 2286 5789 scapulis
2311 5720 2525 5778 dicitur.
2552 5725 2645 5781 Ait
2681 5727 2823 5783 enim
2854 5747 2867 5784 :
2896 5732 2949 5784 in
2979 5734 3206 5804 scapulis
3227 5738 3338 5793 suis
3368 5740 3559 5795 obum-

1975 5809 2139 5867 brabit
2185 5812 2277 5867 tibi
2303 5827 2321 5865 :
2346 5830 2409 5871 ac
2444 5817 2489 5872 si
2526 5818 2730 5875 diceret
2765 5826 3035 5891 peccaturi
3081 5827 3286 5884 homini
3328 5840 3383 5885 et
3430 5844 3559 5904 post
