4074 6316
1327 393 1419 450 DE
1459 391 1806 452 UNIVERSO
1843 391 2024 449 LIBRI
2062 391 2225 448 XXII.
2262 421 2335 434 -—
2370 393 2502 448 LIB.
2544 393 2635 450 VI.

3479 399 3585 456 I70

318 520 399 570 est
441 505 599 582 (Jer.
643 506 759 580 Iv).
790 505 1026 563 Rursum
1059 507 1348 568 Psalmista
1390 509 1468 564 ait
1499 525 1514 562 :
1547 507 1900 564 Conturbatus
1925 512 1981 572 Α
2004 504 2375 576 intelligentia.
2409 504 2545 560 Nam
2574 519 2675 578 pro
2710 505 2894 562 anima
2923 521 3020 563 cor
3039 506 3276 578 ponitur,
3311 519 3371 565 ut
3409 522 3495 568 est
3518 513 3586 567 il-

322 614 400 662 est
431 605 488 658 in
515 603 597 657 ira
639 598 824 655 oculus
863 616 1030 667 meus,
1077 599 1256 654 anima
1290 614 1407 654 mea
1451 607 1502 654 et
1541 607 1715 654 venter
1750 614 1895 653 meus

325 693 458 769 (Ps.
500 692 663 764 xxx).
713 691 920 748 Littera
963 691 1228 763 siquidem
1248 691 1430 762 posuit
1450 691 1790 748 inimicorum
1818 691 1900 747 in-

325 783 697 856 dignationem
731 799 745 836 :
782 781 971 838 oculus
1017 789 1196 838 autem
1238 781 1567 838 intellectum
1598 782 1894 852 signiﬁcat,

320 890 484 948 quem
537 887 754 943 semper
809 874 1192 930 conturbamus
1247 883 1410 945 atque
1479 873 1858 932 confundimus
1880 913 1896 941 ,

317 965 538 1038 quando
587 964 926 1020 imminentia
978 964 1220 1036 pericula
1267 965 1638 1022 formidamus.
1697 965 1901 1021 Venter

318 1073 449 1113 vero
476 1065 663 1113 noster
687 1056 840 1112 alvus
865 1066 972 1122 est,
995 1057 1049 1112 in
1073 1072 1182 1128 quo
1221 1056 1398 1113 edulia
1427 1058 1687 1129 deglutita
1711 1072 1902 1112 recon-

319 1149 517 1206 dimus.
542 1147 646 1214 Qui
672 1157 858 1218 aperte
887 1149 1159 1204 memoriae
1187 1158 1536 1220 comparatur
1563 1168 1576 1204 :
1606 1149 1734 1219 quia
1762 1148 1902 1204 sicut

317 1240 405 1295 ille
460 1226 808 1295 transmissus
848 1254 1001 1295 escas
1048 1240 1260 1310 recipit,
1294 1241 1389 1296 sic
1428 1241 1706 1297 memoriae
1752 1240 1903 1296 sinus

316 1331 541 1387 notitias
585 1345 766 1386 rerum
814 1338 1184 1402 competenter
1221 1331 1470 1388 assumit.
1511 1331 1901 1389 Conturbatum

315 1436 446 1495 ergo
469 1422 600 1478 dicit
619 1431 888 1488 ventrem,
917 1421 972 1476 id
997 1431 1102 1489 est,
1129 1422 1448 1478 memoriam
1478 1437 1651 1490 suam,
1682 1423 1772 1478 ubi
1804 1423 1902 1478 ha-

314 1516 481 1573 bebat
520 1515 761 1586 reposita
800 1529 922 1585 quae
967 1514 1044 1569 illi
1080 1513 1341 1570 Dominus
1381 1515 1451 1571 de
1500 1530 1597 1570 sua
1636 1513 1903 1570 clariﬁca-

313 1611 463 1666 tione
489 1608 858 1680 promiserat;
890 1607 987 1663 sed
1029 1623 1152 1663 cum
1196 1608 1406 1663 videret
1445 1622 1573 1663 caro
1619 1607 1902 1662 imminere

229 1765 236 1774 ~
314 1701 418 1756 sibi
443 1699 708 1770 pericula,
747 1713 1084 1769 consequens
1117 1698 1225 1760 fuit
1252 1713 1372 1754 eam
1399 1698 1762 1770 trepidatione
1787 1706 1902 1752 tur-

315 1790 458 1846 bari.
511 1790 709 1847 Uterus
750 1798 932 1846 autem
977 1790 1267 1861 aliquando
1315 1790 1587 1861 signiﬁcat
1640 1803 1899 1845 arcanum

315 1890 550 1947 naturae,
584 1882 872 1952 aliquando
899 1891 1171 1937 secretum
1195 1881 1431 1938 consilii.
1479 1882 1634 1938 Unde
1659 1881 1819 1937 Pater
1846 1882 1902 1937 in
1929 1863 1979 1927 Β

315 1969 530 2026 Psalmo
563 1971 634 2026 ad
661 1971 860 2027 Filium
885 1973 966 2027 ait
997 1990 1009 2026 :
1044 1971 1131 2027 Ea:
1170 1981 1319 2027 utero
1354 1981 1473 2028 ante
1507 1972 1786 2043 luciferum
1818 1990 1904 2044 ge-

315 2065 409 2118 nui
435 2073 483 2116 te
509 2062 640 2135 (Ps.
672 2063 819 2136 cu),
850 2063 905 2120 id
930 2073 1035 2131 est,
1063 2080 1131 2120 ex
1153 2080 1353 2121 arcano
1389 2065 1706 2121 substantiae
1745 2080 1901 2132 meae,

315 2169 382 2209 ex
428 2155 545 2224 ipsa
585 2154 789 2211 scilicet
834 2155 1053 2223 deitate,
1083 2164 1256 2212 totum
1283 2173 1352 2212 ex
1387 2165 1531 2224 toto,
1562 2157 1903 2228 omnipoten-

313 2253 445 2313 tem,
487 2246 669 2303 lumen
708 2249 776 2303 de
808 2248 1034 2316 lumine,
1075 2265 1344 2305 summum
1375 2265 1443 2306 ex
1479 2265 1731 2306 summo:
1761 2251 1904 2320 quod

312 2337 464 2393 nulla
509 2339 886 2410 investigatio,
931 2341 1111 2396 nullus
1155 2357 1348 2398 sensus
1388 2341 1559 2412 possit
1607 2341 1900 2414 attingere.

313 2429 452 2486 Nam
499 2433 956 2503 quemadmodum
1010 2434 1155 2489 valet
1202 2434 1623 2504 comprehendi,
1677 2434 1743 2490 de
1797 2449 1906 2504 quo

314 2523 576 2594 scriptum
595 2532 680 2579 est
697 2542 709 2578 :
727 2522 1124 2580 Generationem
1145 2535 1320 2580 autem
1339 2525 1454 2595 ejus
1471 2527 1586 2596 quis
1601 2526 1866 2580 enarrabit
1881 2527 1908 2581 Ρ

316 2613 476 2686 (Isai.
493 2617 634 2688 LIII.)
656 2615 792 2671 Mira
808 2617 1066 2684 brevitas,
1081 2625 1136 2673 et
1154 2616 1423 2673 sufﬁciens
1436 2632 1536 2688 pro
1549 2625 1735 2674 nostra
1749 2617 1905 2672 inﬁr-

312 2705 506 2761 Initate
540 2719 797 2761 mensura
828 2724 842 2760 :
867 2706 996 2776 quia
1020 2720 1124 2761 nec
1145 2705 1266 2775 plus
1290 2721 1577 2776 possumus
1599 2719 1815 2778 capere,
1850 2715 1907 2764 et

316 2798 428 2854 hoc
450 2798 659 2854 abunde
683 2797 878 2855 sulIicit
898 2801 1086 2870 utique
1114 2799 1429 2855 credidisse.
1459 2799 1696 2856 Rursum
1721 2802 1775 2856 in
1804 2800 1905 2858 Job

314 2893 582 2963 scriptum
634 2902 758 2949 est:
803 2893 879 2948 De
928 2895 1080 2965 cujus
1129 2904 1276 2948 utero
1333 2912 1539 2965 egressa
1587 2905 1662 2951 est
1710 2896 1904 2968 glacies

317 2983 476 3055 (Job.
505 2983 761 3054 xxxvm).
811 2983 950 3052 Quid
975 2993 1060 3040 est
1082 3000 1233 3056 ergo,
1284 2987 1425 3055 quod
1468 2987 1728 3042 Dominus
1753 2989 1906 3058 prius

316 3077 533 3147 quidem
587 3088 799 3149 patrem
857 3093 916 3134 se
964 3079 1160 3149 pluvia:
1215 3080 1452 3138 insinuat
1498 3100 1511 3134 :
1559 3081 1904 3152 postmodum

317 3183 448 3224 vero
477 3168 542 3224 de
567 3182 666 3224 suo
695 3169 882 3240 egredi
901 3177 1055 3224 utero
1084 3169 1314 3241 glaciem
1338 3179 1548 3238 narrat,
1584 3187 1750 3241 seque
1779 3170 1901 3243 gelu

1999 595 2091 651 Iud
2111 594 2418 652 Salomonis
2451 613 2464 650 :
2492 594 2650 651 Omni
2681 597 2920 652 custodia
2962 614 3112 653 serva
3148 608 3297 654 tuum
3321 617 3433 669 cor,
3461 604 3590 674 quia

1999 703 2064 742 ea:
2091 688 2203 758 ipso
2224 687 2330 742 vita
2351 688 2582 758 procedit
2603 685 2797 760 (Prov.
2827 688 2946 760 Iv).
2974 691 3108 746 Item
3137 705 3234 748 cor
3264 707 3365 763 pro
3391 693 3592 753 intelli-

1999 781 2177 852 gentia
2207 780 2450 852 ponitur,
2481 789 2542 836 ut
2565 790 2651 836 est
2676 780 2808 837 illud
2833 781 3136 838 Psalmistae
3160 801 3173 837 :
3203 783 3310 838 Cor
3332 801 3509 840 meum
3538 795 3590 841 et

2001 889 2124 928 caro
2149 890 2265 929 mea
2288 873 2652 930 exultauerunt
2676 875 2734 930 in
2762 877 2932 933 Deum
2956 878 3126 933 vivum
3154 877 3286 950 (Ps.
3313 879 3586 952 LXXXIII).

1999 964 2259 1033 Quamvis
2280 975 2510 1039 utraque
2533 969 2820 1026 videantur
2837 971 3113 1041 pertinere
3132 973 3199 1027 ad
3230 988 3471 1041 carnem,
3494 988 3590 1031 cor

2002 1065 2184 1113 tamen
2206 1059 2274 1114 ad
2295 1060 2706 1132 intelligentiam
2725 1063 2916 1119 referri
2940 1080 3100 1136 posse
3123 1082 3231 1121 non
3244 1067 3467 1123 dubium
3480 1077 3588 1126 est.

2000 1144 2137 1201 Nam
2157 1147 2310 1218 cujus
2334 1150 2654 1219 sapientiam
2668 1153 2926 1222 praeferre
2949 1156 3219 1224 volumus,
3235 1156 3350 1226 ejus
3362 1174 3458 1215 cor
3471 1161 3591 1215 sine

2001 1245 2336 1303 dubitatione
2348 1249 2954 1308 laudamus.Consilium
2969 1271 3098 1311 vero
3112 1257 3165 1310 in
3179 1257 3359 1313 cordis
3374 1258 3593 1312 nomine

1999 1337 2345 1407 exprimitur,
2376 1341 2520 1410 quod
2545 1351 2698 1397 actus
2722 1345 3015 1412 praevenit,
3046 1354 3279 1402 testante
3308 1346 3594 1403 Salvatore

2002 1427 2058 1482 in
2098 1428 2389 1499 Evangelio
2420 1449 2434 1486 :
2482 1431 2570 1486 Ea:
2600 1433 2756 1488 corde
2783 1443 2972 1490 exeunt
3016 1439 3356 1508 cogitationes
3395 1438 3552 1492 mala:
3575 1479 3590 1503 ,

2001 1518 2264 1574 adulteria
2282 1561 2297 1585 ,
2324 1521 2612 1577 homicidia
2634 1564 2649 1590 ,
2674 1532 2730 1580 et
2753 1534 2949 1581 caetera
2977 1525 3206 1598 (Matth.
3233 1527 3357 1600 xv).
3385 1527 3463 1584 De
3486 1545 3595 1598 quo

2000 1608 2290 1668 Psalmista
2317 1612 2394 1667 ait
2420 1631 2433 1666 :
2463 1612 2631 1669 Labia
2658 1615 2847 1672 dolosa
2871 1618 2930 1672 in
2958 1620 3114 1674 corde
3153 1630 3203 1675 et
3242 1622 3398 1675 corde
3430 1621 3594 1676 locuti

2000 1707 2121 1754 sunt
2166 1700 2309 1756 mala
2335 1699 2525 1774 (Psal.
2552 1704 2664 1778 χι).
2698 1705 2836 1762 Nam
2877 1711 3023 1778 quod
3061 1711 3193 1766 dicit
3234 1712 3288 1767 in
3332 1713 3495 1768 corde
3539 1721 3596 1767 et

2001 1791 2164 1848 corde
2203 1811 2218 1847 :
2264 1794 2477 1864 quoties
2538 1797 2789 1854 volumus
2838 1800 3054 1858 dolosos
3107 1804 3446 1873 exprimere,
3495 1805 3596 1860 du-

2004 1883 2164 1956 plicia
2190 1901 2380 1942 eorum
2408 1889 2574 1944 corda
2603 1891 2964 1960 declaramus,
2997 1894 3139 1949 sicut
3172 1893 3430 1951 Salomon
3479 1894 3594 1967 [Ja-

2005 1975 2215 2048 cobus]
2245 1977 2377 2033 dicit
2405 1997 2418 2032 :
2454 1977 2548 2034 Vir
2590 1981 2786 2052 duplex
2811 1983 3118 2040 inconstans
3155 1995 3231 2041 est
3268 1987 3326 2040 in
3356 1986 3596 2042 omnibus

2004 2067 2101 2120 viis
2153 2067 2262 2121 suis
2317 2068 2482 2141 (Jac.
2512 2069 2592 2141 I).
2656 2071 2886 2140 Quando
2943 2084 3126 2132 autem
3180 2078 3454 2148 simplices
3503 2095 3600 2135 cu—

2003 2157 2182 2229 pimus
2229 2159 2509 2227 indicare,
2562 2179 2730 2218 unum
2777 2181 2873 2221 cor
2912 2167 2968 2222 in
3015 2169 3094 2223 eis
3139 2184 3260 2226 esse
3309 2179 3599 2238 testamur,

2005 2251 2146 2307 sicut
2181 2252 2236 2307 in
2273 2253 2499 2311 Actibus
2538 2257 2904 2328 apostolorum
2950 2259 3189 2330 legitur:
3239 2261 3600 2319 Multitudinis

2005 2351 2178 2396 autem
2215 2345 2536 2399 credentium
2563 2362 2654 2400 cor
2679 2357 2793 2403 erat
2828 2366 2992 2404 unum
3022 2361 3070 2404 et
3098 2353 3275 2405 anima
3303 2369 3410 2406 una
3439 2352 3597 2424 (Act.

2003 2429 2113 2501 Iv).
2158 2429 2250 2488 Sic
2285 2441 2341 2488 et
2377 2434 2646 2505 bilingues
2673 2437 2936 2506 dicimus,
2966 2440 3058 2510 qui
3096 2441 3150 2494 in
3185 2456 3292 2496 una
3328 2444 3601 2498 sententia

2005 2526 2229 2583 minime
2250 2539 2623 2598 perseverant.
2645 2530 2754 2588 Pro
2776 2533 3055 2606 diligentia
3075 2550 3206 2591 vero
3227 2545 3283 2592 et
3307 2537 3600 2596 devotione

2005 2612 2141 2670 illud
2185 2626 2270 2672 est
2313 2619 2592 2689 positum:
2631 2620 2700 2676 In
2735 2631 2844 2677 toto
2888 2623 3045 2678 corde
3092 2641 3206 2679 meo
3251 2628 3506 2697 exquisivi
3553 2638 3604 2683 te

2007 2703 2030 2776 (
2051 2702 2205 2760 Psal.
2234 2723 2414 2763 Lxxxv
2434 2707 2473 2780 ).
2500 2709 2615 2766 Hoc
2640 2726 2854 2781 quoque
2881 2727 3078 2768 munus
3104 2721 3190 2768 est
3216 2713 3430 2769 Domini
3457 2717 3603 2786 quod
3683 2744 3685 2748 -

2006 2801 2121 2850 toto
2175 2796 2370 2864 corde,
2419 2797 2521 2854 hoc
2572 2808 2687 2866 est,
2739 2800 2899 2871 plena
2950 2801 3237 2858 devotione
3292 2805 3488 2860 asserit
3540 2820 3600 2860 se

2006 2883 2176 2940 Deum
2212 2887 2533 2957 exquisisse.
2572 2888 2691 2945 Non
2734 2891 2880 2946 enim
2924 2901 3222 2962 quaereret,
3270 2894 3375 2950 nisi
3419 2897 3600 2966 inqui-

2008 2975 2148 3031 situs
2187 2975 2401 3034 fuisset.
2439 2978 2497 3034 In
2537 2979 2764 3035 alteram
2801 2996 2933 3037 vero
2965 2983 3414 3054 signiﬁcationem
3459 3001 3601 3041 nun~

2011 3067 2228 3136 cupatio
2271 3069 2451 3124 cordis
2497 3072 2737 3140 ponitur,
2779 3087 2902 3127 cum
2939 3081 3167 3129 mortem
3205 3075 3294 3130 vel
3329 3076 3598 3133 infernum

2009 3157 2094 3212 vel
2141 3159 2444 3228 sepulcrum
2495 3161 2786 3232 signiﬁcat.
2846 3161 2998 3218 Unde
3043 3172 3127 3219 est
3192 3164 3284 3220 illa
3330 3169 3599 3223 sententia

318 3261 538 3333 gignere
578 3263 646 3317 de
686 3221 825 3317 αξιο
866 3221 1217 3333 proﬂua”?
1251 3264 1354 3319 nisi
1397 3221 1708 3334 ηυοέωίξο
1741 3221 1903 3319 ωοοάο
1930 3221 1979 3286 C
2011 3245 2342 3316 Salvatoris,
2369 3265 2478 3320 qua
2502 3251 2570 3306 ad
2594 3250 2810 3309 Judzeos
2837 3255 2915 3308 ait
2945 3270 2960 3307 :
3007 3253 3156 3308 Sicut
3199 3256 3303 3326 fuit
3338 3255 3508 3313 Jonas
3547 3261 3604 3314 in

317 3352 490 3407 nostri
518 3353 755 3422 pectoris
783 3361 985 3409 terram
1032 3354 1100 3409 ad
1142 3356 1484 3426 suscipienda
1514 3354 1665 3410 verbi
1695 3355 1901 3410 semina

317 3443 472 3512 prius
502 3459 598 3514 per
624 3445 849 3501 occultae
877 3446 1064 3517 gratiae
1091 3446 1329 3517 pluviam
1359 3447 1591 3504 infundit
1624 3465 1636 3500 :
1668 3456 1724 3502 et
1751 3456 1902 3517 post-

317 3537 540 3593 modum
597 3553 668 3592 ne
714 3538 772 3592 in
821 3539 1096 3608 conceptis
1146 3539 1438 3595 virtutibus
1499 3538 1904 3594 immoderatius

316 3626 590 3700 proﬂuat,
635 3627 920 3696 disciplina
975 3629 1165 3682 intima
1213 3629 1632 3697 dispensationis
1682 3627 1902 3698 premit.

315 3715 547 3772 Viscera
572 3728 681 3768 non
709 3723 918 3768 tantum
942 3715 1199 3770 intestina
1232 3716 1458 3771 dicimus
1485 3735 1496 3770 :
1528 3717 1622 3770 sed
1649 3716 1908 3785 quicquid

317 3807 421 3864 sub
448 3805 601 3862 corio
642 3813 724 3860 est
746 3820 776 3859 a
811 3805 982 3870 visco,
1029 3807 1172 3875 quod
1207 3816 1292 3862 est
1321 3808 1462 3862 inter
1487 3816 1668 3862 cutem
1699 3817 1754 3861 et
1790 3822 1907 3861 car-

320 3914 466 3954 nem.
502 3896 635 3950 Item
664 3897 877 3951 viscera
906 3896 1111 3963 vitalia,
1142 3898 1196 3952 id
1236 3907 1341 3965 est,
1373 3897 1701 3953 circumfusa
1727 3899 1907 3954 cordis

321 3991 463 4055 loca,
493 3988 648 4059 quasi
668 3989 880 4044 viscera
905 4004 971 4045 eo
996 4030 1011 4056 ,
1050 3991 1193 4060 quod
1223 3991 1298 4046 ibi
1324 3992 1432 4046 vita
1453 4031 1468 4058 ,
1507 3990 1561 4045 id
1589 4000 1691 4058 est,
1728 3993 1908 4047 anima

321 4079 648 4135 continetur.
696 4078 830 4134 Item
873 4079 1084 4134 viscera
1125 4081 1306 4150 capita
1349 4095 1640 4136 nervorum
1673 4097 1740 4137 ex
1785 4097 1910 4137 san-

323 4171 486 4243 guine
510 4179 566 4225 et
590 4171 770 4226 nervis
795 4171 1064 4239 copulata.
1094 4172 1317 4228 Viscera
1345 4173 1573 4244 mystice
1601 4172 1910 4244 signiﬁcant

325 4262 579 4317 affectum
605 4262 824 4333 pietatis
847 4272 902 4318 et
922 4264 1326 4320 misericordiae.
1357 4265 1512 4322 Unde
1540 4267 1799 4336 scriptum
1822 4274 1908 4323 est

324 4353 380 4407 in
410 4353 701 4424 Evangelio
734 4371 747 4407 :
773 4353 880 4408 Per
897 4356 1094 4410 viscera
1113 4356 1489 4410 misericordia:
1520 4355 1612 4410 Dei
1636 4357 1823 4423 nostri,
1852 4359 1906 4412 in

323 4445 509 4516 quibus
536 4445 760 4500 uisitauit
800 4462 894 4501 nos
923 4447 1094 4502 oriens
1124 4464 1189 4502 ex
1216 4447 1324 4502 alto
1354 4446 1518 4519 (Luc.
1550 4448 1624 4520 ι).
1653 4448 1723 4502 Et
1758 4447 1904 4517 Apo-

325 4533 513 4600 stolus,
536 4535 582 4588 si
605 4551 728 4606 qua,
755 4535 950 4604 inquit,
995 4537 1193 4591 viscera
1224 4538 1574 4592 miserationis
1599 4536 1776 4610 (Phil.
1803 4539 1903 4610 II).

325 4627 396 4682 Et
441 4628 498 4682 in
542 4627 767 4683 alteram
804 4640 1013 4700 partem
1053 4631 1265 4687 viscera
1304 4633 1755 4702 signiﬁcationem
1797 4643 1908 4686 tra-

326 4721 498 4772 hunt:
526 4727 587 4772 ut
606 4727 689 4774 est
725 4720 854 4774 illud
892 4721 947 4774 in
991 4719 1216 4776 Actibus
1241 4721 1607 4792 apostolorum
1633 4723 1700 4776 de
1726 4721 1858 4776 Juda
1887 4740 1900 4776 :

325 4809 402 4863 Et
423 4809 616 4878 diﬁ'usa
638 4821 760 4865 sunt
784 4813 981 4866 viscera
1001 4812 1114 4881 ejus
1159 4813 1178 4884 (
1203 4811 1318 4866 Act.
1341 4811 1415 4884 ι),
1436 4812 1540 4867 hoc
1566 4819 1650 4866 est
1687 4811 1907 4867 malitia:

328 4904 592 4954 tractatus
638 4909 768 4956 sunt
792 4902 1070 4971 patefacti.
1114 4901 1222 4958 Cor
1253 4918 1284 4957 a
1317 4901 1504 4958 Graeca
1549 4902 1906 4974 appellatione

326 4990 627 5058 derivatur,
676 4994 822 5064 quod
846 4995 923 5049 illi
949 4996 1168 5050 cardian
1194 4995 1379 5052 dicunt
1407 5015 1418 5050 :
1445 4997 1558 5051 sive
1601 5012 1634 5050 a
1666 5011 1816 5051 cura.
1847 4997 1905 5052 III

327 5096 396 5141 eo
430 5086 574 5141 enim
601 5087 778 5142 omnis
811 5088 1114 5144 sollicitudo
1142 5097 1200 5144 et
1227 5089 1467 5145 scientiae
1503 5104 1666 5145 causa
1700 5097 1904 5144 manet.

333 5175 490 5243 Quod
517 5176 638 5232 ideo
661 5177 900 5247 pulmoni
924 5178 1162 5233 vicinum
1201 5186 1323 5234 est:
1359 5187 1421 5234 ut
1451 5195 1575 5234 cum
1609 5180 1689 5234 ira
1715 5194 1908 5236 accen-

332 5269 502 5336 ditur,
531 5270 802 5339 pulmonis
842 5271 1070 5327 humore
1097 5279 1442 5342 temperetur.
1473 5269 1642 5339 Hujus
1676 5271 1796 5326 duae
1822 5287 1908 5326 ar-

334 5361 484 5419 teriae
510 5371 658 5429 sunt,
687 5378 721 5418 e
747 5363 942 5433 quibus
966 5364 1188 5420 sinistra
1213 5363 1335 5434 plus
1361 5365 1676 5435 sanguinem
1717 5365 1904 5431 habet,

333 5450 556 5509 dextera
602 5452 724 5524 plus
760 5454 1026 5524 spiritum.
1077 5454 1229 5512 Unde
1269 5462 1325 5509 et
1367 5455 1424 5509 in
1452 5454 1642 5510 dextro
1682 5457 1907 5511 brachio

331 5541 546 5613 pulsum
591 5542 928 5615 inspicimus.
960 5543 1068 5601 Cor
1112 5544 1261 5601 enim
1292 5543 1476 5602 multis
1513 5546 1797 5617 speciebus
1837 5547 1910 5603 si-

332 5632 654 5704 gniﬁcandis
708 5636 1092 5701 convenienter
1141 5645 1373 5708 aptatur.
1428 5635 1566 5691 Nam
1620 5637 1909 5708 aliquando

332 5742 431 5796 pro
467 5728 650 5783 anima
675 5732 911 5800 ponitur,
951 5731 1239 5802 aliquando
1266 5749 1365 5802 pro
1393 5733 1762 5802 intelligentia,
1807 5734 1907 5789 ali-

335 5819 548 5886 quando
588 5835 686 5890 pro
701 5821 936 5951 lemisilio
961 5823 1198 5952 et
1223 5821 1451 5889 occulto,
1494 5822 1780 5893 aliquando
1809 5841 1908 5894 pro

751 5910 974 5952 s'rnou.
1077 5935 1094 5952 ι
1166 5934 1182 5952 .

751 5910 974 5954 ATROL.
1023 5910 1182 5954 LA].

2008 3346 2181 3392 ventre
2222 3340 2320 3393 ceti
2359 3340 2526 3395 tribus
2567 3341 2748 3397 diebus
2789 3353 2839 3398 et
2879 3344 3046 3398 tribus
3085 3346 3321 3402 noctibus
3344 3364 3363 3402 :
3389 3349 3466 3403 sic
3502 3350 3604 3404 erit

2009 3425 2186 3483 Filius
2216 3429 2442 3486 hominis
2469 3433 2526 3485 in
2553 3433 2708 3488 corde
2739 3443 2892 3490 terrte
2919 3435 3086 3491 tribus
3115 3438 3351 3493 noctibus
3379 3439 3597 3511 (Matth.

2009 3533 2086 3574 ιιιι
2111 3516 2153 3589 ).
2191 3517 2364 3577 Piscis
2393 3531 2576 3578 autem
2595 3565 2610 3590 ,
2641 3525 2734 3595 qui
2765 3523 2956 3581 Jonam
2987 3527 3264 3584 devoravit
3295 3531 3347 3584 in
3376 3532 3601 3604 pelago,

2011 3609 2284 3678 signiﬁcat
2322 3623 2582 3681 mortem,
2625 3632 2788 3686 quam
2827 3616 3079 3674 Christus
3113 3635 3403 3691 perpessus
3431 3633 3515 3679 est
3545 3627 3604 3682 in

2010 3699 2233 3754 mundo.
2273 3700 2330 3755 In
2358 3711 2549 3758 ventre
2581 3719 2712 3775 ergo
2741 3708 2845 3762 ceti
2869 3706 3035 3764 Jonas
3069 3719 3187 3766 erat
3216 3711 3388 3769 tribus
3413 3715 3605 3774 diebus

2013 3799 2070 3844 et
2106 3791 2280 3847 tribus
2324 3797 2594 3854 noctibus.
2635 3800 2703 3855 Et
2741 3801 2987 3863 Salvator
3023 3816 3208 3862 noster
3241 3809 3294 3862 in
3332 3818 3506 3864 morte
3545 3820 3603 3865 et

2012 3881 2066 3934 in
2104 3883 2351 3951 sepulcro
2387 3885 2488 3940 fuit
2525 3889 2696 3945 tribus
2729 3893 2918 3950 diebus
2954 3904 3010 3951 et
3064 3899 3239 3953 tribus
3297 3901 3546 3954 noctibus
3577 3918 3590 3953 :

2017 3980 2250 4043 tuncque
2279 3976 2605 4046 completum
2634 3990 2718 4035 est
2746 3982 2906 4049 illud,
2940 3987 3085 4055 quod
3114 3987 3308 4056 legitur
3336 3990 3390 4044 in
3420 3989 3559 4046 Osee
3585 4011 3599 4046 :

2011 4061 2122 4116 Ero
2153 4078 2293 4119 mors
2323 4075 2448 4130 tua,
2485 4084 2514 4122 ο
2544 4085 2684 4124 mors
2708 4087 2727 4125 :
2758 4087 2847 4125 ero
2895 4090 3103 4130 morsus
3134 4086 3287 4144 tuus,
3329 4095 3359 4132 ο
3389 4080 3593 4151 inferne

2014 4149 2180 4223 (Ose.
2234 4155 2394 4228 XIII).
2443 4157 2513 4212 Et
2554 4159 2693 4215 sicut
2737 4159 2903 4219 Jonas
2944 4164 3000 4219 in
3045 4174 3236 4222 ventre
3280 4149 3458 4238 piscis
3493 4188 3602 4227 non

2011 4247 2341 4313 permansit,
2370 4249 2464 4302 sed
2490 4248 2694 4318 ejectus
2733 4262 2816 4308 est
2854 4255 2908 4309 in
2942 4256 3150 4312 aridam
3177 4275 3190 4310 :
3220 4258 3297 4313 ita
3326 4269 3379 4315 et
3410 4257 3600 4316 Salva-

2015 4338 2147 4394 toris
2188 4341 2358 4396 nostri
2390 4343 2569 4397 anima
2601 4360 2708 4399 non
2737 4346 2924 4402 relicta
2950 4357 3033 4404 est
3062 4350 3117 4404 in
3146 4349 3360 4406 inferno
3379 4392 3393 4419 ,
3426 4369 3602 4424 neque

2013 4443 2142 4485 caro
2189 4431 2306 4502 ejus
2355 4433 2492 4489 vidit
2541 4437 2989 4507 corruptionem:
3046 4440 3143 4496 sed
3191 4445 3493 4499 resurrexit
3546 4446 3602 4500 in

2014 4522 2204 4592 gloria.
2235 4525 2371 4579 Item
2407 4527 2474 4581 de
2512 4526 2809 4585 Leviathan
2846 4532 3106 4588 Dominus
3133 4535 3202 4588 ad
3225 4534 3326 4590 Job
3353 4538 3429 4590 ait
3455 4555 3465 4589 :
3496 4535 3602 4590 Cor

2011 4614 2126 4683 ejus
2173 4615 2510 4670 indurabitur
2552 4621 2706 4687 quasi
2753 4621 2923 4690 lapis,
2985 4633 3034 4676 et
3101 4626 3385 4693 stringetur
3447 4626 3600 4693 quasi

2011 4703 2335 4758 malleatoris
2384 4707 2534 4760 incus
2587 4708 2762 4778 (Job.
2815 4726 2906 4764 XLI
2942 4711 2983 4781 ).
3037 4711 3143 4765 Cor
3191 4712 3334 4764 enim
3387 4715 3598 4782 antiqui

2010 4799 2214 4863 hostis,
2259 4809 2318 4854 ut
2363 4799 2532 4869 lapis,
2582 4802 2959 4858 indurabitur:
3005 4806 3130 4875 quia
3171 4806 3316 4861 nulla
3359 4825 3597 4880 unquam

2010 4891 2380 4947 conversionis
2416 4894 2736 4963 paenitentia
2778 4897 3066 4962 mollietur,
3107 4897 3200 4967 qui
3237 4899 3365 4956 solis
3403 4902 3598 4959 ictibus

2010 4989 2226 5037 aeternae
2263 4983 2483 5040 ultionis
2516 4987 2809 5056 aptabitur.
2847 4987 3142 5042 Leviatban
3179 5003 3338 5061 ergo,
3368 5001 3427 5048 ut
3464 4995 3598 5051 mal-

2014 5072 2237 5130 leatoris
2275 5076 2460 5144 incus,
2501 5079 2785 5150 stringitur
2807 5080 2898 5148 qui
2925 5079 3120 5135 inferni
3152 5083 3381 5139 vinculis
3409 5101 3597 5142 coarc-

2017 5165 2239 5232 tabitur,
2289 5175 2349 5221 ut
2397 5168 2585 5224 aeterni
2638 5169 2883 5240 supplicii
2939 5171 3194 5227 continua
3246 5179 3595 5244 percussione

2014 5257 2290 5312 tundatur.
2335 5258 2642 5314 Praecordia
2674 5268 2802 5314 sunt
2830 5259 2945 5316 loca
2976 5265 3127 5318 cordi
3157 5264 3334 5319 vicina
3356 5307 3371 5331 ,
3401 5268 3594 5336 quibus

2014 5363 2206 5405 sensus
2243 5350 2541 5420 percipitur
2570 5369 2583 5404 :
2628 5359 2684 5406 et
2718 5350 2859 5407 dicta
2888 5355 3185 5424 praecordia
3219 5371 3314 5422 eo,
3347 5359 3489 5429 quod
3519 5359 3595 5415 ibi

2015 5442 2089 5496 sit
2118 5440 2444 5511 principium
2482 5441 2660 5496 cordis
2696 5451 2753 5497 et
2783 5442 3140 5514 cogitationis.
3182 5444 3240 5499 In
3263 5448 3594 5516 praecordio-

2017 5546 2139 5586 rum
2180 5531 2400 5586 nomine
2440 5531 2777 5590 rationabilis
2822 5542 3087 5591 tractatus
3133 5537 3327 5592 animae
3367 5549 3596 5610 possunt

2018 5623 2222 5694 accipi,
2268 5629 2329 5676 ut
2364 5630 2448 5678 est
2489 5622 2617 5678 illud
2655 5624 2838 5691 Isaite,
2883 5642 2990 5697 quo
3033 5627 3102 5683 ad
3142 5628 3428 5685 Dominum
3472 5631 3590 5685 ait:
3683 5630 3686 5638 λ

2016 5715 2207 5771 Anima
2243 5731 2359 5770 mea
2399 5716 2708 5773 desideravit
2734 5728 2782 5773 te
2809 5719 2866 5773 in
2892 5731 3070 5788 nocte,
3097 5730 3146 5777 et
3173 5722 3360 5793 spiritu
3395 5737 3509 5775 meo
3536 5723 3594 5774 in

2015 5810 2317 5880 prwcordiis
2346 5811 2473 5866 meis
2504 5810 2659 5881 (Isa.
2691 5827 2817 5868 χχιι
2840 5813 2878 5885 ).
2925 5814 3117 5871 Pulsus
3154 5825 3404 5881 vocatus,
3448 5814 3592 5884 quod

3126 5907 3165 5966 6
