4074 6316
465 415 566 472 171

1142 412 1207 467 Β.
1243 408 1499 469 RABANI
1536 408 1758 471 MAURI
1792 406 2110 467 ARGﬂlEPt
2149 405 2459 464 MOGUNT.
2498 403 2785 462 OPERUM
2822 402 3001 459 PARS
3034 398 3098 458 ll.

3621 400 3735 457 ΓΒ

464 528 719 602 palpitet,
754 523 911 597 cuius
947 523 1147 583 indicio
1170 531 1263 585 aut
1289 516 2050 588 inﬁrmitatem‘intelligimus
2080 524 2132 589 Α
2159 521 2275 577 lat:
2304 521 2430 578 inde
2455 521 2524 576 ad
2548 520 2736 577 oculos
2753 559 2772 585 ,
2804 522 3142 587 ceterosque
3184 517 3385 571 unus
3402 523 3461 569 et
3482 515 3745 571 membra

463 628 560 683 aut
588 618 839 677 salutem.
870 614 1043 685 Hujus
1068 614 1265 685 duplex
1290 622 1377 676 est
1404 623 1619 675 motus:
1652 612 1915 681 simplex,
1957 612 2052 681 qui

465 726 529 772 ex
562 722 671 771 une
709 705 850 771 saltu
887 711 1137 769 constat:
1177 703 1543 773 conaminis,
1571 702 1666 771 qui
1703 716 1771 757 es
1808 700 2058 770 pluribus

466 800 703 865 motibus
726 796 1064 853 inordinatus
1087 802 1143 855 et
1193 792 1477 863 inaequalis
1512 792 1714 855 existit.
1744 791 1847 858 Qui
1877 797 2057 849 motus

468 900 620 953 certa
642 890 847 955 habent
869 886 1063 959 spatia.
1096 885 1398 958 Dactylium
1426 898 1771 957 percussum,
1813 881 2055 952 quandiu

470 985 591 1053 sine
619 982 752 1041 vitio
779 987 925 1039 sunt.
959 977 1018 1037 Si
1042 977 1259 1051 quando
1281 976 1561 1037 citatiores
1586 984 1711 1033 sunt
1727 1012 1742 1041 ,
1777 981 1838 1031 ut
1865 975 2061 1033 doma.

467 1076 821 1133 dacizontes:
869 1079 925 1128 et
962 1070 1229 1137 leniores,
1264 1078 1328 1125 ut
1361 1068 1817 1134 mirmiciscntes,
1853 1066 2049 1127 mortis

465 1167 622 1239 signa
664 1171 810 1223 sunt.
841 1162 1007 1221 Vena:
1048 1161 1207 1219 dicta:
1241 1174 1307 1223 eo
1344 1159 1488 1233 quod
1528 1159 1628 1217 vim
1666 1158 1777 1217 sint
1819 1157 2058 1217 natantis

467 1257 781 1331 sanguinis,
808 1263 970 1326 atque
1010 1254 1114 1310 rivi
1146 1268 1243 1326 per
1279 1268 1440 1309 omne
1477 1266 1676 1324 corpus
1715 1250 1904 1316 divisi,
1931 1249 2056 1320 qui-

467 1349 575 1407 bus
626 1348 878 1411 universa
925 1347 1170 1403 membra
1216 1345 1533 1417 irrigantur.
1581 1341 1787 1405 Dicitur
1817 1348 1874 1397 et
1919 1353 2060 1397 vena

468 1455 643 1512 aqua,
687 1439 832 1497 unde
894 1435 1017 1497 fons
1080 1436 1288 1493 ebullit.
1337 1435 1492 1504 Quod
1536 1434 1703 1493 etiam
1751 1430 2061 1502 signiﬁcare

464 1538 644 1602 potest
676 1543 992 1601 processum
1033 1528 1224 1600 gratiae
1266 1524 1563 1601 spiritualis
1590 1532 1751 1595 atque
1777 1522 2055 1587 doctrinae.

465 1627 623 1687 Unde
656 1626 921 1705 scriptum
955 1633 1039 1691 est
1076 1623 1130 1680 in
1158 1622 1449 1700 Sapientiae
1489 1622 1630 1685 libro
1657 1640 1668 1676 :
1699 1619 1778 1679 Sit
1806 1636 1933 1679 sena
1965 1627 2061 1677 tua

466 1716 732 1775 benedicta
771 1712 956 1791 (Prov.
985 1714 1062 1786 v).
1105 1714 1175 1775 Et
1201 1712 1331 1768 alibi
1359 1731 1371 1767 :
1407 1710 1550 1767 Vena
1584 1711 1861 1769 viventium
1887 1725 2059 1780 aqua-

465 1821 615 1872 rum,
642 1805 747 1862 hoc
778 1811 863 1861 est
901 1804 1215 1874 sapientiae,
1261 1799 1433 1857 dulcis
1456 1801 1677 1861 haustus
1701 1810 1748 1857 et
1791 1809 1947 1870 potus
1970 1815 2061 1853 sa-

2156 613 2475 671 diﬂ‘unditur
2501 628 2517 667 ε
2545 621 2603 668 st
2625 612 2806 666 calore
2830 626 2933 667 suo
2958 610 3030 665 ad
3060 624 3122 665 se
3144 622 3365 663 sucum
3386 621 3455 662 ex
3480 607 3606 662 cibo
3628 614 3747 661 trs.

2154 716 2302 763 ctum
2340 705 2507 761 vertit
2533 704 2589 760 in
2616 704 2967 775 sanguinem,
2996 716 3159 773 quem
3184 701 3253 755 ad
3281 708 3438 755 usum
3464 700 3751 769 pascendo

2155 796 2548 867 nutrlendoque
2596 794 2824 865 singulis
2872 792 3143 849 membris
3178 792 3400 862 praebet.
3452 789 3513 845 in
3553 789 3753 862 inerme

2158 897 2340 951 autem
2365 887 2615 945 cmeistit
2635 886 2889 956 voluptas
2915 892 2973 940 et
2995 883 3434 953 concupiscentia
3463 881 3623 953 ius.
3642 894 3755 940 uol

2157 979 2250 1049 qui
2275 980 2351 1035 de
2372 978 2613 1049 physicis
2637 977 2935 1047 disputant.
2967 976 3024 1030 in
3048 973 3235 1043 iecore
3273 980 3488 1038 mm,
3531 970 3587 1027 id
3620 981 3747 1038 est,

2159 1068 2217 1127 iu
2244 1076 2404 1139 epoto
2426 1067 2844 1129 delectationem
2874 1066 2990 1121 sive
3015 1062 3515 1135 concupiscentiam
3536 1061 3749 1133 sig-id.

2159 1167 2339 1217 ωωω
2357 1172 2649 1229 pessumus
2668 1157 2992 1229 intelligere.
3016 1155 3170 1212 Unde
3190 1163 3279 1212 est
3312 1155 3445 1213 illud
3462 1193 3479 1221 ,
3504 1154 3651 1225 quod
3688 1155 3751 1210 in

2158 1250 2278 1322 lege
2314 1258 2645 1321 praeoptare
2681 1247 3757 1323 est(l.eeit.m,rv),eusuvonu-eet

2160 1342 2382 1404 renibus
2417 1350 2475 1397 et
2510 1341 2671 1411 adipe
2707 1348 2921 1409 partem
2959 1338 3165 1409 iecoris
3202 1339 3317 1395 Dec
3349 1336 3534 1393 ασθπὶ
3560 1350 3581 1391 :
3613 1338 3751 1408 quis

2159 1434 2653 1507 concupiscentiam
2703 1442 2949 1490 nostram
2991 1435 3166 1505 magis
3210 1433 3283 1488 ad
3328 1433 3424 1487 Dei
3471 1446 3637 1503 quam
3677 1432 3749 1486 ad

2161 1529 2348 1585 mundi
2396 1528 2659 1584 debemus
2728 1534 3047 1582 convertere
3092 1526 3448 1580 voluntatem.
3519 1524 3760 1593 Legitur

2160 1622 2307 1679 enim
2337 1622 2393 1676 in
2425 1620 2567 1676 libre
2595 1616 3571 1692 Tobim(Tas.vr),quodangelns
3606 1630 3759 1687 μων

2161 1712 2371 1783 ceperit
2403 1711 2618 1777 Tobias,
2655 1710 2865 1781 piscem
2910 1717 3127 1780 napum
3171 1712 3524 1773 excuterem,
3556 1716 3617 1762 et
3651 1716 3763 1762 eor

2167 1803 2315 1872 eius,
2350 1810 2409 1857 et
2435 1800 2510 1857 fel
2539 1810 2601 1857 ot
2620 1802 2778 1872 jecur
2804 1802 2860 1855 in
2881 1799 3119 1857 eassidili
3155 1814 3452 1870 reponere,
3481 1800 3759 1870 iecurquo

467 1896 656 1952 tubris.
700 1895 935 1968 Sanguis
969 1910 1037 1955 ex
1077 1893 1267 1951 Graeca
1296 1893 1624 1967 etymologia
1652 1908 1851 1948 nomen
1876 1891 2061 1957 duxit,
2088 1889 2139 1952 Ι
2164 1904 2352 1967 postea
2379 1908 2448 1949 ex
2475 1901 2749 1964 praecepto
2772 1893 2951 1963 angeli
2975 1906 3143 1962 super
3183 1893 3450 1948 canones
3471 1893 3626 1947 vivos
3650 1904 3761 1963 po-

466 1987 610 2059 quod
636 1995 919 2065 vegetetur
942 1993 999 2043 et
1028 1986 1363 2045 sustineatur
1390 1994 1446 2041 et
1485 1986 1651 2041 vivat.
1699 1984 1932 2055 Sanguis
1968 1998 2063 2038 au-

2160 2000 2322 2052 nere,
2365 1992 2634 2054 quatenus
2672 1984 3001 2056 praevaleret
3039 1984 3341 2039 daemonem
3379 1980 3640 2055 efﬂigere.
3688 1982 3752 2039 ἢ)

468 2087 578 2134 tem
613 2087 732 2146 est,
771 2078 901 2134 dum
942 2078 999 2139 in
1037 2092 1266 2149 corpore
1306 2085 1431 2137 est:
1478 2075 1681 2133 eﬂ‘usus
1722 2091 1852 2133 vero
1897 2090 2060 2131 cruor
2152 2076 2338 2146 iecore
2374 2078 2554 2143 enim,
2594 2078 2751 2148 cuius
2781 2076 2978 2133 ardere
3010 2076 3221 2147 accepti
3252 2076 3361 2132 cibi
3385 2076 3445 2130 in
3464 2076 3761 2131 stomacho”

466 2168 688 2225 dicitur.
740 2166 878 2224 Nam
927 2184 1092 2224 cruor
1136 2177 1363 2224 vocatus
1407 2168 1477 2224 ab
1524 2181 1620 2231 eo,
1665 2167 1811 2237 quod
1857 2164 2063 2223 eﬂ'usus

467 2262 749 2320 decurrit:
797 2261 884 2323 vel
927 2262 994 2317 ab
1040 2276 1135 2327 eo,
1183 2261 1326 2331 quod
1364 2260 1634 2316 currendo
1676 2266 1915 2316 corruat.
1959 2258 2063 2315 Alii
2108 2276 2117 2283 δ

466 2366 719 2407 cruorem
756 2350 1188 2421 interpretantur
1220 2349 1541 2421 sanguinem
1576 2355 1924 2417 corruptum,
1967 2348 2064 2416 qui

466 2446 754 2503 emittitur.
783 2443 890 2501 Alii
927 2445 1077 2499 aiunt
1107 2452 1360 2501 vocatum
1388 2441 1705 2513 sanguinem
1727 2448 1750 2506 ,'
1769 2440 1915 2509 quod
1938 2455 2067 2495 sua—

469 2538 553 2593 vis
580 2538 672 2593 sit.
703 2534 935 2608 Sanguis
960 2542 1143 2591 autem
1179 2535 1390 2605 integer
1415 2549 1523 2590 non
1548 2541 1664 2599 est,
1696 2532 1801 2588 nisi
1830 2533 1885 2587 in
1907 2531 2066 2601 iuve-

468 2628 655 2683 nibus.
698 2625 837 2681 Nam
888 2626 1076 2683 dicunt
1120 2625 1334 2699 physici
1381 2624 1552 2680 minui
1600 2624 1920 2696 sanguinem
1967 2637 2066 2692 per

468 2725 709 2773 aetatem.
762 2714 919 2772 Unde
961 2723 1018 2770 et
1063 2714 1118 2769 in
1166 2715 1387 2769 senibus
1438 2722 1645 2769 tremor
1686 2722 1789 2771 est.
1838 2710 2067 2780 Proprie

468 2807 690 2880 sanguis
735 2806 931 2862 animm
973 2804 1247 2877 possessio
1290 2812 1393 2858 est.
1441 2803 1571 2859 Inde
1611 2818 1776 2875 genas
1820 2802 2069 2858 lacerare

468 2898 724 2955 mulieres
761 2897 817 2953 in
859 2896 1007 2953 luctu
1043 2896 1238 2953 solent.
1272 2894 1429 2955 Unde
1458 2902 1512 2951 et
1543 2908 1826 2966 purpureae
1855 2902 2065 2960 vestes,

468 3000 525 3048 et
551 2989 713 3049 ﬂores
741 2988 1002 3069 purpurei
1058 2987 1287 3047 mortuis
1324 2986 1655 3059 praebentur.
1701 2984 1935 3056 Sanguis
1969 2984 2069 3040 ali-

471 3084 692 3153 quando
717 3088 1121 3143 sacramentum
1142 3078 1439 3135 Dominicaa
1457 3078 1728 3150 passionis
1753 3077 2021 3150 signiﬁcat
2046 3096 2062 3132 :

469 3185 531 3230 ut
565 3182 648 3232 est
684 3173 817 3231 illud
855 3171 1155 3229 Salvatoris
1180 3172 1237 3228 in
1272 3171 1566 3243 Evangelio
1595 3189 1607 3224 :
1637 3169 1776 3227 Caro
1802 3186 1920 3225 mea
1947 3185 2071 3223 vero

2160 2176 2556 2239 excoquuntur,
2579 2170 2856 2235 docemur,
2879 2177 2944 2224 ut
2964 2168 3281 2224 maturitate
3298 2166 3511 2223 consilii
3537 2166 3769 2222 Μάθαν

2161 2277 2283 2319 mus
2308 2259 2483 2317 ﬂuxas
2502 2261 2688 2317 carnis
2704 2261 3121 2331 cogitatationes
3140 2262 3208 2315 ad
3230 2272 3425 2330 purum
3444 2270 3759 2329 excoquere

2161 2361 2220 2407 et
2256 2352 2313 2411 in
2352 2366 2627 2409 secessum
2662 2352 2912 2419 mittere,
2943 2367 3012 2407 ne
3038 2350 3181 2407 forte
3209 2350 3425 2407 diabolo
3460 2352 3517 2404 in
3553 2348 3767 2405 cubili-‘

2162 2443 2266 2499 bus
2292 2443 2540 2499 oordium
2568 2450 2881 2501 nostrorum
2913 2442 3317 2498 censentis-us
3337 2441 3453 2497 sic
3472 2438 3637 2496 modo
3665 2441 3769 2495 lo-'

2163 2549 2288 2591 eum
2331 2534 2710 2592 haberetsed
2755 2533 3767 2606 magismboreﬂdeiotsacnt‘uw

2163 2626 2473 2683 orationum
2512 2626 2835 2683 festinemus
2877 2640 3004 2681 eum
3042 2626 3199 2682 foras
3237 2622 3531 2696 erpellere.
3577 2624 3769 2679 Fibra

2158 2714 2365 2785 iecoris
2399 2727 2529 2773 sunt
2553 2716 2932 2773 extremitates
2948 2755 2965 2781 ,
2994 2716 3139 2771 sicut
3171 2723 3433 2775 extremo
3459 2723 3649 2785 partes
3673 2714 3759 2771 l‘o-

2165 2806 2362 2863 liorum
2389 2809 2445 2864 in
2473 2808 2653 2874 tibia,
2680 2809 2795 2864 sive
2816 2808 2972 2877 quasi
3003 2808 3199 2877 lingua
3219 2810 3538 2863 eminentes.
3569 2808 3765 2865 ὓὶαοσ

2168 2904 2353 2955 autem
2393 2896 2595 2963 libras,
2633 2898 2777 2967 quod
2811 2900 2953 2968 apud
2981 2898 3211 2967 gentiles
3244 2899 3299 2954 in
3346 2899 3521 2954 sacris
3558 2896 3759 2954 Phoebi

2168 2988 2238 3045 ad
2265 3003 2391 3044 aras
2428 2987 2743 3045 ferebantur
2775 2990 2846 3045 ab
2876 2990 3094 3056 arietis,
3129 2990 3326 3059 quibus
3360 2989 3563 3045 oblatis
3586 2999 3756 3060 atque

2169 3080 2447 3139 succensis
2487 3094 2746 3151 responsa
2786 3081 3114 3150 acciperent.
3154 3080 3253 3137 Qui
3289 3082 3427 3137 bene
3461 3082 3754 3148 convenit,

2171 3173 2315 3243 quod
2341 3188 2504 3247 supra
2535 3172 2771 3229 diximus
2802 3171 3004 3242 iecoris
3026 3180 3239 3243 partem
3271 3173 3387 3231 Deo
3417 3172 3601 3228 ol’errl
3629 3172 3757 3241 iusa-

470 3277 545 3321 est
573 3264 725 3323 cibus
744 3278 763 3315 :
788 3273 837 3319 et
866 3263 1086 3335 sanguis
1115 3278 1260 3321 meus
1286 3277 1402 3318 vere
1428 3270 1503 3321 est
1532 3271 1685 3332 potus
1712 3258 1919 3333 (Joan.
1947 3274 2002 3315 vr
2021 3259 2062 3330 ).
2093 3258 2289 3323 C‘sam
2314 3282 2327 3318 :
2357 3273 2421 3323 ut
2446 3264 2557 3320 Deo
2582 3265 2767 3333 potius
2784 3263 3068 3329 oﬂ‘eratur,
3100 3266 3245 3335 quod
3270 3280 3429 3321 suum
3448 3273 3565 3330 est,
3589 3281 3765 3337 quam

471 3358 612 3415 Nam
650 3365 707 3414 et
744 3355 803 3417 in
837 3354 958 3425 lege
993 3360 1321 3426 praeceptum
1361 3362 1446 3409 est
1472 3352 1494 3425 (
1516 3352 1691 3409 Exod.
1722 3367 1801 3406 sn
1822 3350 1845 3423 )
1866 3351 2071 3421 populo

474 3448 815 3515 Israelitico,
852 3455 913 3503 ut
954 3446 1021 3507 de
1052 3445 1314 3519 sanguine
1350 3446 1477 3515 agni
1505 3444 1775 3515 paschalis
1802 3452 2071 3514 ponerent

475 3554 642 3611 super
676 3546 970 3609 utrumque
1001 3544 1243 3609 postem,
1269 3543 1324 3591 et
1351 3536 1408 3593 in
1445 3535 1949 3605 superliminaribus
1971 3537 2071 3592 do-

473 3643 686 3685 morum
705 3668 718 3692 ,
746 3628 802 3683 in
828 3627 1027 3698 quibus
1063 3626 1269 3697 pascha
1293 3624 1565 3692 edebant,
1596 3632 1863 3694 quatenus
1886 3633 2068 3681 ester-

475 3717 757 3773 minatoris
788 3717 1067 3773 excidium
1093 3723 1316 3787 possent
1340 3715 1595 3770 evadere.
1631 3713 1727 3770 Sic
1755 3723 1813 3770 et
1843 3714 2068 3785 sanguis

475 3805 679 3864 Christi
708 3808 933 3863 mundat
987 3808 1376 3864 conscientiam
1418 3814 1662 3867 nostram
1702 3806 1771 3863 ab
1812 3807 2068 3877 operibus

474 3898 706 3953 mortuis
744 3897 813 3953 ad
849 3897 1195 3957 serviendum
1234 3896 1345 3952 Deo
1382 3897 1612 3969 Viventii,
1644 3905 1701 3953 et
1740 3896 1934 3953 liberat
1965 3911 2069 3952 nos

474 3988 541 4043 de
566 3994 833 4063 potestate
880 3987 1086 4045 inimici
1124 3996 1180 4043 et
1215 3989 1594 4065 persecutione
1628 3988 1802 4047 hostis
1852 3988 2067 4059 antiqui

474 4078 495 4153 (
519 4077 654 4136 Heb.
682 4096 736 4136 v1
758 4078 803 4153 ).
841 4079 978 4137 Item
1009 4079 1067 4141 in
1088 4078 1249 4139 aliam
1278 4088 1488 4150 partem
1530 4080 1752 4151 sanguis
1794 4080 2066 4151 signiﬁca-

471 4171 554 4228 tio
595 4171 831 4239 dueitur,
880 4188 1004 4235 eum
1053 4180 1147 4226 aut
1190 4172 1561 4243 operationem
1608 4170 1885 4225 carnalem
1911 4211 1931 4235 ,
1972 4179 2069 4226 aut

474 4267 880 4338 corruptionem
916 4265 1165 4323 mortalis
1200 4274 1409 4321 naturm
1433 4265 1724 4336 signiﬁcat.
1756 4266 1911 4322 Unde
1933 4266 2069 4322 Pro-

472 4359 640 4428 pheta
665 4366 921 4429 precatur
944 4358 1237 4413 Dominum
1261 4372 1278 4412 :
1304 4356 1495 4413 Libera
1520 4375 1602 4413 me
1628 4359 1693 4415 de
1722 4360 2067 4429 sanguian

474 4446 622 4501 Deus
648 4445 788 4502 Deus
817 4446 1005 4503 salutis
1044 4463 1173 4501 mete
1218 4445 1415 4521 (Psal.
1444 4463 1476 4505 ι
1496 4445 1540 4520 ).
1587 4448 1657 4507 Et
1695 4450 1931 4507 iterum:
1976 4450 2064 4505 Vi-

474 4555 627 4605 rum,
677 4537 885 4609 inquit,
925 4538 1244 4613 sanguinum
1288 4549 1337 4595 et
1381 4538 1624 4596 dolorum
1676 4540 2069 4602 abominabitur

2168 3354 2329 3411 idolis
2353 3355 2508 3412 vanis
2533 3363 2589 3412 et
2615 3356 2822 3419 surdis,
2857 3356 2914 3411 in
2942 3356 3142 3426 quibus
3166 3355 3283 3413 seis
3314 3355 3467 3411 fraus
3494 3363 3553 3410 et
3590 3355 3757 3411 deos-

2166 3448 2281 3517 ptio
2315 3455 2421 3505 est.
2463 3447 2629 3517 Spieu
2661 3448 2868 3505 dictum
2906 3462 2939 3504 a
2978 3448 3354 3518 supplemento
3383 3462 3451 3503 ex
3478 3448 3757 3504 contraria

2169 3548 2327 3609 parte
2371 3538 2608 3608 iecoris,
2657 3539 2713 3596 in
2763 3554 2937 3597 vacua
2980 3540 3256 3597 existeret.
3308 3540 3479 3607 Quem
3532 3540 3759 3610 quidam

2170 3630 2334 3685 etiam
2370 3631 2512 3689 risus
2552 3645 2720 3687 causa
2764 3630 2973 3689 factum
3010 3632 3343 3688 existimant.
3387 3631 3525 3686 Nam
3569 3633 3763 3703 splene

2168 3721 2430 3777 ridemus.
2483 3722 2778 3777 Ammonet
2830 3724 2999 3779 etiam
3046 3724 3161 3778 huc
3206 3722 3435 3778 articula
3482 3723 3759 3778 viscerum

2168 3826 2303 3877 nos,
2344 3818 2406 3867 ut
2448 3826 2557 3871 non
2605 3826 2743 3869 vana
2790 3811 2977 3867 laetitia
3021 3812 3240 3878 mundi,
3284 3813 3381 3867 sed
3425 3812 3477 3867 in
3522 3811 3775 3867 Domino

2167 3901 2473 3958 exultemus
2503 3910 2559 3958 et
2588 3902 2875 3959 laetemur:
2914 3917 2983 3958 ne
3022 3917 3160 3957 vano
3187 3902 3319 3957 risui
3359 3918 3456 3958 ora
3492 3903 3758 3959 dissolva-

2170 4006 2309 4047 mus.
2341 3991 2417 4047 De
2448 4007 2559 4062 quo
2588 3991 2867 4061 Sapientia
2895 3993 3029 4049 dicit
3056 4013 3068 4047 :
3109 3993 3295 4049 Risum
3329 3996 3577 4065 Mutari
3612 4012 3775 4050 error

2170 4099 2279 4136 rem
2307 4084 2326 4154 (
2352 4082 2501 4137 Eccl.
2529 4098 2570 4136 ιι
2593 4081 2647 4151 );
2680 4084 2776 4138 sed
2804 4084 2978 4154 magis
3008 4084 3159 4143 luctu
3189 4085 3242 4138 in
3272 4086 3531 4154 praeui
3554 4086 3759 4141 seculo

2169 4183 2357 4229 nostra
2392 4183 2617 4244 peccata
2651 4174 2959 4242 deleamus,
3003 4183 3065 4230 ut
3102 4178 3159 4231 in
3194 4177 3377 4233 futura
3415 4179 3527 4233 vita
3551 4186 3763 4233 autenm

2168 4265 2365 4336 gaudio
2392 4264 2654 4323 fruamur.
2692 4265 2843 4322 Unde
2872 4267 3138 4335 scriptum
3165 4275 3291 4323 est:
3322 4265 3481 4322 Beati
3524 4268 3617 4338 qui
3667 4267 3756 4320 lu-

2169 4366 2287 4426 gent
2325 4372 2498 4422 nunc,
2532 4357 2787 4427 quoniam
2818 4358 2923 4427 ipsi
2958 4357 3370 4415 consolabuntur
3399 4358 3635 4431 (Haut.
3662 4359 3757 4429 v).

2168 4449 2319 4509 Felle
2366 4451 2681 4517 irascimur,
2714 4452 2879 4509 corde
2925 4451 3202 4520 sapimus,
3248 4453 3437 4522 iecore
3488 4467 3755 4509 sum.

2170 4543 2379 4612 Quibus
2424 4553 2659 4615 quatuor
2699 4545 2983 4602 elementis
3022 4545 3439 4609 constantibus,
3490 4545 3763 4616 integrant

476 4627 735 4685 Dominus
763 4628 784 4705 (
810 4628 963 4685 Psal.
992 4644 1025 4683 v
1044 4628 1088 4703 ),
1115 4629 1212 4684 Vir
1235 4629 1458 4702 quidem
1482 4632 1807 4704 sanguinem
1827 4640 1943 4699 est,
1967 4633 2064 4704 qui
2088 4621 2147 4682 Β
2169 4642 2255 4692 est
2286 4635 2509 4691 animal.
2560 4634 2657 4691 Fel
2697 4634 3057 4706 appellatum,
3097 4633 3244 4705 quod
3272 4634 3345 4692 sit
3372 4632 3645 4690 folliculus
3671 4649 3763 4703 εε-

476 4720 713 4777 humano
740 4735 937 4777 cruore
966 4720 1223 4795 polluitur
1248 4739 1262 4775 :
1295 4736 1395 4779 nec
1423 4737 1529 4785 non
1559 4732 1614 4783 et
1645 4724 1734 4781 ille
1752 4765 1767 4790 ,
1796 4725 1893 4794 qui
1919 4726 2067 4783 deci-

473 4810 554 4879 pit
579 4810 779 4865 vivum.
813 4813 879 4867 Et
900 4812 1189 4882 Apostolus
1214 4829 1228 4867 :
1257 4809 1395 4869 Caro
1421 4824 1470 4868 et
1491 4816 1707 4885 sanguis
1725 4830 1943 4883 regnum
1968 4816 2073 4872 Dei

477 4917 583 4953 non
608 4900 942 4970 possidebunt
974 4914 993 4952 :
1020 4918 1183 4972 neque
1213 4905 1478 4973 corruptio
1505 4903 1913 4972 incorruptelam
1947 4922 2068 4974 pos-

474 4990 663 5047 sidebit
694 4988 765 5061 (1
796 4988 919 5044 Cor.
950 5007 1015 5045 xv
1040 4992 1081 5064 ).
1113 4989 1304 5049 Pulmo
1330 5006 1399 5051 ex
1425 4991 1615 5049 Graeco
1646 4994 1811 5050 trahit
1832 4998 2067 5053 voeabu-

473 5079 609 5138 lum.
654 5079 831 5137 Grmci
874 5081 1021 5139 enim
1060 5081 1373 5154 pulmonem
1415 5097 1691 5155 pneumon
1740 5094 1936 5145 vocant
1962 5104 2063 5156 eo,

478 5173 623 5245 quod
650 5170 922 5231 ﬂabellum
947 5174 1128 5233 cordis
1143 5215 1160 5242 ,
1181 5175 1239 5230 in
1258 5190 1367 5247 quo
1389 5190 1627 5248 pneuma
1641 5217 1658 5242 ,
1683 5176 1739 5232 id
1759 5187 1846 5235 est
1860 5217 1876 5243 ,
1907 5180 2068 5250 spiri-

479 5277 569 5323 tus
610 5266 789 5337 incst,
811 5282 917 5340 pro
935 5281 1047 5338 quo.
1076 5269 1350 5343 agitantur
1380 5278 1437 5326 et
1468 5278 1774 5329 moventur.
1814 5271 1971 5331 Uade
2009 5282 2073 5335 et

479 5355 761 5427 pulmones
786 5357 966 5415 vocati
990 5366 1135 5418 sunt.
1165 5357 1305 5417 Nam
1344 5359 1530 5419 Graece
1569 5375 1803 5430 pnsum
1842 5363 2071 5434 spiritus

479 5448 703 5521 dicitur,
726 5449 825 5530 qui
847 5448 1031 5511 ﬂando
1051 5459 1108 5513 et
1125 5449 1448 5527 exagitanda
1468 5467 1649 5508 aerem
1672 5454 1873 5510 emittit
1896 5464 1957 5511 et
1980 5470 2065 5511 re-

479 5540 646 5619 cipit,
666 5557 702 5601 a
719 5559 829 5614 quo
847 5551 1134 5603 moventur
1151 5543 1435 5615 pulmones
1455 5553 1514 5603 et
1546 5545 1831 5616 militant,
1868 5556 1925 5604 et
1941 5563 2067 5618 apo-

479 5632 671 5697 rieudo
690 5647 780 5702 se.
802 5643 865 5699 ut
880 5632 1069 5697 ﬂatum
1089 5636 1308 5709 capiant
1332 5654 1346 5690 :
1372 5636 1712 5708 stringe-do,
1736 5639 2061 5710 uteiiciant.

478 5723 578 5781 Est
613 5725 759 5783 enim
780 5726 1025 5799 corporis
1045 5743 1329 5801 organum.
1370 5729 1533 5786 lectu
1555 5747 1750 5787 nomen
1787 5731 1949 5787 habet
1973 5745 2059 5795 eo,

482 5816 622 5886 quod
644 5816 786 5892 ignis
804 5818 881 5879 ibi
902 5818 1103 5877 habeat
1120 5822 1307 5878 sedem
1322 5861 1339 5885 ,
1362 5822 1455 5894 qui
1483 5821 1541 5876 in
1561 5822 1844 5878 cerebrum
1868 5820 2066 5879 subvo-
2106 5901 2125 5913 _

2172 4739 2327 4788 stans
2355 4730 2642 4788 humorem
2660 4770 2677 4796 ,
2705 4730 2803 4800 qui
2826 4738 3056 4785 vocatur
3079 4728 3224 4785 bilis.
3254 4726 3351 4782 Fel
3377 4727 3525 4781 enim
3555 4726 3758 4779 amasi-

2174 4821 2421 4877 tudinem
2461 4829 2518 4877 et
2559 4820 2904 4878 dolositatem
2937 4834 3209 4890 perversa
3235 4818 3439 4873 mentis
3464 4816 3758 4885 signiﬁcat.

2174 4914 2333 4972 Unde
2379 4916 2575 4973 beatus
2625 4914 2822 4969 Petrus
2885 4912 3165 4982 apostolis
3213 4911 3287 4966 ad
3335 4908 3617 4964 Sinone.
3662 4921 3762 4977 per

2170 5005 2421 5061 fraudem
2461 5006 2691 5076 gratiam
2731 5003 2969 5074 Spiritus
3002 5004 3175 5059 sancti
3208 5002 3456 5071 accipere
3485 4999 3765 5055 volentes-

2175 5097 2254 5152 ait
2278 5111 2293 5150 :
2329 5095 2399 5151 In
2425 5094 2545 5166 felle
2568 5096 2709 5151 cuius
2736 5094 3111 5150 amaritudinis
3137 5104 3186 5148 et
3212 5092 3530 5162 obligatione
3562 5091 3761 5160 hinni-

2174 5188 2300 5243 tatis
2324 5186 2473 5244 uideo
2492 5197 2543 5242 te
2564 5203 2674 5244 esse
2696 5185 2847 5257 (Aet.
2874 5186 3026 5257 un).
3054 5184 3193 5241 Hine
3217 5191 3275 5240 et
3296 5183 3355 5239 in
3374 5180 3761 5250 libetsi-pio

2175 5277 2440 5347 scriptum
2477 5284 2603 5334 est:
2633 5274 2977 5335 Panisiiiius
3000 5276 3058 5330 in
3095 5284 3249 5331 me
3284 5274 3403 5343 ejus
3444 5280 3675 5327 nuntur
3703 5269 3765 5324 iu

2175 5368 2247 5439 fet
2275 5369 2523 5439 aspidem
2547 5368 2863 5429 ειη-ἔωσι.
2892 5366 3239 5440 (Ietas);
3281 5366 3341 5421 id
3376 5372 3498 5431 est,
3536 5364 3767 5421 solidos

2175 5459 2503 5517 transitoria
2552 5458 2933 5517 delectationis
2980 5459 3037 5513 in
3524 5454 3641 5511 ﬁlo
3690 5450 3767 5509 ια

2173 5552 2599 5609 amaritudinem
2623 5560 2889 5612 vehetur.
2922 5552 3077 5609 Tune
3099 5551 3309 5609 eteni-
3334 5548 3511 5619 ligni
3536 5546 3769 5608 νίὐοκν

2172 5642 2320 5712 quod
2356 5641 2570 5711 aliqui
2608 5638 3769 5711 serpentisvenensintesfeotis-tgan

2172 5732 2411 5789 ﬂammis
2435 5731 2723 5790 ultricibus
2744 5732 2929 5789 traditi
2955 5746 3081 5787 cum
3100 5733 3413 5787 eodemsuo
3437 5738 3769 5799 permacra

2173 5822 2510 5883 cruciantur.
2534 5821 2660 5883 Sive
2686 5823 2849 5895 panis
2871 5821 3016 5885 illius
3039 5822 3094 5880 in
3124 5820 3414 5894 uteroq'u
3439 5816 3765 5889 iniciunt-
