4074 6316
492 415 595 472 175

1129 413 1191 466 B.
1234 409 1492 466 RABANI
1529 408 1750 467 MAURI
1787 403 2108 464 A‘RGHIEP.
2149 405 2464 464 MOGUNT.
2500 394 2787 466 OPERUM
2823 403 3003 460 PARS
3036 404 3102 459 ll.

3658 403 3772 462 176

488 545 593 588 xus
648 527 926 599 sanguinis
981 533 1162 596 potest
1217 525 1447 596 intelligi
1503 525 1824 581 idololatriae
1875 526 2066 580 obsee-
2092 535 2145 594 Α
2171 533 2352 579 autem
2400 521 2640 579 furorem
2679 521 2919 580 libidinis
2965 520 3052 582 vel
3082 516 3378 588 iracundia:
3411 526 3644 596 possunt
3671 521 3772 590 de,

487 623 659 688 nitas,
691 630 747 675 et
782 632 1030 674 errorum
1065 617 1313 686 pollutio.
1351 616 1444 673 Sic
1480 626 1536 672 et
1572 615 1903 672 menstruale
1933 624 2069 671 temo

484 725 589 782 pus
643 709 778 763 illud
826 706 1171 779 intelligitur,
1227 723 1334 777 quo
1386 722 1523 776 pene
1584 707 1870 764 universus
1921 707 2070 763 orbis

485 801 544 856 in
598 814 788 855 errore
841 807 899 853 et
949 798 1260 854 idololatria
1314 799 1652 854 versabatur.-
1710 799 1781 855 Et
1839 800 1907 856 ad
1953 817 2069 855 mue

485 893 677 948 lierem
703 901 1097 949 menstruatam
1141 909 1250 948 non
1294 894 1423 950 licet
1467 896 1759 961 accedere,
1807 912 1908 952 nec
1949 909 2071 950 cum

485 1000 551 1038 ea
592 983 974 1040 commisceri:
1023 985 1151 1053 quia
1194 1000 1295 1040 nec
1331 984 1652 1040 idololatriae
1694 1001 2029 1056 paganorum
2053 1027 2067 1049 ,

484 1087 588 1129 nec
649 1074 843 1132 haeresi
910 1074 1293 1129 Inereticorum
1349 1075 1477 1131 licet
1545 1077 1814 1133 catholico
1867 1077 2071 1132 homini

481 1167 910 1222 communicare.
956 1166 1190 1222 Femora
1234 1165 1380 1222 dicta
1422 1176 1583 1235 sunt,
1628 1171 1772 1238 quod
1814 1184 1877 1224 ea
1919 1180 2075 1239 parte

475 1265 518 1313 Ta
560 1275 695 1316 sexu
735 1259 841 1314 viri
892 1259 1183 1330 discrepat.
1232 1259 1372 1315 Sunt
1409 1269 1594 1315 autem
1644 1263 1712 1316 ab
1764 1262 2073 1332 inguinibus

479 1364 655 1420 usque
695 1352 762 1405 ad
801 1366 997 1422 genua.
1046 1350 1269 1406 Femina
1313 1361 1494 1407 autem
1535 1367 1634 1422 per
1682 1353 2070 1421 derivationem

483 1440 751 1496 femorum
795 1449 980 1511 partes
1025 1450 1184 1508 sunt,
1236 1442 1433 1512 quibus
1483 1442 1539 1496 in
1584 1442 1873 1512 equitando
1910 1443 2075 1512 tergis

482 1548 748 1603 equorum
777 1534 1138 1590 adhaeremus.
1169 1534 1327 1590 Unde
1354 1543 1411 1590 et
1444 1535 1780 1605 praeliatores
1809 1535 1939 1590 olim
1974 1534 2074 1589 sub

481 1622 776 1678 feminibus
799 1639 971 1694 equos
995 1625 1242 1680 amisisse
1271 1626 1610 1680 dicebantur.
1637 1625 1838 1682 Femur
1860 1626 2074 1697 generis

465 1727 720 1785 propago
770 1714 1108 1784 intelligitur,
1161 1715 1305 1770 sicut
1353 1715 1411 1769 in
1456 1714 1654 1771 Genesi
1691 1717 1758 1771 de
1793 1715 1960 1771 Jaeob
1995 1717 2071 1772 le-

481 1803 675 1873 gitur:
731 1803 917 1875 Tetigit
980 1806 1315 1859 latitudinem
1365 1805 1579 1875 femoris
1625 1808 1780 1877 ejus,
1832 1819 1880 1862 et
1926 1809 2069 1862 clau-

2168 614 2402 686 signare.
2431 613 2598 670 Unde
2635 613 2693 668 in
2725 613 2864 670 libro
2904 609 3371 686 Regumlegitur,
3399 611 3775 684 ,quodIAbner

2169 720 2356 764 aversa
2385 706 2541 762 hasta
2562 702 3212 776 .pencussissetAsaheliu
3240 702 3481 776 inguine,
3513 711 3570 760 et
3587 705 3779 776 trans-

2171 794 2394 852 fodisset
2415 811 2542 851 eum
2564 794 2615 867 (1
2620 795 2651 851 ι
2679 795 2810 868 Reg.
2837 794 2921 867 ιι).
2948 794 3114 866 Cujus
3131 793 3329 850 Asahel
3356 803 3554 868 typum.
3572 795 3771 868 tenuit,

2171 887 2276 944 nisi
2301 889 2496 944 horum
2520 902 2658 957 quos
2681 888 3032 946 vehementer
3059 885 3326 956 arripiens
3352 883 3508 942 furor
3541 884 3596 942 in
3626 902 3775 958 pra:-

2171 995 2299 1050 ceps
2327 980 2508 1036 ducit?
2541 979 2646 1048 Qui
2691 980 2747 1036 in
2783 980 2976 1036 eodem
2999 977 3202 1034 furoris
3226 978 3433 1048 impetu
3461 985 3616 1052 tanto,
3640 993 3778 1034 eau-

2173 1073 2280 1128 tius
2305 1073 2612 1130 declinandi
2642 1083 2784 1139 sunt,
2819 1080 3025 1144 quanto
3051 1082 3108 1132 et.
3137 1072 3350 1130 insania
3381 1073 3778 1136 vehementiori

2173 1165 2476 1234 rapiuntur.
2509 1165 2666 1221 Unde
2689 1173 2748 1221 et
2777 1165 2962 1221 Abner
2991 1206 3011 1232 ,.
3047 1165 3140 1236 qui
3170 1179 3422 1222 sermone
3448 1175 3638 1222 nostro
3678 1183 3779 1236 pa-

2173 1258 2268 1311 tris
2319 1256 2534 1311 lucerna
2576 1257 2802 1324 dicitur,
2852 1257 2987 1328 fugit
3016 1276 3029 1312 :
3060 1258 3187 1328 quia
3232 1258 3516 1315 doctorum
3565 1260 3773 1331 lingua,

2174 1363 2294 1418 quae
2321 1363 2614 1418 supernum
2640 1349 2821 1406 lumen
2849 1349 3076 1416 indicat,
3119 1365 3245 1407 cum
3279 1364 3378 1422 per
3419 1353 3647 1422 abrupta
3691 1349 3780 1404 fu-

2175 1440 2315 1495 roris
2367 1448 2606 1496 mentem
2665 1439 2972 1511 cuiuspiam
3020 1440 3152 1498 ferri
3210 1443 3514 1516 conspicit,
3537 1455 3778 1511 cumque

2169 1538 2366 1586 contra
2415 1531 2741 1588 irascentem
2782 1532 3089 1588 dissimulat
3117 1531 3615 1602 verborumfjacuia
3645 1533 3776 1589 red-

2165 1623 2327 1688 dere,
2377 1623 2532 1693 quasi
2564 1633 2987 1695 persequentem
3021 1640 3131 1681 non
3165 1625 3280 1681 vult
3315 1624 3518 1680 ferire:
3548 1625 3693 1682 unde
3720 1635 3780 1681 et

2175 1717 2360 1773 Abner
2387 1734 2513 1773 cum
2541 1727 2732 1774 contra
2758 1728 3176 1789 persequentem
3201 1718 3469 1783 substitit,
3507 1732 3620 1773 non
3647 1732 3778 1774 eum

2177 1816 2360 1874 recta,
2393 1808 2489 1864 sed
2531 1824 2724 1864 aversa
2768 1809 2928 1866 hasta
2969 1808 3342 1866 transforavit.
3389 1810 3472 1866 Ex
3513 1825 3777 1868 mucrone

479 1895 674 1949 dicavit
740 1894 915 1968 (Gen.
960 1913 1111 1952 χχχιι
1137 1897 1180 1968 ).
1225 1897 1360 1952 Item
1416 1897 1596 1952 femur
1635 1913 1765 1954 caro
1808 1889 2148 1963 hominis,=B
2175 1902 2380 1972 quippe
2416 1913 2704 1972 percutere
2741 1911 2827 1958 est
2869 1903 3075 1973 impetu
3127 1909 3328 1972 apertae
3378 1903 3775 1974 increpationis

465 1992 546 2038 ut
596 1986 651 2040 in
703 1985 1025 2043 Hieremia:
1077 1987 1368 2060 Postquam
1417 1991 1690 2047 ostendisti
1738 1993 1908 2057 mihi,
1955 2011 2071 2063 per—

493 2078 636 2131 cussi
677 2078 850 2148 femur
899 2097 1073 2134 meum
1122 2080 1275 2152 (Jer.
1304 2082 1499 2153 mu).
1547 2081 1684 2138 Nam
1737 2083 1914 2139 femur
1968 2085 2070 2140 ali-

487 2169 708 2237 quando
759 2169 1032 2241 signiﬁcat
1086 2172 1518 2228 incarnationem
1582 2175 1920 2231 Dominicam
1944 2218 1958 2241 ,
2017 2185 2073 2230 et

483 2259 774 2330 aliquando
810 2263 1136 2332 voluptatem
1185 2266 1386 2320 carnis.
1424 2265 1646 2337 Legitur
1675 2284 1805 2340 ergo
1837 2269 1890 2324 in
1929 2268 2071 2338 psal-

481 2365 571 2405 mo
627 2353 949 2421 prophetam
997 2353 1068 2408 ad
1128 2355 1417 2412 Dominum
1482 2358 1734 2414 dixisse:
1790 2361 2072 2431 Accingere

479 2439 660 2510 gladio
713 2451 804 2496 tuo
859 2445 1002 2498 circa
1045 2446 1238 2515 femur,
1262 2449 1617 2517 potentissime
1655 2449 1847 2521 (Psal.
1883 2453 2068 2523 XLIV).

463 2533 623 2588 ‘Diclt
674 2536 856 2600 enim,
915 2538 1187 2609 accingere
1238 2539 1417 2610 gladio
1472 2551 1565 2596 tuo
1596 2581 1612 2608 ,
1665 2545 1986 2613 metaphora
2040 2559 2072 2598 a

477 2625 739 2681 bellatore
791 2639 1089 2699 concepta,
1145 2633 1237 2700 qui
1290 2634 1648 2690 dimicaturus
1703 2636 1886 2707 gladio
1945 2640 2067 2693 cin-

478 2715 642 2785 gitur,
693 2724 756 2771 ut
801 2726 1114 2787 prosternat
1165 2721 1465 2779 inimicum.
1528 2725 1636 2781 Sed
1691 2727 1780 2781 hic
1832 2727 2069 2799 gladium

477 2821 789 2864 sermonem
830 2810 1234 2878 pradicationis
1263 2814 1522 2871 debemus
1559 2819 1827 2888 accipere.
1862 2821 1937 2874 De
1965 2837 2072 2890 quo

455 2897 596 2966 ipse
639 2898 696 2953 in
741 2899 1040 2972 Evangelio
1082 2910 1348 2958 testatur:
1399 2903 1524 2960 Non
1568 2909 1680 2962 veni
1723 2927 1900 2979 pacem
1947 2913 2070 2965 mit-

469 2998 585 3041 tere
628 2989 685 3042 in
722 2999 950 3057 terram,
999 2993 1090 3046 sed
1130 2993 1368 3063 gladium
1407 2995 1643 3067 (Matth.
1693 2999 1787 3071 x).
1825 3001 1895 3055 Et
1929 3001 2073 3070 Apo-

485 3080 659 3134 stolus
698 3081 871 3136 dicit:
908 3081 980 3136 Et
1021 3083 1257 3154 gladium
1287 3087 1533 3156 spiritus,
1576 3090 1716 3160 quod
1751 3101 1826 3146 est
1865 3092 2072 3146 verbum

489 3171 586 3225 Dei
627 3171 805 3244 (Eph.
837 3175 954 3247 vr).
998 3173 1220 3233 Gladius
1267 3189 1449 3236 autem
1490 3196 1672 3238 sermo
1720 3184 1815 3239 Dei
1850 3186 2070 3253 dicitur,

2173 1996 2396 2051 obviare
2420 2013 2433 2050 :
2467 2010 2661 2052 aversa-
2696 2009 2824 2050 vero
2861 1996 3020 2050 hasta
3048 2000 3466 2063 persequentem
3495 1992 3664 2048 ferire
3691 2001 3779 2048 est

2175 2087 2443 2142 furentem
2487 2085 2778 2156 tranquille
2811 2100 2880 2140 ex
2908 2084 3232 2154 quibusdam
3269 2092 3493 2155 tangere
3525 2091 3581 2139 et
3615 2081 3777 2154 quasi

2178 2181 2450 2250 parcendo
2491 2193 2768 2249 superare.
2808 2175 3011 2232 Asahel
3038 2183 3222 2230 autem
3257 2175 3504 2245 protinus
3550 2190 3778 2232 occum-

2173 2269 2253 2324 bit
2279 2287 2291 2322 :
2322 2269 2452 2339 quia
2503 2275 2790 2323 commotae
2835 2274 3048 2322 mentes
3087 2266 3214 2320 dum
3247 2273 3303 2320 et
3329 2266 3482 2336 parci
3513 2265 3618 2324 sibi
3653 2282 3776 2323 sen-

2174 2359 2339 2424 tiunt,
2372 2366 2427 2413 et
2456 2365 2639 2414 tamen
2669 2371 3056 2428 responsorum
3093 2355 3307 2412 ratione
3332 2355 3388 2412 in
3419 2356 3632 2412 intimis
3671 2359 3778 2414 sub

2157 2448 2571 2518 tranquillitate
2614 2455 2934 2517 tanguntur,
2976 2447 3046 2502 ab
3079 2461 3165 2510 eo,
3202 2447 3346 2517 quod
3371 2462 3430 2502 se
3455 2457 3776 2513 erexerant,

2173 2541 2365 2596 statim
2408 2541 2628 2596 eadunt.
2655 2538 2764 2605 Qui
2801 2554 2928 2608 ergo
2964 2553 2995 2594 a
3028 2537 3258 2600 fervoris
3289 2537 3388 2594 sui
3431 2538 3636 2607 impetu
3676 2538 3781 2594 sub

2175 2633 2416 2688 lenitatis
2450 2632 2800 2704 percussione
2835 2630 3100 2696 resiliunt,
3139 2629 3299 2701 quasi
3327 2629 3450 2686 sine
3473 2628 3624 2688 ferro
3652 2644 3778 2684 mo-

2174 2725 2406 2779 riuntur.
2460 2723 2625 2780 Coxat
2673 2723 2828 2793 quasi
2873 2720 3175 2791 conjunctae
3223 2736 3356 2778 axes
3407 2720 3680 2776 dicuntur.
3711 2718 3780 2773 In

2175 2817 2306 2886 ipsis
2335 2817 2482 2870 enim
2507 2816 2716 2871 femora
2745 2823 3054 2882 moventur,
3078 2831 3308 2886 quorum
3336 2829 3570 2869 concava
3597 2822 3782 2869 verte-

2173 2906 2272 2960 bra
2299 2915 2603 2962 vocantur-z
2629 2907 2758 2974 quia
2779 2907 2836 2960 in
2862 2907 2942 2962 eis
2959 2907 3142 2976 capita
3159 2905 3435 2961 .femorum
3462 2913 3774 2960 vertuntur.

2176 2995 2513 3068 Sulfragines
2535 2996 2812 3063 dicuntur,
2839 2998 3184 3066 quia-subtus
3208 2995 3550 3065 franguntur,
3583 2995 3641 3050 id
3665 3004 3776 3059 est,

2174 3085 2482 3153 flectuntur,
2512 3102 2622 3142 non
2646 3102 2830 3157 supra,
2859 3087 3086 3143 sicutin
3117 3087 3378 3144 brachiis.
3416 3085 3606 3144 Genua
3641 3095 3777 3141 sunt

2175 3181 2584 3236 commissiones
2629 3180 2897 3236 femorum
2923 3189 2978 3237 et
3005 3182 3249 3238 crurium
3275 3201 3288 3236 :
3317 3191 3374 3238 et
3397 3183 3540 3238 dicta
3572 3197 3774 3253 genua,

477 3263 608 3333 quia
635 3266 952 3334 corpulenta
991 3269 1138 3324 vitiis
1166 3273 1331 3326 corda
1364 3274 1644 3329 hominum
1672 3277 1783 3331 ictu
1819 3294 1932 3333 suae
1961 3281 2069 3334 vir-
2095 3263 2141 3328 C
2173 3286 2238 3326 eo
2264 3272 2408 3341 quod
2434 3272 2492 3325 in
2516 3283 2674 3328 utero
2701 3273 2813 3328 sint
2837 3273 2990 3343 genis
3016 3274 3284 3344 opposita.
3312 3273 3606 3330 .Cohaerent
3625 3274 3776 3329 enim

479 3355 612 3409 tutis
647 3354 905 3425 irrumpit
933 3375 946 3410 :
986 3374 1088 3413 nec
1123 3369 1300 3430 potest
1335 3363 1676 3421 imbecillitas
1711 3367 1947 3423 humana
1984 3386 2071 3426 re—

475 3445 701 3514 sistere,
743 3448 839 3503 ubi
877 3449 969 3505 illa
1000 3450 1334 3510 fortitudinis
1361 3456 1532 3526 gloria
1563 3459 1813 3530 dignatur
1841 3463 2065 3518 intrare.

474 3535 679 3592 Femur
726 3555 856 3596 vero
904 3541 1336 3601 incarnationem
1387 3549 1659 3620 significat
1685 3549 1899 3608 Domini
1945 3554 2067 3610 Sal—

473 3631 684 3686 wtoris
711 3651 725 3686 :
767 3633 910 3687 sicut
949 3635 1006 3688 in
1043 3633 1242 3692 Genesi
1272 3638 1468 3710 legitur
1495 3659 1508 3694 :
1543 3641 1668 3697 Non
1695 3643 1898 3713 deﬁciet
1927 3647 2070 3716 prin-

453 3738 593 3790 .ceps
625 3739 691 3776 ea:
728 3724 904 3789 Juda,
946 3743 1109 3796 neque
1153 3728 1262 3782 dua:
1309 3729 1375 3783 de
1420 3732 1703 3799 femoribus
1738 3735 1853 3803 eius
1890 3736 2063 3807 (Gen.

476 3813 666 3886 nux).
704 3814 928 3885 Insipso
981 3817 1146 3872 etiam
1199 3821 1456 3890 mysterio
1508 3832 1563 3876 et
1617 3824 1892 3880 Abraham
1938 3826 2068 3881 fecit

448 3947 450 3949 .
469 3903 658 3972 iurare
695 3904 958 3962 famulum
999 3924 1157 3964 suum
1197 3907 1373 3982 (Gen.
1405 3913 1598 3986 xxiv).
1647 3915 1872 3983 Quando
1921 3920 2066 3974 enim

475 4001 621 4048 tacto
665 3994 874 4050 femore
911 3996 1226 4066 subjunxit,
1260 4004 1660 4071 potentissime:
1700 4007 1804 4062 hoc
1843 4008 1962 4074 ait,
2004 4017 2067 4063 ut

471 4086 832 4142 reverendam
859 4087 1289 4146 incarnationem
1321 4095 1604 4161 crederes,
1633 4111 1792 4164 quam
1823 4100 2065 4166 potentia

457 4175 776 4236 divinitatis
827 4183 1140 4250 assumpsit.
1183 4183 1446 4238 Similiter
1493 4187 1926 4255 sapientissimus
1973 4190 2064 4246 ille

475 4265 648 4322 dicit:
703 4267 927 4324 Gladius
970 4273 1089 4339 ejus
1127 4272 1183 4324 in
1235 4273 1430 4338 femore
1478 4275 1663 4344 ipsius.
1715 4277 1832 4344 Quo
1884 4287 2062 4335 tamen

475 4354 807 4424 signiﬁcari,
860 4357 1192 4412 desiderium
1219 4361 1437 4416 carnale
1470 4364 1634 4419 verbo
1663 4364 1759 4420 Dei
1793 4368 2061 4422 constrin-

475 4443 708 4515 gendum
734 4485 750 4510 ,
802 4455 983 4515 potest
1032 4463 1140 4504 non
1190 4450 1484 4522 incongrue
1523 4455 1716 4525 accipi.
1753 4455 1886 4512 Nam
1919 4460 2062 4528 quod

451 4535 745 4605 sequitur,
805 4539 972 4607 specie
1029 4548 1120 4594 tua
1180 4551 1229 4595 et
1277 4541 1668 4612 pulchritudine
1723 4558 1815 4602 tua
1865 4548 2054 4621 (Psal.

2174 3361 2249 3416 ibi
2275 3362 2401 3426 sibi,
2423 3370 2481 3416 et
2506 3370 2734 3433 cognata
2774 3371 2904 3418 sunt
2936 3363 3126 3427 oculis,
3167 3364 3531 3435 lacrymarum
3559 3363 3778 3428 indiciis

2173 3461 2229 3509 et
2257 3455 2674 3511 misericordia.
2707 3453 2847 3511 Nam
2871 3472 2904 3512 a
2929 3455 3084 3524 genis
3105 3469 3279 3525 genua
3310 3456 3582 3512 dicuntur.
3609 3454 3779 3508 Deni-

2173 3561 2278 3615 que
2316 3546 2706 3617 complicatum
2735 3547 2880 3618 gigni
2907 3546 3241 3616 formarique
3277 3546 3572 3612 hominem,
3613 3544 3689 3601 ita
3713 3552 3777 3598 ut

2172 3653 2346 3707 genua
2369 3652 2584 3693 sursum
2607 3639 2735 3704 sint,
2759 3638 2954 3708 quibus
2973 3638 3117 3694 oculi
3136 3637 3458 3704 formantur,
3484 3646 3548 3694 ut
3563 3639 3684 3704 cavi
3705 3652 3775 3693 ac

2173 3730 2445 3785 reconditi
2471 3729 2623 3784 fiant.
2669 3727 2822 3784 Unde
2866 3729 3113 3785 Ennius:
3139 3727 3307 3800 Atque
3343 3742 3514 3798 genua
3545 3727 3774 3797 compri—

2170 3832 2320 3875 munt
2369 3832 2490 3876 arta
2529 3835 2683 3892 gena.
2741 3822 2870 3877 Inde
2896 3831 3012 3891 est,
3058 3820 3203 3891 quod
3247 3819 3498 3876 homines
3525 3820 3652 3874 dum
3699 3818 3772 3872 ad

2168 3926 2342 3984 genua
2387 3928 2445 3968 se
2490 3899 2864 3982 pmsternuni,
2918 3915 3100 3969 statim
3153 3912 3547 3983 laerymantur.
3581 3909 3769 3976 Voluit

2167 4005 2313 4059 enim
2334 4018 2428 4059 eos
2454 4012 2650 4059 natura
2680 4012 2898 4060 uterum
2925 4012 3231 4060 maternum
3262 4016 3648 4066 rememorare,
3674 3999 3765 4056 ubi

2167 4095 2322 4163 quasi
2365 4094 2421 4148 in
2465 4094 2706 4150 tenebris
2747 4094 3028 4161 sedebant,
3076 4102 3367 4162 antequam
3403 4093 3665 4147 venirent
3701 4091 3764 4144 ad

2165 4184 2362 4239 lucem.
2429 4183 2618 4240 Genua
2682 4185 2912 4256 mystice
2975 4184 3380 4241 confessionem
3439 4181 3765 4236 humilitatis

2167 4274 2479 4344 signiﬁcare
2521 4284 2752 4346 possunt
2779 4293 2792 4329 :
2819 4283 2880 4330 ut
2918 4282 3002 4330 est
3039 4274 3192 4332 -illud
3232 4271 3477 4344 Apostoli
3509 4289 3523 4324 :
3553 4269 3760 4335 Flecte,

2163 4369 2360 4439 inquit,
2398 4384 2567 4440 genua
2601 4369 2672 4422 ad
2705 4367 2919 4422 Patrem
2959 4367 3174 4422 Domini
3216 4367 3382 4421 nostri
3406 4363 3542 4419 Iesu
3565 4362 3764 4437 Christi

2159 4460 2380 4531 (Ephes.
2429 4459 2536 4531 ιιι).
2561 4459 2699 4516 Hinc
2721 4470 2776 4515 et
2805 4459 3000 4516 Petrus
3026 4459 3260 4529 procidit
3297 4458 3365 4512 ad
3393 4471 3576 4528 genua
3598 4455 3758 4528 Jesu,

2161 4552 2349 4608 dicens
2373 4571 2385 4606 :
2416 4551 2522 4606 Etsi
2545 4570 2577 4606 a
2599 4568 2702 4617 me,
2736 4551 2981 4617 Domine,
3011 4552 3152 4622 quia|
3165 4551 3320 4608 homo
3349 4558 3593 4620 peccator
3643 4563 3762 4601 sum

465 4642 600 4684 .xuv
621 4626 684 4698 );
744 4628 835 4686 hic
867 4641 1153 4702 utramque
1187 4644 1440 4690 naturam
1489 4639 1726 4707 positam
1780 4617 2060 4699 evidenter
2082 4617 2138 4678 Β
2167 4646 2320 4718 (Luc.
2355 4645 2429 4715 v).
2461 4645 2770 4715 Aliquando
2813 4652 2995 4700 autem
3025 4617 3218 4715 genua:
3261 4617 3567 4713 signiﬁcant
3590 4629 3763 4696 virtu-

445 4720 900 4791 acognoscimus:
957 4732 1019 4778 ut
1072 4726 1280 4795 species
1323 4729 1595 4796 pertineat
1647 4732 1715 4785 ad
1757 4733 2061 4790 humanita-

474 4818 618 4876 tem,
672 4813 1015 4880 pulchritudo
1071 4816 1139 4870 ad
1203 4818 1477 4874 deitatem.
1525 4819 1618 4876 Illa
1659 4821 1806 4876 enim
1852 4826 2062 4894 species

481 4903 857 4968 benedicitur,
913 4907 992 4960 in
1025 4922 1131 4976 qua
1181 4910 1384 4964 mundo
1438 4911 1585 4968 salus
1635 4905 1900 4984 apparuit.
1955 4919 2060 4974 Ista

467 4994 822 5062 pulchritudo
871 4997 1150 5065 aptissime
1209 5001 1628 5068 pronuntiatur,
1681 5006 1823 5061 unde
1877 5008 2059 5064 omnia

473 5086 701 5154 pulchra
729 5127 744 5152 ,
801 5101 1136 5157 quaecunque
1201 5087 1398 5146 decora
1429 5123 1445 5133 α
1468 5101 1612 5148 sunt.
1660 5093 1884 5166 Legitur
1925 5112 2058 5166 quo-

445 5191 582 5244 ique
628 5176 684 5230 in
735 5175 962 5232 Cantica
1011 5179 1346 5236 canticorum
1401 5199 1662 5254 sponsum
1716 5201 1927 5256 sponsae
1977 5190 2060 5244 di-

464 5265 625 5327 .xisse
658 5265 972 5322 :Juncturae
1015 5266 1268 5338 feminum
1323 5281 1565 5339 tuorum,
1617 5276 1754 5328 sicut
1802 5275 2055 5344 monilia,

475 5376 595 5429 qute
658 5360 919 5429 fabricata
984 5371 1106 5417 sunt
1165 5381 1326 5421 manu
1382 5368 1602 5436 artiﬁcis
1662 5366 1866 5439 (Cant.
1904 5369 2052 5440 vu).

475 5447 582 5506 Ubi
631 5451 860 5510 duorum
908 5456 1198 5512 concordia
1250 5458 1568 5527 populorum
1621 5459 1850 5528 spiritali
1904 5459 2056 5528 prole

477 5540 832 5602 fecundorum
907 5547 962 5602 in
1029 5547 1287 5617 iunctura
1366 5549 1626 5606 feminum
1705 5551 2050 5622 designatur.

478 5634 610 5701 Qua:
663 5641 807 5694 sicut
864 5641 1086 5698 monilia
1125 5640 1393 5696 fabricata
1429 5651 1555 5698 sunt
1593 5659 1756 5697 manu
1791 5644 2014 5701 artiﬁcis
2039 5686 2053 5709 ,

473 5725 653 5792 idest,
683 5729 946 5787 ineﬁabili
991 5733 1242 5802 largitate
1285 5733 1582 5789 conditoris
1620 5736 1790 5792 nostri
1821 5736 2052 5792 ﬁrmata.

473 5814 534 5870 In
584 5821 872 5878 monilibus
933 5837 1096 5892 opera
1166 5825 1303 5880 bona
1365 5827 1764 5895 exprimuntur.
1837 5827 2060 5897 Inguina

2167 4746 2277 4792 tem
2308 4737 2453 4792 ﬁdei.
2488 4739 2568 4793 De
2591 4752 2700 4806 quo
2726 4751 2827 4791 vox
2856 4736 3040 4791 divina
3069 4736 3123 4790 in
3149 4735 3293 4792 libro
3327 4733 3533 4804 Regum
3589 4730 3763 4792 ad-E—

2163 4828 2293 4884 liam
2321 4830 2641 4898 prophetam
2669 4829 2780 4883 ait:
2813 4827 3021 4897 Reliqui
3048 4828 3177 4880 mihi
3202 4837 3397 4896 septem
3427 4823 3603 4879 millia.
3624 4825 3761 4877 uiro-

2151 4935 2308 4984 rum,
2337 4919 2428 4987 qui
2468 4935 2572 4972 non
2593 4926 2941 4972 curvaverant
2980 4934 3151 4987 genua
3180 4934 3278 4978 sua
3316 4925 3436 4976 ante
3464 4914 3604 4972 Baal
3629 4912 3758 4986 (III

2166 5007 2301 5078 Reg.
2333 5005 2471 5079 xxx).
2500 5006 2630 5064 Item
2659 5023 2839 5077 genus
2861 5008 3152 5078 aliquando
3176 5008 3570 5078 promelnbris
3596 5006 3757 5066 Chri-

2161 5099 2232 5154 sti
2266 5097 2446 5167 posita
2467 5097 2848 5168 intelliguntur
2873 5119 2885 5155 :
2910 5108 2974 5156 ut
3003 5109 3098 5158 est
3117 5088 3252 5164 illud
3273 5100 3332 5156 in
3354 5098 3583 5170 .psalmo
3609 5115 3624 5150 :
3655 5094 3757 5152 Ge-

2162 5205 2269 5244 nua
2297 5206 2413 5245 mea
2465 5190 2735 5259 inﬁrmata
2796 5201 2917 5248 sunt
2965 5209 3075 5263 prae
3109 5193 3319 5262 jejunio
3355 5188 3527 5262 (Psal.
3579 5189 3758 5257 cvm).

2163 5281 2596 5352 cum‘Evangelio
2619 5290 2758 5338 teste
2783 5282 2999 5356 (Matth.
3027 5284 3126 5355 iv),
3148 5283 3433 5348 doceamr,
3453 5282 3526 5336 40
3565 5279 3758 5336 diebus

2160 5379 2216 5426 et
2237 5370 2308 5425 40
2336 5372 2583 5428 noctibus
2607 5371 2886 5430 Christum
2910 5373 3200 5432 Dominum
3233 5373 3514 5443 jejunasse
3540 5390 3556 5429 :
3581 5384 3757 5445 genua

2162 5471 2344 5518 tamen
2373 5459 2492 5530 eius
2519 5462 2792 5520 inﬁrmata
2827 5478 2949 5520 esse
2985 5479 3094 5522 non
3135 5463 3386 5536 legimus,
3421 5465 3522 5522 sed
3541 5469 3758 5528 stantum

2162 5552 2400 5610 esurisse
2429 5553 2756 5610 declaratur.
2790 5555 2946 5612 Unde
2975 5556 3026 5610 si
3061 5557 3201 5612 hanc
3228 5555 3469 5614 esuriem
3495 5555 3562 5612 ad
3580 5567 3756 5626 genua

2165 5648 2395 5714 referas,
2423 5650 2477 5706 id
2503 5659 2609 5715 est,
2637 5649 2882 5720 corporis
2909 5649 3288 5715 stabilitatem,
3315 5651 3756 5720 quibus-semper

2168 5740 2466 5796 insistimus
2494 5760 2504 5794 :
2536 5748 2714 5810 potest
2741 5731 3099 5810 congruenter
3130 5740 3306 5811 aptari
3337 5741 3517 5802 mima
3546 5758 3566 5796 :.
3586 5734 3754 5803 ne,_-si

2168 5832 2269 5888 hoc
2311 5832 2622 5901 scrupulum
2659 5831 2842 5902 movit,
2870 5830 3068 5891 melius
3093 5844 3272 5901 genua
3294 5833 3364 5892 ad
3383 5830 3755 5903 ipsiusmemf
