4074 6316
241 433 396 500 1τῖ
982 439 1166 486 ιη·

1284 429 1769 493 DE'UNIVERSO
1805 424 2004 486 LIBRI:
2030 426 2213 484 XXII-
2237 457 2307 470 -—
2344 427 2474 483 LIB.
2512 427 2601 481 Vl.

3466 419 3567 475 178

295 551 396 620 lira
417 545 922 640 reserantur-{que
946 559 1137 607 reVera
1179 545 1453 603 inﬁrmam
1482 554 1628 611 sunt,
1667 544 1885 614 quando
1911 541 1966 604 Α
1991 540 2096 607 Qui
2116 541 2298 594 edebat
2331 555 2494 610 panes
2529 554 2692 602 meos,
2733 537 3000 606 ampliauit
3025 532 3309 602 adversum
3337 550 3418 590 me
3449 549 3572 604 sup-

301 636 530 726 apostoii
567 645 1006 720 'ejus‘p‘assione
1069 641 1299 712 dispersi
1351 647 1495 696 sunt.
1553 638 1700 706 Quid
1741 636 1886 701 enim

300 747 427 820 plus
442 735 571 801 esse
595 741 772 814 potuit
789 729 1088 802 inﬁrmius,
1113 743 1277 806 quam
1300 742 1360 788 ut
1386 733 1581 788 Petrus
1631 736 1885 800 negaret,

301 832 361 897 et.
379 830 588 908 reliqua
605 833 845 890 ﬁdelium
859 830 1021 886 turba
1039 827 1310 884 latuisset?
1327 823 1492 880 Talus
1512 824 1686 878 dictus
1705 836 1735 876 a
1757 820 1885 874 talo.

297 929 437 988 Nam
464 929 606 983 talus
634 934 717 983 est
741 924 984 980 eminens
1006 919 1327 977 rotunditas.
1353 916 1508 971 Unde
1533 921 1588 969 et
1613 911 1890 982 fastigium

305 1023 489 1093 templi
514 1020 731 1076 rutundi
757 1019 897 1074 talus
918 1024 1166 1072 vocatur.
1199 1013 1366 1068 Talus
1397 1019 1577 1067 autem
1600 1010 1702 1064 sub
1727 1019 1892 1063 cruce

304 1113 408 1179 est,
462 1114 564 1168 sub
616 1110 720 1166 talo
760 1107 1019 1165 calcanei.
1063 1105 1229 1160 Talus
1274 1104 1436 1158 ﬁnem
1483 1100 1770 1172 cujuslibet
1812 1099 1891 1152 rei

306 1204 611 1277 signiﬁcat:
644 1202 784 1257 sicut
820 1201 934 1270 ipse
976 1199 1162 1254 subest
1213 1195 1464 1251 cruribus
1489 1203 1561 1248 ‘ct
1587 1190 1894 1247 eminentia:

307 1295 570 1366 corporis.
608 1292 758 1349 Unde
800 1291 998 1362 legitur
1036 1289 1202 1344 Jacob
1242 1287 1352 1342 ﬁlio
1389 1301 1487 1341 suo
1517 1283 1713 1352 Joseph
1751 1281 1896 1336 tuni-

307 1405 429 1447 cam
448 1386 674 1441 tala‘re‘m
698 1393 861 1454 atque
881 1381 1201 1454 polymitam
1222 1379 1415 1434 fecisse
1435 1375 1642 1448 (Cenes.
1660 1370 1890 1442 xxxv"),

309 1481 414 1541 hoc
445 1489 554 1544 est,
589 1479 752 1532 vario
798 1477 981 1532 colore
1028 1479 1358 1529 contextam.
1409 1470 1535 1525 Ideo
1581 1466 1768 1521 talaris
1811 1472 1897 1517 tu-

305 1571 434 1628 nica
472 1568 678 1624 dicitur
716 1581 782 1620 eo
813 1565 958 1636 quod
983 1577 1160 1632 usque
1185 1563 1253 1617 ad
1281 1561 1418 1615 talos
1438 1557 1818 1622 descenderet,
1842 1561 1898 1609 et

313 1661 565 1720 manibus
598 1657 824 1714 artiﬁcis
847 1657 986 1711 mira
1009 1663 1153 1710 esset
1173 1653 1438 1708 varietate
1469 1648 1742 1704 distincta.
1769 1643 1900 1711 Quae

313 1757 479 1812 etiam
521 1751 706 1807 tunica
757 1748 1052 1805 secundum
1097 1743 1409 1814 allegoriam
1443 1739 1765 1794 varietatem
1798 1749 1896 1804 po-

1987 632 2365 704 ptantationem
2404 627 2576 702 (Psal.
2604 629 2714 700 IL).
2766 628 2868 694 Qui
2908 627 3058 684 enim
3094 639 3288 696 panem
3317 626 3574 686 doctrinae

1989 724 2056 778 ab
2105 738 2201 778 ore
2238 721 2538 776 Salvatoris
2576 720 2804 790 accepit,
2848 726 2903 774 et
2927 716 3288 774 communiter
3315 730 3439 771 cum
3469 731 3575 774 ctu-

1991 815 2122 870 teris
2163 813 2424 885 apostolis
2453 811 2596 884 apud
2623 827 2745 868 eum
2771 811 2926 876 vixit,
2955 808 3578 880 ignOrantibuseiscum

1989 908 2189 963 ludatis
2238 906 2582 962 machinatus
2630 912 2718 960 est
2765 902 2941 958 scelus
2988 900 3345 971 proditionis,
3397 899 3471 954 ita
3516 904 3579 953 ut

1991 999 2174 1056 osculo
2213 1013 2343 1053 eum
2386 997 2646 1052 traderet.
2686 992 2731 1049 Ο
2771 992 3093 1062 discipulum
3144 992 3392 1054 surdum,
3421 1005 3456 1045 ο
3485 986 3590 1044 ιιι-ρ’

1993 1089 2153 1145 docili
2202 1089 2364 1144 corde
2408 1086 2783 1142 durissimum!
2839 1083 2971 1151 Quis
3011 1082 3156 1137 enim
3198 1095 3322 1136 eum
3356 1095 3387 1134 a
3429 1085 3581 1133 tanta

1993 1181 2195 1251 pietate
2218 1176 2422 1247 aliquid
2449 1177 2668 1232 virtutis
2702 1175 2886 1231 animo
2921 1172 3230 1245 percepisse
3255 1171 3460 1235 credat,
3490 1169 3584 1238 qui

1995 1281 2108 1328 tam
2160 1270 2398 1327 crudelis
2461 1269 2675 1324 exstitit
2722 1267 3035 1338 parricida?
3092 1264 3270 1320 Calcis
3325 1278 3450 1332 pars
3504 1268 3588 1316 est

1994 1364 2191 1436 plantae
2218 1378 2249 1416 a
2285 1361 2425 1416 callo
2477 1374 2675 1416 nomen
2725 1358 2802 1413 illi
2847 1356 3184 1427 impositum,
3231 1370 3340 1425 quo
3387 1361 3588 1408 terram

1995 1455 2310 1511 calcamus:
2353 1451 2480 1506 hinc
2511 1459 2566 1505 et
2609 1450 2914 1504 calcancus.
2978 1445 3184 1510 Solum,
3215 1442 3439 1498 inferior
3463 1456 3590 1512 pars

1997 1546 2171 1618 pedis,
2221 1544 2344 1599 inde
2391 1550 2476 1598 est
2515 1542 2739 1606 dictum,
2788 1540 2914 1609 quia
2949 1552 3016 1593 eo
3039 1546 3201 1593 terrae
3229 1535 3455 1605 vestigia
3490 1534 3593 1588 im—

1999 1639 2308 1708 primimus.
2351 1636 2460 1692 Sed
2488 1643 2544 1691 et
2572 1635 2746 1691 solum
2782 1634 2980 1689 dicitur
3003 1647 3187 1696 omne,
3218 1626 3595 1699 quodaliquid

2003 1729 2256 1794 sustinet,
2305 1728 2463 1798 quasi
2500 1726 2752 1782 solidum.
2791 1724 2944 1780 Unde
2972 1732 3030 1779 et
3050 1732 3195 1778 terra
3224 1721 3423 1784 solum,
3449 1717 3596 1790 quod

310 1845 564 1920 pulcrum
612 1855 679 1896 ex
717 1839 968 1895 omnibus
1020 1834 1270 1906 gentibus
1321 1833 1378 1887 in
1425 1844 1652 1900 corpore
1696 1826 1900 1883 Christi
1929 1899 1976 1920 ﬂ
2003 1829 2198 1877 cuncta
2247 1821 2550 1876 sustineat:
2582 1828 2638 1874 et
2677 1818 2849 1874 solum
2892 1817 3062 1887 pedis,
3103 1815 3249 1885 quod
3274 1822 3444 1868 totam
3471 1826 3596 1866 cor-

313 1899 695 2008 ~congregatum
736 1899 1080 2002 signiﬁcavit.
1127 1927 1260 1981 Item
1307 1923 1415 1978 alio
1463 1899 1625 1976 modo
1663 1899 1978 1987 Ioseph,zB
2005 1916 2156 1987 poris
2200 1915 2397 1970 molem
2437 1922 2638 1984 portat.
2688 1910 2990 1966 Calcaneus
3037 1906 3400 1978 supplantatio
3433 1903 3595 1957 vitio-

319 2031 573 2100 qni'inter
593 2026 790 2080 fratres
816 2021 1066 2078 undecim
1099 2032 1270 2088 usque
1295 2015 1364 2070 ad
1392 2014 1554 2069 ﬁnem
1581 2011 1759 2081 justus
1781 2023 1902 2078 per-

320 2131 601 2177 severasse
648 2115 1001 2176 describitur,
1055 2112 1202 2166 solus
1248 2108 1472 2162 talarem
1522 2104 1763 2159 tunicam
1809 2102 1904 2154 ha-

320 2211 509 2267 buisse
541 2207 880 2264 describitur.
913 2203 1050 2271 Quid
1081 2209 1164 2257 est
1190 2215 1320 2270 ergo
1345 2196 1537 2252 talaria
1563 2195 1769 2258 tunica,
1800 2191 1908 2248 nisi

315 2304 461 2358 actio
504 2297 914 2356 consurhmata?
960 2293 1122 2362 Quasi
1152 2291 1298 2346 enim
1331 2296 1588 2360 protensa
1613 2284 1795 2339 tunica
1828 2289 1910 2336 ta-

293 2393 431 2448 ”lum
467 2389 729 2461 carperis
778 2386 1220 2456 coeperim-cum
1263 2382 1406 2436 bona
1456 2377 1599 2432 actio
1645 2383 1778 2428 ante
1811 2372 1908 2427 Dei

319 2483 512 2540 oculos
555 2489 728 2550 usque
775 2479 844 2534 ad
874 2478 998 2532 vita:
1033 2475 1326 2531 terminum
1353 2485 1453 2527 nos
1487 2469 1634 2538 tegit.
1670 2467 1825 2522 Unde
1858 2472 1913 2519 et

289 2581 419 2644 “per
463 2571 687 2642 Moysen
723 2567 910 2639 (Leuit.
950 2581 1031 2632 ιιι,
1069 2565 1125 2636 7)
1177 2560 1592 2620 cauda‘shostiae
1642 2560 1699 2612 in
1753 2555 1912 2610 altari

305 2663 521 2718 ‘oilerri'
543 2660 872 2732 praecipitur,
895 2665 981 2712 ἰιι
1025 2651 1286 2710 videlicet
1308 2664 1472 2708 omne
1501 2652 1737 2712 bonum,
1771 2645 1914 2716 quod

292 2747 609 2824 "incipimus
633 2793 648 2818 ,
702 2751 864 2806 etiam
909 2746 1298 2818 perseveranti
1356 2743 1466 2799 ﬁne
1524 2741 1913 2812 compleamus.

324 2843 499 2902 Pedes
523 2859 591 2899 ex
611 2851 784 2914 graeca
815 2839 1140 2911 etymologia
1187 2849 1384 2890 nomen
1425 2832 1604 2888 sortiti
1632 2839 1775 2886 sunt.
1809 2829 1918 2884 Hos

293 2936 475 2996 enim
502 2935 674 2991 Graeci
697 2931 1096 3004 podasdicunt,
1129 2928 1256 2998 quia
1282 2925 1506 2980 alternis
1533 2922 1770 2977 motibus
1798 2918 1914 2973 solo

325 3028 581 3086 incedunt
593 3025 898 3082 .ﬁxiJ’edes
909 3035 1129 3078 cursum
1141 3020 1267 3074 vitae
1285 3017 1570 3089 praesentis
1583 3013 1911 3084 signiﬁcant,

329 3121 675 3179 stabilitatem
700 3116 899 3171 mentis
942 3129 1004 3167 ac
1041 3111 1164 3166 ﬁdei
1189 3127 1204 3165 :
1235 3117 1295 3163 ut
1325 3115 1411 3165 est
1438 3107 1566 3161 illud
1597 3107 1653 3160 in
1674 3102 1916 3173 psalmo:

293 3237 299 3244 ί
333 3213 545 3269 Stantes
587 3217 736 3264 erant
774 3206 926 3278 pedes
974 3203 1136 3258 nostri
1164 3203 1219 3256 in
1248 3201 1402 3254 atriis
1466 3198 1568 3251 tuis
1619 3193 1920 3250 Jerusalem

333 3303 506 3376 (Psal.
529 3302 689 3374 cxv);
719 3302 823 3354 hoc
851 3306 956 3363 est,
986 3311 1206 3367 gressus
1232 3306 1457 3364 operum
1478 3297 1790 3346 nostrorum
1822 3285 1920 3340 ﬁr-

303 3406 306 3408 ‘
334 3395 496 3449 miter
533 3397 855 3464 permanent
888 3390 945 3444 in
980 3388 1085 3442 ﬁde
1111 3395 1168 3442 et
1195 3385 1475 3456 religione,
1507 3396 1670 3451 quam
1701 3381 1756 3433 in
1785 3392 1924 3448 pra:-

331 3484 476 3539 senti
512 3491 756 3552 tempore
800 3486 988 3535 sancta
1029 3485 1180 3532 tenet
1203 3474 1469 3530 Ecclesia.
1501 3472 1561 3525 In
1591 3468 1924 3526 contrariam

297 3573 543 3644 partem
593 3573 793 3643 pedum
843 3568 1165 3640 signiﬁcatio
1211 3567 1443 3622 vertitur
1491 3582 1504 3618 :
1548 3572 1611 3618 ut
1660 3571 1744 3617 est
1792 3559 1924 3614 illud

325 3665 708 3736 prepheticum
749 3662 1157 3717 testimonium:
1187 3658 1297 3713 Cur
1344 3657 1656 3711 claudicatis
1706 3662 1925 3722 utroque

328 3754 467 3824 pede
493 3751 612 3823 (ΙΙΙ
636 3751 764 3821 Reg.
787 3752 966 3821 xvm),
996 3752 1107 3804 hoc
1123 3759 1226 3814 est,
1257 3763 1508 3803 sermone
1527 3755 1584 3802 et
1607 3761 1771 3816 opere
1795 3745 1928 3800 estis

291 3843 298 3854 ⁴
331 3844 620 3901 instabiles
652 3851 707 3897 et
743 3842 1009 3906 subversi,
1049 3840 1313 3910 pronique
1355 3838 1424 3892 ad
1457 3837 1680 3891 malum.
1712 3835 1927 3896 ltemjn

297 3963 302 3966 ·
335 3939 546 4009 psalmo
567 3937 636 3991 de
660 3933 858 3990 Judazis
878 3935 1138 4002 scriptum
1174 3939 1258 3985 est
1280 3949 1293 3984 :
1332 3928 1544 3984 Veloces
1569 3927 1722 3997 pedes
1748 3940 1928 3978 eorum

339 4032 408 4085 ad
429 4029 802 4099 e/rundendum
824 4027 1131 4095 sanguinem
1155 4022 1329 4096 (Psal.
1353 4020 1530 4092 cxm).
1558 4019 1730 4074 Pedes
1751 4017 1931 4087 appel-

301 4125 304 4130 ’
337 4121 419 4176 lat
460 4119 667 4176 consilii
707 4131 1047 4189 progressus,
1092 4115 1285 4186 quibus
1328 4116 1394 4170 de
1435 4114 1649 4181 incepto
1675 4109 1928 4181 provehi-

305 4223 308 4226 ’
342 4227 467 4270 mur
491 4214 554 4268 ad
586 4213 762 4267 exitus
784 4226 986 4266 rerum.
1016 4209 1153 4264 Nam
1181 4207 1322 4278 quod
1347 4207 1481 4261 dixit
1507 4203 1723 4266 veloces,
1754 4209 1932 4256 osten-

345 4303 426 4360 dit
463 4303 849 4358 moderationis
895 4300 1000 4355 illis
1043 4298 1269 4354 consilia
1297 4296 1532 4352 defuisse
1558 4294 1625 4348 ad
1652 4291 1930 4346 eil‘unden-

327 4389 490 4454 ‘dum'
518 4395 854 4465 sanguinem,
897 4392 1325 4448 subaudiendum
1373 4389 1586 4444 Domini
1632 4383 1932 4443 Salvatoris

333 4497 407 4546 'ut
435 4485 727 4543 sceleratae
777 4486 854 4539 rei
895 4491 1109 4539 crescat
1149 4482 1466 4538 immanitas
1502 4479 1752 4534 actionis.
1796 4477 1927 4531 item

343 4579 510 4650 pedes
539 4592 732 4633 cursus
759 4577 884 4630 vitae
911 4575 996 4629 vel
1048 4575 1402 4629 stabilitatem
1431 4571 1631 4627 mentis
1658 4578 1752 4624 aut
1781 4568 1954 4635 ﬁdei,

345 4671 490 4726 utin
529 4669 744 4724 Psalmo
777 4687 790 4722 :
830 4668 1031 4737 Perfice
1071 4683 1278 4738 gressus
1319 4681 1463 4719 meos
1500 4666 1558 4717 in
1590 4664 1787 4717 semitis
1827 4663 1931 4716 tuis

349 4758 521 4831 (Psal.
551 4759 687 4830 xvi).
718 4755 923 4813 Planta:
951 4773 980 4811 a
1015 4758 1236 4828 planitie
1271 4759 1614 4825 nuncupatas,
1665 4767 1786 4823 quae
1824 4768 1931 4808 non

349 4850 610 4915 rotundae,
644 4850 779 4904 utin
814 4847 1268 4918 quadrupedibus,
1316 4861 1386 4902 ne
1429 4853 1576 4902 stare
1617 4859 1724 4900 non
1763 4844 1935 4914 possit

313 4933 499 5014 ‘bipes
546 4937 726 5005 homo,
783 4943 878 4998 sed
930 4943 1103 5013 planta
1160 4949 1322 5012 atque
1368 4941 1641 5012 longiores
1685 4939 1932 4993 formata:

313 5046 316 5050 '
345 5041 496 5099 sunt,
528 5039 590 5088 ut
611 5033 803 5089 stabile
828 5047 1024 5103 corpus
1051 5032 1344 5088 edicerent.
1372 5032 1510 5087 Sunt
1534 5037 1711 5085 autem
1734 5029 1932 5098 plantae

348 5124 651 5178 anteriores
677 5131 881 5193 partes,
918 5137 1039 5192 qua:
1064 5124 1229 5177 etiam
1261 5123 1328 5177 de
1352 5120 1537 5176 multis
1565 5119 1777 5174 ossibus
1805 5131 1934 5173 con-

347 5222 514 5268 stant.
544 5212 882 5283 ‘Signiﬁcant
923 5213 1117 5283 planta:
1169 5214 1461 5268 terminum
1506 5211 1935 5266 conversationis

317 5313 570 5359 "nostrae.
627 5303 777 5359 Unde
822 5305 1080 5375 scriptum
1126 5312 1210 5359 est
1237 5304 1293 5357 in
1320 5304 1460 5358 Isaia
1489 5303 1554 5357 de
1590 5297 1814 5357 Judaico
1839 5317 1938 5371 po-

311 5405 316 5426 ε
345 5396 480 5464 pulo
507 5413 520 5448 :
553 5395 598 5447 Α
625 5395 810 5464 planta
842 5396 985 5466 pedis
1026 5412 1189 5466 usque
1227 5397 1295 5449 ad
1334 5397 1576 5450 verticem
1619 5411 1722 5448 non
1754 5404 1828 5448 est
1852 5411 1938 5449 sa-

311 5485 569 5541 “nitas'in
591 5503 652 5541 eo
678 5488 813 5558 (Isa.
844 5488 920 5559 1);
944 5490 1048 5544 hoc
1090 5498 1190 5553 est,
1221 5503 1252 5542 a
1273 5501 1487 5542 summo
1507 5502 1679 5558 usque
1706 5487 1772 5542 ad
1792 5503 1940 5542 sum-

311 5584 524 5633 imum.
577 5579 714 5634 Tota
751 5581 897 5637 enim
955 5596 1143 5637 eorum
1189 5580 1532 5635 conversatio
1581 5579 1836 5633 vitiorum
1887 5586 1942 5634 et

323 5680 706 5744 peccatorum
754 5673 954 5728 aculeis
998 5673 1248 5728 confossa
1295 5680 1435 5739 erat,
1476 5684 1577 5726 nec
1599 5671 1804 5725 sanitas
1831 5670 1938 5726 ulla

357 5774 524 5821 rectae
565 5765 699 5820 ﬁdei
735 5773 793 5822 et
831 5767 1095 5822 bonorum
1135 5781 1360 5837 operum
1395 5767 1450 5821 in
1488 5765 1567 5820 eis
1619 5765 1935 5835 apparebat.

359 5855 822 5926 Unde'scriptum
867 5858 1040 5927 est;in
1072 5855 1289 5912 Psalmo
1331 5857 1398 5913 de
1424 5853 1560 5912 Juda
1621 5855 1934 5925 proditore:

2005 2026 2126 2066 rum
2174 2018 2275 2074 est,
2316 2010 2430 2063 sive
2474 2016 2750 2062 extremus
2799 2018 2994 2058 cursus
3039 2001 3184 2055 vitae.
3229 1999 3306 2052 De
3343 1996 3600 2051 calcaneo

2007 2103 2149 2158 enim
2179 2103 2234 2156 in
2256 2101 2517 2171 psalterio
2542 2100 2607 2154 de
2631 2096 2830 2166 iniquis
2859 2095 3122 2163 scriptum
3147 2098 3264 2145 est:
3290 2087 3402 2158 Ipsi
3426 2084 3603 2140 calca-

2012 2212 2168 2251 neum
2196 2210 2370 2248 meum
2391 2192 2734 2246 observabant
2773 2187 2945 2259 (Psal.
2971 2184 3082 2256 ιν).
3125 2181 3241 2236 Mos
3277 2181 3380 2234 iste
3413 2176 3604 2232 diabo-

2011 2285 2147 2340 lieus
2171 2294 2277 2349 est,
2323 2283 2408 2338 vel
2457 2294 2667 2342 eorum,
2717 2279 2809 2346 qui
2858 2275 3093 2330 ministri
3131 2272 3302 2342 ipsius
3341 2283 3461 2324 esse
3505 2281 3604 2322 no-

2009 2386 2240 2434 scuntur
2273 2395 2284 2428 :
2327 2381 2385 2429 ut
2411 2373 2750 2434 calcaneum,
2793 2366 2847 2421 id
2879 2373 2986 2429 est,
3034 2363 3224 2418 ultima
3260 2368 3447 2415 nostra
3475 2358 3606 2411 insi-

2014 2469 2165 2525 diosa
2212 2464 2509 2521 calliditate
2567 2459 2898 2530 respiciant:
2928 2456 3071 2511 sicut
3121 2449 3358 2522 serpenti
3413 2463 3443 2502 a
3493 2447 3601 2501 Do-

2011 2565 2164 2619 mino
2179 2561 2498 2633 praedictum
2527 2564 2611 2621 est
2640 2573 2653 2607 :
2686 2552 2794 2607 Illa
2826 2562 2976 2605 tuum
3005 2545 3293 2603 observabit
3324 2535 3478 2612 caput
3504 2557 3522 2592 :
3541 2547 3600 2594 et

2016 2664 2075 2707 tu
2119 2631 2455 2706 insidiabcris
2497 2645 2745 2701 calcaneo
2798 2643 2912 2711 eius
2965 2635 3116 2711 (Gen.
3155 2636 3264 2706 ιιι).
3301 2632 3432 2689 Scit
3461 2631 3602 2685 enin;

2016 2741 2264 2800 diabolus
2301 2739 2532 2795 ﬁnitima
2569 2745 2754 2791 nostra
2788 2731 3044 2803 judicari,
3073 2736 3130 2783 et
3150 2727 3268 2797 ipsa
3307 2723 3422 2777 vult
3450 2733 3608 2777 ever-

2020 2845 2155 2900 tere,
2200 2841 2260 2888 ut
2295 2831 2567 2903 possimus
2612 2827 2682 2881 ad
2718 2832 2904 2880 reatus
2940 2820 3254 2877 discrimina
3303 2816 3608 2887 pervenire.

2020 2925 2260 2994 Vestigia
2301 2923 2469 2986 enim,
2502 2920 2700 2991 quibus
2731 2913 3063 2972 transeundo
3089 2911 3320 2982 pedibus
3353 2907 3612 2964 indicium

2017 3016 2301 3070 transitus
2335 3011 2508 3066 nostri
2538 3008 2916 3077 relinquimus,
2950 3001 3238 3072 aliquando
3265 2997 3614 3054 stabilitatem

2022 3106 2283 3159 virtutum
2314 3101 2543 3172 mystice
2571 3098 2877 3168 designant,
2909 3102 2968 3148 ut
2998 3102 3085 3149 est
3112 3086 3245 3146 illud
3270 3089 3327 3143 in
3354 3086 3571 3142 Psalmo
3599 3102 3612 3113 ·

2029 3195 2096 3250 Ut
2135 3211 2238 3250 non
2287 3201 2598 3248 moveantur
2636 3189 2852 3259 vestigia
2898 3201 3014 3240 mea
3063 3180 3238 3256 (Psal.
3279 3180 3415 3250 ιιι).
3469 3177 3539 3231 Et
3559 3177 3618 3232 in

2029 3287 2188 3342 aliam
2230 3294 2442 3356 partem
2486 3282 2814 3338 translatum
2842 3279 3057 3334 devium
3087 3283 3432 3346 peccatorum
3463 3285 3619 3325 mon-

2027 3387 2182 3445 strat,
2223 3387 2285 3433 ut
2321 3386 2406 3432 est
2449 3375 2622 3430 illud:
2655 3372 2864 3427 Transit
2904 3371 3004 3424 iter
3027 3368 3329 3438 impiorum,
3367 3373 3619 3433 tanquam

2027 3473 2298 3543 vestigium
2336 3468 2480 3525 navis
2513 3466 2664 3540 (Sap.
2687 3467 2772 3538 ιι).
2822 3463 3010 3534 Neque
3055 3462 3324 3518 silendum
3362 3458 3621 3522 arbitror,

2029 3562 2173 3634 quod
2205 3563 2262 3617 in
2287 3575 2514 3630 corpore
2545 3565 2735 3614 nostro
2759 3565 2860 3612 est.
2894 3554 3153 3622 Quaedam
3179 3561 3388 3608 tantum
3410 3550 3620 3606 utilita-

2032 3656 2104 3712 tis
2130 3669 2295 3710 causa
2324 3653 2470 3708 facta
2501 3660 2648 3717 sunt,
2682 3659 2744 3705 ut
2779 3649 2991 3704 viscera
3016 3663 3029 3701 :
3058 3647 3303 3717 quaedam
3333 3653 3391 3700 et
3413 3643 3622 3698 utilita-

2032 3748 2104 3803 tis
2132 3755 2187 3802 et
2221 3745 2456 3810 decoris,
2489 3752 2553 3798 ut
2581 3757 2776 3800 sensus
2804 3742 2862 3796 in
2890 3740 3050 3806 facie,
3081 3748 3135 3795 et
3169 3739 3225 3793 in
3251 3752 3480 3808 corpore
3508 3750 3622 3792 ma-

2034 3853 2136 3892 nus
2159 3851 2224 3891 ac
2243 3835 2427 3905 pedes,
2459 3850 2688 3903 quorum
2715 3834 3083 3890 membrorum
3114 3839 3169 3886 et
3194 3829 3402 3886 utilitas
3421 3843 3620 3897 magna

2034 3937 2134 3992 est,
2177 3936 2232 3982 et
2261 3925 2469 3995 species
2490 3925 2871 3980 decentissima
2900 3943 2912 3978 :
2945 3924 3192 3992 quadam
3223 3929 3431 3975 tantum
3455 3921 3617 3976 deco-

2035 4019 2132 4084 ris,
2168 4025 2228 4072 ut
2258 4016 2508 4071 mamillae
2538 4017 2595 4070 in
2623 4017 2778 4081 viris,
2804 4025 2861 4070 et
2896 4015 2950 4070 in
2985 4025 3217 4082 utroque
3239 4028 3371 4067 sexu
3401 4013 3620 4067 umbili-

2036 4124 2132 4163 cus
2155 4126 2168 4161 :
2195 4108 2441 4178 quagdam
2463 4107 2822 4173 discretionis,
2845 4115 2905 4160 ut
2928 4106 2982 4159 in
3005 4105 3138 4158 viris
3158 4103 3432 4174 genitalia,
3457 4103 3628 4159 barba

2035 4199 2268 4271 prolixa,
2318 4207 2508 4267 pectus
2547 4198 2784 4268 amplum
2814 4217 2826 4251 :
2858 4198 2913 4253 in
2953 4197 3273 4252 mulieribus
3301 4197 3448 4252 lenes
3475 4212 3626 4268 gente

2037 4297 2395 4361 etangustum
2409 4297 2618 4358 pectus,
2635 4290 2701 4344 ad
2727 4289 3112 4360 concipiendos
3138 4297 3192 4344 et
3211 4289 3505 4360 portandos
3525 4287 3627 4345 ιω-

2036 4393 2145 4450 tus,
2177 4398 2337 4439 renes
2360 4390 2415 4438 et
2439 4383 2610 4439 latera
2640 4381 2884 4437 dilatata.

2679 4473 2908 4529 CAPUT
2946 4473 3010 4528 II.

2324 4567 2403 4620 De
2423 4566 2527 4620 situ
2553 4575 2600 4618 et
2623 4565 2804 4619 habitu
2832 4566 3050 4619 humani
3080 4566 3332 4636 corporis.

2111 4656 2272 4712 Stare
2305 4655 2563 4719 hominis,
2597 4655 2649 4707 in
2679 4654 2785 4707 ﬁde
2813 4657 3113 4710 consistere
3139 4653 3429 4723 signiﬁcat,
3459 4657 3517 4706 ut
3563 4653 3621 4706 in

2039 4746 2299 4817 Apostolo
2330 4763 2341 4797 :
2377 4742 2523 4797 State
2558 4745 2616 4796 in
2655 4743 2757 4810 ﬁde
2783 4740 2834 4812 (Ι
2879 4741 3003 4795 Cor.
3027 4741 3162 4812 xvr).
3199 4739 3512 4804 Ambulare,
3554 4740 3624 4795 ad

2039 4841 2208 4895 Deum
2232 4837 2470 4900 tendere,
2501 4841 2562 4888 ut
2589 4834 2642 4887 in
2671 4832 2880 4903 psalmo
2911 4850 2924 4886 :
2959 4833 3030 4886 Et
3064 4830 3397 4885 ambulabam
3421 4833 3477 4886 in
3503 4831 3628 4886 lati-

2039 4932 2220 4986 tudine
2245 4928 2418 5001 (Psal.
2444 4926 2656 4999 cxvm).
2699 4925 2921 4990 Sedere,
2967 4925 3022 4980 in
3059 4925 3170 4978 Deo
3216 4924 3496 4980 humiliter
3531 4939 3622 4981 re-

2039 5025 2344 5094 quiescere,
2368 5022 2506 5076 utin
2529 5019 2823 5090 Evangelio
2851 5038 2863 5072 :
2902 5015 3008 5071 Vos
3035 5027 3209 5072 autem
3236 5017 3406 5073 sedete
3424 5019 3481 5073 in
3502 5019 3629 5073 ciui-

2037 5123 2162 5169 tate.
2195 5113 2262 5168 Et
2303 5114 2358 5167 in
2401 5112 2540 5166 libro
2571 5111 2779 5180 Regum
2809 5108 2876 5163 de
2904 5107 3073 5163 David
3103 5108 3304 5163 dicitur
3334 5127 3347 5162 :
3378 5107 3628 5180 Seditque

2036 5228 2214 5267 coram
2239 5211 2462 5265 Domino
2487 5207 2574 5280 (ΙΙ
2605 5206 2728 5277 Reg.
2773 5203 2891 5276 vn).
2938 5204 3165 5271 Iacere,
3208 5213 3302 5259 aut
3339 5204 3486 5260 vitiis
3532 5214 3627 5261 aut

2036 5301 2426 5359 tentationibus
2487 5297 2854 5375 succumbere.
2899 5295 3053 5353 Unde
3112 5296 3308 5366 legitur
3348 5295 3407 5350 in
3447 5295 3627 5352 Evan-

2039 5397 2218 5469 gelio:
2255 5395 2325 5448 Et
2365 5393 2559 5448 invenit
2595 5405 2712 5444 eum
2747 5389 3009 5460 jacentem
3035 5391 3094 5444 in
3121 5389 3253 5443 lecto
3277 5387 3471 5462 (Marc.
3499 5385 3622 5463 vn).

2043 5487 2297 5549 Currere,
2327 5485 2382 5538 in
2411 5481 2664 5552 cperihus
2691 5481 2846 5537 bonis
2869 5480 3196 5550 prosperari.
3232 5478 3290 5532 ln
3317 5476 3576 5549 Apostolo
3601 5495 3619 5533 :

2047 5582 2138 5638 Sic
2171 5581 2381 5643 currite,
2413 5587 2468 5632 ut
2495 5577 2940 5649 comprehendatis
2969 5576 3021 5648 (Ι
3052 5578 3174 5632 Cor.
3206 5577 3303 5650 ιι),
3336 5577 3405 5633 Et
3426 5577 3484 5632 in
3508 5591 3622 5632 ma-

2043 5673 2149 5727 lam
2175 5679 2386 5742 partem
2411 5685 2425 5723 :
2455 5670 2621 5724 Pedes
2649 5686 2830 5725 eorum
2857 5669 2927 5723 ad
2955 5668 3150 5722 malum
3181 5679 3401 5723 currunt
3430 5665 3614 5739 (Prov.

2037 5763 2104 5835 ‘1).
2152 5762 2451 5827 Ascensus,
2508 5759 2782 5830 profectus
2830 5759 2886 5813 in
2937 5759 3184 5814 Domino.
3250 5757 3310 5812 in
3363 5756 3612 5826 psalmo:

2046 5856 2302 5910 Ascensus
2329 5852 2561 5921 in;corde
2586 5867 2680 5905 suo
2701 5849 2953 5921 disposuit
2981 5845 3152 5919 (Psal.
3189 5843 3439 5910 Lxxxm).
3469 5842 3537 5899 Et
3562 5843 3617 5899 in
