4074 6316
368 426 465 484 181

1336 435 1452 492 ΒΕ
1491 434 1840 495 UNIVERSO
1876 436 2060 496 LIBRI
2096 436 2262 496 XXII.
2303 470 2373 481 —
2407 436 2534 497 LIB.
2577 438 2685 499 VII.

3532 450 3634 508 ιω

362 537 605 614 puritate
635 556 650 594 :
681 538 751 596 de
773 554 882 645 quo
905 538 1169 645 bominus
1198 544 1267 605 ad
1297 546 1614 645 prephetam
1660 550 1737 604 ait
1764 569 1777 605 :
1805 546 1952 606 Puer
2055 551 2213 608 heres
2233 568 2264 613 a
2291 550 2456 627 pube,
2488 553 2541 610 id
2559 564 2664 624 est,
2702 570 2734 615 a
2764 557 3012 631 pudenda
3045 558 3291 630 corporis
3316 569 3472 637 parte
3496 578 3638 620 nun-

366 648 516 699 meus
543 647 596 686 es
630 639 687 685 tu
713 645 733 684 :
766 630 875 687 noli
904 634 1083 689 timere
1111 634 1246 709 (Jer.
1277 636 1316 711 ι)
1345 651 1358 691 :
1384 638 1508 695 dum
1542 639 1654 711 jam
1683 639 1948 698 Jeremias

365 723 524 795 longe
546 718 793 794 pueritiae
814 724 1132 781 excessisset
1160 742 1349 783 annos.
1377 728 1518 783 Puer
1542 731 1766 804 mystice
1793 731 1950 789 Chri-

367 823 485 872 stus
510 813 848 885 intelligitur,
876 824 938 871 ut
966 816 1019 871 in
1051 817 1342 890 Evangelio
1374 840 1385 874 :
1418 814 1563 881 Puer
1589 833 1764 879 autem
1790 823 1947 881 Iesus

365 906 624 962 crescebat
652 907 803 979 (Luc.
828 907 911 981 ιι).
945 909 1075 966 Item
1098 910 1152 966 in
1184 914 1379 967 malam
1406 922 1634 984 partem.
1665 916 1807 971 Puer
1831 933 1949 972 cen-

361 1000 480 1054 tdm
522 1012 811 1064 annorum,
854 999 907 1055 id
944 1010 1047 1067 est,
1095 1012 1350 1072 peccatur
1387 1006 1639 1075 perfectae
1685 1008 1944 1075 stultitiae,

358 1100 421 1144 ut
450 1091 505 1146 in
533 1088 673 1145 lsaia
699 1108 713 1144 :
750 1090 1015 1156 Quoniam
1032 1110 1163 1163 puer
1186 1104 1391 1149 centum
1414 1114 1672 1155 annorum
1700 1100 1949 1155 morietur

361 1179 521 1252 (Isai.
582 1180 731 1254 va).
775 1181 935 1237 Pueri
965 1185 1136 1238 sancti
1178 1187 1428 1256 appellati
1456 1205 1484 1243 a
1514 1191 1768 1260 puritate,
1808 1192 1948 1248 utin

357 1272 538 1327 Isaia:
569 1272 705 1327 Ecce
750 1291 844 1343 ego
877 1284 925 1328 et
964 1279 1131 1346 pueri,
1172 1294 1300 1349 quos
1342 1280 1483 1334 dedit
1519 1283 1647 1338 mihi
1691 1283 1947 1339 Dominus

361 1362 518 1434 (Isai.
564 1362 790 1437 vm).Et
825 1365 877 1418 in
914 1365 1073 1419 aliam
1122 1376 1375 1438 partem:
1411 1367 1588 1424 Nolite
1630 1373 1782 1444 pueri
1820 1376 1946 1444 effici

358 1455 618 1522 sensibus,
647 1463 751 1511 etc.
786 1455 838 1526 (I
862 1454 985 1510 Cor.
1017 1458 1152 1526 XIV).
1184 1457 1366 1513 Puella
1391 1469 1472 1514 est
1494 1459 1715 1529 parvula
1750 1503 1763 1528 ,
1791 1464 1945 1533 quasi

358 1548 579 1619 pupilla.
618 1547 771 1604 Unde
803 1549 1035 1621 pupillos
1074 1566 1180 1605 non
1221 1568 1321 1622 pro
1362 1553 1688 1619 conditione,
1723 1555 1817 1611 sed
1848 1572 1946 1627 pro

324 1638 519 1696 aetate
564 1642 757 1712 puerili
807 1656 1083 1697 vocamus.
1134 1642 1328 1715 Pnpilli
1377 1654 1558 1700 autem
1606 1648 1757 1714 dicti,
1793 1650 1945 1718 quasi

361 1732 479 1785 sine
508 1732 702 1797 oculis,
744 1732 845 1788 hoc
880 1741 981 1798 est,
1029 1749 1059 1786 a
1099 1735 1413 1803 parentibus
1455 1737 1592 1793 orbi.
1648 1737 1712 1791 lli
1765 1747 1946 1795 autem

358 1834 489 1876 vere
536 1823 723 1894 pupilli
766 1823 1042 1890 dicuntur,
1081 1840 1307 1894 quorum
1334 1834 1516 1896 patres
1544 1836 1669 1883 ante
1694 1828 1944 1886 decesse-

359 1921 508 1978 runt,
557 1922 718 1983 quam
763 1914 831 1971 ab
874 1915 960 1969 his
1006 1929 1202 1970 nomen
1242 1917 1548 1989 acciperent
1577 1935 1591 1971 :
1620 1919 1801 1974 caeteri
1823 1921 1942 1976 orbi
1971 1908 2021 1969 Β

362 2011 646 2061 vocantur.
677 2003 939 2073 Orphani,
968 2005 1019 2059 id
1051 2014 1154 2071 cst,
1196 2006 1286 2076 qui
1310 2015 1362 2061 et
1389 2007 1592 2077 pupilli.
1634 2009 1767 2065 illud
1798 2009 1943 2066 e'nim

356 2094 607 2150 Graecum
623 2110 816 2151 nomen
839 2103 924 2151 est
953 2096 1085 2151 :hoc
1101 2095 1373 2151 Latinum.
1405 2096 1542 2152 Nam
1563 2108 1618 2154 et
1636 2100 1692 2153 in
1711 2101 1940 2173 psalmo,

356 2187 451 2242 ubi
482 2186 696 2259 legitur,
724 2186 923 2265 pupillo
954 2199 1009 2243 tu
1029 2191 1130 2243 eris
1157 2189 1372 2260 adjutor
1394 2189 1566 2263 (Psal.
1592 2189 1690 2266 ιι),
1720 2192 1943 2250 Graecus

355 2277 553 2345 habet,
605 2279 859 2350 orphano.
904 2278 1071 2353 Cujus
1105 2280 1385 2335 sententia:
1433 2281 1555 2337 talis
1597 2290 1681 2338 est
1727 2299 1938 2340 sensus.

354 2366 625 2440 Pupillum
654 2385 781 2425 vero
802 2371 953 2435 dicit,
980 2386 1087 2427 non
1112 2370 1264 2441 cujus
1287 2372 1499 2442 genitor
1522 2374 1758 2431 carnalis
1781 2391 1943 2433 occu-

355 2460 492 2525 buit,
538 2460 632 2515 sed
668 2461 755 2519 cui
791 2472 946 2532 pater
985 2462 1230 2534 sepultus
1263 2471 1347 2518 est
1381 2465 1632 2520 mundus.
1672 2467 1807 2521 Nam
1836 2485 1939 2540 pu-

354 2551 513 2622 pillos
541 2550 742 2607 multos
771 2553 1012 2609 invenies
1036 2556 1255 2610 orbatos
1278 2563 1432 2624 patre
1462 2556 1681 2624 visibili,
1725 2566 1781 2612 et
1816 2568 1943 2613 sunt

355 2640 675 2714 blasphemi,
708 2642 1052 2717 obligatores,
1084 2656 1139 2702 ct
1165 2647 1308 2717 quod
1334 2647 1389 2700 in
1422 2646 1513 2701 illa
1543 2657 1701 2703 aetate
1725 2651 1941 2707 creber-

356 2732 554 2789 rimum
602 2739 705 2798 est,
753 2733 1036 2791 luxuriosi.
1101 2736 1169 2791 Et
1207 2737 1263 2792 hi
1298 2754 1330 2792 a
1368 2738 1599 2795 Domino
1635 2742 1941 2813 probantur

354 2827 539 2882 alieni.
563 2824 671 2884 Sed
698 2826 765 2887 ab
793 2830 899 2886 illis
925 2832 1143 2904 pupillis
1170 2833 1335 2889 dividi
1371 2850 1477 2890 non
1516 2845 1692 2908 potest
1729 2837 1940 2908 adjuto-

357 2917 502 2971 rium
544 2918 664 2989 Dei,
702 2936 932 2990 quorum
956 2934 1111 3001 pater
1138 2925 1383 2982 diabolus
1413 2926 1466 2981 in
1495 2928 1708 2984 actione
1734 2930 1937 2985 facino-

354 3025 476 3064 rum
496 3012 757 3087 probatur
785 3016 1104 3072 exstinctus.
1134 3019 1197 3073 Et
1222 3020 1459 3088 intende,
1484 3023 1628 3093 quod
1654 3024 1787 3081 dicit
1814 3039 1828 3078 :
1858 3012 1935 3079 Tu

353 3101 456 3185 eris
490 3104 845 3187 adjator:ut,
883 3124 1005 3165 cum
1045 3112 1336 3167 carnaliter
1381 3114 1545 3187 aﬂligi
1592 3115 1775 3172 videas
1818 3133 1931 3183 eos,

353 3209 462 3253 non
492 3196 703 3254 dubites
736 3186 855 3256 esse
883 3202 1208 3261 liberandos.
1241 3206 1373 3261 item
1404 3208 1457 3263 in
1498 3186 1760 3265 l’saltcrio
1801 3212 1935 3269 scri-

348 3294 502 3359 ptum
522 3296 606 3343 est
631 3304 647 3343 :
673 3288 942 3363 Pupillum
965 3303 1010 3347 et
1043 3295 1252 3349 viduam
1278 3298 1520 3368 suscipiet
1547 3313 1564 3350 .'
1587 3309 1634 3354 et
1658 3303 1795 3357 viam
1814 3319 1935 3373 pec-
1960 3262 2011 3327 Ο

350 3390 587 3437 catorum
629 3386 992 3441 exterminabit
1016 3385 1187 3461 (Psal.
1215 3390 1394 3462 cxnv).
1427 3388 1667 3462 Pupillus
1695 3403 1750 3449 et
1778 3394 1938 3455 vidua

326 3474 494 3537 'sunt,
524 3474 616 3543 qui
646 3472 930 3533 Dominum
961 3494 1095 3548 pura
1131 3489 1308 3534 mente
1337 3482 1653 3552 respiciunt,
1683 3485 1937 3542 humanis

346 3560 557 3617 solatiis
587 3562 829 3622 destituti
856 3564 991 3623 :hos
1016 3569 1207 3641 recipit
1234 3571 1484 3630 Christus
1513 3588 1613 3631 suo
1644 3576 1939 3634 munimine

341 3652 722 3717 vindicandos.
748 3655 859 3711 Sed
878 3673 1000 3711 cum
1025 3659 1159 3715 istos
1183 3678 1280 3731 pro
1301 3679 1395 3719 sua
1418 3665 1619 3734 pietate
1649 3670 1937 3739 receperit,

342 3742 650 3809 diabolum,
672 3747 765 3817 qui
800 3757 884 3801 est
920 3750 1006 3804 via
1034 3762 1405 3825 peccaturum,
1442 3760 1843 3826 exterminabit,
1878 3761 1931 3821 id

342 3843 448 3900 est,
477 3851 507 3889 a
542 3836 774 3892 termino
796 3842 951 3913 regni
980 3844 1062 3897 sui
1088 3846 1264 3913 reddit
1300 3848 1553 3911 alienum.
1583 3849 1933 3925 Praegnantes

343 3925 541 3987 animae
570 3928 808 4003 ﬁdelitnn
856 3936 1083 4003 verbum
1130 3938 1222 4011 pel
1267 3955 1438 4010 nuper
1482 3944 1849 4015 concipientes
1877 3955 1932 4005 et

343 4019 578 4097 necdum
621 4021 676 4076 in
706 4037 876 4097 pperc
905 4027 1311 4097 parturientes:
1344 4030 1486 4093 sicut
1513 4033 1568 4099 in
1603 4033 1790 4090 Exodo
1838 4052 1938 4111 pro

346 4114 706 4183 contentionis
727 4112 1041 4185 doctoribus
1066 4116 1263 4189 dicitur
1289 4141 1301 4175 :
1328 4121 1387 4179 Si
1417 4124 1521 4179 duo
1546 4126 1643 4181 viri
1672 4128 1927 4194 rixantes,

345 4214 397 4265 et
436 4208 749 4277 percusserit
794 4208 911 4293 quis
962 4211 1234 4275 mulierem
1277 4224 1653 4286 prwgnantem,
1698 4227 1746 4271 et
1784 4198 1936 4272 abor—

345 4297 512 4353 tivum
538 4297 715 4368 fecerit
745 4297 940 4371 (Exod.
980 4300 1124 4374 xxx);
1161 4303 1211 4361 id
1235 4312 1338 4379 est,
1379 4305 1500 4361 fidei
1533 4308 1761 4364 verbum
1805 4324 1932 4379 per-

347 4386 563 4443 diderit.
590 4387 665 4443 De
691 4388 777 4451 his
819 4406 1053 4462 namque
1075 4376 1358 4455 animabus
1381 4396 1620 4455 fidelium
1648 4414 1747 4469 per
1769 4376 1934 4459 Amos

346 4480 415 4553 de
451 4480 723 4537 haereticis
758 4482 994 4539 dicitur:
1024 4484 1315 4557 Secuerunt
1353 4500 1681 4561 prtcgnantes
1724 4486 1932 4549 Galaad

2051 642 2254 713 cupati,
2280 645 2425 715 quod
2460 644 2577 702 haec
2620 645 2740 705 loca
2776 656 2908 705 tunc
2934 649 3171 721 primum
3195 650 3502 723 lanuginem
3532 654 3634 719 du-

2050 741 2202 788 cunt.
2228 732 2458 803 Quidam
2487 743 2664 791 autem
2692 752 2756 793 ex
2780 738 2938 794 annis
2964 738 3300 813 pubertatem
3320 739 3637 801 existimant

2050 834 2325 893 vocatam,
2370 825 2424 880 id
2459 832 2564 893 est,
2598 842 2721 882 eum
2763 829 3022 899 puberem
3069 844 3209 897 esse,
3241 828 3335 900 qui
3364 826 3432 891 14
3464 845 3637 887 annos

2048 915 2366 988 expleverit,
2411 917 2660 989 quamvis
2708 919 3016 975 tardissime
3054 920 3333 991 pubescat.
3382 918 3637 981 Certissi-

2017 1013 2023 1017 ’
2048 1027 2195 1073 ιιιιιιιι
2227 1013 2485 1084 puberem
2507 1027 2647 1080 esse,
2680 1014 2771 1087 qui
2799 1030 2865 1070 ex
2890 1014 3074 1071 habitu
3103 1015 3351 1085 corporis
3380 1016 3638 1088 puberta-

2018 1104 2025 1109 ’
2052 1110 2156 1158 tem
2180 1104 2439 1171 ostendit,
2470 1114 2525 1159 et
2551 1121 2813 1177 generare
2829 1105 2941 1177 jam
2964 1109 3154 1179 possit.
3180 1107 3466 1181 Puerperte
3483 1116 3635 1174 Sunt,
3668 1118 3679 1125 ‘

2049 1210 2167 1264 quae
2195 1197 2349 1251 annis
2388 1197 2689 1268 puerilibus
2714 1201 2949 1269 pariunt.
2978 1200 3131 1256 Unde
3155 1208 3209 1257 et
3234 1200 3490 1259 Horatius
3514 1201 3637 1257 lan-

2022 1287 2207 1342 datur
2238 1306 2249 1342 :
2282 1286 2467 1343 Prima
2494 1288 2640 1360 prole
2660 1308 2928 1363 puerpera:
2961 1301 3106 1347 nato.
3152 1291 3220 1348 Et
3268 1293 3426 1348 dicta:
3474 1307 3640 1363 puerb

2045 1393 2211 1448 perte,
2251 1379 2336 1435 vel
2362 1382 2506 1451 quod
2549 1392 2703 1452 partu
2750 1394 3063 1457 graventur,
3101 1386 3186 1442 vel
3224 1387 3369 1457 quod
3400 1387 3638 1456 primum

2045 1486 2243 1541 pueros
2269 1472 2503 1542 pariunt.
2536 1473 2689 1530 Unde
2716 1476 2782 1530 de
2808 1488 2980 1532 matre
3008 1476 3307 1535 Salvatoris
3331 1477 3410 1532 ait
3434 1484 3594 1548 poeta
3618 1487 3637 1529 :

2173 1561 2341 1626 Salve,
2361 1569 2533 1615 sancta
2555 1577 2755 1628 parens,
2777 1568 2925 1617 enixa
2948 1580 3195 1631 puerpera
3222 1579 3417 1630 regem.

2045 1669 2378 1726 Adolescens
2418 1670 2596 1726 dictus
2625 1685 2713 1737 eo,
2745 1671 2890 1741 quod
2919 1671 2990 1728 sit
3018 1673 3086 1730 ad
3115 1672 3444 1746 gignendum
3480 1668 3638 1726 adul-

2048 1770 2171 1816 tus:
2202 1762 2315 1817 sive
2343 1778 2372 1815 a
2403 1776 2648 1819 crescere
2673 1771 2727 1818 et
2757 1765 2966 1835 augeri.
3004 1764 3412 1829 Adolescentes,
3447 1761 3636 1818 ﬁdeles

2052 1851 2165 1905 sive
2201 1852 2458 1927 operibus
2497 1851 2869 1924 proﬁcientes,
2908 1860 2967 1909 ut
3004 1854 3059 1909 in
3094 1853 3333 1925 Epistula
3359 1850 3585 1908 Joannis
3618 1867 3633 1903 :

2050 1938 2234 1997 Scribo
2280 1941 2447 2005 vobis,
2506 1941 2888 2009 adolescentes,
2938 1942 3063 2011 quia
3109 1944 3302 1999 vicistis
3346 1940 3636 2011 malignum

2047 2028 2101 2099 (Ι
2129 2027 2290 2085 Joan.
2327 2028 2410 2099 ιι).
2444 2030 2512 2085 Ει
2542 2030 2597 2085 in
2625 2031 2787 2091 aliam
2814 2040 3027 2103 partem
3061 2049 3075 2085 :
3107 2030 3473 2086 Adolescentia
3497 2030 3637 2083 enim

2045 2134 2093 2178 et
2127 2124 2361 2195 voluptas
2402 2144 2535 2181 vana
2572 2136 2695 2189 sunt
2726 2126 2954 2198 (Eccles.
2991 2128 3090 2201 xi).
3125 2126 3347 2183 Iuvenis
3389 2133 3636 2191 vocatus,

2045 2216 2187 2284 quod
2205 2213 2397 2282 juvare
2421 2232 2580 2288 posse
2606 2218 2797 2288 incipit
2824 2235 2836 2270 :
2878 2228 2936 2273 ut
2963 2218 3022 2273 in
3049 2219 3223 2273 bobus
3241 2216 3483 2287 iuvenci,
3513 2230 3639 2271 cum

2045 2319 2077 2358 a
2102 2304 2284 2359 vitulis
2312 2306 2688 2365 discesserint.
2710 2307 2805 2362 Est
2828 2306 2971 2361 enim
2991 2306 3209 2375 juvenis
3236 2307 3293 2361 in
3321 2307 3437 2377 ipso
3464 2302 3641 2361 aetatis

2043 2396 2380 2455 incremento
2414 2399 2652 2468 positus,
2691 2405 2748 2452 et
2774 2398 2841 2453 ad
2870 2396 3239 2455 auxiliandum
3273 2402 3633 2467 praeparatus.

2044 2485 2180 2542 Nam
2220 2487 2411 2561 juvare
2454 2487 2687 2547 hominis
2723 2495 2805 2542 est
2837 2502 3001 2556 opus,
3037 2485 3242 2555 aliquid
3281 2482 3639 2540 conferentis.

2046 2574 2200 2632 Sicut
2224 2590 2405 2634 autem
2439 2577 2746 2633 tricesimus
2782 2576 3035 2647 perfecta:
3066 2575 3243 2631 (etatis
3266 2582 3350 2629 est
3377 2587 3552 2628 annus
3581 2571 3640 2628 in

2046 2667 2374 2731 hominibus,
2434 2669 2509 2723 ita
2551 2668 2603 2722 in
2631 2666 2941 2738 ,pecudibus
2975 2675 3030 2721 et
3059 2666 3114 2720 in
3149 2662 3415 2734 iumentis
3444 2660 3641 2719 tertius

2043 2759 2469 2813 robustissimus.
2501 2757 2734 2812 Juvenes
2765 2756 3071 2828 significant
3108 2753 3318 2809 alacres
3354 2752 3409 2808 in
3442 2752 3637 2819 Deum,

2042 2855 2103 2901 ut
2131 2847 2186 2900 in
2226 2847 2461 2916 Epistola
2500 2845 2765 2901 Joannis:
2802 2843 2984 2900 Scriba
3023 2844 3189 2910 vobis,
3219 2843 3474 2915 juvenes,
3512 2841 3639 2914 quia

2040 2937 2204 3010 fortes
2230 2939 2373 3003 estis,
2403 2948 2450 2992 et
2481 2937 2693 2992 verbum
2718 2936 2817 2991 Dei
2838 2937 2893 2991 in
2916 2935 3055 2990 vobis
3080 2944 3255 2989 manet
3279 2932 3333 3005 (I
3352 2931 3515 2989 Joan.
3548 2931 3633 3006 ιι).

2041 3028 2109 3085 Et
2130 3030 2184 3084 in
2215 3029 2411 3083 malam
2440 3038 2681 3099 partem,
2716 3036 2776 3081 ut
2806 3027 2859 3081 in
2886 3026 3106 3082 Psalmo
3144 3044 3156 3079 :
3189 3023 3418 3079 Iuvenes
3457 3039 3638 3079 eorum

2041 3119 2261 3174 comedit
2284 3120 2419 3191 ignis
2447 3117 2617 3192 (Psal.
2654 3116 2879 3190 Lxxvu).
2907 3116 3146 3172 infantes
3171 3116 3319 3171 enim
3344 3125 3401 3171 et
3425 3113 3639 3170 adoles-

2041 3221 2227 3267 centes
2278 3221 2439 3281 atque
2482 3211 2709 3282 juvenes
2762 3210 2991 3281 mystice
3039 3207 3347 3281 signiﬁcant
3387 3222 3481 3263 eos
3540 3207 3633 3277 qui

2045 3312 2299 3360 crescunt
2330 3304 2384 3358 in
2426 3303 2597 3381 gratia
2625 3302 2751 3367 Dei,
2781 3310 2837 3357 et
2870 3301 3085 3357 fortiter
3111 3301 3371 3356 resistunt
3396 3300 3632 3355 diabolo.

2046 3394 2198 3450 Unde
2216 3392 2455 3451 Joannes
2487 3392 2761 3465 apostolus
2788 3391 2843 3448 in
2867 3392 3104 3463 Epistula
3132 3408 3229 3447 sua
3251 3391 3381 3446 dicit
3410 3409 3422 3443 :
3450 3388 3635 3446 Scribo

2042 3484 2224 3551 vobis,
2296 3485 2679 3550 adolescentes,
2744 3484 2996 3550 quoniam
3068 3482 3260 3536 vicistis
3321 3480 3631 3552 malignum.

2046 3574 2232 3630 Scriba
2257 3574 2415 3641 vobis,
2446 3575 2703 3645 infantes,
2746 3573 2996 3647 quoniam
3041 3572 3351 3644 cognovistis
3394 3568 3631 3624 Patrem.

2045 3660 2229 3720 Scriba
2258 3665 2415 3730 vobis,
2430 3666 2671 3735 juvenes,
2698 3667 2822 3736 quia
2844 3663 3005 3735 fortes
3031 3665 3152 3717 estis
3178 3668 3227 3716 et
3253 3661 3446 3717 vicistis
3471 3661 3630 3715 mali-

2041 3773 2224 3827 gnum,
2258 3766 2303 3811 et
2351 3756 2560 3810 verbum
2589 3755 2689 3809 Dei
2738 3755 2795 3809 in
2836 3754 2975 3809 vobis
3022 3760 3196 3808 manet
3246 3751 3295 3824 (Ι
3339 3751 3500 3807 Joan.
3544 3750 3630 3824 ιι).

2040 3847 2173 3902 item
2210 3848 2264 3901 in
2298 3846 2496 3903 malam
2532 3856 2742 3918 partem
2771 3862 2925 3918 puer,
2963 3844 3278 3904 adolescens
3319 3856 3375 3900 et
3412 3844 3631 3916 juvenis

2040 3939 2204 4009 positi
2234 3938 2599 4008 reperiuntur,
2636 3937 2854 4009 quando
2883 3936 3167 3993 stultitiam
3196 3953 3386 3993 sensus
3414 3946 3507 3992 aut
3534 3949 3630 4008 pe—

2043 4027 2324 4085 tulantiam
2372 4043 2583 4083 morum
2634 4027 2957 4098 significant.
3008 4027 3159 4083 Unde
3202 4028 3461 4098 scriptum
3497 4035 3628 4083 est:

2042 4115 2284 4172 Stultitia
2312 4117 2474 4188 ligata
2504 4128 2577 4171 est
2621 4116 2674 4170 in
2700 4116 2854 4171 corde
2876 4116 3047 4187 pueri,
3078 4126 3125 4172 et
3153 4117 3301 4189 virga
3335 4116 3628 4190 disciplina:

2039 4207 2242 4279 fugobit
2284 4223 2400 4262 eam
2431 4207 2614 4279 (Prov.
2650 4205 2806 4281 xxii).
2854 4206 3005 4264 Unde
3044 4209 3097 4264 in
3143 4208 3280 4266 libro
3313 4209 3519 4283 Regum
3562 4211 3630 4267 de

2036 4298 2277 4355 Roboam
2300 4299 2517 4372 legitur,
2550 4300 2693 4370 quod
2716 4299 2905 4356 relicto
2928 4300 3199 4358 seniorum
3222 4303 3449 4359 consilio
3474 4318 3630 4360 secu-

2037 4401 2124 4448 tus
2152 4392 2222 4449 sit
2246 4392 2667 4450 adolescentium
2683 4392 3007 4463 etjuvenum
3039 4396 3322 4454 consilium
3348 4394 3470 4471 (III
3492 4396 3623 4469 Reg.

2034 4485 2156 4557 xu).
2189 4485 2327 4541 Hinc
2354 4494 2409 4541 et
2433 4486 2724 4557 Apostolus
2748 4486 2948 4558 jubens
2973 4487 3086 4542 ait:
3112 4487 3293 4543 Nolite
3315 4488 3468 4561 pueri
3495 4489 3625 4560 effici

346 4570 528 4643 (Amos
553 4572 612 4644 ι).
645 4570 777 4628 Item
807 4586 1170 4651 praegnantes,
1205 4577 1398 4633 animae
1423 4589 1794 4649 peccatorum,
1838 4597 1932 4639 cu-
2038 4574 2294 4639 sensibus,
2326 4574 2417 4628 sed
2443 4574 2645 4629 malitia
2670 4574 2876 4645 parvuli
2904 4584 3063 4631 estote
3089 4575 3137 4646 (I
3172 4573 3295 4631 Cor.
3324 4575 3458 4647 xtv).
3489 4573 3623 4630 Par-

344 4664 629 4739 piditatum
653 4666 1073 4737 cogitationibus
1101 4667 1291 4739 plenae,
1323 4667 1390 4723 de
1420 4670 1619 4738 quibus
1656 4670 1711 4725 in
1751 4672 1927 4727 Evan-

346 4756 488 4827 gclio
520 4757 746 4811 dicitur:
779 4755 865 4811 Va:
891 4760 1281 4829 prtrgnantibus
1311 4768 1358 4813 et
1385 4760 1727 4814 nutrientibus
1750 4762 1804 4815 in
1827 4761 1929 4818 illis

343 4845 530 4900 diebus
551 4846 764 4919 (Matth.
790 4847 961 4920 xxxv).
986 4848 1228 4915 Pariens,
1257 4865 1388 4905 aure
1410 4850 1589 4905 cordis
1615 4850 1737 4909 lidci
1767 4854 1931 4908 verba

344 4936 678 5011 concipiens,
718 4946 772 4992 et
816 4938 869 4992 in
918 4938 1256 4999 confessione
1293 4939 1377 4994 vel
1416 4955 1578 5015 Opere
1624 4956 1927 5021 generans:

346 5028 487 5083 sicut
524 5027 577 5082 in
607 5027 842 5083 Jeremia
869 5030 934 5084 de
967 5030 1212 5087 ﬁdelibus
1243 5031 1478 5087 dicitur:
1510 5031 1657 5087 Inter
1682 5051 1810 5106 quos
1832 5036 1931 5091 erit

347 5133 518 5172 circus
548 5128 597 5171 et
624 5118 866 5185 claudus,
892 5138 1167 5195 prtrgnans
1190 5131 1238 5174 et
1267 5123 1477 5193 pariens
1499 5121 1715 5195 (Jerem.
1751 5125 1928 5198 χχιι).

341 5202 399 5262 ἰ-ιι
436 5207 632 5262 malam
663 5219 873 5281 partem
900 5230 912 5265 :
942 5206 1185 5285 Concepit
1218 5211 1475 5285 dolorem,
1508 5222 1556 5267 et
1594 5215 1789 5285 peperit
1829 5215 1932 5269 ini-

342 5300 595 5369 quitatem
636 5296 810 5372 (Psal.
835 5300 953 5374 vn).
1000 5301 1417 5370 Primogenitus,
1462 5292 1711 5359 Christus
1737 5304 1802 5359 de
1823 5320 1932 5376 quo

328 5391 401 5469 in
449 5390 566 5473 lege
610 5409 622 5445 :
674 5389 837 5446 Omne
880 5390 1301 5465 primogenitum,
1345 5394 1653 5469 adaperiens
1698 5394 1927 5463 vulvam,

343 5493 588 5537 sanctum
620 5481 840 5538 Domino
871 5484 1142 5539 vocabitur
1172 5483 1366 5558 (Exod.
1398 5485 1540 5554 xm).
1568 5486 1702 5541 Item
1728 5487 1930 5557 primo-

347 5575 587 5649 genitus,
619 5576 848 5646 populus
876 5574 1200 5643 Judaeorum,
1228 5586 1285 5632 ut
1312 5578 1363 5641 in
1390 5578 1651 5650 propheta
1679 5598 1690 5633 :
1721 5575 1930 5635 Primo-

346 5666 554 5739 genitus
588 5680 732 5720 meus
759 5663 928 5720 Israel
956 5662 1151 5740 (Exod.
1180 5666 1275 5739 ιν).
1315 5666 1695 5741 Primogenita,
1745 5668 1932 5743 primi-

348 5750 461 5821 tiva
495 5761 626 5829 vita,
657 5775 755 5832 pro
785 5776 891 5833 qua
928 5762 981 5816 in
1016 5762 1131 5833 lege
1160 5764 1417 5834 scriptum
1446 5772 1527 5820 est
1556 5782 1568 5817 :
1604 5763 1795 5819 Omnia
1824 5762 1931 5833 pri-

352 5851 616 5925 mogenita
654 5850 885 5920 filiorum
922 5836 1128 5907 tuorum
1164 5853 1383 5910 redimes
1412 5851 1613 5927 (Exod.
1643 5852 1787 5924 xm).
1820 5852 1930 5908 Pu-

2035 4670 2191 4723 vulus
2214 4669 2356 4723 enim
2384 4669 2700 4738 intelligitur
2732 4678 2912 4723 mente
2937 4668 3157 4724 humilis
3184 4676 3239 4721 et
3268 4666 3495 4736 simplex
3513 4706 3528 4731 ,
3566 4677 3627 4722 ut

2035 4767 2122 4814 est
2150 4758 2277 4812 illud
2302 4758 2637 4812 Dominicum
2663 4757 3027 4813 testimonium
3057 4758 3111 4810 in
3133 4754 3424 4825 Evangelio
3449 4773 3461 4809 :
3490 4751 3625 4811 Con-

2038 4851 2189 4921 fiteor
2211 4849 2326 4917 tibi,
2357 4847 2580 4903 Domine
2609 4849 2771 4903 Pater
2793 4846 2906 4903 οωιὶ
2935 4858 2982 4902 et
3013 4856 3165 4901 terra;
3194 4859 3213 4898 :
3249 4847 3374 4920 quia
3411 4848 3625 4903 abscon-

2039 4942 2163 4999 disti
2191 4943 2302 4996 lucc
2329 4961 2361 4996 a
2402 4941 2720 5013 sapientibus
2750 4951 2797 4995 et
2818 4938 3182 5013 prudentibus,
3210 4949 3257 4997 et
3296 4938 3530 4995 revelasti
3560 4958 3621 4995 ea

2038 5031 2269 5104 parvulis
2296 5030 2507 5103 (Matth.
2550 5031 2648 5102 xi).
2700 5031 2832 5086 item
2860 5030 3119 5101 parvulus
3144 5030 3305 5085 aliam
3345 5030 3620 5103 signiﬁca-

2035 5123 2236 5179 tionem
2264 5123 2445 5187 habet,
2472 5122 2562 5177 ubi
2584 5122 2784 5177 dicitur
2804 5120 3091 5193 Apostolus
3115 5139 3127 5174 :
3159 5119 3290 5175 Cum
3315 5138 3478 5175 essem
3502 5137 3621 5192 par-

2031 5212 2205 5279 vulus,
2224 5212 2471 5283 loquebar
2494 5222 2546 5265 ut
2561 5211 2833 5281 parvulus,
2865 5211 3127 5283 sapiebam
3143 5221 3199 5265 ut
3221 5212 3491 5284 parvulus,
3525 5229 3615 5267 co-

2030 5301 2259 5373 gitabam
2280 5311 2336 5355 ut
2356 5301 2604 5373 parvulus
2635 5314 2653 5351 :
2684 5317 2801 5354 cum
2823 5309 2996 5356 autem
3024 5301 3197 5372 factus
3218 5320 3335 5371 sum
3363 5303 3472 5371 vir,
3498 5321 3619 5360 eva-

2031 5394 2181 5448 cuavi
2202 5409 2317 5463 qua:
2344 5402 2493 5447 erant
2510 5391 2718 5465 parvuli
2744 5392 2796 5466 (I
2824 5392 2946 5449 Cor.
2970 5395 3115 5468 xm).
3133 5395 3229 5451 Vir
3252 5406 3613 5470 nuncupatus,

2034 5482 2177 5554 quod
2220 5480 2392 5551 major
2422 5482 2474 5537 in
2500 5496 2565 5536 eo
2596 5483 2677 5538 vis
2697 5492 2797 5551 est,
2828 5500 2991 5565 quam
3035 5486 3090 5540 in
3121 5484 3355 5542 feminis.
3386 5486 3540 5544 Unde
3559 5497 3615 5544 et

2031 5576 2206 5630 virtus
2228 5588 2421 5629 nomen
2437 5574 2644 5645 accepit
2664 5594 2675 5628 :
2702 5576 2813 5631 sive
2834 5574 2974 5647 Quod
2999 5577 3049 5631 vi
3068 5585 3191 5649 agat
3210 5576 3486 5635 feminam.
3502 5578 3615 5652 My-

2032 5667 2165 5721 stiCe
2177 5667 2320 5720 enim
2335 5663 2707 5736 vir'aliquando
2721 5666 3030 5739 intelligitur
3040 5666 3395 5738 Christus,cuj
3403 5683 3467 5725 us
3475 5681 3616 5724 uxor

2033 5768 2120 5813 est
2139 5756 2395 5812 Ecclesia.
2421 5756 2571 5814 Unde
2587 5759 2718 5814 dicit
2738 5758 3025 5828 Apostolus
3052 5778 3064 5813 :
3100 5758 3235 5825 Viri,
3258 5760 3457 5830 diligite
3475 5773 3612 5815 ttu-

2035 5868 2117 5908 res
2130 5860 2343 5919 vestras,
2353 5852 2485 5908 sicut
2501 5862 2548 5907 et
2562 5849 2800 5908 Christus
2816 5851 2997 5908 dilexit
3010 5848 3298 5908 Ecclesium
3310 5849 3608 5927 (EphesJ).
