2037 3158
239 254 307 281 item
321 252 683 288 virintelleetusspiritalis
706 255 732 281 in
750 254 863 282 historia
874 253 1033 288 Scriptura-

239 304 299 326 rum
315 298 458 332 accitum.
481 298 598 325 Rursum
610 299 653 327 vir
670 299 782 334 spiritus
795 298 962 334 intelligitur,
983 299 1031 334 qui

238 345 407 381 principatur
415 345 442 372 in
457 345 560 373 anima.‘
569 345 646 374 Unde
656 346 785 374 Dominus
797 347 835 374 ait
845 346 879 374 ad
888 346 1032 374 mulierem

240 390 461 417 Samaritanam:
483 390 645 423 Vade,‘voea
663 393 746 419 virum
768 397 843 419 tuum
864 392 955 427 (Joan.
975 391 1030 427 Iv);

237 436 291 464 hoc
302 440 353 469 est,
367 437 425 464 redi
432 437 469 466 ad
482 437 645 465 intellectum
653 442 742 466 tuum.
754 439 820 468 Item
831 439 874 466 vir
884 439 911 466 in
921 443 1031 466 contra-

237 482 306 509 riam
320 486 425 518 partem
444 484 564 518 ponitur,
585 488 615 512 ut
627 489 670 512 est
691 484 755 512 illud
774 485 801 512 in
819 484 1005 512 Pentateucho
1021 492 1029 511 :

237 527 315 556 Bona
328 529 395 563 faeie
405 526 479 557 ualde
490 531 571 565 virgo,
582 531 661 565 quant
672 531 711 557 uir
723 537 774 557 non
785 534 938 565 cognouerat
951 528 1028 567 (Gen.

237 574 314 609 xxiv)
328 583 334 601 :
349 575 377 602 id
393 578 450 607 est,
464 576 600 610 diabolus,
615 577 660 610 qui
681 576 838 611 plerumque
852 580 971 604 mentem
984 583 1030 604 eo-

237 619 366 654 gitatione
380 621 535 655 corrumpit.
550 620 615 648 Item
629 621 671 648 vir
688 621 813 649 Christus
828 621 987 657 intelligitur
999 622 1029 648 ir:

237 664 283 691 illo
304 665 441 693 Zachariae
456 666 611 693 testimonio
630 676 637 693 :
664 666 732 693 Eece
754 667 846 697 veniet,
865 667 965 702 inquit,
980 667 1028 699 vir,

236 710 313 744 cujus
332 710 425 738 Oriens
436 720 530 739 nomen
543 716 581 739 est
596 710 690 747 (Zach.
701 711 750 747 vr).
765 712 798 739 Et
811 712 873 739 alibi
889 722 895 739 :
912 712 1029 739 Reverti-

236 756 311 788 mini,
331 756 381 790 ﬁlii
401 761 565 789 revertentes,
579 757 643 792 quia
663 765 710 792 ego
733 758 771 783 vir
784 762 866 784 vester
884 757 951 792 (Jer.
975 756 1027 793 ιιι).

236 802 353 829 Rursum
367 803 449 830 vir‘et
462 811 540 836 uxor,
556 802 681 831 Christus
696 808 723 830 et
737 803 867 836 Ecclesia,
879 808 908 831 ut
921 803 949 830 in
958 803 1030 838 Apo-

236 848 323 875 stolo:
339 848 452 881 Propter
464 850 512 876 hoc
529 849 656 884 relinquet
667 850 743 876 homo
755 854 855 884 patrem
868 854 893 876 et
907 854 1028 882 matrem,

235 899 258 921 et
281 895 424 922 adlrmrebit
437 896 514 923 uxori
535 904 600 928 sum,
617 901 642 923 et
659 901 734 923 erunt
751 897 804 923 duo
817 897 846 923 in
864 904 942 923 carne
963 905 1026 923 una.

559 197 589 224 Β.
611 196 741 225 RABANI-
757 194 867 224 MAURI
884 193 1046 224 ΑΒΟΙΠΕΡ.

1060 193 1220 223 ‘MGUN’I‘.
1240 194 1384 224 OPERUK
1401 194 1491 223 PARS
1510 195 1542 224 Il.
1822 195 1875 227 185

1047 254 1073 284 Α
1085 257 1129 280 est
1141 257 1225 287 caput
1232 253 1315 281 totius
1330 253 1615 288 ίιιὶςιήιθιὶδνὰἀυιιεῑ
1630 253 1753 283 diabolus
1766 253 1808 285 rei
1821 254 1878 285 dav

1083 307 1188 333 mones,
1198 303 1232 326 ut
1249 300 1276 326 in
1290 299 1380 327 Isaia:
1395 299 1446 328 vos
1462 304 1549 328 autem
1560 300 1878 336 acceditejliiuugura-

1082 345 1166 377 tricis,
1185 353 1270 372 semen
1280 344 1395 373 adulteri
1404 350 1429 373 et
1440 345 1590 380 [omiserim
1598 345 1671 381 (1³η,-
1680 346 1762 381 ,Lvrr),
1777 346 1879 386 Eoi-ni-

1081 391 1154 419 caria
1176 391 1293 419 carnalis
1307 391 1471 427 propagatio
1493 392 1573 427 plebs.
1588 390 1684 423 Judaea
1702 392 1761 422 sive
1781 386 1878 431 anima

1080 437 1248 473 peccatricis.
1259 437 1397 472 Meretrix,
1413 438 1501 466 anima
1514 439 1662 473 peccatrix,
1671 439 1878 474 quatderelicto

1081 483 1185 511 caelesti
1196 483 1257 511 viro
1267 503 1275 515 ,
1293 483 1320 511 id
1330 488 1388 516 est,
1404 483 1521 517 Christo,
1537 484 1703 517 adulterinos
1716 485 1751 513 de
1768 485 1878 514 diabolo

1080 528 1232 563 iniquitatis
1251 528 1354 557 fructus
1384 529 1502 564 concipit
1521 539 1527 556 :
1544 534 1575 557 ut
1597 530 1627 557 in
1648 529 1769 562 Jeremia
1786 530 1877 557 Fraus

1080 574 1222 602 meretricis
1248 574 1320 609 facta
1342 579 1379 603 est
1400 575 1448 602 tibi
1466 574 1600 610 (lentu).
1620 575 1761 611 Lupanar.
1777 576 1805 604 id
1822 580 1876 608 est,

1080 620 1156 648 locus
1164 620 1366 648 meretriciosus
1375 641 1382 652 ,
1396 621 1564 648 conscientia
1578 621 1695 650 hominis
1713 622 1875 656 peccatoris,

1080 665 1122 693 vel
1139 673 1248 700 corpus,
1262 665 1289 692 in
1302 673 1356 700 quo
1371 666 1537 693 adulterinos
1550 673 1612 693 cum
1632 667 1799 695 dmmorribus
1810 674 1875 702 per-

1080 714 1169 746 petrat
1180 710 1342 739 concubitus
1357 720 1362 737 :
1378 714 1407 738 ut
1421 711 1448 738 in
1464 711 1603 738 Ezechiele
1619 720 1625 737 :
1642 711 1676 738 Et
1688 712 1823 740 destruant
1834 712 1878 740 lu-

1079 764 1166 791 panar
1189 761 1263 784 tuum
1279 756 1386 791 (Each.
1406 756 1473 791 xvr).
1492 757 1591 792 Virago
1613 765 1628 784 a
1654 757 1776 784 viridiori
1795 762 1877 785 relate

1080 802 1151 830 dicta
1163 806 1215 833 est,
1227 801 1297 830 sicut
1312 805 1340 828 et
1351 801 1438 836 virga,
1453 801 1523 829 sicut
1537 806 1566 828 et
1578 802 1671 829 vitula.
1683 802 1767 830 ,Alias
1780 803 1816 831 ab
1835 803 1877 829 irr-

1081 848 1267 882 oorruptione,
1293 847 1370 881 quasi
1393 847 1501 882 virago,
1516 847 1587 882 quod
1610 847 1715 882 ignoret
1728 846 1876 875 femineam

1080 893 1242 928 passionem.
1260 892 1360 927 Virago
1373 896 1482 925 vocata,
1494 893 1558 927 quia
1572 893 1662 920 virum
1673 893 1746 926 agit,
1759 893 1811 920 hoc
1822 897 1875 926 est,

235 940 292 975 Ego
308 945 395 967 autem
410 941 468 968 dico
480 934 511 968 in
528 941 632 969 Christo
648 946 672 969 et
688 942 714 969 in
728 941 847 969 Ecclesia
865 942 972 977 (Ephes.
986 942 1025 978 v).
1042 936 1067 967 Β
1080 946 1161 974 opera
1175 939 1263 966 virilia
1283 938 1366 971 facit,
1379 942 1407 966 et
1423 938 1565 965 masculini
1579 938 1680 973 vigoris
1692 942 1743 966 est.
1763 939 1877 974 Antiqui

235 985 284 1011 Vir
301 989 334 1012 et
343 991 421 1018 uxor,
438 986 527 1013 anima
550 991 578 1013 et
590 994 666 1020 caro,
687 987 733 1014 ﬁlii
749 994 831 1022 opera
851 987 886 1015 ab
904 988 1029 1022 utrisque

235 1032 337 1066 genita,
358 1033 428 1058 utin
443 1032 555 1060 Exodo:
573 1033 675 1060 Serviet
693 1034 740 1060 tibi
752 1042 811 1060 cum
827 1041 909 1061 uxore
922 1039 947 1061 et
964 1034 1028 1068 ﬁliis

236 1075 335 1111 (Exod.
350 1077 417 1112 xxr).
434 1077 499 1104 Item
514 1078 592 1105 viret
603 1086 681 1111 uxor,
698 1079 820 1106 diabolus
832 1083 859 1107 et
872 1079 968 1107 civitas
980 1080 1029 1107 Ba-

234 1121 352 1156 bylonia,
360 1123 412 1150 hoc
423 1126 474 1156 est,
486 1128 635 1152 conventus
648 1125 768 1152 omnium
780 1125 923 1152 malorum.
934 1126 1029 1154 Mulier

235 1172 301 1194 vero
315 1175 330 1194 a
345 1168 465 1201 mollitie,
488 1173 617 1204 tanquam
644 1170 759 1203 mollier,
778 1171 899 1199 detracta
918 1171 1027 1199 [littera

233 1213 276 1241 vel
290 1215 542 1251 mutatu,appellata
555 1221 596 1243 est
610 1217 716 1244 mulier.
732 1217 845 1252 Utrique
861 1217 933 1245 enim
948 1218 1028 1245 forti-

234 1259 327 1287 tudine
339 1260 559 1288 etimbellicltate
568 1268 712 1296 corporum
726 1267 896 1297 separantur.
906 1262 959 1290 Sed
967 1263 1028 1290 ideo

233 1305 351 1332 maxima
374 1305 502 1334 fortitudo
516 1307 581 1340 viri,
606 1308 728 1335 mulieris
747 1308 846 1341 minor,
867 1313 897 1335 ut
921 1309 1029 1343 patiens

233 1350 292 1377 viro
304 1354 394 1379 esset:
411 1352 514 1379 scilicet
528 1360 561 1379 ne
575 1361 589 1379 a
602 1353 709 1380 feminis
720 1353 934 1388 repugnantibus
946 1354 1029 1382 libido

234 1400 343 1432 Cogeret
357 1398 437 1433 _viros
468 1399 539 1426 aliud
565 1403 700 1433 appetere,
721 1404 768 1426 aut
786 1400 813 1426 in
835 1400 917 1428 alium
935 1408 1029 1428 sexum

234 1450 372 1477 proruere.
392 1442 494 1471 Dicitur
509 1447 599 1471 autem
614 1444 711 1472 mulier
722 1446 869 1474 secundum
883 1444 1030 1473 femineum

234 1495 344 1521 serum,
355 1497 407 1516 non
420 1491 568 1518 secundum
589 1491 792 1525 corruptionem
813 1491 988 1526 integritatis,
1002 1496 1031 1519 et

235 1534 286 1562 hoc
307 1543 340 1562 ex
366 1535 457 1569 lingua
478 1543 564 1563 sacra:
585 1536 743 1571 Scriptum.
770 1536 838 1564 Nam
862 1537 918 1564 Eva
937 1538 1030 1565 statim

235 1580 305 1608 facta
321 1581 354 1608 de
367 1579 453 1609 latere
471 1583 521 1609 viri
546 1582 604 1618 sui},
630 1583 750 1610 nondum
768 1587 893 1611 contacta
914 1591 929 1610 a
952 1584 1029 1617 viro,

235 1627 333 1655 mulier
347 1626 478 1663 appellata
493 1632 547 1661 est,
562 1629 668 1657 dicente
679 1628 819 1664 Scriptura
835 1638 842 1656 τ
859 1628 892 1656 Ει
907 1631 1029 1665 formavit

234 1680 292 1700 eam
314 1673 340 1700 in
358 1673 493 1701 mulierem
515 1673 591 1710 (Gen.
608 1674 651 1711 ιι).
678 1674 790 1710 Mystice
803 1675 902 1703 mulier
915 1679 962 1703 aut
976 1676 1029 1703 Ec-

235 1719 344 1748 clesium
365 1721 496 1755 signiﬁcat
510 1725 622 1756 propter
636 1720 753 1749 ﬁliorum
766 1721 980 1756 generationem,
997 1722 1030 1750 de

234 1765 287 1801 qua
303 1766 401 1802 legitur
414 1766 441 1794 in
453 1766 606 1794 Proverbiis
620 1776 626 1793 :
652 1767 789 1795 Mulierem
804 1768 898 1802 fortem
911 1768 971 1803 quis
986 1769 1029 1795 in-

235 1812 319 1839 veniet
341 1811 431 1847 (Prov.
446 1812 555 1848 'xxxr)?
574 1812 637 1840 Haec
650 1814 731 1841 etiam
754 1814 850 1841 mulier
864 1814 1030 1850 septiformis

235 1855 310 1884 tenet
323 1856 451 1885 Ecclesiae
463 1857 715 1891 sacramentum,‘ut
732 1858 759 1886 in
774 1858 844 1886 isaia
857 1867 865 1886 τ
881 1860 1030 1895 Apprehen-

234 1902 307 1935 dent,
324 1903 421 1938 inquit,
437 1907 532 1938 septem
542 1903 665 1930 mulieres
682 1903 769 1930 virum
785 1910 866 1931 unum
883 1904 950 1940 (Isu.
968 1904 1027 1940 IV):

235 1948 413 1975 unianimam
436 1949 492 1975 sive
516 1949 662 1976 humanam
685 1954 796 1976 carnem
809 1949 954 1985 signiﬁcat,
970 1957 1030 1985 qua:

235 1995 349 2030 imperio
359 1995 470 2029 spiritus
485 1995 605 2031 subjecta
617 2003 678 2023 esse
689 1994 778 2029 debet,
791 2001 818 2024 et
828 1997 886 2032 ejus
899 1997 1030 2033 regimine

236 2041 389 2075 gubernari.
404 2040 482 2069 Unde
494 2042 716 2077 dicit'Apostolus
731 2051 737 2069 :
753 2041 838 2078 Caput
850 2042 966 2069 mulieris
980 2043 1028 2076 vir,

233 2084 316 2121 caput
329 2087 376 2113 viri
390 2086 509 2114 Christus
524 2087 550 2123 (Ι
564 2086 626 2115 Cor‘.
641 2088 691 2125 χι).
708 2088 784 2116 Tunc
802 2089 875 2115 enim
888 2089 957 2115 bene
969 2088 1029 2116 ani—

230 2128 307 2160 "tuam
321 2134 377 2161 sive
391 2141 500 2161 carnem
515 2135 584 2169 regit
595 2135 717 2170 spiritus,
731 2135 753 2162 si
768 2135 826 2169 ipse
839 2135 935 2169 spiritu
949 2134 1029 2162 Chri-

236 2177 270 2205 sti
285 2179 340 2214 regi
353 2180 451 2206 meruit
466 2188 472 2207 :
488 2180 550 2215 quia
560 2182 707 2216 quicunque
721 2176 830 2216 spiritus
841 2181 890 2208 Dei
904 2185 1029 2216 aguntur,

234 2224 264 2250 hi
291 2224 340 2258 ﬁlii
361 2229 420 2251 sunt
445 2225 502 2252 Dei.
531 2225 583 2258 Qui
608 2231 695 2253 autem
715 2227 838 2261 spiritum
860 2226 960 2254 Christi
979 2235 1031 2255 non

232 2269 322 2301 irritet,
347 2271 388 2297 hic
409 2268 461 2297 non
484 2271 523 2298 est
533 2272 591 2306 ejus
606 2271 695 2307 (Rom.
713 2272 784 2307 vrrr).
807 2272 874 2301 Item
889 2272 1028 2305 mulieres,

231 2314 332 2342 animo
345 2315 483 2349 ‘lldelium,
499 2318 546 2344 sed
561 2317 684 2349 inﬁrmae,
702 2317 773 2344 sicut
796 2317 825 2344 in
846 2316 982 2352 Propheta
995 2317 1029 2345 dc

235 2355 371 2388 lucreticis
393 2362 494 2389 dicitur
514 2371 522 2389 ε
543 2361 669 2389 Mulieres
692 2362 782 2397 populi
800 2363 851 2390 mei
870 2363 982 2398 ejeciuis
997 2363 1030 2391 de

230 2406 314 2433 ’tfbmo
328 2406 481 2433 deliciarum
499 2415 615 2434 mearum
627 2407 718 2442 (Mic/r.
739 2407 781 2442 ιι).
800 2407 867 2435 Item
879 2407 976 2435 mulier
986 2407 1030 2435 vel

231 2452 305 2478 uxor
316 2452 458 2486 sapientia,
471 2456 500 2479 ut
513 2456 555 2479 est
567 2452 650 2478 illud:
664 2451 766 2478 Laalare
778 2459 838 2478 cum
847 2451 956 2480 muliere
969 2452 1031 2480 tule-

229 2497 365 2525 Tescentiar
382 2501 435 2525 tum
455 2496 546 2533 (Prov.
557 2497 597 2532 v).
613 2495 677 2524 Hinc
691 2497 788 2524 mulier
801 2502 932 2533 genuerat
947 2498 1028 2532 ﬁlios,

233 2550 289 2570 non
304 2541 381 2576 ﬁlias,
406 2543 458 2570 hoc
477 2547 528 2574 est,
542 2542 667 2574 virtutes,
681 2549 734 2569 non
746 2542 822 2570 vitia.
836 2544 953 2572 Rursum
970 2553 1030 2573 mu-

232 2590 287 2617 lier
299 2590 325 2616 in
347 2589 445 2616 malam
459 2591 564 2623 partem
579 2587 729 2623 accipitur:
746 2588 844 2616 mulier
858 2590 923 2617 urbs
944 2590 1030 2626 Baby-

228 2634 318 2667 ﬁonia,
330 2641 392 2669 quae
404 2634 486 2661 totius
501 2634 592 2660 mundi
609 2633 680 2669 gerit
695 2634 819 2670 ﬁguram,
834 2639 864 2662 ut
880 2635 909 2662 in
922 2636 1025 2671 Apocu-

231 2680 305 2716 iiypsi
320 2686 325 2706 :
346 2677 406 2705 Vidi
420 2677 554 2705 mulierem
571 2679 670 2705 ebriam
685 2679 720 2706 de
734 2680 862 2714 sanguine
878 2686 1028 2708 sanctorum

237 2721 418 2760 (Amavit).
442 2723 508 2751 Item
530 2723 636 2756 mulier,
662 2724 788 2753 haeretica
800 2726 932 2760 pravitas,
948 2731 979 2753 ut
1000 2726 1027 2753 in

237 2765 382 2797 Salomone
395 2778 402 2796 :
418 2768 515 2796 Mulier
534 2770 617 2797 stulta
628 2775 652 2798 el
668 2770 783 2800 clamosa
799 2771 926 2807 plenaque
941 2771 1027 2799 illece-

231 2811 291 2842 ιὺήε
306 2813 399 2849 (Prov.
411 2815 460 2851 rx).
478 2816 543 2844 item
558 2817 697 2851 mulieres,
713 2819 772 2846 dua
788 2818 891 2853 plebes,
915 2816 1028 2847 Iudaica

238 2864 321 2895 atque
333 2861 474 2894 harretica,
486 2867 517 2889 ut
529 2863 557 2890 in
575 2864 708 2892 lactist-ia
721 2873 728 2890 :
741 2864 812 2891 Ecce
828 2863 949 2891 mulieres
967 2863 1028 2892 dure

230 2909 369 2942 ‘pomnm
383 2909 536 2944 amphoram
549 2909 643 2945 (Zach.
656 2911 696 2945 ν),
714 2910 742 2937 id
753 2913 805 2942 est,
820 2909 966 2941 diabolum,
981 2910 1028 2943 qui

1036 2294 1070 2325 <1)

1080 984 1151 1012 enim
1166 982 1250 1011 fortes
1262 982 1378 1010 feminas
1385 982 1522 1017 viragines
1532 982 1676 1010 vocabant.
1688 982 1770 1017 Virgo
1783 987 1876 1011 autem
1902 988 1908 992 '

1080 1037 1134 1057 non
1149 1032 1221 1056 recte
1235 1028 1327 1062 virago
1341 1027 1448 1060 dicitrrr,
1464 1028 1486 1054 si
1498 1035 1551 1055 non
1563 1028 1614 1054 viri
1628 1026 1716 1055 officio
1730 1027 1854 1063 Iungitur
1868 1037 1875 1055 :

1080 1074 1177 1101 mulier
1189 1080 1263 1105 vero,
1275 1072 1298 1100 si
1307 1080 1389 1107 opera
1398 1072 1488 1099 virilia
1497 1071 1573 1105 facit,
1580 1076 1654 1100 recte
1665 1071 1876 1108 virago§dicitur,

1080 1124 1111 1148 ut
1127 1126 1267 1146 arnazona.
1284 1117 1349 1151 Quae
1362 1125 1425 1145 vero
1442 1125 1512 1145 nunc
1526 1117 1637 1150 femina,
1651 1118 1802 1151 antiquitus
1817 1118 1877 1144 vira

1080 1166 1236 1197 vocabatur,
1249 1164 1319 1191 sicut
1328 1171 1344 1191 a
1355 1171 1435 1192 servo
1443 1171 1531 1196 serva,
1539 1164 1609 1191 sicut
1622 1171 1638 1190 a
1649 1163 1750 1191 faruulo
1760 1163 1876 1195 famula,

1080 1211 1119 1238 ita
1133 1218 1148 1237 a
1158 1211 1216 1237 viro
1228 1210 1294 1237 vira.
1306 1209 1375 1237 Hinc
1385 1213 1412 1236 et
1422 1209 1534 1244 virginis
1544 1216 1642 1237 nomen
1653 1209 1753 1237 dictum
1764 1209 1877 1244 quidam

1080 1260 1185 1292 putant.
1201 1256 1281 1291 Virgo
1294 1256 1407 1291 mystice
1420 1261 1466 1282 aut
1480 1259 1602 1283 sanctam
1617 1255 1764 1284 Ecclesium
1781 1255 1878 1289 catho-

1080 1304 1159 1332 licam
1172 1302 1312 1337 signiﬁcat,
1325 1309 1384 1336 quae
1395 1301 1447 1328 fide
1461 1305 1502 1328 est
1511 1301 1742 1336 incorrupta,sivc
1754 1301 1877 1329 animam

1080 1348 1198 1380 ﬁdelem,
1214 1356 1274 1382 qua:
1285 1355 1339 1375 non
1354 1347 1490 1375 consentit
1503 1347 1682 1374 contanrinari
1696 1348 1877 1383 suggestioni—

1081 1394 1133 1422 hus
1142 1393 1252 1426 diaboli,
1264 1393 1305 1421 vel
1317 1393 1504 1420 haereticorum
1516 1393 1655 1420 erroribus
1666 1392 1813 1428 corrumpi.
1826 1392 1878 1420 Cui

1081 1441 1148 1468 dicit
1159 1440 1303 1475 Apostolus
1321 1448 1327 1466 :
1344 1439 1478 1474 Despondi
1491 1440 1561 1467 enim
1578 1448 1622 1466 vos
1637 1439 1763 1474 virginem
1773 1444 1877 1466 castam

1081 1485 1202 1512 exhibere
1217 1484 1321 1511 Christo
1337 1483 1380 1519 (II
1397 1483 1458 1511 Cor.
1479 1483 1528 1519 ιιι).
1543 1484 1677 1519 Virgines,
1690 1484 1789 1511 animat
1809 1491 1875 1511 san-

1082 1534 1188 1558 ctorum
1214 1538 1230 1557 a
1253 1530 1427 1564 corruptione
1448 1530 1541 1557 mundi
1565 1537 1613 1565 per
1637 1530 1756 1565 quinque
1780 1537 1879 1559 sensus

1081 1576 1204 1611 corporis
1220 1582 1249 1603 se
1264 1576 1446 1609 continentes,
1460 1580 1490 1603 ut
1505 1576 1534 1603 in
1551 1576 1716 1611 Evangelio:
1733 1575 1824 1603 Simile
1837 1580 1878 1603 est

1044 1616 1067 1649 Ci
1082 1630 1190 1657 regnum
1200 1622 1323 1649 caelorum
1334 1622 1423 1649 decem
1434 1623 1577 1657 virginibus
1588 1623 1695 1659 (Matth.
1712 1623 1786 1658 xxv).
1809 1623 1878 1651 Item

1082 1668 1213 1703 virgines,
1227 1667 1324 1695 animae
1337 1668 1544 1701 continentium,
1559 1676 1612 1696 non
1624 1674 1734 1704 propter
1746 1673 1879 1697 aeternam

1081 1713 1297 1746 retributionem,
1314 1713 1363 1741 sed
1376 1717 1486 1749 propter
1498 1714 1617 1742 favorem
1636 1715 1724 1744 laudis
1740 1716 1877 1743 humanas.

1085 1759 1159 1788 Unde
1171 1764 1197 1786 et
1205 1764 1287 1795 Supra
1301 1760 1352 1788 :Et
1366 1761 1480 1796 quinque
1490 1761 1572 1796 fatua:
1584 1761 1689 1798 (ΠΜ).
1704 1762 1738 1790 Et
1749 1762 1776 1791 in
1790 1762 1877 1791 Amos

1081 1805 1214 1840 propheta
1235 1812 1242 1831 :
1271 1805 1306 1833 In
1333 1805 1375 1833 die
1402 1805 1450 1832 illa
1473 1805 1593 1840 deﬁcient
1618 1807 1729 1842 uirgines
1755 1808 1878 1842 pulchra:

1080 1850 1172 1886 (Amos
1189 1850 1260 1886 vrrr).
1275 1850 1436 1886 Lampades,
1447 1859 1529 1886 opera
1538 1851 1659 1886 iustitiae,
1673 1856 1704 1880 ut
1717 1853 1743 1880 in
1755 1852 1879 1888 Evange-

1080 1896 1134 1925 lio:
1150 1897 1313 1932 Accipientes
1320 1897 1454 1932 lampades
1465 1906 1527 1926 suas
1539 1899 1658 1927 exierunt
1670 1898 1771 1927 obviam
1781 1908 1877 1934 sponso

1080 1947 1105 1971 et
1116 1951 1217 1979 sponsa:
1232 1942 1340 1979 (Matth.
1353 1943 1429 1978 xxv).
1441 1942 1546 1972 Sterilis
1561 1944 1677 1979 mystice
1690 1948 1813 1973 sanctam
1827 1945 1879 1973 Ec—

1082 1990 1192 2018 clesium
1207 1995 1271 2018 ante
1286 1990 1430 2018 adventum
1452 1989 1603 2018 Saliamris
1622 1991 1709 2019 nostri
1731 1990 1877 2025 signiﬁcat,

1082 2038 1112 2062 ut
1126 2034 1155 2062 in
1168 2034 1236 2061 lsaia
1249 2043 1255 2061 :
1267 2033 1373 2066 Lauda,
1387 2034 1494 2068 sterilis,
1506 2043 1564 2070 qua:
1574 2043 1627 2063 non
1640 2035 1713 2071 paris
1727 2035 1794 2071 (Isa.
1808 2036 1877 2072 rrv).

1081 2078 1115 2107 Et
1137 2079 1167 2106 in
1190 2079 1294 2114 psalmo
1309 2089 1316 2106 ι
1333 2079 1386 2112 Qui
1408 2080 1526 2108 habitare
1546 2081 1609 2115 facit
1623 2081 1738 2109 sterilth
1752 2082 1780 2111 in
1800 2083 1878 2110 domo

1078 2123 1168 2159 .(Psal.
1181 2125 1259 2161 cxrr).
1287 2124 1399 2155 Femina
1410 2133 1474 2153 vero
1488 2134 1504 2153 a
1515 2127 1637 2162 partibrs
1648 2126 1782 2155 femorum
1794 2128 1877 2161 dicta,

1081 2170 1127 2197 ubi
1137 2178 1219 2198 sexus
1231 2171 1335 2205 species
1352 2179 1367 2198 a
1382 2172 1443 2200 viro
1454 2172 1636 2208 distinguitur.
1650 2173 1702 2201 Alii
1717 2182 1805 2209 graeca
1820 2178 1879 2210 ety-

1080 2217 1197 2252 mologia
1208 2217 1336 2244 fenriuanr
1352 2219 1385 2245 ab
1396 2218 1473 2253 ignea
1483 2219 1509 2245 vi
1523 2218 1624 2247 dictam
1636 2223 1743 2254 putant,
1755 2220 1819 2255 quia
1835 2227 1880 2249 ve-

1083 2262 1223 2291 hementer
1241 2263 1420 2298 concupiscit.
1433 2263 1656 2293 Libidiniosiores
1669 2265 1821 2300 euiruyiris
1838 2265 1879 2295 fe-

1083 2311 1171 2339 minas
1180 2316 1252 2343 esse,
1273 2314 1329 2338 tam
1343 2310 1371 2339 in
1384 2310 1549 2344 hominibus,
1568 2319 1648 2346 quam
1662 2311 1690 2338 in
1705 2312 1877 2346 animalibus.

1085 2358 1162 2387 Unde
1183 2357 1284 2386 nimius
1297 2364 1374 2385 amor
1390 2357 1460 2391 apud
1476 2357 1602 2392 antiquos
1615 2357 1748 2386 tenrineus
1762 2357 1878 2391 vocaba-

1083 2409 1138 2434 tur.
1155 2404 1267 2432 Femina
1281 2403 1388 2438 quando
1404 2403 1432 2431 in
1446 2403 1545 2431 bonam
1558 2408 1662 2439 partem
1678 2403 1821 2439 accipitur.
1838 2403 1877 2431 si-

1084 2452 1194 2488 gniﬁcat
1210 2450 1322 2478 Mariam
1343 2455 1458 2479 matrem
1480 2450 1602 2483 Domini,
1625 2450 1659 2479 dc
1673 2458 1726 2485 qua
1742 2449 1878 2485 Propheta

1085 2498 1123 2525 ait
1139 2506 1145 2524 :
1161 2496 1274 2524 Femina
1287 2496 1457 2523 circrrrmlabit
1470 2497 1553 2523 virum
1569 2496 1634 2531 (.lcr.
1648 2496 1741 2531 xxxr);
1758 2499 1806 2523 aut
1825 2495 1876 2523 hu-

1081 2544 1223 2572 militatem
1235 2543 1427 2579 subjectorurn.
1441 2543 1553 2576 Quando
1565 2548 1653 2570 autem
1667 2544 1694 2570 in
1708 2542 1807 2570 rualam
1816 2549 1879 2577 par-

1081 2594 1148 2624 tem,
1174 2589 1308 2625 signilicat
1330 2589 1468 2615 libidinem
1490 2588 1699 2616 luxuriosorum.
1720 2587 1818 2616 Senior
1835 2591 1878 2616 est

1081 2634 1169 2663 adhuc
1181 2634 1303 2663 viridior.
1319 2633 1395 2662 Unde
1411 2634 1437 2661 in
1454 2638 1531 2662 sexto
1547 2633 1616 2661 libro
1629 2632 1740 2661 Ovidius
1756 2633 1811 2660 ait:

1173 2685 1261 2712 Senior
1276 2687 1338 2710 inter
1350 2686 1518 2715 juvenemque
1534 2689 1683 2715 senemque.
1792 2713 1794 2716 _
1813 2679 1816 2695 θ
1856 2680 1858 2689 ἶ

1084 2726 1206 2755 Senioris
1221 2731 1313 2753 autem
1324 2734 1423 2753 nomen
1433 2730 1479 2752 ant
1491 2726 1649 2760 dignitatem
1657 2722 1877 2761 magisterii,'aut

1083 2773 1266 2800 maturitatem
1280 2773 1383 2800 consilii
1399 2771 1540 2807 signiﬁcat.
1558 2771 1634 2799 Urulc
1650 2771 1677 2798 in
1690 2769 1810 2806 Epistula
1826 2776 1876 2797 sua

1082 2818 1178 2845 Petrus
1199 2818 1336 2853 apostolus
1354 2819 1420 2846 dicit
1435 2827 1442 2844 :
1460 2818 1593 2849 Sentores,
1608 2818 1654 2852 qui
1671 2817 1698 2845 in
1714 2817 1786 2844 vobis
1802 2820 1875 2849 sunt,

1081 2864 1187 2891 obsecro
1196 2864 1334 2893 sonantior
1343 2869 1367 2892 et
1377 2864 1449 2892 testis
1460 2862 1557 2893 Christi
1566 2864 1720 2899 passionum
1729 2862 1755 2899 (1
1767 2862 1874 2899 ΡοςΝ).

1081 2911 1116 2940 Et
1126 2910 1257 2943 Joannes,
1270 2910 1377 2944 Section
1392 2910 1490 2945 inquit,
1504 2909 1583 2938 electa
1594 2909 1704 2943 Domni:
1713 2909 1755 2946 (11
1765 2908 1872 2948 (cum).
