4074 6324
484 419 590 483 187

1125 421 1185 477 Β.
1224 419 1476 476 RABANI
1512 411 1731 476 MAURI
1770 405 2066 473 ARCHTEP

2172 402 2440 466 EOGUNT.
2479 397 2770 464 OPERUI
2803 398 2984 458 PARS
3016 397 3080 454 ιι.

3642 395 3754 462 188

484 524 880 604 complectitur.
910 523 1060 590 illnc
1087 531 1230 588 enim
1258 537 1505 588 exortum
1534 538 1618 588 est
1645 543 1840 588 nomen
1861 529 2060 599 patris—
2084 527 2137 588 Α
2160 523 2342 595 populi
2367 521 2554 578 ﬁdeles
2577 533 2676 590 per
2697 519 3060 590 apostolorum
3085 515 3528 594 pradicatiopesu
3557 517 3619 574 in
3645 516 3760 575 Bo-

484 624 736 681 l‘amillas.
773 621 881 693 Qui
924 632 1104 680 autem
1151 623 1332 693 inique
1381 619 1725 678 dominantur
1767 623 1823 676 in
1865 617 2060 683 servis,

2160 615 2325 671 etesia
2359 614 2532 668 renati
2562 629 2574 666 :
2607 613 2750 667 sicut
2781 611 2858 666 sit
2889 607 3179 679 Apostolus
3212 625 3226 661 :
3267 605 3338 660 In
3371 604 3582 664 Christo
3617 605 3760 678 Iesu

483 716 588 772 hoc
612 729 672 770 se
695 713 914 770 nomine
950 727 1291 784 nequaquam
1324 719 1518 786 putent
1545 709 1828 784 appellari.
1859 709 1966 778 Qui
1992 710 2064 765 sit
2160 719 2252 776 per
2278 703 2621 774 Euangelium
2649 718 2742 772 ego
2773 717 2860 756 vos
2885 701 3042 771 genui
3067 699 3119 771 (Ι
3146 697 3268 754 Cor.
3294 696 3390 769 tv).
3420 697 3632 765 Quibus
3653 715 3760 772 per

483 814 665 860 autem
700 799 1086 876 paterfamilias
1117 806 1340 876 mystice
1374 803 1774 874 intelligendus,
1806 802 2063 872 parabole

483 895 792 968 evangelica
821 893 996 962 docet,
1038 907 1162 950 cum
1197 893 1270 950 ibi
1302 894 1377 949 ita
1405 895 1602 963 legitur
1629 911 1642 948 :
1669 893 1852 948 Simile
1878 903 1953 947 est
1983 904 2065 946 re-

483 1003 642 1061 gnum
681 987 927 1045 caelorum
960 987 1356 1058 patrifamilias,
1397 989 1506 1060 qui.
1533 988 1660 1042 exiit
1703 987 1872 1058 primo
1913 998 2065 1040 ntane

483 1082 770 1138 conducere
795 1081 1060 1153 operarios
1086 1082 1141 1136 in
1166 1075 1364 1135 vineam
1385 1097 1536 1135 suam
1563 1077 1775 1150 (Matth.
1794 1076 1908 1148 xx).
1932 1075 2068 1142 Quis

481 1187 612 1230 vero
635 1171 1044 1243 patrisfamilias
1064 1170 1470 1225 similitudinem
1494 1169 1693 1223 rectius
1712 1175 1878 1231 tenet,
1901 1179 2066 1236 quam

483 1263 730 1320 conditor
767 1271 974 1326 noster,
1003 1261 1098 1332 qui
1152 1262 1294 1332 regit
1322 1276 1458 1332 quos
1484 1259 1744 1323 condidit,
1775 1265 1830 1312 et
1867 1257 2068 1312 electos

484 1367 613 1408 suos
635 1353 715 1408 sic
748 1353 804 1407 in
835 1351 938 1406 hoc
959 1351 1160 1404 mundo
1189 1349 1450 1420 possidet,
1480 1348 1634 1418 quasi
1663 1347 1934 1416 subjectos
1963 1345 2070 1399 Deo

485 1443 662 1498 minus
689 1443 745 1498 in
782 1442 982 1498 domo?
1017 1442 1119 1509 Qui
1149 1442 1312 1494 habet
1331 1441 1567 1503 vineam,
1592 1439 1900 1491 universam
1925 1435 2070 1491 scili-

485 1541 570 1590 cet
590 1534 908 1598 Ecclesiam,
939 1532 1068 1603 quia
1096 1533 1166 1586 ab
1204 1531 1336 1586 Abel
1360 1531 1509 1601 justo
1530 1543 1701 1598 usque
1730 1527 1796 1583 ad
1819 1527 2070 1583 ultimum

485 1625 736 1688 electum,
779 1625 871 1695 qui
913 1625 968 1678 in
998 1625 1104 1680 line
1133 1624 1319 1678 mundi
1348 1629 1609 1677 venturus
1645 1629 1747 1686 est,
1775 1628 1905 1690 quot
1941 1635 2070 1674 san-

493 1725 610 1770 etos
642 1715 884 1786 protulit,
909 1715 1065 1786 quasi
1088 1723 1170 1770 tot
1195 1713 1443 1784 palmites
1479 1712 1645 1767 misit.
1685 1708 2072 1765 Malreml‘ami-

485 1804 588 1861 llas
613 1806 737 1862 inde
757 1805 962 1869 vocari,
991 1805 1118 1875 quia
1152 1821 1250 1875 per
1287 1803 1573 1874 quamdam
1596 1803 1734 1874 juris
1755 1799 2071 1858 solemnita-

2163 796 2501 851 Psalmistam
2533 793 2793 848 Dominus
2821 792 2958 846 dicit
2989 809 3003 845 :
3049 788 3252 855 Venite,
3287 787 3422 858 ﬁlii,
3459 791 3642 848 audite
3667 807 3762 850 me

2165 888 2336 963 (Psal.
2369 888 2586 958 smn).
2640 886 2798 954 Filii,
2848 885 3222 940 haereticorum
3261 883 3546 952 discipuli,
3593 894 3656 940 ut
3695 885 3759 940 io

2164 980 2263 1036 Job
2292 995 2304 1033 :
2339 979 2398 1034 Si
2439 977 2773 1049 multiplicati
2802 977 2998 1045 fuerint
3024 975 3122 1044 ﬁlii
3145 975 3283 1045 ejus,
3313 976 3368 1030 in
3401 974 3578 1045 gladio
3601 987 3758 1030 eruunt

2167 1072 2308 1144 (Job.
2344 1073 2539 1142 xxvn).
2584 1072 2739 1134 Filii,
2786 1070 3002 1140 reprobi
3047 1080 3235 1126 omitas
3269 1087 3286 1124 ς
3329 1078 3390 1126 ut
3435 1069 3488 1123 in
3515 1069 3762 1140 Epistula

2166 1165 2390 1220 Joannis
2418 1183 2432 1218 :
2461 1165 2529 1218 In
2557 1165 2655 1218 ltoc
2701 1164 2970 1233 manifesti
2996 1174 3118 1218 sunt
3162 1163 3260 1232 ﬁlii
3306 1163 3407 1220 Dei
3438 1173 3486 1220 et
3511 1163 3764 1232 ﬁliiﬁlii-

2169 1256 2270 1310 boli
2309 1253 2358 1328 (l
2389 1255 2550 1312 Joan.
2584 1255 2690 1328 ιιι).
2733 1256 2896 1322 Filia,
2933 1257 3117 1312 anima
3155 1255 3329 1311 ﬁdelis
3355 1255 3466 1310 sive
3494 1255 3763 1322 Ecclesia,

2169 1353 2230 1399 ut
2266 1345 2319 1400 in
2354 1346 2563 1414 psalmo
2591 1363 2604 1399 :
2630 1345 2790 1411 Audi,
2821 1345 2958 1415 ﬁlia,
2986 1355 3035 1399 et
3061 1346 3177 1402 vids
3197 1345 3371 1417 (Psal.
3403 1346 3570 1418 κων).
3605 1347 3676 1402 Et
3699 1348 3757 1404 in

2170 1437 2368 1491 malam
2383 1447 2594 1506 partem
2613 1453 2627 1490 :
2647 1435 2794 1490 Filia
2809 1436 3098 1507 Babylonis
3117 1437 3310 1492 misera
3327 1437 3497 1508 (Psal.
3515 1437 3764 1506 cus").

2170 1528 2320 1582 Filias
2338 1569 2352 1593 ,
2383 1529 2579 1583 animae
2607 1537 2954 1593 sanctorum,
2981 1537 3040 1584 ut
3069 1529 3122 1584 in
3152 1529 3412 1598 propheta
3439 1546 3454 1582 :
3484 1529 3594 1586 Ero
3619 1531 3768 1589 nobis

2169 1619 2224 1672 in
2251 1627 2468 1687 patrem,
2497 1627 2546 1672 et
2568 1634 2654 1674 vos
2675 1619 2821 1673 eritis
2844 1619 2973 1674 mihi
2995 1619 3053 1675 in
3076 1618 3214 1686 ﬁlios
3237 1628 3285 1672 et
3309 1619 3452 1688 ﬁlias
3481 1619 3614 1690 (Jer.
3639 1621 3768 1691 vn).

2173 1707 2305 1762 Item
2331 1708 2426 1764 lilii
2455 1710 2669 1779 reprobi
2687 1725 2897 1775 omnes,
2924 1718 2986 1764 ut
3011 1710 3065 1764 in
3091 1709 3230 1765 Isaia
3255 1709 3598 1781 :Prcrparate
3623 1713 3769 1782 ﬁlios

2175 1803 2449 1856 occisionis
2491 1805 2548 1857 in
2593 1804 2868 1873 iniquitate
2911 1813 3121 1873 patrum
3169 1819 3385 1858 suorum
3433 1803 3576 1874 (ιω.
3619 1821 3710 1860 stv
3725 1805 3766 1878 ).

485 1905 596 1956 tem
619 1899 674 1956 in
702 1899 960 1955 familiam
985 1897 1200 1954 transit.
1232 1897 1450 1952 Tabula:
1477 1898 1620 1952 enim
1641 1894 2072 1952 matrimoniales
2173 1893 2296 1949 Filii
2327 1903 2502 1949 autem
2529 1895 2652 1950 ideo
2679 1896 2736 1949 in
2767 1894 2976 1965 legibus
3001 1894 3157 1950 liberi
3186 1893 3547 1965 appellentur,
3575 1904 3636 1952 ut
3662 1897 3770 1952 isto

487 1991 847 2046 instrumenta
896 1988 1185 2058 emptionis
1227 2001 1338 2042 sua:
1383 1995 1527 2042 sunt.
1581 1985 1731 2040 Alias
1778 1986 1922 2041 sicut
1958 1997 2073 2038 ma-

487 2082 644 2135 trona
691 2089 776 2134 est
826 2088 1001 2134 mater
1050 2079 1207 2148 prinn
1247 2079 1422 2148 pueri,
1475 2078 1527 2131 id
1561 2085 1666 2144 est,
1716 2077 1871 2146 quasi
1901 2083 2074 2130 mater

487 2172 601 2226 nati
633 2181 649 2224 :
674 2169 746 2224 ita
771 2171 1178 2226 materfamilias
1201 2169 1289 2223 illa
1311 2177 1416 2233 est,
1439 2183 1558 2238 qua:
1580 2167 1761 2238 plures
1784 2167 1942 2222 enixa
1967 2174 2070 2221 est.

486 2259 622 2316 Nam
648 2255 849 2315 familia
871 2273 935 2315 ex
956 2260 1164 2315 duobus
1177 2275 1298 2315 esse
1313 2259 1520 2328 incipit.
1549 2257 1880 2328 Spiritaliter
1893 2265 2074 2312 autem

487 2361 662 2407 mater
679 2352 918 2407 omnium
947 2351 1183 2406 lldelium
1204 2359 1395 2406 sancta
1417 2359 1502 2420 est
1523 2349 1785 2414 Ecclesia,
1808 2365 1928 2419 quae
1947 2361 2077 2420 quo-

488 2445 616 2500 tidie
637 2445 746 2500 Deo
775 2445 912 2500 filios
941 2454 1163 2516 generat
1192 2459 1288 2514 per
1308 2455 1648 2499 sacramenta
1669 2442 1851 2496 divina
1879 2449 1936 2497 et
1955 2453 2077 2500 ver-

487 2533 615 2590 bum
641 2535 934 2603 Evangelii.
958 2535 1091 2590 ltem
1112 2535 1413 2590 Jerusalem
1437 2533 1674 2590 cmlcstis
1695 2543 1869 2590 mater
1891 2541 2078 2590 nostra

489 2627 723 2682 dicitur:
765 2635 823 2680 ut
855 2633 939 2680 est
975 2627 1103 2682 illud
1133 2627 1186 2680 in
1220 2627 1476 2698 Apostolo
1503 2644 1522 2684 ε,
1561 2625 1688 2688 Illa,
1722 2626 1920 2694 inquit,
1959 2641 2076 2696 qua

489 2731 698 2773 sursum
721 2727 792 2770 est
817 2717 1138 2782 Jerusalem,
1161 2718 1322 2770 libera
1346 2727 1576 2790 δίωμαι)
1599 2727 1672 2771 est
1703 2728 1871 2771 mater
1897 2727 2078 2772 nostra

493 2809 635 2882 (Gal.
672 2811 766 2881 tv).
800 2807 932 2866 Nam
965 2809 1165 2874 familia
1193 2825 1293 2880 pro
1321 2811 1493 2864 servis
1519 2810 1742 2866 abusive
1765 2849 1780 2874 ,
1815 2820 1921 2864 non
1952 2822 2077 2878 prm

490 2900 640 2969 prie,
732 2895 946 2954 dicitur.
1019 2897 1180 2953 Juxta
1249 2897 1566 2968 allegoriam
1625 2905 1807 2952 autem
1873 2895 2078 2950 familia

490 2985 693 3042 Christi
731 2988 883 3059 plebs
909 2997 996 3043 est
1025 2985 1360 3052 Christiana,
1393 2997 1512 3056 qum
1553 2989 1607 3042 in
1657 2994 1845 3042 sancta
1892 3001 2076 3042 verses

492 3088 582 3134 tur
629 3081 866 3136 Ecclesia
889 3121 905 3146 ,
935 3085 996 3135 ut
1032 3097 1191 3152 supra
1225 3082 1578 3138 ostendimus.
1613 3080 1766 3142 Unde
1793 3081 1990 3138 dicitur
2021 3081 2078 3137 in

491 3172 740 3227 oratione
784 3173 1085 3229 sacerdotis
1113 3173 1183 3228 ad
1210 3173 1497 3228 Dominum
1527 3191 1540 3228 :
1577 3173 1864 3228 Familiam
1891 3179 2036 3228 luant
2057 3213 2074 3238 ,

2173 1985 2434 2040 vocabulo
2461 1993 2814 2040 secernuntur
2851 2001 2884 2040 ιι
2925 1986 3099 2040 servis
3129 2004 3142 2039 :
3171 1986 3299 2054 quia
3327 1986 3468 2042 sicut
3493 2001 3688 2044 servus
3713 1988 3770 2044 in

2173 2085 2438 2146 potestate
2461 2086 2546 2134 est
2571 2077 2802 2143 Domini,
2829 2077 2911 2132 sic
2937 2077 3079 2132 illius
3103 2077 3160 2132 in
3183 2086 3450 2148 potestate
3469 2087 3553 2134 est
3573 2082 3768 2148 patri.

2175 2168 2302 2226 Inde
2331 2169 2495 2224 etiam
2525 2169 2586 2223 lit
2616 2168 2725 2224 lilio
2751 2169 3133 2239 emancipatio,
3164 2177 3225 2223 ut
3252 2169 3324 2224 sit
3347 2168 3485 2228 liber
3509 2185 3542 2225 a
3566 2180 3727 2240 patre
3753 2187 3769 2228 ι

2175 2260 2317 2314 sicut
2345 2258 2404 2314 lit
2431 2273 2590 2315 servo
2619 2273 2782 2316 manu
2826 2261 3096 2325 remissio,
3138 2267 3198 2314 ut
3241 2260 3312 2315 sit
3344 2261 3570 2316 libertus
3606 2279 3639 2316 a
3665 2263 3773 2318 Deo
3870 2262 3876 2276 '

2176 2353 2344 2408 mino.
2381 2353 2514 2408 Item
2539 2353 2695 2408 liberi
2725 2354 2855 2408 dicti
2873 2393 2885 2416 ,
2917 2354 3008 2423 qui
3037 2367 3105 2411 ex
3134 2352 3302 2408 libero
3330 2361 3454 2407 sunt
3485 2355 3774 2410 matrimo-

2178 2445 2269 2500 nio
2295 2443 2423 2498 orti.
2454 2444 2589 2500 Nam
2617 2444 2709 2499 lilii
2737 2460 2804 2500 ex
2829 2445 3000 2500 libero
3025 2453 3083 2500 et
3113 2443 3308 2500 ancilla
3337 2445 3549 2500 servilis
3583 2447 3774 2501 condi-

2179 2536 2340 2592 tionis
2381 2544 2506 2592 sunt
2537 2553 2549 2590 ;
2581 2551 2794 2608 semper
2830 2537 2974 2592 enim
3015 2537 3106 2606 qui
3145 2538 3402 2602 nescitur,
3443 2538 3770 2594 deteriorem

2177 2629 2418 2699 parentis
2439 2636 2638 2683 statum
2674 2629 2858 2683 sumit.
2887 2628 3172 2684 Naturales
3203 2639 3382 2683 autem
3409 2631 3665 2685 dicuntur
3689 2631 3773 2685 in.

2178 2733 2476 2790 genuarum
2513 2720 2936 2774 concubinarum
2973 2719 3098 2784 lilii,
3132 2733 3270 2790 quos
3297 2720 3410 2775 sola
3445 2729 3638 2776 natqu
3675 2737 3772 2794 ge-

2179 2813 2327 2876 nuit,
2377 2827 2484 2866 non
2533 2814 2789 2867 honestas
2831 2811 3100 2884 coniugii,
3145 2813 3284 2868 idem
3330 2816 3482 2884 pueri
3526 2829 3558 2868 a
3601 2817 3769 2885 pube.

2179 2905 2474 2975 Adoptivus
2503 2904 2644 2960 ﬁlius
2672 2913 2784 2970 est,
2821 2907 2910 2976 qui
2939 2914 3033 2959 aut
3059 2915 3216 2975 patre
3239 2904 3389 2974 justo
3420 2914 3513 2960 aut
3539 2921 3642 2961 avo
3673 2913 3771 2962 aut

2179 3009 2384 3066 proavo
2404 2993 2556 3063 cujus
2583 3003 2848 3064 potestate
2883 3009 2979 3064 per
3004 2997 3458 3064 mancipationem
3487 3005 3571 3050 est
3595 2997 3768 3052 tradi-

2179 3093 2268 3140 tus
2291 3085 2345 3140 in
2371 3084 2601 3140 alienam
2629 3091 2970 3154 potestatem,
2991 3085 3083 3154 qui
3110 3085 3388 3154 utriusque
3414 3085 3518 3139 fert
3541 3100 3766 3154 nomen,

2181 3183 2242 3229 ut
2271 3174 2470 3229 Fabius
2505 3175 2749 3240 Emllius,
2782 3175 2866 3230 vel
2897 3175 3078 3245 Scipio
3113 3173 3390 3231 Paulinus.
3424 3175 3646 3248 Mystice
3675 3193 3746 3232 au

489 3276 822 3335 qutrsnmns,
869 3263 1116 3333 Domine,
1145 3269 1390 3322 continua
1435 3270 1625 3338 pietate
1668 3268 1872 3322 custodi
1901 3281 1919 3318 :
1949 3267 2076 3337 quia
2105 3245 2150 3307 θ
2181 3273 2288 3320 tem
2332 3266 2570 3336 adoptivi
2609 3265 2704 3320 lllii
2745 3266 3117 3336 intelliguntur
3142 3282 3264 3321 esse
3290 3245 3602 3332 Christiani,
3631 3284 3774 3338 quos

493 3353 652 3410 aliter
675 3355 840 3411 illaesa
871 3357 1078 3412 servari
1106 3371 1212 3412 non
1239 3364 1438 3429 potest,
1469 3357 1573 3414 nisi
1599 3356 1716 3426 ejus
1740 3358 2079 3428 protectione

489 3447 790 3502 muniatur.
822 3447 972 3502 Aves
1005 3449 1175 3518 patris
1217 3458 1372 3520 pater
1405 3459 1492 3506 est
1518 3452 1586 3505 ab
1615 3465 1732 3506 αξνο
1763 3451 1940 3508 dictus
1967 3491 1982 3518 ,
2024 3452 2078 3508 id

489 3543 596 3601 est,
626 3537 694 3592 ab
747 3538 1087 3607 antiquitate.
1141 3540 1382 3596 Proavus
1437 3541 1524 3596 avi
1571 3550 1728 3611 pater
1768 3551 1892 3608 est,
1923 3541 2078 3612 quasi

488 3639 656 3696 prope
683 3640 862 3682 avum.
893 3630 1110 3684 Abnvus
1139 3631 1324 3700 proavi
1355 3639 1510 3700 pater
1529 3632 1640 3703 jam
1672 3632 1828 3702 longe
1855 3633 1924 3686 ab
1952 3645 2073 3686 avo.

495 3719 702 3772 AlaVus
729 3720 885 3774 abavi
923 3721 1384 3790 pater..'l‘ritavus
1411 3725 1555 3778 atavi
1593 3733 1772 3794 pater,
1809 3725 1963 3794 quasi
1991 3731 2075 3778 ιθ.

492 3814 680 3863 travus
705 3847 718 3872 ,
769 3810 821 3862 id
849 3813 952 3876 est,
983 3820 1211 3880 quartus
1253 3827 1418 3883 supra
1469 3827 1650 3867 avum.
1693 3813 1802 3871 Sed
1847 3813 2078 3871 tritavos

489 3899 744 3956 ultimum
768 3902 1105 3972 cognationis
1125 3917 1322 3960 nomen
1346 3913 1448 3958 est.

1109 4015 1336 4072 CAPUT
1374 4015 1459 4072 lll.

955 4102 1033 4160 De
1062 4105 1330 4162 ordinibus
1361 4105 1614 4176 ﬁliorum.

561 4189 992 4264 Quadripertltus
1029 4203 1113 4249 est
1145 4203 1326 4250 autem
1364 4195 1500 4252 ordo
1535 4191 1766 4248 filiorum
1807 4193 1927 4268 ita;
1961 4193 2080 4248 unli-

487 4283 722 4354 genitus,
755 4285 1165 4354 primogenitus,
1207 4284 1439 4348 medius,
1481 4284 1824 4344 novissimus.
1867 4283 2080 4340 Primo-

487 4370 722 4440 genitns,
766 4377 892 4424 ante
925 4385 1085 4440 quem
1123 4371 1300 4426 nullus
1343 4387 1356 4425 :
1401 4373 1730 4443 unigenitus,
1762 4379 1886 4442 post
1917 4386 2076 4442 quem

486 4459 668 4515 nullus
696 4479 710 4514 :
743 4461 973 4525 medius,
1005 4462 1144 4517 inter
1171 4475 1363 4518 ontnes
1389 4473 1401 4516 ξ
1433 4465 1778 4528 novissimus,
1815 4475 1936 4534 post
1964 4479 2079 4521 om—

488 4561 606 4615 nes,
635 4550 775 4608 idem
797 4561 853 4606 et
885 4553 1142 4610 minimus
1167 4571 1198 4610 a
1227 4556 1477 4610 monade.
1513 4557 1846 4613 Novissimns
1871 4567 2072 4623 autem,

486 4648 706 4710 propter
743 4643 888 4711 quod
927 4653 1116 4709 novus,
1161 4645 1289 4715 quia
1317 4645 1499 4702 caueri
1543 4648 1896 4716 peccedendo
1937 4650 2091 4704 anti-~

487 4735 708 4802 quiores
750 4735 1006 4791 existunt.
1049 4738 1298 4806 Quatuor
1333 4741 1498 4795 etiam
1546 4741 1721 4796 modis
1757 4740 1852 4794 lilii
1897 4741 2075 4812 appel-

489 4821 672 4878 lantur
717 4842 730 4876 :
779 4835 1009 4886 natura.
1059 4828 1389 4893 imitatione,
1436 4830 1753 4898 adeptione,
1805 4831 2070 4886 doctrina.

489 4909 692 4966 Natura
727 4913 887 4968 veluti
917 4927 1042 4970 cum
1071 4918 1324 4972 dicuntur
1353 4919 1445 4972 lilii
1475 4919 1705 4973 Abrahae
1733 4918 1917 4975 Judwi.
1947 4921 2074 4976 lmi-

489 5007 714 5068 tatione,
743 5010 804 5060 ut
840 5007 1007 5075 ipsius
1043 5007 1274 5064 Abrabre
1312 5009 1468 5064 tidem
1503 5005 1776 5066 imitantes
1808 5025 1872 5066 ex
1903 5015 2077 5083 genti-

488 5096 589 5152 bus
613 5097 821 5153 dicente
848 5099 1136 5168 Evangelio
1168 5119 1180 5154 :
1225 5100 1415 5155 Potens
1450 5113 1522 5157 est
1557 5102 1692 5156 Deus
1721 5105 1784 5157 de
1813 5105 2071 5172 lapidibus

485 5185 600 5242 istis
643 5190 895 5242 suscitare
937 5188 1074 5258 ﬁlios
1122 5191 1344 5244 Abrahae
1391 5191 1604 5261 (Matth.
1649 5194 1760 5264 tu);
1810 5195 1892 5249 vel
1935 5196 2074 5248 sicut

489 5281 705 5336 eosdem
760 5277 974 5337 intimos
1027 5280 1288 5336 Dominus
1341 5283 1478 5340 ﬁlios
1524 5299 1644 5342 esse
1694 5289 1824 5342 dicit
1873 5287 2070 5342 diaboli

488 5370 669 5443 (Joan.
695 5373 843 5442 vm),
887 5387 916 5426 a
944 5387 1052 5442 quo
1081 5389 1186 5427 non
1213 5376 1354 5440 nati,
1391 5378 1488 5431 sed
1515 5393 1675 5448 quem
1705 5378 1916 5432 fuerant
1947 5377 2069 5430 inti-

489 5463 603 5516 tati.
647 5461 946 5532 Adoptione
969 5476 1203 5534 quoque,
1241 5469 1383 5537 quod
1421 5469 1657 5524 humana
1688 5468 2074 5524 consuetudine

490 5549 618 5603 nulli
661 5551 784 5606 licet
825 5555 1031 5608 nescire
1061 5567 1076 5609 :
1105 5555 1187 5609 vel
1225 5557 1368 5610 sicut
1400 5571 1500 5611 nos
1543 5558 1671 5619 Deo,
1713 5572 1819 5611 non
1857 5563 2070 5617 natura,

487 5641 580 5695 sed
613 5644 896 5712 adoptione
925 5646 1154 5702 dicimus
1182 5666 1194 5701 :
1233 5649 1391 5703 Pater
1417 5660 1612 5714 noster,
1651 5651 1742 5720 qui
1775 5665 1828 5706 es
1854 5649 1908 5701 in
1935 5646 2075 5700 caelis

491 5733 703 5803 (suam.
746 5738 842 5804 vt).
890 5737 1174 5806 Doctrina,
1227 5744 1364 5796 sicut
1414 5743 1705 5810 Apostolus
1761 5743 1896 5796 illius
1947 5755 2075 5794 suos

491 5826 720 5894 ονρεηει
764 5842 882 5896 eos,
931 5832 1130 5904 quibus
1174 5831 1521 5904 Evangelium
1570 5832 1904 5902 pmdicavit.
1955 5830 2077 5887 Filii

2178 3357 2318 3411 Deus
2365 3355 2529 3410 Pater
2579 3358 2800 3411 mittens
2834 3356 3170 3426 unigenitum
3216 3356 3410 3418 Filium
3456 3372 3608 3412 suum
3665 3358 3770 3412 im-

2179 3461 2364 3502 mensa
2409 3448 2580 3519 gratia
2621 3463 2720 3517 per
2758 3447 2992 3517 Spiritus
3034 3448 3205 3504 sancti
3249 3448 3447 3504 donum
3490 3448 3542 3502 in
3589 3448 3772 3503 locum

2177 3541 2454 3609 adoptavit
2492 3539 2744 3594 llliorum.
2781 3538 2935 3594 llnde
2971 3549 3026 3594 et
3063 3539 3352 3610 Apostolus
3385 3541 3454 3594 ad
3483 3541 3773 3597 credentes
3813 3562 3852 3592 ο

2177 3631 2255 3684 ait
2279 3645 2293 3684 :
2321 3631 2386 3682 At
2409 3631 2496 3684 ubi
2515 3631 2648 3684 uenit
2669 3629 2938 3700 plenitudo
2955 3631 3221 3700 temporis,
3248 3631 3386 3684 misit
3404 3630 3546 3684 Deus
3569 3631 3774 3688 Filium

2177 3735 2330 3774 suum
2351 3759 2364 3786 ,
2407 3721 2605 3790 factum
2641 3737 2707 3774 ea:
2742 3721 2983 3784 muliere,
3021 3722 3220 3792 factum
3253 3723 3349 3776 sub
3405 3722 3534 3794 lege,
3581 3735 3638 3778 ut
3681 3742 3770 3780 eos

2173 3816 2264 3885 qui
2297 3815 2394 3870 sub
2436 3815 2546 3885 lege
2584 3825 2766 3881 erant,
2808 3816 3076 3870 redimeret
3117 3831 3136 3870 :
3179 3825 3235 3870 ut
3271 3817 3604 3887 adoptionem
3633 3817 3773 3887 ﬁlio-

2176 3922 2296 3962 rum
2331 3908 2694 3978 reciperentur.
2733 3907 2997 3973 Quoniam
3025 3919 3199 3964 autem
3233 3911 3355 3965 estis
3383 3910 3482 3980 ﬁlii
3511 3911 3606 3966 Dei
3625 3952 3640 3977 ,
3672 3915 3774 3967 uti-

2083 4032 2088 4040 ε
2175 3999 2247 4056 sit
2279 3999 2421 4056 Deus
2451 3999 2706 4071 Spiritum
2741 3999 2870 4055 Filii
2902 4002 2984 4054 sui
3013 4003 3070 4055 in
3097 4001 3256 4056 corda
3293 4011 3498 4068 nostra,
3531 4002 3772 4058 claman-

2175 4102 2300 4156 tem,
2325 4091 2460 4146 abba
2496 4089 2674 4146 Pater.
2696 4090 2885 4162 Itaque
2903 4092 3021 4162 jam
3047 4109 3150 4146 non
3169 4102 3248 4147 est
3269 4107 3470 4158 servus,
3496 4095 3587 4148 sed
3601 4093 3768 4163 ﬁlius.

2179 4184 2334 4250 Quod
2364 4183 2600 4252 siﬁlius,
2629 4197 2679 4238 et
2713 4184 2881 4240 heres
2915 4201 3008 4255 per
3043 4183 3212 4238 Deum
3237 4182 3380 4256 (Gal.
3421 4187 3518 4256 Iv).
3557 4186 3769 4242 Gemini

2178 4286 2305 4333 sunt
2341 4291 2448 4332 non
2479 4278 2585 4332 duo
2615 4287 2822 4334 tantum
2859 4279 3018 4333 simul
3048 4279 3160 4332 nati
3183 4318 3199 4342 ,
3239 4279 3332 4334 sed
3367 4279 3528 4333 etiam
3563 4278 3767 4348 plures.

2180 4373 2254 4426 De
2284 4372 2511 4441 geminis
2551 4380 2731 4426 autem
2769 4387 2908 4428 unus
2939 4371 3214 4426 abortivus
3250 4385 3266 4424 :
3305 4371 3462 4436 alter,
3502 4371 3590 4440 qui
3633 4370 3766 4440 legi-

2177 4463 2310 4516 time
2329 4470 2490 4516 natus
2511 4461 2694 4527 luerit,
2721 4461 2960 4530 volpicus
2985 4461 3314 4515 nominatur.
3343 4459 3557 4515 Gemini
3581 4469 3763 4514 autem

2179 4553 2234 4606 in
2267 4551 2562 4622 Scripturis
2590 4551 2744 4620 juxta
2773 4551 3082 4622 allegoriam
3109 4551 3214 4606 duo
3236 4551 3418 4622 populi
3453 4550 3764 4620 intelligun-

2179 4650 2288 4706 tur,
2331 4643 2430 4696 hoc
2454 4649 2567 4706 est,
2601 4640 2909 4700 Judmorum
2951 4648 3006 4695 et
3043 4640 3341 4710 gentilium.
3381 4640 3490 4695 llos
3517 4643 3768 4711 praeliga-

2175 4733 2371 4789 rabant
2409 4735 2487 4788 illi
2529 4735 2726 4804 gemini
2765 4734 3055 4800 Rebeccae,
3095 4750 3232 4805 quos
3262 4734 3446 4801 genuit
3485 4733 3634 4788 Isaac
3672 4750 3766 4804 pa-

2175 4826 2444 4880 triarchae.
2491 4827 2643 4881 Unde
2685 4827 2798 4896 ipsa
2849 4826 3091 4880 Rebecca
3127 4827 3257 4881 dum
3303 4825 3666 4896 perrexisset,
3709 4834 3768 4879 ut

2177 4919 2425 4970 adoraret
2462 4924 2518 4970 et
2544 4917 2854 4970 consuleret
2882 4915 3188 4979 Dominum,
3237 4914 3344 4969 tale
3373 4915 3440 4998 ab
3463 4930 3529 4968 eo
3559 4913 3769 4984 accepit

2176 5022 2493 5076 responsum
2537 5025 2550 5059 :
2597 5005 2730 5059 Date
2765 5016 2936 5076 gentes
2971 5006 3026 5060 in
3066 5014 3211 5059 utero
3255 5014 3343 5058 tuo
3379 5013 3547 5058 sunt:
3577 5012 3624 5057 et
3660 5004 3766 5057 duo

2178 5095 2354 5165 capuli
2388 5111 2453 5148 ea:
2491 5105 2660 5150 ventre
2687 5105 2778 5149 tuo
2813 5094 3130 5158 dividentur,
3173 5095 3493 5164 populusque
3515 5091 3766 5162 populum

2178 5185 2462 5256 superabit,
2485 5195 2531 5238 et
2558 5187 2730 5255 major
2750 5187 2930 5240 sentiet
2955 5185 3148 5238 minori
3172 5181 3323 5255 (Gen.
3352 5183 3501 5254 xxv).
3531 5182 3683 5250 Quod
3708 5193 3764 5238 et

2178 5275 2334 5330 aliter
2371 5275 2528 5344 juxta
2573 5275 2921 5346 tropologiam
2968 5275 3192 5347 intelligi
3238 5281 3435 5345 potest.
3485 5271 3763 5343 Siquidem

2178 5376 2233 5422 et
2261 5368 2314 5421 in
2337 5366 2562 5437 singulis
2586 5367 2740 5421 nobis
2770 5367 2872 5421 hoc
2900 5367 3003 5422 dici
3033 5377 3232 5438 potest,
3260 5365 3401 5436 quod
3427 5365 3546 5420 dum
3575 5374 3764 5436 gentes

2177 5472 2231 5518 et
2260 5463 2368 5516 duo
2399 5462 2580 5534 populi
2611 5462 2718 5516 sint
2748 5461 2886 5515 intra
2918 5477 3040 5528 nos,
3069 5461 3322 5516 vitiorum
3350 5459 3556 5514 scilicet
3590 5465 3758 5527 atque

2175 5554 2452 5610 virtutum.
2507 5552 2612 5607 Sed
2657 5553 2758 5606 iste
2798 5552 2976 5606 minor
3012 5559 3114 5616 est,
3163 5550 3252 5604 ille
3299 5548 3488 5617 major.
3537 5549 3766 5620 Semper

2175 5647 2320 5702 enim
2351 5647 2532 5716 plures
2561 5654 2686 5700 sunt
2711 5645 2861 5709 mali,
2891 5657 3054 5712 quam
3081 5643 3225 5706 boni,
3262 5651 3317 5697 et
3347 5643 3478 5696 vitia
3504 5654 3763 5697 numero—

2171 5740 2321 5794 siora
2359 5746 2487 5794 sunt
2527 5738 2817 5793 virtutibus
2847 5754 2860 5790 :
2889 5736 2982 5790 sed
3025 5743 3208 5792 tslnen
3239 5745 3294 5791 et
3321 5737 3374 5792 in
3407 5735 3562 5794 nobis
3588 5734 3763 5806 gratis

2173 5829 2274 5887 Dei
2299 5828 2530 5903 populus
2561 5828 2814 5902 populum
2843 5834 3068 5897 superat
3083 5866 3100 5892 ,
3135 5834 3192 5884 et
3223 5828 3399 5900 major
3425 5825 3626 5892 serviet
3653 5824 3762 5884 mi-
