4074 6324
331 460 434 519 189

1287 450 1374 507 DE
1409 439 1754 507 UNWERSO
1788 438 1966 501 ΜΒΝ
2002 430 2170 496 XXII.
2209 466 2277 481 ——-
2313 430 2443 496 LIB.
2482 430 2599 495 νιι.

328 577 472 636 nori.
512 572 725 633 Serviet
762 571 907 630 enim
938 585 1063 627 caro
1099 567 1339 644 spiritui,
1366 575 1423 623 et
1456 567 1587 623 vitia
1615 562 1903 622 virtutibus
1929 546 1982 626 Α
2006 552 2127 609 talis
2165 555 2219 609 in
2258 550 2362 610 fide
2399 561 2454 610 ct
2493 554 2652 610 bonis
2684 553 2942 625 operibus
2978 548 3276 624 ωπίιπιειι.
3314 550 3473 621 Quod
3511 550 3587 607 ibi

331 670 552 728 cedunt.
590 663 916 721 Posthumus
950 670 1177 719 vocatur
1218 675 1284 715 eo
1312 654 1455 731 quod
1492 664 1619 733 post
1637 650 1907 712 humatim

330 778 456 821 nem
496 754 665 832 patris
693 755 957 825 nascitur,
995 750 1048 809 id
1072 758 1156 810 est
1178 760 1300 825 post
1323 751 1547 807 obitum.
1589 748 1693 804 iste
1733 755 1788 802 et
1814 746 1908 801 de-

329 851 496 910 functi
540 865 734 907 nomen
775 845 1000 921 accepit.
1052 843 1143 902 Sic
1178 845 1321 900 enim
1363 844 1451 899 lex
1488 837 1675 907 voluit,
1718 844 1777 895 ut
1815 839 1905 910 qui

327 941 580 998 defuncto
622 937 881 1001 nascitur,
926 930 1164 991 defuncti
1194 936 1407 989 nomine
1448 932 1761 1004 appelletur.
1802 930 1907 985 No-

326 1034 452 1088 thus
491 1032 704 1094 dicitur,
738 1028 831 1103 qui
874 1026 941 1083 de
980 1037 1133 1099 patre
1173 1024 1336 1083 nobili
1378 1035 1432 1081 et
1470 1034 1642 1080 matre
1688 1021 1905 1095 ignobili

322 1124 583 1194 gignitur,
618 1121 755 1176 sicut
784 1135 851 1174 ex
879 1119 1196 1176 concubina.
1230 1119 1325 1173 Est
1353 1126 1529 1172 autem
1565 1115 1669 1171 hoc
1711 1131 1904 1170 nomen

322 1200 591 1277 Caecum,
623 1218 677 1271 et
712 1208 764 1269 in
795 1209 1061 1264 latinitate
1091 1204 1303 1263 defecit.
1334 1207 1471 1263 Huic
1497 1204 1797 1261 contrarius
1824 1211 1906 1259 est

324 1302 559 1375 spurius,
590 1302 682 1372 qui
710 1301 777 1359 de
805 1310 977 1355 matre
1013 1299 1176 1355 nobili
1204 1308 1259 1354 et
1294 1310 1446 1369 patre
1486 1296 1701 1370 ignobili
1733 1294 1907 1351 nasci-

325 1398 433 1444 tur.
464 1389 599 1446 ltem
622 1388 837 1461 spurius
858 1398 1013 1465 patre
1038 1389 1263 1454 incerto,
1294 1398 1467 1443 matre
1489 1386 1647 1443 vidua
1673 1382 1903 1458 genitus,

322 1481 466 1535 velut
500 1489 707 1534 tantum
734 1472 903 1551 spurii
931 1478 1073 1537 filius
1102 1498 1115 1534 :
1148 1479 1274 1549 quia
1309 1478 1626 1539 muliebrem
1658 1488 1904 1533 naturam

320 1582 533 1627 veteres
553 1572 791 1642 spuriam
812 1571 1095 1626 vocabant.
1122 1569 1313 1624 Latine
1337 1577 1510 1625 autem
1539 1568 1729 1637 spurii,
1751 1566 1903 1638 quasi

321 1673 475 1717 extra
502 1663 817 1733 puritatem,
848 1661 899 1716 id
926 1671 1010 1717 est
1031 1663 1183 1732 quasi
1209 1658 1489 1716 immundi.
1515 1659 1737 1732 Legitur
1761 1660 1904 1716 enim

321 1752 374 1807 in
405 1753 543 1808 libro
566 1750 773 1825 Regum
800 1752 878 1806 vir
894 1754 1126 1822 spurius,
1152 1753 1356 1805 nomine
1379 1748 1605 1814 Goliath,
1630 1751 1694 1804 de
1719 1750 1903 1803 castris

324 1841 726 1897 Philistinorum
769 1844 1100 1913 processisse,
1144 1859 1295 1914 quem
1342 1840 1508 1895 David
1554 1841 1696 1904 vicit,
1752 1849 1904 1910 atque

2009 656 2362 716 monstratur,
2399 646 2487 703 ubi
2531 646 2715 703 fideles
2752 645 2820 701 de
2853 646 3102 719 gentibus
3135 654 3319 701 semen
3357 645 3589 701 Abram

2007 748 2407 811 nuncupantur.
2476 736 2631 795 Unde
2674 735 2962 808 Apostolus
3005 737 3134 794 dicit
3175 754 3189 791 :
3243 735 3366 791 Nan
3410 751 3590 792 omnes

2006 828 2095 902 qui
2134 847 2197 886 ea:
2236 830 2497 884 Abraham
2537 831 2647 883 nati
2691 838 2831 894 sunt,
2856 828 2957 898 ﬁlii
2999 830 3247 911 dicuntur
3285 828 3591 883 Abraham:

2006 920 2095 979 sed
2134 918 2221 995 qui
2259 936 2324 978 ex
2360 920 2465 992 ﬁde
2501 920 2725 977 Abram
2760 924 2911 987 sunt,
2952 918 3033 976 illi
3064 919 3392 975 (perimantur
3415 922 3472 974 in
3504 935 3591 974 se-

1959 1038 1974 1059 ι
2006 1019 2144 1071 mine
2171 1030 2187 1068 :
2216 1017 2463 1088 quoniam
2490 1014 2579 1087 qui
2612 1032 2675 1071 ea:
2696 1014 2799 1085 fide
2820 1024 2961 1081 sunt,
2988 1014 3069 1068 itii
3096 1014 3197 1084 ﬁlii
3220 1023 3341 1069 sunt
3368 1014 3590 1068 Abraha

2007 1102 2183 1178 (Rom.
2230 1107 2329 1180 ix).
2375 1106 2612 1161 Proximi
2655 1119 2833 1163 autem
2882 1107 3107 1179 mystice
3150 1105 3256 1162 nde
3300 1105 3591 1177 propinqui

2007 1194 2414 1265 intelliguntur:
2443 1206 2505 1251 ut
2544 1206 2629 1252 est
2671 1199 2801 1253 illud
2847 1198 2901 1253 in
2950 1196 3279 1253 Salomone:
3318 1195 3495 1251 Venite
3540 1200 3591 1251 et

2004 1291 2317 1345 manducate
2342 1301 2389 1347 et
2430 1293 2587 1347 bibite
2610 1303 2657 1348 et
2684 1293 3039 1362 inebriamini,
3064 1296 3290 1366 proximi
3322 1293 3473 1365 (Sap.
3505 1291 3587 1364 ιι).

2006 1378 2215 1449 Vicini,
2260 1384 2577 1454 propinqui,
2624 1393 2684 1440 ut
2722 1386 2772 1439 in
2816 1382 3040 1449 Exodo:
3080 1386 3318 1440 Assumrt
3362 1385 3589 1439 vicinum

2005 1489 2187 1537 suum,
2221 1475 2309 1546 qui
2336 1475 2645 1544 conjunctus
2682 1487 2754 1530 est
2790 1476 2969 1531 domui
2997 1492 3106 1531 sum
3138 1472 3333 1548 (Exod.
3362 1478 3483 1548 xu).
3522 1474 3593 1530 Et

2006 1565 2060 1619 in
2095 1564 2425 1620 Salomone:
2458 1566 2646 1621 Melius
2686 1572 2758 1621 est
2798 1569 2994 1623 vicinus
3027 1569 3208 1639 juxta,
3243 1586 3398 1639 quam
3429 1570 3593 1637 frater

2003 1653 2186 1724 procul
2228 1650 2408 1727 (Prov.
2445 1658 2637 1727 xxvii).
2686 1656 2905 1713 Fratres
2953 1656 3081 1713 dicti
3117 1674 3181 1713 eo
3219 1658 3360 1726 quod
3391 1656 3497 1712 sint
3524 1673 3590 1712 ex

2004 1742 2192 1799 eodem
2222 1744 2416 1813 fructu,
2443 1746 2493 1801 id
2517 1756 2618 1812 est,
2646 1761 2713 1802 ex
2732 1749 2919 1803 eodem
2947 1750 3062 1803 nati
3086 1751 3307 1804 semine.
3334 1747 3589 1804 Germani

2003 1851 2132 1891 vero
2160 1837 2225 1891 de
2255 1837 2443 1892 eadem
2474 1838 2735 1909 genitrice
2759 1848 3059 1903 manantes,
3091 1856 3198 1895 non
3227 1840 3306 1911 (ut
3334 1838 3484 1894 multi
3513 1840 3593 1894 di-

320 1932 569 2001 percussit
600 1930 649 2005 (Ι
676 1904 803 2003 Rep.
832 1932 987 2003 xvn),
1017 1904 1167 2004 quod.
1193 1931 1462 2002 signiﬁcat
1489 1904 1902 2001 Redemptorcm
2007 1924 2154 1997 cunt)
2183 1924 2248 1981 de
2282 1904 2766 1999 eodem'germine,
2800 1931 2891 1999 qui
2922 1936 3131 1985 tantum
3172 1904 3367 1983 fratres
3394 1943 3593 1983 vocan-

321 2031 596 2083 nostrum,
626 2024 716 2093 qui
747 2022 899 2078 fortis
935 2040 1095 2078 manu
1124 2022 1372 2091 Goliath,
1402 2023 1491 2094 qui
1526 2024 1903 2091 lrammigrans

321 2108 721 2184 interpretatur,
751 2123 805 2168 et
831 2113 1095 2183 significat
1123 2113 1321 2168 diaboli
1353 2111 1679 2184 superbiam,
1716 2112 1902 2182 singu-

320 2202 419 2256 lari
450 2204 742 2259 certamine
773 2220 1118 2277 congressum
1146 2203 1525 2275 prostravisse,
1556 2218 1619 2258 ac
1648 2203 1903 2274 pepulum

317 2290 415 2349 Dei
447 2308 477 2347 a
510 2277 700 2348 timore
732 2293 847 2362 ejus
874 2294 1154 2365 eripuisse.
1200 2288 1377 2365 Nepos
1417 2302 1533 2359 est,
1574 2294 1663 2363 qui
1693 2308 1755 2348 ex
1794 2291 1904 2347 lilio

316 2394 481 2440 natus
505 2395 608 2441 est.
649 2384 832 2441 Dictus
862 2394 1071 2452 autem,
1105 2388 1258 2459 quasi
1301 2393 1458 2445 natus
1486 2386 1627 2457 post.
1663 2382 1902 2437 Primum

320 2479 463 2532 enim
514 2478 656 2534 illius
703 2480 957 2542 nascitur,
1016 2480 1206 2537 deinde
1255 2494 1441 2550 nepos.
1496 2474 1707 2532 Gradus
1759 2476 1903 2531 enim

319 2570 716 2626 substitutionis
745 2580 846 2626 est.
893 2572 1029 2627 Hinc
1069 2581 1123 2627 et
1162 2562 1472 2645 posteritas,
1505 2569 1656 2639 quasi
1689 2578 1901 2638 postera

319 2669 473 2714 tetas.
522 2660 698 2733 Nepos
751 2671 931 2717 autem
978 2663 1261 2735 utriusque
1310 2674 1469 2717 sexus
1512 2669 1615 2715 est.
1664 2656 1798 2714 Nam
1843 2645 1904 2713 ut

317 2752 498 2821 neptis
540 2752 811 2818 dicamus,
862 2754 913 2807 in
958 2752 1080 2825 jure
1127 2763 1210 2810 est
1256 2761 1477 2825 propter
1524 2750 1903 2805 discretionem

320 2842 679 2897 successionis
714 2842 988 2898 amissam.
1037 2840 1308 2913 Pronepos
1335 2849 1440 2907 est,
1482 2841 1571 2910 qui
1614 2856 1681 2895 ex
1710 2847 1904 2911 nepote

316 2940 613 3001 conceptus
654 2940 919 3005 natasque
959 2940 1062 2999 est,
1106 2942 1160 2989 et
1198 2932 1373 2989 dictus
1412 2946 1701 3003 pronepos,
1747 2926 1902 3001 quasi

318 3022 481 3079 natus
506 3028 665 3093 porro
702 3032 841 3094 post.
883 3022 961 3078 Ex
1001 3023 1104 3079 hoc
1134 3037 1345 3095 quoque
1380 3021 1550 3092 gradu
1590 3010 1775 3091 incipit
1802 3032 1900 3073 vo-

315 3113 434 3167 cari
459 3118 515 3167 et
539 3115 842 3187 progenies,
874 3116 1000 3187 quia
1040 3130 1146 3170 non
1174 3123 1257 3170 est
1290 3115 1344 3171 in
1375 3115 1454 3169 eis
1481 3112 1639 3181 longa
1667 3110 1898 3183 posteri—

314 3208 424 3258 tas.
464 3196 617 3260 Sicut
656 3212 835 3260 autem
876 3204 1097 3261 inferius
1134 3204 1292 3277 longe
1329 3204 1460 3260 editi
1499 3202 1784 3279 progenies
1816 3201 1898 3257 di-

2005 2028 2111 2076 tur.
2151 2023 2292 2097 Ergo
2334 2024 2528 2081 fratres
2559 2038 2624 2080 ex
2660 2024 2846 2082 eodem
2884 2025 3097 2092 fructu,
3139 2024 3378 2097 germani
3409 2038 3473 2077 ex
3501 2038 3593 2076 ea—

2006 2108 2125 2167 dem
2161 2115 2425 2185 genitrice
2461 2125 2759 2172 manantes.
2802 2110 3010 2173 Uterini
3052 2118 3257 2185 vocati,
3301 2116 3443 2185 quod
3484 2115 3591 2169 sint

2004 2203 2330 2259 ex‘diversis
2358 2206 2599 2274 patribus
2628 2214 2684 2259 ct
2716 2214 2870 2261 utero
2904 2216 3013 2261 uno
3041 2204 3171 2261 editi
3203 2224 3215 2260 :
3255 2218 3376 2261 nam
3408 2214 3593 2259 uterus

2005 2298 2210 2349 tantum
2244 2295 2486 2351 mulieris
2524 2305 2627 2353 est.
2665 2298 2906 2366 Quatuor
2939 2308 3116 2353 autem
3150 2298 3322 2353 modis
3359 2298 3412 2353 in
3442 2295 3591 2352 Scri-

2002 2378 2174 2455 pturis
2220 2382 2415 2443 divinis
2454 2389 2651 2445 fratres
2683 2382 2786 2444 dici
2826 2394 3039 2444 constat
3078 2404 3091 2444 :
3132 2398 3355 2456 natura,
3401 2398 3587 2461 gente,

2003 2477 2340 2546 cognatione,
2383 2476 2596 2534 aifeetu.
2640 2472 2861 2545 Natura,
2898 2488 2955 2534 ut
2995 2474 3135 2535 Esau
3176 2486 3229 2535 et
3266 2477 3449 2545 JaCub,
3482 2478 3592 2532 An-

2004 2566 2161 2623 dress
2188 2577 2243 2623 et
2270 2568 2482 2636 Petrus,
2513 2570 2742 2626 Iacobus
2770 2581 2822 2627 et
2865 2567 3121 2627 Joannes.
3161 2571 3352 2636 Cente,
3388 2578 3443 2624 ut
3469 2584 3584 2623 om-

2002 2670 2099 2711 nes
2133 2648 2303 2713 .iudzei
2342 2658 2536 2715 fratres
2580 2662 2723 2715 inter
2761 2676 2818 2716 se
2856 2672 3135 2715 vocantur.
3179 2654 3331 2716 Unde
3368 2654 3496 2714 dicit
3534 2658 3589 2713 in

2005 2746 2461 2806 Deutei‘onomio:
2504 2750 2562 2806 Si
2598 2760 2771 2805 autem
2813 2754 2997 2805 cineris
3027 2752 3244 2821 fratrem
3287 2760 3458 2817 tuum,
3501 2749 3589 2822 qui

2001 2844 2077 2891 est
2107 2828 2363 2894 Hebrwus
2394 2836 2571 2911 (Deut.
2600 2843 2711 2914 xv).
2747 2840 2815 2907 Et
2842 2843 3128 2915 Apostolus
3154 2854 3169 2909 _:
3204 2843 3479 2915 Optabam,
3508 2844 3590 2897 in-

2002 2931 2146 3001 quit,
2176 2947 2270 3003 ego
2298 2934 2578 2988 anathema
2607 2950 2716 2989 esse
2742 2953 2772 2989 a
2803 2934 3012 2990 Christo
3037 2947 3130 3008 pro
3162 2930 3412 3005 fratribus
3439 2926 3586 2999 meis,

2000 3020 2090 3089 qui
2141 3026 2262 3076 sunt
2312 3026 2517 3094 cognati
2562 3026 2666 3080 met
2717 3026 3000 3080 secundum
3046 3034 3286 3091 carnem,
3334 3025 3422 3096 qui
3467 3030 3588 3078 sunt

2001 3108 2261 3167 Israelita?
2292 3111 2470 3185 (Rom.
2498 3116 2600 3185 ix).
2630 3114 2800 3171 Porro
2828 3117 3146 3188 cognatione
3170 3115 3367 3171 fratres
3392 3128 3589 3170 vocan-

2000 3213 2107 3270 tur,
2136 3203 2225 3272 qui
2248 3212 2373 3259 sunt
2401 3202 2466 3260 de
2490 3221 2595 3261 una
2622 3205 2845 3274 familia,
2877 3207 2931 3262 id
2960 3215 3063 3274 est,
3093 3208 3290 3279 patria,
3319 3216 3454 3278 quas
3481 3206 3587 3260 La-

318 3303 517 3349 cuntur
552 3304 565 3349 t
606 3296 679 3357 ita
708 3297 952 3365 superius
986 3297 1195 3367 proavi,
1241 3297 1405 3362 atavi,
1439 3296 1527 3368 qui
1556 3304 1611 3351 et
1646 3295 1900 3367 progeni-
1928 3286 1974 3351 Ε
2004 3295 2104 3359 tibi
2137 3297 2492 3366 paternitates
2526 3300 2970 3368 interpretantur,
3010 3314 3130 3355 cum
3163 3316 3229 3355 ex
3264 3308 3370 3354 una
3407 3299 3589 3353 radice

322 3394 467 3442 tores
496 3386 852 3458 appellantur,
882 3388 1035 3458 quasi
1067 3402 1230 3458 porro
1258 3393 1597 3459 generantes.
1626 3380 1903 3458 Pronepos

316 3478 514 3546 dictus,
563 3481 688 3552 quia
736 3490 905 3552 prope
954 3496 1059 3539 non
1106 3484 1300 3555 potest.
1343 3479 1616 3553 Abn’epos,
1663 3476 1788 3551 quia
1819 3491 1903 3533 se-

254 3584 269 3603 '
305 3562 558 3647 jungitur
599 3587 629 3625 a
674 3580 886 3643 nepote.
926 3564 1140 3627 Etenim
1185 3572 1326 3627 inter
1370 3571 1517 3629 illum
1559 3580 1612 3627 et
1650 3576 1901 3645 nepotem

308 3677 604 3737 pronepos.
650 3656 914 3733 Adnepos,
960 3658 1241 3735 abnepotis
1290 3660 1451 3718 filius.
1501 3658 1763 3733 Trinepos
1808 3663 1901 3718 ad-

310 3742 533 3821 nepotis
574 3744 712 3804 ﬁliuS
747 3751 869 3821 quia
906 3760 1029 3821 post
1068 3756 1319 3820 nepotem
1356 3760 1580 3821 quartus
1621 3748 1674 3807 in
1712 3748 1901 3806 ordine

313 3850 423 3906 est,
471 3842 622 3911 quasi
651 3844 978 3913 tetranepos.
1015 3839 1251 3895 Minores
1281 3848 1457 3896 autem
1505 3857 1610 3895 non
1652 3842 1900 3907 dicimus,

313 3924 421 3987 nisi
452 3932 666 4001 quoties
713 3931 973 4001 graduum
1002 3930 1184 3985 deficit
1226 3945 1440 3996 nomen,
1473 3937 1535 3985 ut
1577 3939 1706 4000 puta
1737 3929 1898 3994 filius,

315 4037 505 4093 nepos,
553 4038 843 4099 pronepos,
892 4023 1148 4093 abnepos,
1192 4028 1435 4092 atnepos,
1484 4020 1744 4089 trinepos.
1796 4014 1898 4075 Ubi

310 4110 408 4173 isti
436 4115 632 4182 gradus
663 4111 971 4173 defecerint,
1003 4111 1195 4167 merito
1234 4108 1346 4178 jam
1392 4110 1620 4164 dicimus
1667 4109 1903 4161 minores

314 4204 462 4258 sicut
491 4203 545 4257 et
573 4201 805 4271 majores
837 4200 1065 4259 dicimus
1099 4215 1197 4270 pro
1226 4204 1380 4273 patre
1408 4200 1600 4269 patris,
1630 4198 1744 4265 avi,
1775 4211 1902 4268 pro-

316 4294 427 4359 avi,
460 4294 637 4357 abavi,
666 4292 831 4357 atavi,
868 4291 1157 4359 trilavique
1184 4290 1518 4344 vocabulum.

933 4422 1159 4487 CAPUT
1194 4422 1282 4485 ιν.

772 4533 851 4588 De
874 4535 1082 4603 agnatis
1108 4541 1158 4587 et
1183 4532 1436 4604 cognatis.

2003 3386 2171 3441 multa
2207 3389 2420 3459 generis
2448 3386 2601 3445 turba
2647 3390 2977 3446 diffunditur.
3023 3390 3092 3447 Et
3133 3393 3187 3447 in
3227 3390 3419 3449 Genesi
3456 3391 3591 3447 dixit

2002 3470 2276 3533 Abraham
2305 3480 2371 3534 ad
2404 3479 2505 3535 Lot
2537 3499 2549 3534 :
2586 3470 2709 3535 Non
2740 3481 2805 3535 sit
2836 3484 2954 3536 rixa
2984 3484 3119 3537 inter
3148 3499 3229 3536 me
3257 3493 3304 3537 et
3336 3493 3405 3548 te,
3436 3491 3483 3535 et
3509 3482 3591 3536 in-

2003 3576 2081 3621 ter
2105 3576 2336 3638 pastores
2358 3572 2473 3624 tuos
2495 3579 2543 3625 et
2567 3580 2798 3642 pastores
2827 3584 2987 3639 meos,
3009 3574 3131 3645 quia
3159 3586 3334 3630 omnes
3359 3590 3452 3629 nos
3476 3572 3588 3645 fra-

2003 3667 2106 3713 tres
2132 3676 2310 3713 sumus
2347 3659 2497 3730 (Gen.
2528 3664 2668 3734 xiii).
2710 3660 2778 3717 Et
2812 3672 2959 3719 certe
2995 3664 3096 3719 Lot
3121 3680 3228 3719 non
3262 3674 3381 3721 erat
3420 3663 3591 3719 frater

2001 3749 2233 3803 Abrahae
2266 3769 2278 3803 :
2308 3752 2401 3805 sed
2441 3752 2579 3808 filius
2607 3752 2793 3817 fratris
2823 3754 2939 3825 eius
2966 3754 3167 3810 Aaron.
3200 3753 3401 3823 Quarto
3433 3757 3589 3811 modo

2003 3839 2194 3895 affectu
2223 3840 2420 3895 fratres
2457 3843 2582 3909 dici,
2617 3846 2707 3919 qui
2748 3845 2803 3903 in
2834 3846 2941 3903 duo
2968 3847 3312 3910 scinduntur,
3346 3846 3590 3915 spiritale

2001 3936 2057 3983 et
2089 3944 2374 3984 commune
2412 3948 2425 3984 :
2468 3932 2738 4000 spiritale,
2785 3934 3039 4002 quoniam
3080 3951 3268 3989 omnes
3295 3935 3589 3989 Christiani

2001 4018 2199 4075 fratres
2223 4036 2482 4077 vocamur
2507 4041 2519 4076 :
2549 4031 2644 4077 ut:
2678 4020 2815 4077 Ecce
2840 4032 2995 4095 quam
3024 4026 3212 4081 bonum
3241 4036 3288 4079 et
3315 4043 3471 4097 quam
3495 4028 3589 4098 ju-

2002 4113 2231 4168 cundum
2269 4110 2505 4169 habitare
2546 4112 2733 4185 fratres
2770 4117 2825 4170 in
2856 4126 3015 4170 unum
3047 4116 3217 4187 (Psal.
3245 4117 3481 4185 cxxxn);
3530 4119 3583 4172 in

2002 4216 2304 4270 commune,
2337 4220 2462 4262 cum
2492 4215 2545 4261 et
2574 4218 2761 4262 omnes
2793 4198 3037 4263 homines
3063 4220 3128 4263 ex
3152 4223 3260 4264 uno
3290 4218 3444 4280 patre
3474 4211 3586 4264 nati

1999 4301 2117 4373 pari
2162 4298 2304 4355 inter
2346 4312 2445 4355 nos
2488 4294 2843 4372 germanitate
2883 4301 3274 4372 coniungimus,
3304 4298 3586 4370 Scriptura

1998 4388 2251 4462 lnquente
2281 4409 2295 4445 ε
2326 4392 2493 4446 Dicite
2527 4393 2607 4447 his
2634 4392 2724 4464 qui
2755 4392 2975 4455 oderunt
3004 4404 3089 4448 uos
3118 4408 3135 4448 :
3168 4386 3386 4449 Fratres
3425 4393 3589 4447 nostri

1998 4492 2088 4538 vos
2118 4483 2261 4537 estis.
2292 4481 2558 4537 Germana
2594 4481 2668 4536 ita
2708 4480 3044 4553 intelligitur,
3074 4489 3134 4538 ut
3171 4498 3459 4555 germanus
3494 4498 3587 4536 ea-

2001 4570 2120 4625 dem
2150 4568 2411 4640 genitrice
2447 4576 2692 4625 manans.
2742 4566 2962 4643 Mystice
2995 4572 3242 4627 Christus
3282 4573 3453 4627 frater
3482 4582 3586 4637 est,

390 4643 583 4715 Agna“
619 4638 745 4699 dicit
774 4652 839 4698 eo
863 4640 1005 4713 quod
1036 4644 1296 4698 accedant
1323 4658 1424 4712 pro
1450 4643 1614 4707 natis.
1645 4644 1770 4698 dum
1794 4642 1896 4698 αθη-
1923 4622 1975 4691 Ι)
2005 4622 3589 4729 as's.:’.‘i;.*‘c.‘...sasistamus;’.";;..;;;.;.;.;1;;

317 4746 448 4792 sunt
491 4736 606 4790 lilii.
647 4736 750 4803 Qui
798 4737 919 4791 ideo
967 4736 1116 4805 prius
1151 4736 1204 4789 in
1248 4746 1445 4805 genere
1488 4744 1895 4805 agnoscuntur:

317 4829 448 4897 quia
480 4829 702 4882 veniunt
739 4838 834 4897 per
859 4822 1028 4883 virilis
1068 4840 1231 4882 sexus
1266 4842 1525 4897 personas
1551 4846 1562 4881 :
1592 4827 1754 4881 Veluti
1784 4826 1898 4881 fra-

317 4920 404 4973 ter
433 4918 620 4971 eodem
659 4926 812 4988 patre
854 4924 1031 4983 natus,
1062 4917 1145 4972 vel
1181 4914 1363 4972 fratris
1393 4917 1552 4985 illius,
1599 4931 1784 4988 nepos,
1815 4918 1898 4972 rei

316 5022 384 5062 ex
412 5022 475 5061 eo
500 5008 692 5062 iterum
726 5016 968 5078 patruus.
1000 5009 1224 5079 Cognati
1260 5009 1411 5075 dicti,
1431 5010 1556 5078 quia
1579 5016 1704 5063 sunt
1722 5016 1777 5063 et
1797 5010 1897 5079 ipsi

314 5100 718 5169 propinquitate
757 5102 1093 5170 cognationis
1132 5101 1437 5170 conjuncti,
1482 5104 1572 5171 qui
1614 5102 1737 5156 inde
1780 5112 1902 5171 post

317 5197 544 5259 agnatos
569 5186 860 5257 habentur,
903 5193 1027 5262 quia
1058 5208 1155 5263 per
1182 5191 1422 5248 feminini
1453 5208 1613 5249 sexus
1644 5208 1901 5262 personas

317 5278 542 5335 veniunt
583 5300 595 5335 :
642 5298 743 5338 nec
776 5288 901 5338 sunt
942 5286 1151 5355 agnati,
1195 5284 1288 5341 sed
1333 5284 1466 5343 alias
1511 5286 1741 5341 naturali
1778 5286 1901 5355 jure

320 5370 556 5438 cognati.
604 5369 890 5427 Proximus
933 5380 1153 5444 propter
1188 5375 1585 5444 proximitatem
1624 5376 1901 5447 sanguinis

318 5458 635 5529 appellatus.
669 5462 1063 5533 Consanguinei
1110 5482 1174 5520 eo
1202 5467 1342 5536 quod
1372 5481 1437 5520 ex
1474 5476 1582 5521 uno
1617 5467 1895 5537 sanguine,

320 5548 376 5605 id
406 5556 522 5617 est,
553 5562 620 5606 ex
648 5562 757 5608 uno
784 5557 953 5625 patris
987 5556 1192 5610 semine
1217 5558 1327 5610 nati
1355 5565 1499 5612 sunt.
1526 5556 1587 5612 in
1617 5557 1898 5629 Scriptura

319 5652 451 5712 ergo
490 5658 644 5698 sacra
696 5660 800 5701 non
848 5654 1054 5701 tantum
1100 5646 1178 5702 iiii
1225 5650 1435 5719 cegnati
1486 5649 1757 5715 dicuntur,
1808 5652 1899 5719 qui

319 5730 671 5789 bistorialiter
726 5737 955 5805 quadam
1012 5739 1358 5808 proximitate
1418 5743 1903 5811 consanguinitatis

320 5822 513 5879 sociati
540 5827 791 5883 videntur
818 5845 831 5881 :
860 5829 955 5885 sed
978 5830 1142 5886 etiam
1171 5830 1267 5898 iiii,
1295 5844 1431 5903 quos
1458 5836 1707 5905 cognatio
1735 5835 1899 5905 spiri-

2004 4766 2099 4821 ego
2126 4746 2203 4802 illi
2238 4749 2413 4820 (Cant.
2445 4748 2584 4818 νιιι).
2620 4748 2751 4803 item
2783 4748 3000 4813 fratres,
3026 4747 3265 4818 Apostoli
3287 4790 3299 4813 ,
3330 4750 3445 4803 sive
3468 4765 3585 4803 om-

2006 4858 2104 4897 nes
2129 4843 2296 4897 saneti
2319 4884 2332 4905 ,
2365 4842 2423 4896 ut
2449 4842 2501 4895 in
2533 4841 2740 4911 psalmo
2767 4859 2780 4895 :
2815 4837 3057 4895 Narrabo
3088 4850 3270 4895 nomen
3298 4850 3443 4895 tuum
3472 4843 3585 4911 fra-

2005 4932 2169 4986 tribus
2213 4934 2340 4986 meis
2381 4922 2552 5004 (Psal.
2586 4930 2719 5001 xm).
2760 4930 2826 4987 Et
2865 4933 2919 4986 in
2962 4930 3122 4986 aliam
3160 4940 3397 5002 partem,
3434 4940 3493 4988 ut
3533 4934 3585 4988 in

2004 5019 2104 5074 loli
2132 5038 2146 5073 :
2184 5017 2401 5074 Fratres
2427 5020 2529 5074 mei
2557 5022 2917 5091 pra'terierunt
2948 5036 3027 5074 me
3048 5022 3181 5075 sicut
3211 5030 3410 5076 torrens
3440 5022 3581 5087 (Job.

2001 5110 2101 5178 Vi).
2144 5109 2315 5164 Amici
2338 5152 2351 5173 ,
2395 5109 2620 5180 apostoli
2656 5111 2738 5164 vel
2774 5122 2963 5165 omnes
2992 5113 3203 5166 sancti:
3237 5121 3295 5166 ut
3324 5114 3376 5167 in
3411 5112 3585 5166 Evan-

2003 5201 2143 5269 gelio
2166 5218 2178 5253 :
2203 5200 2325 5254 lam
2348 5214 2451 5253 non
2471 5201 2589 5255 dico
2612 5219 2698 5254 vos
2720 5210 2911 5265 seruos,
2932 5202 3022 5255 sed
3042 5205 3237 5256 amicos
3265 5202 3444 5273 (Joan.
3468 5205 3579 5267 xv).

2000 5290 2072 5344 Et
2095 5292 2146 5344 in
2172 5290 2331 5344 aliam
2354 5296 2563 5361 partem
2587 5308 2600 5343 :
2626 5290 2821 5354 Amice,
2845 5292 3100 5362 quoniam)
3126 5293 3228 5347 huc
3247 5295 3459 5349 intrasti
3483 5308 3582 5350 non

2004 5381 2199 5435 habens
2225 5388 2413 5435 uestem
2447 5380 2731 5446 nuptialem
2762 5379 2975 5454 (ηοω.
3004 5383 3178 5457 xx")?
3199 5384 3424 5440 Sodaies
3450 5396 3581 5456 apu-

2002 5468 2147 5533 stoii,
2181 5470 2316 5523 utin
2343 5469 2582 5523 nauticis
2608 5471 2939 5527 canticorum
2969 5487 2985 5527 :
3023 5472 3105 5527 Ne
3129 5476 3311 5543 vagari
3337 5474 3581 5545 incipiam

2007 5574 2101 5632 per
2126 5574 2301 5632 greges
2331 5558 2591 5615 sodalium
2625 5568 2830 5618 tuorum
2865 5563 3041 5636 (Cant.
3073 5566 3134 5637 l).
3184 5565 3351 5621 Soror
3378 5574 3579 5631 autem,

2008 5662 2067 5706 ut
2098 5655 2282 5709 frater.
2331 5654 2464 5709 Nam
2506 5670 2665 5711 soror
2703 5667 2788 5713 est
2820 5675 2887 5713 ex
2930 5657 3115 5714 eodem
3164 5662 3396 5728 semine,
3442 5662 3580 5716 dicta

2006 5748 2151 5817 quod
2192 5747 2305 5801 sola
2349 5752 2471 5803 cum
2500 5748 2758 5803 fratribus
2799 5749 2853 5802 iu
2884 5758 3028 5804 sorte
3057 5753 3358 5822 agnationis
3388 5751 3581 5805 habea-

1994 5844 2115 5893 tur.
2157 5826 2381 5911 Nysaee
2414 5846 2596 5896 autem
2629 5840 2836 5895 sororis
2868 5842 3087 5897 nomine
3128 5848 3315 5898 saneta
3332 5838 3583 5899 Ecclesia
