4074 6324
1151 419 1217 454 τε
1440 361 2000 456 Ρῌινιὲὃεῖομὲτιβιιι
2037 367 2206 450 ψη
2349 371 2657 454 μωνιιε..
2703 413 2806 456 θ

3470 439 3560 450 ,τι

357 436 401 452 ··ι
971 431 976 458 t
1208 431 1217 454 ί
1625 431 1892 456 ’μιγείη

315 439 497 534 item
518 472 574 528 in
598 477 821 544 stercore
853 486 946 525 suo
971 471 1128 544 (Joel.
1164 473 1227 544 ι).
1270 472 1404 546 Item
1440 473 1747 556 iumentum
1782 490 1893 530 cor-

2149 431 2390 550 tiinn
2405 439 2646 556 populos
2663 445 3002 562 signiﬁcant,
3015 501 3150 572 quas
3175 487 3384 566 nutriet
3402 488 3590 564 hom,

315 550 423 636 pus
459 541 548 620 est
578 542 808 628 Christi,
832 547 909 617 ut
948 541 1166 634 quidam
1188 541 1409 622 volunt.
1443 541 1611 622 iUnde
1651 576 1733 640 est
1776 567 1904 624 illud

319 643 696 727 Evangelicum
732 674 744 709 :
779 653 1036 725 Imposuit
1064 655 1213 720 illum
1243 657 1296 710 in
1316 655 1611 726 jumentnm
1638 675 1790 711 suum
1811 699 1824 724 ,
1855 669 1902 712 et

321 734 472 802 duxit
499 745 643 800 illum
674 745 729 800 in
756 745 1019 801 stabulum
1052 745 1203 820 (Luc.
1245 750 1322 820 Χ).
1363 747 1603 804 Pecudes
1630 761 1810 822 autem
1833 749 1906 806 si-

319 831 574 909 gniﬁcant
590 833 862 905 simplices
882 837 1127 892 homines
1142 846 1195 892 et
1208 839 1386 894 minus
1401 839 1640 897 calentes
1666 841 1904 914 ingenio,

316 925 448 1002 quos
473 931 732 986 Dominus
757 931 852 1002 per
864 933 1094 1004 gratiam
1119 933 1352 1004 Spiritus
1375 935 1546 1018 sancti
1574 935 1905 996 illuminatos

311 1021 474 1079 efﬁcit
502 1019 720 1096 gregem
753 1040 910 1078 suum
941 1033 996 1080 et
1025 1026 1165 1080 inter
1191 1040 1319 1081 oves
1339 1023 1473 1083 'suas
1520 1029 1794 1084 numerari
1824 1028 1905 1098 fa-

309 1113 402 1170 cit.
432 1105 599 1170 'Unde
629 1113 920 1171 Psalmista
947 1113 1013 1171 de
1037 1113 1255 1171 Christo
1287 1117 1416 1173 dicit
1449 1137 1461 1172 ε
1503 1116 1696 1172 Omnia
1724 1118 1900 1190 subje-

308 1191 425 1260 ἔεδιὶ
448 1203 544 1260 sub
582 1204 800 1274 pedibus
835 1206 983 1275 ejus,
1029 1223 1147 1261 oves
1186 1216 1232 1261 et
1273 1207 1454 1275 boves,
1484 1210 1725 1263 universa
1758 1211 1904 1266 insu-

305 1311 399 1366 per
435 1303 484 1348 et
521 1291 714 1364 pecora
751 1296 921 1366 campi
954 1293 1128 1367 (Psal.
1158 1297 1299 1371 vm).
1352 1297 1557 1355 Pecora
1593 1308 1772 1354 autem
1808 1299 1905 1358 ali-

305 1374 523 1457 quando
542 1391 890 1464 peccatores,
922 1392 977 1440 et
1004 1385 1097 1456 qui
1134 1386 1499 1458 voluptatibus
1533 1390 1696 1445 dediti
1743 1398 1898 1456 sunt;

303 1483 362 1532 ut
386 1475 441 1531 in
478 1472 747 1532 Zacliaria
779 1491 794 1530 :
829 1476 997 1531 Pasce
1033 1496 1218 1550 pecora
1254 1481 1530 1536 occisionis
1561 1481 1755 1554 (Zac/t.
1788 1481 1896 1554 xi).

304 1563 368 1632 Et
389 1567 442 1620 in
469 1561 771 1622 Psalterio:
797 1563 930 1622 Oves
953 1577 1000 1621 et
1022 1566 1419 1648 boves,insupe_r
1444 1580 1490 1624 et
1511 1587 1698 1641 pecora
1723 1569 1896 1641 (Psal.

301 1639 438 1728 vin).
467 1655 700 1723 Pecora,
735 1654 1010 1728 simplices
1058 1659 1257 1734 quique
1287 1639 1464 1717 minus
1491 1639 1702 1732 praediti
1733 1663 1900 1717 ratio-

301 1735 514 1802 cinandi
532 1743 859 1815 Subtilitate,
883 1757 943 1803 ut
963 1751 1017 1804 in
1033 1747 1320 1808 Salomone
1338 1773 1351 1806 :
1368 1752 1657 1828 Diligenter
1676 1772 1899 1826 agnosce

2008 571 2062 626 id
2092 582 2195 640 est,
2225 571 2492 644 Christus,
2517 577 2583 632 de
2607 595 2714 651 quo
2736 581 2931 654 legitur
2963 582 3016 636 in
3048 583 3318 656 Propheta
3351 603 3364 639 ;
3397 586 3467 641 In
3490 588 3600 645 dieL

2005 661 2099 717 bus
2134 663 2239 719 illis
2271 668 2460 742 nutriet
2485 669 2638 722 homo
2669 655 2879 725 vaccam
2915 674 3068 727 boum
3090 713 3106 740 ,
3130 683 3179 728 et
3208 675 3341 738 duas
3369 694 3484 733 oves
3504 690 3594 754 ,et

2003 749 2382 825 pi'tv"ubei'ta_te
2422 759 2571 840 lactis
2601 761 2828 842 comedet
2864 763 3108 835 butyrum
3130 765 3273 842 (Isa.
3306 777 3424 841 vn).
3462 751 3594 841 Item

2004 859 2131 900 oves
2157 849 2370 918 reprobi
2407 829 2756 907 in‘Psal'terio
2793 870 2805 906 :
2842 851 2992 909 Sicut
3025 839 3140 912 oves
3176 857 3230 924 in
3261 859 3470 930 inferno
3497 876 3596 931 pou

2004 936 2089 991 siti
2115 947 2267 1014 sunt,
2295 950 2343 994 et
2376 958 2516 996 mors
2554 943 2793 1015 depascet
2828 963 2913 1000 eos
2943 946 3115 1018 (Psal.
3149 950 3373 1021 XLVIII),
3406 952 3460 1008 id
3487 964 3598 1020 est,

2005 1027 2269 1086 diabolus.
2306 1031 2515 1090 Vervex
2551 1036 2636 1091 vel
2667 1053 2698 1091 a
2727 1037 2933 1096 viribus
2971 1029 3179 1108 dictus,
3208 1043 3350 1116 quod
3387 1047 3600 1116 caneris

2003 1119 2194 1176 ovibus
2221 1123 2292 1178 sit
2317 1121 2547 1194 fortior;
2572 1126 2659 1182 vel
2681 1129 2826 1198 quod
2855 1131 2924 1202 sit
2943 1132 3046 1198 vir,
3079 1133 3135 1190 id
3155 1142 3257 1199 est,
3282 1136 3597 1204 masculus;

2003 1213 2087 1268 vel
2116 1215 2261 1284 quod
2294 1227 2506 1274 vermes
2537 1219 2592 1274 in
2628 1222 2802 1292 capite
2832 1224 3598 1300 habeant,quorumexcitnti

2001 1305 2213 1374 pruritu
2259 1306 2490 1363 invicem
2537 1325 2597 1365 se
2645 1313 2994 1388 concutiunt,
3040 1325 3096 1372 et
3133 1329 3437 1388 pugnantes
3471 1338 3596 1384 cum

2001 1410 2199 1466 magno
2229 1396 2429 1466 impetu
2453 1387 2674 1456 feriunt.
2702 1402 2792 1458 Sic
2820 1413 2874 1460 et
2900 1405 3044 1462 aries
3064 1387 3148 1462 vel
3177 1425 3280 1484 apo
3303 1419 3394 1468 tou
3416 1429 3594 1490 arcos,

2001 1485 2056 1539 id
2083 1495 2194 1550 est,
2226 1503 2256 1541 a
2280 1487 2452 1570 Marte
2477 1502 2722 1552 vocatus.
2758 1495 2910 1553 Unde
2948 1502 3089 1570 apud
3123 1517 3222 1578 nos
3255 1504 3308 1560 in
3341 1485 3600 1578 gregibus

1999 1566 2284 1634 masculini
2329 1595 2509 1636 mares
2549 1582 2802 1640 dicuntur
2842 1605 2854 1642 :
2903 1589 3016 1646 sive
3040 1573 3196 1660 quod
3234 1595 3338 1654 hoc
3376 1611 3596 1665 pecusa

2000 1667 2289 1738 gentilibus
2312 1657 2554 1744 primum
2582 1677 2694 1744 aris
2718 1687 2803 1740 est
2837 1657 3194 1739 immolatum.
3231 1657 3393 1750 Unde.
3416 1697 3498 1748 est
3528 1690 3594 1754 il—

1999 1755 2092 1812 lud
2118 1776 2131 1812 :
2160 1759 2309 1814 Aries
2335 1773 2600 1818 mactatur
2627 1767 2704 1846 ad.
2725 1785 2898 1824 aram.
2936 1772 3149 1850 Arietes
3182 1779 3596 1853 autelnlsiguill-

299 1833 507 1893 vultum
531 1831 738 1910 pecoris
781 1841 892 1908 tui,
920 1837 1138 1915 tuosque
1170 1861 1349 1916 greges
1389 1846 1665 1901 considera
1709 1843 1892 1924 (Prov.
1921 1867 1971 1938 8
2000 1859 2128 1906 cant
2162 1853 2435 1924 apostolos
2479 1857 2564 1910 vel
2615 1859 2974 1946 ecclesiarum
3009 1859 3303 1938 principes.
3344 1871 3496 1928 Unde
3536 1874 3592 1946 in

306 1945 353 1946 ,,,
397 1931 399 1936 ‘
452 1929 466 1946 \
531 1925 638 1946 n‘,‘_
749 1932 767 1946 I
839 1941 849 1946 -
1129 1935 1144 1946 ι
1285 1934 1337 1946 Α.
1395 1937 1408 1946 ι
1467 1939 1479 1946 .
1716 1937 1728 1946 ι
1767 1935 1856 1946 .“.Λ
1999 1940 2016 1946 _
2086 1942 2095 1946 -
2159 1943 2172 1946 _
2251 1944 2257 1946 .

301 1929 490 2002 xxvii).
529 1925 676 1986 Oves
716 1932 948 1988 electum
985 1935 1241 2008 populum
1280 1934 1647 2015 Christianum
1685 1935 1892 2010 signiﬁ-

300 2011 427 2074 cant
457 2037 471 2074 :
500 2020 647 2076 sicut
684 2023 740 2077 in
772 2021 1065 2096 Evangelio
1103 2023 1364 2081 Dominus
1402 2026 1564 2082 Petro
1607 2011 1738 2082 dicit
1767 2042 1896 2098 apo-

298 2096 434 2165 Stolo
461 2107 678 2166 {Pasce
705 2115 820 2167 oves
848 2129 989 2167 meas
1016 2111 1197 2185 (Joan.
1229 2115 1365 2186 xxx).
1393 2115 1496 2183 Qui
1525 2116 1645 2172 ideo
1669 2096 1890 2189 compa-

297 2189 488 2254 rantur
539 2201 751 2270 ovibus,
787 2204 1043 2274 quoniam
1070 2218 1150 2272 se,
1179 2213 1473 2276 praestante
1512 2205 1770 2273 Domino,
1811 2208 1893 2261 in-

292 2289 454 2345 noxia
515 2279 940 2348 conversatione
997 2291 1379 2360 moderantur;
1430 2295 1625 2351 deinde
1670 2295 1894 2352 exuvias

293 2379 409 2435 sine
436 2373 631 2452 aliquo
665 2397 828 2439 sensu
870 2383 1073 2440 doloris
1107 2385 1382 2441 amittunt.
1422 2385 1558 2443 Nam
1599 2388 1740 2445 sicut
1775 2389 1893 2446 ovis

293 2467 615 2527 tendentem
643 2469 705 2527 se
731 2487 837 2529 non
862 2471 1128 2544 increpat,
1183 2478 1260 2533 ita
1295 2492 1397 2534 nec
1417 2478 1596 2560 justus
1621 2479 1891 2552 cupidita-

294 2549 400 2615 tem
429 2576 487 2616 se
519 2561 883 2634 exspoliantis
910 2575 1145 2623 accusat.
1176 2566 1349 2624 Boves
1370 2549 1548 2626 autem
1568 2549 1890 2643 praedicato—

292 2657 380 2705 res
413 2643 742 2722 deSignant,
775 2655 866 2725 qui
904 2656 1139 2712 humana
1175 2668 1398 2730 pectora
1425 2663 1696 2718 mandatis
1725 2661 1890 2718 cmle-

291 2741 466 2818 stibus
509 2743 781 2799 virtutum
830 2761 1061 2803 messem
1108 2734 1417 2820 germinare
1463 2749 1730 2808 fecerunt.
1781 2751 1893 2810 Nec

291 2813 628 2902 vacat'quod
651 2833 804 2902 dicit,
833 2835 1086 2909 insuper:
1111 2813 1240 2910 quia
1289 2855 1394 2895 non
1422 2841 1597 2896 solum
1619 2839 1698 2922 illi
1720 2844 1892 2900 sancti

291 2923 526 2996 subjecti
560 2935 714 2995 sunt,
752 2929 848 2984 sed
877 2930 1040 2986 etiam
1077 2941 1410 3003 peccatores.
1459 2935 1614 3008 Saepe
1649 2939 1795 2994 enim
1823 2939 1892 2998 de

292 3019 578 3074 conversis
617 3019 813 3076 talibus
847 3023 1040 3094 majori
1081 3023 1252 3096 gloria
1297 3026 1597 3096 triumphat
1632 3029 1891 3091 Dominus

292 3103 567 3164 Christus.
591 3106 798 3166 Peeora
820 3112 962 3167 enim
987 3122 1134 3182 sunt,
1159 3115 1289 3170 dum
1311 3116 1368 3172 in
1392 3133 1705 3189 camporum
1729 3121 1893 3179 liber-

1995 1940 2134 1997 lsaia
2158 1943 2357 2022 legitur
2380 1966 2392 2001 :
2418 1946 2618 2006 Arietes
2646 1941 2914 2008 Nabaiotlt
2941 1955 3309 2012 ministrabant
3332 1961 3426 2018 tibi
3441 1943 3593 2034 (ιρὰ.

1997 2032 2110 2104 1.x).
2142 2019 2212 2089 Et
2244 2036 2301 2090 in
2339 2036 2599 2115 Psallerio
2647 2059 2660 2096 :
2703 2041 3160 2116 Alferte‘Domino
3197 2048 3337 2118 ﬁlios
3369 2019 3593 2110 arietum

1997 2119 2170 2192 (Psat.
2201 2126 2416 2199 xxvm).
2451 2127 2541 2197 Hi,
2571 2140 2827 2203 tanquam
2850 2137 3014 2194 duces
3038 2155 3282 2212 gregum,
3314 2143 3371 2216 in
3400 2161 3595 2218 causas

1997 2208 2212 2266 Domini
2257 2215 2628 2283 perduxerunt
2677 2215 2947 2291 populum
2986 2208 3374 2296 Christianum.
3425 2209 3593 2308 Filios

1996 2311 2178 2358 autem
2208 2305 2437 2360 arietum
2462 2307 2764 2367 oﬁ'erendos
2793 2313 2944 2380 dicit,
2970 2332 3108 2386 quos
3144 2322 3371 2396 apostoli
3397 2305 3595 2393 pradi-

1997 2393 2209 2452 catione
2228 2411 2550 2468 genuerunt,
2581 2419 2688 2459 non
2710 2407 2801 2475 qui
2824 2423 2994 2478 pravo
3022 2393 3273 2484 dogmate
3292 2418 3595 2486 probantur

1996 2490 2265 2544 extranei.
2296 2491 2510 2550 Arietes
2548 2494 2729 2552 autem
2757 2499 2896 2556 bene
2927 2489 3055 2578 sunt
3083 2507 3342 2576 apostolis
3369 2525 3591 2582 compa-

1995 2578 2126 2644 rati,
2181 2582 2435 2668 quoniam
2468 2585 2550 2656 (ut
2578 2585 2834 2662 diximus)
2862 2592 3116 2656 animalia
3144 2597 3266 2678 ipsa
3297 2578 3592 2676 plurimum

1995 2665 2174 2724 fronte
2193 2665 2390 2751 valent,
2407 2683 2463 2730 et
2476 2675 2685 2746 objecta
2705 2694 2919 2764 semper
2934 2665 3278 2758 impingendo
3297 2665 3557 2770 deﬁciunt
3568 2711 3589 2762 ς

1996 2762 2141 2832 quod
2165 2763 2509 2834 pradicando
2554 2759 2809 2828 fecerunt
2826 2775 3076 2850 apostoli,
3103 2779 3198 2848 qui
3227 2759 3473 2842 diversas
3493 2759 3590 2846 stti-

1995 2853 2344 2922 perstitiones
2361 2896 2378 2922 ,
2405 2865 2462 2912 et
2488 2858 2631 2932 idola
2659 2861 2971 2922 ﬁrmissima
3008 2867 3247 2926 caelestis
3271 2873 3422 2930 verbi
3451 2891 3591 2945 qua.—

1995 2941 2121 2996 dam
2152 2941 2331 3000 fronte
2358 2959 2638 3018 ruperunt.
2668 2951 2829 3009 Aries
2857 2955 3003 3014 enim
3031 2958 3208 3034 dictus
3233 2941 3591 3034 est,.quasi:a

1994 3032 2174 3090 fronte
2203 3053 2385 3095 ruens.
2424 3041 2492 3097 Et
2527 3042 2582 3098 in
2625 3044 2792 3102 aliam
2833 3060 3045 3119 partem
3073 3032 3284 3112 arietes
3319 3057 3594 3131 principes

1995 3136 2122 3182 sunt
2146 3132 2405 3199 pravi,de
2432 3134 2632 3203 quibus
2660 3137 2858 3209 legitur
2878 3142 2935 3198 in
2958 3142 3235 3202 Ezechiel:
3264 3147 3396 3208 Cum
3423 3152 3594 3212 laedis

293 3206 437 3266 tate,
473 3199 531 3256 id
567 3207 679 3269 est,
711 3202 771 3257 in
803 3205 991 3260 mundi
1029 3205 1187 3263 istitis
1225 3207 1501 3279 voluptate
1533 3221 1829 3281 pascuntur
1868 3229 1883 3270 :
1915 3224 1962 3294 ς,
1991 3228 2039 3272 et
2068 3223 2218 3291 agnis
2241 3233 2288 3276 et
2310 3199 3256 3308 arietibus(Ezecti.xxvu).Agnum,
3279 3256 3592 3315 quanquam

290 3305 422 3346 oves
452 3301 618 3360 sunt,
644 3307 768 3349 cum
794 3293 910 3364 jam
936 3297 1078 3353 intra
1109 3298 1323 3354 Domini
1361 3311 1515 3373 septa
1545 3305 1888 3364 clauduntur.

290 3379 426 3436 Item
465 3382 599 3438 alibi
639 3399 745 3440 vox
779 3385 958 3442 divina
1001 3389 1131 3444 dicit
1171 3409 1183 3444 :
1229 3389 1364 3448 Mea:
1396 3405 1516 3449 sunt
1555 3414 1731 3453 omnes
1767 3400 1894 3472 fera:

288 3470 584 3539 silvarum,
605 3473 851 3544 jumenta
875 3478 931 3532 in
960 3479 1241 3550 montibus,
1265 3493 1314 3538 et
1335 3483 1483 3541 boves
1512 3486 1683 3559 (Psal.
1718 3470 1889 3566 XLIX).

289 3553 446 3616 Feta:
472 3563 734 3619 silvarum
756 3575 944 3637 gentes
973 3569 1304 3642 signiﬁcant,
1328 3576 1422 3646 qui
1453 3578 1507 3632 in
1530 3580 1710 3634 smculi
1737 3553 1894 3642 istius

287 3655 614 3711 nemoribus
635 3659 1019 3726 superstitione
1048 3662 1382 3721 ferocissima
1404 3670 1778 3728 versabantur.
1793 3671 1893 3730 Ju-

283 3751 485 3801 menta
503 3744 850 3802 intuentibus
865 3760 988 3802 sunt
1000 3751 1270 3821 simplices
1289 3757 1344 3810 in
1361 3757 1602 3815 Ecclesia
1627 3764 1894 3821 catholica

285 3834 604 3901 constituti,
635 3836 727 3905 qui
753 3845 810 3891 tn
847 3843 1126 3907 cacumine
1154 3843 1278 3900 ﬁdei
1305 3847 1551 3905 habitare
1575 3865 1890 3914 noscuntur.

287 3924 470 3982 Boves
507 3925 756 3982 indicans
796 3929 1068 3999 apostolos
1109 3944 1166 3989 et
1205 3938 1529 4010 prOpbetas,
1559 3943 1650 4013 qui
1681 3944 1735 3999 in
1763 3961 1893 4018 agro

291 4017 514 4072 Domini
537 4018 755 4075 assiduo
775 4019 1026 4080 laborare
1045 4029 1249 4083 versati
1273 4041 1418 4086 sunt.
1447 4033 1786 4109 Quapmpter
1802 4017 1893 4098 his

289 4101 655 4166 allusionibus
683 4122 1056 4183 competenter
1077 4121 1336 4191 appositis
1360 4101 1891 4196 p‘rwtigurat-Eccle-

289 4197 429 4255 siam
457 4201 784 4259 catholicam
817 4205 884 4261 de
906 4208 1134 4268 diversis
1159 4217 1345 4272 mundi
1371 4221 1614 4288 partibus
1638 4224 1894 4296 colligen-

293 4291 439 4346 dam.
481 4291 752 4350 Discretio
790 4303 874 4353 est
909 4308 1091 4356 autem
1129 4302 1274 4368 inter
1311 4318 1559 4368 armenta
1584 4307 1639 4369 e't
1675 4291 1887 4390 greges.

291 4379 429 4438 Nam
464 4394 716 4441 armenta
753 4401 1014 4458 equorum
1045 4402 1100 4448 et
1125 4393 1291 4451 boum
1332 4408 1489 4470 sunt;
1528 4379 1720 4478 greges
1757 4379 1888 4466 vero

293 4475 662 4545 camelorum,
707 4491 994 4551 caprarum
1033 4493 1089 4540 et
1139 4487 1320 4545 ovium
1364 4503 1508 4548 sunt.
1550 4475 1679 4552 Ovis
1724 4499 1889 4557 molle

289 4566 670 4637 pecus-lanis,
711 4583 936 4642 corpore
974 4575 1215 4648 inerme,
1241 4582 1424 4639 animo
1460 4586 1733 4657 placidum
1769 4609 1784 4646 :
1819 4592 1890 4650 ab
1914 4577 1968 4644 Β

293 4655 571 4715 oblatione
597 4660 802 4718 dictum
849 4679 916 4720 eo
941 4669 1085 4736 quod
1110 4673 1250 4740 apud
1270 4655 1481 4734 veteres
1507 4679 1565 4733 in
1595 4681 1750 4740 initio
1778 4700 1888 4740 non

294 4755 501 4817 tauros,
523 4752 622 4808 sed
641 4767 774 4811 oves
795 4753 849 4810 in
869 4759 1137 4817 sacriﬁcio
1159 4774 1483 4826 mactarent.
1506 4769 1589 4825 Ex
1611 4771 1698 4829 his
1720 4789 1886 4846 quas-

294 4837 421 4893 dam
440 4840 690 4900 bidentes
712 4855 928 4914 vocant,
954 4865 1048 4906 eas
1066 4925 1068 4928 ν
1089 4868 1210 4924 quae
1232 4855 1375 4912 inter
1395 4867 1518 4918 octo
1542 4837 1887 4924 dentes-duas

294 4925 514 4987 altiores
543 4933 768 5002 habent,
792 4952 928 5007 quas
955 4925 1192 5000 maXime
1221 4948 1446 5018 gentiles
1471 4951 1527 5022 in
1557 4953 1885 5014 sacriﬁcium

294 5019 615 5080 oll'erebant.
660 5026 800 5085 Oves
835 5041 1018 5090 autem
1055 5033 1146 5107 (ut
1184 5039 1451 5114 diximus)
1491 5019 1808 5106 innocentes
1830 5060 1888 5107 et

295 5107 569 5197 simplices
600 5132 816 5211 quoque
846 5123 902 5178 in
940 5127 1138 5198 populo
1177 5107 1487 5191 Christiano
1529 5139 1838 5211 signiﬁcant
1868 5161 1883 5198 :

297 5195 505 5260 necnon
523 5214 579 5262 et
601 5207 770 5278 ipsius
789 5195 1001 5272 Domini
1025 5219 1317 5291 aliquando
1341 5195 1809 5291 mansueiudinem
1831 5243 1886 5292 et

297 5291 612 5376 patientiam
639 5301 758 5358 ovis
782 5305 958 5375 typice
987 5309 1350 5384 demonstrat;
1381 5328 1440 5375 ut
1465 5330 1550 5378 est
1574 5321 1707 5382 illud
1729 5327 1883 5386 Isaiae

299 5383 365 5443 de
389 5390 664 5476 innocenti
686 5409 860 5466 morte
891 5403 1188 5466 Salvatoris
1221 5432 1234 5466 :
1266 5383 1413 5470 Sicut
1440 5419 1567 5484 ovis,
1589 5423 1788 5494 inquit,
1812 5427 1884 5482 ad

299 5479 604 5593 agisio’nem
635 5490 855 5547 ducetur
879 5505 929 5550 et
959 5515 1061 5553 non
1090 5505 1285 5572 aperiet
1310 5524 1366 5562 os
1394 5526 1548 5564 suum
1574 5512 1708 5587 (Isa.
1739 5517 1880 5593 Lm).

302 5559 655 5660 Oves‘popuu
695 5582 879 5640 lideles
916 5587 973 5642 in
1011 5559 1360 5666 Evangelioi

303 5679 467 5760 meam
497 5674 708 5729 audient
737 5675 916 5752 (Joan.
945 5683 1022 5755 ι).
1047 5686 1115 5742 Ει
1142 5688 1197 5743 in
1222 5689 1484 5752 Psalterio
1508 5715 1520 5752 :
1547 5698 1741 5758 Omnia
1765 5705 1882 5760 sub-

487 5766 579 5818 sub
599 5765 814 5837 pedibus
837 5753 1113 5840 ejus,roves
1135 5791 1181 5833 et
1205 5781 1352 5840 boves
1377 5783 1547 5857 (l’sal.

772 5861 1047 5928 Parnm.
1093 5870 1256 5934 CXI.

1997 3309 2169 3368 Graeci
2195 3323 2391 3370 vocent
2427 3333 2530 3388 apo
2565 3327 2654 3376 tou
2697 3338 2895 3394 agnon,
2927 3329 3082 3398 quasi
3107 3330 3254 3400 pium
3287 3309 3388 3396 iet

1996 3409 2176 3459 tamen
2199 3406 2302 3464 hoc
2323 3423 2520 3466 nomen
2540 3413 2743 3472 habere
2764 3425 2982 3488 putant,
2997 3436 3061 3477 eo
3079 3425 3234 3494 quod=
3249 3441 3361 3498 prie
3374 3430 3594 3490 ceteris

1996 3495 2320 3554 animalibus
2347 3511 2580 3560 matrem
2611 3520 2869 3578 agnoscat
2897 3512 3033 3572 adeo
3052 3553 3067 3579 ,
3117 3495 3283 3584 etiam
3312 3519 3358 3574 si
3391 3519 3445 3576 in
3471 3536 3590 3578 man

1993 3601 2101 3658 gno
2120 3605 2282 3662 grege
2301 3596 2585 3662 erraverit,
2611 3600 2794 3664 statim
2817 3602 3004 3676 balatu
3026 3620 3379 3680 recognoscat
3402 3628 3592 3672 vocem

1993 3681 2255 3748 parentis.
2288 3681 2471 3753 Agnus
2503 3697 2685 3770 autem
2713 3700 2808 3748 aut
2839 3708 3129 3764 personam
3161 3699 3588 3764 Salvator-isno-

1994 3772 2095 3828 Stri
2125 3775 2352 3844 mystice
2380 3779 2549 3848 gerit,
2582 3782 2738 3854 cujus
2773 3801 2923 3856 mors
2953 3788 3216 3852 innocens
3241 3794 3474 3854 salvavit
3499 3812 3592 3867 ge:-

1994 3878 2098 3918 nus
2144 3864 2479 3937 humanum,
2521 3873 2587 3928 de
2631 3890 2738 3946 quo
2777 3876 3016 3942 Joannes
3057 3885 3136 3940 ait
3175 3904 3190 3940 :
3231 3886 3368 3944 Ecce
3405 3864 3590 3959 Agna

1993 3954 2094 4008 Dei
2125 3972 2144 4010 .·
2174 3974 2290 4012 ecce
2319 3960 2409 4030 qui
2433 3961 2567 4018 tollit
2593 3979 2810 4034 peccata
2832 3974 3224 4046 mundilloan.
3253 3977 3295 4048 ι)
3329 3996 3342 4032 :
3369 3954 3590 4042 autcu-

1985 4043 2212 4114 juslibet
2244 4050 2495 4112 catholici
2538 4054 2706 4110 vitam
2745 4043 3063 4131 innoxiam,
3094 4067 3188 4136 qui
3228 4043 3421 4128 matris
3454 4086 3589 4141 sum,

1993 4137 2099 4192 hoc
2125 4147 2236 4205 est,
2273 4140 2528 4200 Ecclesiae
2565 4161 2752 4204 vocem
2791 4165 3095 4223 agnoscens
3133 4159 3432 4228 obediendo

1992 4230 2232 4288 adhaeret
2260 4233 2416 4291 lateri
2435 4277 2452 4304 ,
2481 4246 2536 4293 et
2565 4241 2749 4298 obedit
2785 4247 3076 4319 mandatis.
3107 4250 3248 4322 Agni
3282 4256 3457 4312 sancti
3476 4230 3589 4322 [in

1991 4324 2286 4398 Evangelio
2315 4345 2329 4383 :
2361 4329 2528 4394 Pasce
2560 4349 2728 4404 agnos
2763 4355 2906 4398 meos
2929 4339 3112 4413 (Joan.
3155 4347 3292 4417 ut).
3323 4348 3465 4419 Agat
3487 4351 3589 4408 b6-

1993 4418 2168 4476 mines
2199 4418 2548 4484 lascivientes,
2574 4425 2632 4482 in
2655 4426 2798 4486 Isaia
2838 4447 2854 4484 :
2899 4429 3238 4496 Incresstuus
3271 4448 3353 4498 est.
3373 4418 3587 4510 gladius

1992 4603 2147 4675 Agna
2174 4607 2283 4665 vita
2317 4611 2494 4668 activa
2525 4613 2585 4668 in
2615 4614 2858 4676 Levitico
2895 4634 2910 4674 :
2950 4623 3087 4692 Agat
3117 4603 3508 4698 prandentium,
3536 4603 3588 4686 at

1993 4698 2182 4768 o/ferat
2219 4715 2412 4770 agnam
2454 4703 2520 4758 de
2551 4723 2706 4777 grege
2743 4711 2850 4766 sive
2887 4727 3103 4784 capram
3134 4716 3430 4792 (Levium);
3462 4735 3589 4796 qua

1991 4796 2075 4845 est
2104 4793 2532 4864 contemplativae
2573 4798 2698 4856 vitae
2733 4801 2926 4872 ﬁgura.
2967 4803 3193 4875 Septem
3224 4810 3384 4882 agni,
3412 4793 3586 4872 etlse-

1990 4887 2138 4952 ptem
2175 4896 2356 4954 agnae,
2386 4900 2508 4956 quae
2547 4888 2602 4944 in
2639 4888 2756 4961 lege
2793 4893 2906 4950 Deo
2942 4894 3000 4950 in
3035 4898 3369 4958 sacriﬁcium
3397 4904 3584 4964 oﬂ'erri

1989 4973 2410 5044 prmeipiuntur,
2434 4987 2746 5040 sanctorum
2775 4985 3018 5042 omnium
3047 4987 3479 5063 plenitudinem,
3499 4996 3582 5054 vel

1989 5064 2170 5134 aperis
2216 5066 2538 5126 innocentia:
2586 5075 2858 5166 obtinent.
2887 5080 3227 5148 mysterium.
3275 5084 3462 5144 Fet‘us.
3489 5105 3584 5160 get

1991 5154 2157 5223 melli,
2188 5157 2296 5214 duo
2323 5154 2922 5236 charitatisprmcebta,
2954 5169 3012 5224 id
3027 5174 3385 5249 est,dileetio-
3404 5154 3582 5238 Βοίῗοι

1988 5247 2240 5318 proximi.
2269 5251 2326 5312 In
2358 5252 2596 5312 Canticis
2624 5258 2962 5318 canticorum
2983 5281 2998 5318 :
3019 5247 3577 5344 Onmes'gonwtlisufo-

1984 5343 2144 5408 tibus,
2167 5353 2216 5398 et
2242 5345 2436 5402 sterilis
2476 5364 2579 5404 non
2608 5359 2681 5405 est
2700 5352 2834 5410 inter
2865 5371 2956 5412 eas
2982 5358 3473 5436 (Cant.-"'vr).-Hatdi
3495 5343 3579 5429 3n.

1984 5433 2193 5490 edendo
2219 5437 2442 5505 vocati:
2473 5440 2627 5508 parvi
2656 5443 2798 5510 conn
2817 5446 3160 5520 pinguissimi
3187 5433 3389 5515 suntet
3416 5467 3578 5532 sapo's

1985 5523 2062 5579 ris
2075 5523 2318 5593 iucundi.
2354 5527 2795 5603 Undeetedere;
2825 5539 2952 5594 inde
2973 5552 3032 5599 et
3056 5544 3295 5603 edulium
3319 5523 3570 5610 vocat-ur.

1983 5614 2049 5674 Hi
2092 5632 2303 5688 quoque
2331 5620 2491 5694 juxta
2526 5623 2840 5696 allegoriam
2881 5632 3189 5703 signiﬁcant
3231 5652 3572 5711 peccatores,

1981 5708 2078 5777 qui
2105 5709 2176 5764 ad
2199 5710 2481 5774 sinistram
2503 5715 2701 5786 judieis
2729 5720 2783 5776 in
2813 5721 2921 5779 ﬁne
2959 5708 3399 5797 statuendisunt,
3427 5708 3574 5790 sicut

1984 5797 2110 5868 iusti
2137 5800 2206 5872 ad
2229 5801 2539 5876 dexteram,
2571 5827 2706 5882 quos
2729 5829 2876 5872 oves.
2905 5815 3231 5886 signiﬁcant.
3262 5820 3575 5898 Mtim
