4074 6324
1137 389 1178 402 ι.
1227 415 1230 420 _
1333 348 1424 418 ns
1460 349 2336 436 umvsnsotlcmxmte.
2372 354 2660 438 LIBJII.

325 445 328 448 ’
529 460 796 544 ερφθῃιίε
822 461 1101 535 haurimus
1117 504 1132 530 ,
1155 470 1216 522 .et
1253 462 1307 520 in
1337 464 1542 521 intimis
1568 464 1814 524 faucibus
1835 447 1951 558 aes?
1974 469 2030 531 Α
2053 467 2241 558 nacius
2266 481 2416 534 vero,
2443 483 2603 538 quem
2627 484 2886 534 vocamus
2914 471 3163 542 ericium,
3186 475 3386 535 animal
3411 482 3638 540 ornnino

356 551 612 624 tuamne,
641 553 709 608 ad
741 553 947 611 fontem
981 555 1174 610 divinat
1200 555 1582 620 misericordiae
1608 557 1751 613 illico
1780 551 1936 615 festi-4

361 625 586 720 nemus;
608 633 1050 718 Quatenus—quod
1073 648 1284 719 peccati
1312 649 1636 706 adversitatc
1669 650 1942 710 contrahi-

362 744 469 810 tur,
503 736 798 794 dulcissimi
816 740 1052 796 haustus
1075 741 1311 814 puritate
1334 742 1603 808 vincatur.
1648 740 1757 800 Nec
1783 749 1942 799 vacat

363 830 537 898 quod,
567 829 637 885 ad
655 829 840 898 fontes
882 850 1172 902 aquarum,
1197 834 1365 901 dixit,
1401 852 1544 902 non,
1581 853 1768 908 aquas.
1796 837 1942 893 Fons

359 920 501 976 enim
544 935 806 990 aquarum
847 922 1094 980 Christus
1119 933 1202 982 est
1241 924 1540 992 Dominus,
1580 928 1722 982 unde
1758 927 1940 1002 omnia

353 1007 531 1074 ﬂuunt
567 1026 903 1084 quaecunque
937 1013 1204 1072 reﬁciunt.
1259 1016 1488 1072 Fluenta
1521 1018 1667 1073 enim
1706 1019 1942 1088 plerum-

353 1116 460 1171 que.
494 1103 694 1160 siccari
729 1114 960 1176 possunt
1001 1126 1016 1162 :
1057 1106 1180 1164 fons
1214 1118 1396 1166 autem
1436 1126 1702 1182 aquarum
1729 1127 1943 1181 semper

351 1187 592 1266 irriguos
630 1204 733 1254 est.
775 1197 926 1256 Unde
963 1201 1158 1257 merito
1197 1202 1399 1258 dictum
1431 1212 1546 1269 est,
1579 1205 1646 1260 ad
1676 1205 1941 1275 liquorem

349 1300 521 1350 sacra:
547 1287 774 1356 originis
798 1287 1158 1348 festinandum
1189 1311 1203 1347 :
1232 1293 1322 1348 ubi
1351 1293 1675 1356 desiderium
1700 1306 1940 1351 nostrum

348 1394 634 1448 nunquam
654 1379 855 1438 habere
881 1383 1050 1452 possit
1067 1384 1350 1455 jejunium.
1374 1387 1510 1442 Item
1528 1388 1656 1446 alibi
1681 1390 1940 1459 scriptum

329 1479 432 1536 (est
462 1489 475 1526 ;
509 1470 721 1528 Montes
758 1474 946 1530 excelsi
985 1478 1150 1532 cervis
1187 1477 1368 1550 (Psal.
1406 1479 1558 1553 CIII).
1605 1481 1736 1540 item
1771 1483 1938 1549 cervi,

345 1563 698 1634 patriarchaz.
730 1565 884 1623 Unde
913 1569 968 1624 in
993 1567 1230 1628 Canticis
1260 1573 1595 1630 canticorum
1622 1590 1720 1644 pro
1758 1573 1943 1631 Salva-

334 1662 496 1728 ,tore,
523 1656 626 1728 qui
659 1671 726 1714 ex
769 1673 958 1716 eorum
995 1661 1172 1733 stirpe.
1199 1665 1491 1720 secundum
1531 1681 1751 1722 carnem
1783 1676 1942 1724 natus

335 1757 460 1813 est,
499 1747 706 1804 dicitur
740 1766 752 1803 :
790 1749 973 1821 Fuge,
1009 1753 1196 1810 dilecte
1238 1756 1345 1821 mi,
1386 1757 1680 1822 assimilara
1716 1753 1937 1830 capreé,

2045 556 2311 623 timidum,
2340 567 2533 614 natura
2553 561 2870 629 providente
2899 579 3116 635 semper
3143 578 3409 628 armatum
3443 593 3456 627 :
3482 577 3636 647 cujus

2041 657 2221 722 cutem
2243 649 2472 708 invicem
2494 659 2732 708 actarum
2753 654 2912 710 sudes
2927 656 3256 716 acutissimas
3276 662 3637 723 densissima:-

2043 758 2150 814 que
2175 746 2546 810 comminuunt
2570 763 2586 813 ;
2617 749 2704 804 cui
2734 757 2914 811 tamen
2942 765 3052 808 non
3075 752 3270 810 sullicit
3294 758 3472 812 nativa
3512 776 3634 816 mu-

2044 835 2182 891 nitio
2215 855 2227 890 :
2259 839 2378 903 sed,
2409 853 2480 894 ne
2518 838 2698 908 aliqua
2739 839 2927 896 fraude
2969 844 3143 912 possit
3194 845 3460 918 intercipi,
3494 852 3640 906 refu-

2045 925 2194 995 gium
2219 925 2385 982 habet
2412 941 2628 996 semper
2653 927 2709 982 in
2736 929 2910 986 saxis.
2933 930 3072 986 Huic
3091 943 3460 1004 competenter
3487 947 3640 1009 apta-

2030 1024 2158 1082 itur,
2189 1018 2284 1088 qui
2307 1019 2545 1086 peccatis
2575 1020 2686 1078 suis
2703 1021 3137 1091 hispidusfutura
3166 1027 3368 1096 judicia
3391 1039 3637 1088 metuens

2043 1119 2258 1179 petram
2281 1110 2557 1166 Christum
2596 1111 2968 1170 ﬁrmissimum
2993 1118 3236 1174 noscitur
3264 1121 3465 1178 habere
3490 1123 3636 1180 relu-

2046 1200 2216 1270 gium.
2243 1199 2349 1254 Sus
2375 1201 2538 1268 dicta,
2572 1203 2714 1272 quod
2743 1220 2945 1274 pascua
2983 1209 3233 1278 subigat:
3260 1210 3314 1266 id
3338 1219 3438 1278 est,
3490 1211 3636 1268 terra

2036 1289 2269 1346 subacta
2291 1306 2449 1347 escas
2478 1293 2734 1362 inquirat.
2767 1296 2963 1352 Verres
2987 1314 3072 1364 eo,
3101 1303 3243 1369 quod
3268 1305 3500 1372 grandes
3541 1307 3638 1361 ha-

2041 1377 2174 1434 beat
2202 1380 2364 1436 vires.
2399 1381 2622 1447 Porcus,
2645 1385 2808 1453 quasi
2851 1402 3106 1456 spurcus;
3158 1390 3452 1464 ingurgitat
3494 1397 3638 1452 enim

2011 1475 2106 1525 'se
2130 1485 2316 1537 coeno;
2362 1471 2473 1534 luto
2508 1472 2807 1546 immergit;
2851 1477 2981 1534 limo
3021 1478 3195 1536 illinit.
3232 1483 3538 1542 Horatius:
3566 1487 3640 1540 Et

2046 1561 2217 1616 amica
2239 1560 2352 1642 luto
2376 1579 2489 1620 sus.
2543 1562 2682 1619 Hinc
2726 1565 2890 1622 etiam
2937 1571 3251 1638 spurcitiam
3297 1573 3381 1629 vel
3426 1577 3639 1645 spurios

2047 1639 2440 1722 nuncupamus.
2469 1653 2768 1710 Porcorum
2794 1655 2932 1726 pilos
2975 1667 3120 1716 setas
3170 1677 3456 1729 vocamus;
3494 1673 3640 1722 setas

2047 1756 2078 1796 a
2107 1758 2203 1798 sue
2231 1745 2426 1813 dictas,
2450 1761 2482 1800 a
2508 1747 2703 1818 quibus
2732 1757 2788 1803 et
2821 1759 3036 1807 sutores
3067 1763 3350 1822 vocantur,
3379 1759 3520 1825 quod
3570 1771 3639 1813 ex

312 1915 314 1917 ὶ
346 1837 673 1910 [tinnulaque
699 1841 985 1898 cervorum'
1006 1842 1193 1914 (Cant.
1236 1845 1330 1917 II).
1377 1846 1569 1914 Cervi,
1601 1852 1850 1920 apostoli.
1879 1854 1939 1909 ln

2045 1834 2175 1891 setis
2201 1844 2376 1902 suant,
2409 1837 2463 1892 id
2489 1845 2596 1906 est,
2620 1837 2883 1896 corisuant
2905 1842 3091 1913 pelles.
3142 1845 3280 1902 Sues
3323 1852 3640 1916 peccatores

348 1926 615 1984 Psalterio
663 1948 676 1984 :
719 1927 853 1988 .Vos:
893 1939 1242 2004 prazparantis
1277 1953 1448 1992 cervos
1495 1936 1677 2010 (Psal.
1710 1940 1935 2013 xxvut).

349 2017 517 2089 CerVa
547 2028 789 2082 estlcaro
818 2023 1050 2082 Domini.
1081 2025 1139 2082 In
1178 2025 1466 2084 Salomone
1491 2048 1503 2083 :
1535 2027 1701 2086 Cerva
1733 2032 1934 2087 charis-

346 2109 502 2182 sima.
525 2120 581 2174 et
607 2113 952 2183 =gratissimus
992 2114 1272 2182 hinnulus,
1313 2118 1473 2172 ubera
1509 2119 1626 2188 ejus
1661 2120 1940 2178 ebriantte

347 2198 537 2271 (Prov.
575 2202 662 2273 γ),
691 2203 747 2262 id
785 2211 902 2278 est,
938 2206 1244 2278 evangelica
1274 2208 1777 2286 doctrina..Cervze,
1807 2227 1937 2283 apo-

323 2294 470 2358 stoli
509 2295 585 2352 ab
623 2295 760 2364 hoc,
800 2299 944 2369 quod
980 2299 1294 2369 spiritaliter
1329 2303 1658 2372 parturiunt.
1698 2305 1758 2360 ln
1792 2303 1892 2362 Job
1921 2322 1934 2358 :

349 2382 622 2456 Nunquid,
652 2388 789 2443 nosti
831 2397 1033 2460 tempus
1071 2399 1254 2460 partus
1295 2393 1522 2460 ibicum,
1565 2393 1641 2449 vel
1679 2396 1940 2465 parientes

333 2489 528 2542 cervas,
555 2475 878 2540 observasti?
907 2477 1062 2551 (Job).
1091 2480 1304 2554 xxxut.)
1343 2480 1547 2540 Cervus
1576 2490 1659 2538 est
1689 2487 1781 2554 (ut
1804 2483 1941 2548 dixi-

335 2563 498 2638 ,mus)
531 2580 930 2634 venenosarum
958 2573 1292 2640 serpentium
1319 2587 1506 2639 vorax,
1533 2574 1748 2644 spinosa
1773 2582 1942 2631 trans-

335 2654 592 2732 cendens
621 2665 675 2712 et
707 2672 916 2720 summa
945 2661 1186 2731 agilitate
1218 2663 1506 2731 praeditus.
1539 2664 1787 2722 habitare
1817 2664 1938 2720 dili-

348 2744 426 2820 git
451 2745 522 2816 in.
549 2747 826 2816 montibus,
852 2749 1148 2816 altissimis.
1183 2752 1318 2813 Huic
1347 2753 1539 2818 merito
1561 2763 1944 2828 comparantur

332 2835 569 2905 ﬁdeles,
595 2840 687 2909 qui
721 2839 997 2907 diabolum
1027 2852 1222 2908 vorant
1247 2886 1262 2910 ,
1287 2846 1502 2918 quando
1528 2847 1943 2919 nequitiasejus

323 2929 427 3000 ,ad,
470 2929 686 3002 Domini
732 2932 947 3004 laudem
996 2935 1330 3006 gloriamque
1373 2947 1731 3010 convertunt;
1781 2941 1940 3000 vitia-

351 3032 456 3088 que
492 3020 656 3092 hujus
697 3023 884 3094 saeculi
924 3026 1081 3096 quasi
1124 3028 1306 3098 spinas
1345 3030 1506 3094 bona.
1534 3032 1943 3092 conversatione

350 3107 670 3186 transiliunt
702 3129 713 3164 :
745 3119 798 3168 et
827 3113 1074 3180 habitant
1101 3117 1154 3178 in
1183 3118 1477 3185 montibus,
1500 3119 1557 3174 id
1582 3131 1684 3186 est,
1722 3129 1940 3194 aposto-

2045 1925 2381 1997 signiﬁcant,
2413 1939 2466 1984 et
2491 1930 2798 1988 immundos
2826 1933 2913 1989 vel
2942 1935 3240 2003 haereticos,
3273 1939 3339 1993 de
3367 1941 3562 2009 quibus
3584 1942 3638 1996 in

2043 2018 2162 2090 lege
2185 2021 2512 2092 praecipitur,
2546 2023 2615 2078 ob
2643 2023 2766 2091 hoc,
2813 2026 2955 2094 quod
2992 2028 3247 2098 ungulam
3300 2030 3530 2099 ﬁndunt,
3584 2043 3640 2090 et

2043 2124 2152 2165 non
2179 2112 2475 2177 ruminant,
2506 2128 2573 2168 ne
2593 2128 2626 2168 a
2659 2113 2904 2172 ﬁdelibus
2947 2132 3142 2174 carnes
3191 2135 3377 2176 eorum
3428 2123 3638 2179 contin-

2043 2209 2258 2270 gantur.
2282 2202 2347 2262 Hi
2363 2203 2490 2259 licet
2508 2213 2794 2275 utrumque
2807 2214 3188 2267 testamentum
3204 2211 3362 2284 Legis
3384 2222 3439 2269 et
3458 2214 3634 2270 Evan-

2042 2294 2168 2365 gelii
2195 2295 2510 2365 suscipiant,
2543 2298 2638 2352 sed
2666 2299 2788 2368 quia
2813 2300 3108 2368 spiritalem
3132 2303 3311 2359 cibum
3331 2320 3438 2360 non
3469 2307 3638 2361 rumi-

2041 2395 2198 2453 nant,
2230 2388 2494 2442 immundi
2521 2397 2666 2444 sunt.
2697 2389 2830 2445 item
2855 2406 2979 2446 sues
3003 2393 3330 2462 ptenitentes
3360 2397 3636 2469 negligen-

2042 2484 2146 2542 tes,
2171 2485 2226 2532 et
2255 2479 2321 2533 ad
2355 2494 2439 2544 ea,
2479 2496 2598 2551 quae
2625 2480 2904 2550 ﬂaverant,
2932 2493 3264 2542 revertentes
3288 2488 3593 2558 significant
3618 2511 3630 2546 :

2043 2569 2188 2624 sicut
2210 2568 2404 2624 Petrus
2431 2570 2485 2624 in
2515 2571 2754 2641 Epistola
2788 2589 2884 2628 sua
2930 2574 3006 2629 ait
3035 2593 3046 2628 :
3071 2573 3230 2629 Canis
3280 2595 3510 2634 reversus
3563 2583 3633 2635 ad

2040 2657 2296 2713 vomitum
2309 2674 2486 2728 suum,
2509 2669 2556 2713 et
2579 2677 2668 2715 sus
2693 2662 2799 2716 lota
2828 2663 2882 2717 in
2912 2663 3182 2718 volutabra
3219 2665 3319 2719 luti
3359 2665 3456 2739 (ΙΙ
3488 2668 3636 2726 Petr.

2043 2746 2140 2818 II).
2181 2747 2346 2806 Canis
2372 2764 2504 2820 ergo
2531 2765 2654 2804 cum
2683 2752 2872 2818 vomit,
2900 2752 3143 2822 profecto
3170 2756 3372 2825 cibum,
3401 2761 3494 2844 qui
3540 2776 3635 2832 pe-

2043 2845 2169 2895 ctus
2190 2839 2553 2910 deprimebat,
2584 2842 2832 2912 projicit;
2867 2846 2962 2901 sed
2986 2862 3108 2901 cum
3139 2850 3206 2904 ad
3232 2839 3492 2908 vomitum
3549 2870 3636 2910 re-

2042 2933 2290 2996 vertitur,
2316 2932 2459 2991 umle
2490 2933 2752 3006 levigatus
2781 2936 2978 3004 fuerat,
3004 2955 3197 2997 rursus
3223 2952 3497 3002 oneratur.
3542 2946 3636 3004 Sic

2043 3023 2139 3093 qui
2168 3024 2403 3082 admissa
2429 3025 2712 3097 plangunt,
2735 3029 2976 3098 profecto
3004 3035 3204 3089 mentis
3228 3037 3544 3106 nequitiam,
3569 3040 3638 3097 de

2042 3127 2154 3184 qua
2177 3113 2322 3168 male
2347 3117 2573 3170 saturati
2598 3115 2836 3184 fuerant,
2878 3135 2998 3190 quae
3043 3136 3135 3178 eos
3180 3125 3326 3180 intus
3371 3127 3638 3198 deprime-

350 3197 415 3262 lis
437 3205 919 3278 etpr0ph31i5,qu
942 3209 1142 3268 sanctis
1161 3211 1632 3284 pmdicaiionjbus
1646 3216 1940 3275 suismhoc
1966 3196 2016 3263 C
2041 3204 2156 3273 bat,
2182 3205 2477 3276 projiciunt
2515 3209 2852 3278 conﬁtendo;
2885 3228 3048 3284 quam
3077 3226 3198 3286 post
3218 3217 3634 3288 confessionem,

351 3294 558 3352 mundo
588 3295 757 3366 solida
784 3300 1066 3362 cacumina
1103 3316 1224 3366 esse
1253 3313 1585 3366 meruerunt.
1619 3307 1943 3381 Tragelaphi

350 3396 380 3436 a
411 3382 618 3456 Graecis
644 3389 796 3454 dicti,
829 3391 922 3468 qui
949 3393 1076 3454 dum
1097 3394 1288 3460 eadem
1313 3398 1492 3468 specie
1517 3398 1654 3467 sint,
1685 3408 1744 3454 ut
1771 3403 1940 3470 cervi,

346 3472 574 3561 vitiosos
606 3485 790 3540 tamen
813 3480 1014 3544 habent
1040 3497 1243 3550 armos,
1265 3494 1325 3540 ut
1342 3487 1504 3556 hirci,
1529 3496 1584 3546 et
1611 3498 1790 3552 menta
1813 3507 1940 3561 pro-

319 3621 322 3626 _
350 3559 481 3618 lixis
515 3564 726 3636 hirsuta
750 3567 964 3636 barbis,
998 3571 1089 3640 qui
1136 3588 1241 3628 non
1283 3573 1412 3634 alibi
1442 3585 1569 3631 sunt
1601 3593 1763 3647 quam
1797 3559 1943 3638 circa

349 3650 631 3728 Fasldem.
669 3654 891 3728 llinnuli
913 3657 1010 3730 ﬁlii
1031 3669 1158 3718 sunt
1185 3677 1488 3730 cervorum.
1527 3664 1756 3732 Damula
1785 3682 1945 3730 voca-

351 3746 434 3814 ta,
463 3739 608 3810 quod
634 3742 700 3796 de
730 3758 894 3798 manu
916 3744 1106 3822 fugiat,
1132 3749 1378 3822 timidum
1405 3754 1605 3820 animal
1628 3763 1684 3818 et
1707 3755 1938 3814 imbelle.

351 3829 432 3884 De
464 3844 574 3898 quo
597 3831 862 3900 Martialis
897 3854 910 3889 :
1163 3831 1166 3834 ’

483 3919 650 3996 Dente
687 3924 891 3996 timetur
913 3939 1036 3990 aper
1061 3928 1374 3996 _:_det‘e_ndunt
1390 3945 1572 3996 cornua
1590 3947 1793 3988 cervum
1816 3951 1832 3987 :

549 3981 786 4035 imbelles
807 3981 960 4038 damai
991 3987 1110 4053 Quid
1129 4028 1144 4052 ,
1172 3981 1267 4042 nisi
1289 3981 1466 4056 piscis;
1482 3981 1696 4047 'siiinm

430 4085 556 4142 Haec
583 4103 795 4162 quoque
823 4079 1077 4149 animalia
1103 4103 1196 4152 aut
1232 4096 1502 4155 Christum
1525 4101 1639 4157 sive
1684 4104 1942 4159 innocen-

355 4189 437 4236 tes
453 4183 700 4238 homines
716 4185 1040 4256 signiﬁcant.
1065 4188 1203 4246 Hinc
1225 4208 1436 4264 quoque
1456 4210 1650 4266 sponsa
1667 4196 1732 4251 de
1747 4213 1944 4268 sponso

331 4265 333 4268 ⁴
357 4271 411 4326 in
431 4273 660 4330 Cantica
689 4277 1022 4333 canticorum
1051 4281 1127 4336 ait
1155 4296 1169 4336 :
1202 4282 1401 4339 Similis
1429 4295 1505 4340 est
1543 4286 1761 4344 dilectus
1799 4305 1944 4360 meus

337 4361 592 4454 (clausula:
642 4368 961 4441 hinnuloque
1011 4390 1279 4431 cervorum
1331 4376 1515 4454 (Cant.
1541 4383 1630 4452 tt).
1693 4379 1945 4444 Christus

335 4443 536 4534 (igitur
553 4459 609 4514 in
637 4453 1002 4540 assumptione
1029 4467 1208 4544 carnis
1231 4476 1285 4526 et
1319 4449 1622 4532 humilitate
1644 4471 1815 4532 damas
1840 4490 1945 4540 ,as-

2047 3301 2176 3357 dum
2205 3312 2478 3375 repetunt,
2515 3315 2813 3362 resumunt.
2857 3307 2959 3364 Sus
2987 3309 3093 3365 lota
3117 3311 3172 3366 in
3195 3312 3479 3370 volutabra
3513 3315 3635 3383 luti,

2047 3393 2174 3449 dum
2218 3395 2452 3462 lavatur,
2504 3397 2773 3453 sordidior
2816 3398 3180 3458 redditur:et
3218 3404 3310 3474 qui
3345 3405 3638 3463 admissum

2043 3484 2272 3556 plangit,
2296 3501 2399 3542 nec
2419 3494 2603 3543 tamen
2634 3489 2855 3556 deserit,
2887 3491 3120 3562 graviori
3144 3495 3312 3566 culpae
3323 3511 3382 3554 se
3397 3497 3633 3568 subiicit,

2046 3577 2140 3645 qui
2169 3584 2226 3632 et
2257 3577 2430 3646 ipsam
2462 3579 2674 3634 veniam
2699 3583 3015 3649 contemnit,
3056 3598 3218 3653 quam
3248 3585 3422 3644 ﬂendo
3462 3590 3636 3661 impe-

2047 3677 2194 3725 trare
2222 3672 2427 3738 potuit;
2458 3681 2516 3728 et
2537 3674 2691 3743 quasi
2719 3674 2773 3728 in
2802 3674 2977 3731 lutosa
3001 3692 3144 3747 aqua
3171 3679 3522 3750 semetipsum
3557 3682 3634 3736 in-

2045 3760 2230 3826 volvit,
2253 3761 2388 3830 .quia
2415 3763 2542 3818 dum
2567 3765 2682 3819 suis
2711 3764 2966 3836 lacrymis
2990 3767 3114 3823 vitae
3157 3770 3474 3826 munditiam
3509 3773 3636 3828 sub-

2047 3849 2238 3915 trahit,
2263 3858 2390 3906 ante
2417 3851 2511 3906 Dei
2539 3853 2724 3909 oculos
2771 3856 3016 3912 sordidas
3063 3859 3209 3928 ipsas
3246 3860 3510 3932 lacrymas
3559 3861 3638 3916 l‘a-

2044 3940 2142 3995 cit.
2182 3940 2316 3996 ltem
2352 3943 2525 4011 porci,
2553 3944 2799 4000 homines
2840 3947 3100 4005 immundi
3140 3959 3302 4021 atque
3351 3952 3635 4009 luxuriosi.

2045 4031 2106 4087 ln
2133 4032 2462 4102 Evangelio:
2496 4032 2724 4104 Siejicis
2752 4052 2868 4103 nos,
2896 4039 3040 4094 mitte
3081 4041 3136 4094 in
3171 4058 3370 4111 porcos
3419 4041 3636 4116 (Matth.

2045 4122 2194 4194 VIII).
2225 4123 2358 4179 item
2385 4124 2460 4179 ibi
2487 4139 2501 4178 :
2532 4123 2865 4195 Nemittatis
2905 4132 3222 4201 margaritas
3270 4142 3468 4190 uestras
3515 4146 3636 4192 ante

2045 4229 2230 4282 porcos
2261 4211 2476 4283 (Matth.
2512 4213 2645 4284 vn).
2686 4214 2891 4282 Porcus
2929 4217 3181 4275 similiter
3222 4222 3486 4280 immundi
3521 4226 3632 4298 spi-

2045 4304 2209 4360 ritus.
2228 4303 2290 4360 In
2315 4304 2647 4376 Evangelia:
2674 4307 2746 4362 Et
2783 4310 2925 4364 misit
2953 4311 3102 4366 illum
3146 4315 3200 4368 in
3231 4315 3405 4372 villam
3447 4335 3632 4392 suam,

2043 4405 2102 4452 ut
2129 4406 2359 4468 pasceret
2380 4413 2566 4469 porcos
2609 4397 2773 4470 (Luc.
2807 4401 2931 4475 xv).
2985 4403 3192 4463 Porcus
3236 4408 3484 4466 similiter
3532 4411 3634 4468 im-

2044 4489 2276 4544 mundos
2304 4489 2571 4559 signiﬁcat
2593 4498 2648 4546 et
2666 4501 3009 4562 peccatores:
3043 4496 3109 4551 de
3133 4498 3326 4568 quibus
3342 4501 3396 4555 in
3420 4503 3630 4571 psalmo

359 4547 628 4606 similatur
655 4570 668 4606 :
693 4549 748 4606 in
775 4553 1038 4610 varietate
1066 4573 1194 4636 vero
1220 4559 1478 4636 virtutum
1531 4572 1585 4620 et
1633 4565 1946 4636 innocentia
1965 4554 2021 4614 Ῑ)
2047 4578 2306 4649 scriptum
2328 4547 2413 4633 est
2440 4597 2455 4632 :
2480 4580 2560 4636 De
2586 4547 2902 4638 abs-conditis
2931 4585 3036 4640 tuis
3065 4547 3375 4658 αιιῖηιριειαε
3407 4547 3482 4645 ἆε
3511 4609 3633 4645 ven-

360 4635 586 4730 hinn'uIQ:
611 4660 919 4724 cervorum,
948 4649 1052 4706 hoc
1077 4659 1177 4718 est,
1209 4655 1661 4726 patriarcharum,
1704 4659 1771 4715 de
1819 4661 1942 4730 qui-

354 4723 782 4816 bus'secundum
814 4754 1035 4818 carnem
1056 4723 1318 4818 originem
1345 4745 1518 4802 duxit.
1568 4723 1746 4818 Lepus
1765 4803 1768 4806 ,
1787 4752 1942 4820 quasi

361 4827 753 4912 levipes,gquia
774 4831 1030 4912 velociter
1053 4834 1243 4906 currit.
1300 4836 1452 4904 Unde
1503 4847 1558 4896 ct
1603 4839 1790 4896 Graece
1843 4857 1942 4912 pro

345 4901 516 4998 cursu
539 4901 706 4994 ‘lagos
731 4903 948 4990 dicitur,
977 4923 1134 5002 velox
1158 4926 1299 4980 enim
1325 4927 1522 5002 animal
1547 4936 1603 4992 et
1625 4931 1758 4986 satis
1802 4931 1944 4990 timi-

341 4997 514 5066 dum.
527 5007 812 5086 Signiﬁcat
827 5001 1014 5072 autem.
1026 4997 1180 5088 lepus
1200 4999 1452 5076 homines"
1467 5020 1719 5089 timentes
1740 5019 1937 5094 Deum:

333 5102 446 5180 (qui
471 5118 578 5156 non
605 5097 660 5157 in
691 5105 1012 5175 semetipsis,
1033 5106 1125 5161 sed
1147 5107 1202 5162 in
1237 5107 1496 5166 Creatore
1544 5126 1643 5168 suo
1692 5112 1944 5180 ﬁduciam

361 5187 579 5274 habent.
611 5190 764 5248 Unde
785 5193 980 5274 legitur
1016 5194 1068 5250 in
1101 5194 1389 5254 Salomone
1418 5197 1777 5272 :Lepusculus
1803 5202 1945 5274 plebs

362 5265 592 5368 ﬁtvaIida
610 5300 726 5354 qua:
747 5265 965 5348 collocat
987 5273 1046 5340 in.
1061 5296 1208 5368 petra
1227 5287 1396 5344 cubile
1415 5265 1567 5348 suum
1589 5291 1770 5363 (Prov.
1789 5265 1943 5368 itu).

367 5355 515 5444 Unde
541 5355 736 5429 dicitur
770 5376 822 5458 in
848 5355 1070 5452 Psalmo
1092 5397 1104 5431 :
1127 5365 1303 5434 'Petra
1331 5355 1877 5457 refugium‘leporillus
1901 5355 1950 5444 et

349 5449 604 5524 lerinaciis
628 5449 806 5552 (Ps'al‘.
836 5449 983 5543 cui).
1015 5471 1173 5544 Petra
1203 5449 1397 5534 autem
1416 5449 1785 5546 Christusvest.
1812 5480 1949 5539 Hinc

370 5559 433 5616 de
460 5561 638 5633 Moyse
662 5563 914 5619 scribitur
954 5563 1161 5637 (Exod.
1188 5568 1386 5641 XXXIII)
1412 5609 1427 5636 ,
1473 5571 1615 5642 quod
1645 5570 1948 5645 lepusculus

365 5651 580 5734 Domini
607 5656 818 5730 Moyses
846 5658 1056 5736 steterit
1081 5659 1134 5713 in
1175 5659 1442 5718 foramine
1482 5672 1648 5734 petrae
1679 5684 1691 5720 :
1719 5669 1846 5738 quia
1894 5668 1947 5722 in

359 5729 614 5832 (passione
635 5747 1008 5828 Redemptoris
1030 5729 1186 5826 spem
1215 5752 1402 5812 salutis
1429 5729 1538 5830 suae
1572 5729 1776 5826 habuit.
1830 5759 1949 5816 Eri-

2043 4677 2123 4724 ter
2149 4681 2328 4724 eorum
2349 4681 2368 4720 .'
2393 4672 2618 4726 saturati
2645 4682 2766 4727 sunt
2791 4676 3028 4743 porcina,
3049 4686 3098 4731 et
3120 4677 3495 4748 relinquentur,
3509 4698 3629 4752 qua

2043 4760 2410 4829 superfuerant
2433 4763 2664 4831 parvulis
2682 4766 2791 4821 suis
2833 4766 3015 4837 (Psal.
3052 4769 3195 4838 Im).
3241 4769 3454 4828 Iudaeos
3501 4776 3636 4832 dicit

2045 4850 2113 4906 de
2145 4850 2524 4919 immunditiis,
2549 4869 2672 4924 qua:
2700 4871 2732 4912 a
2771 4855 3000 4918 Domino
3039 4860 3371 4929 abscondita,
3419 4866 3473 4922 id
3522 4877 3629 4938 est,

2043 4947 2340 4996 noscuntur
2364 4956 2485 5004 esse
2514 4946 2805 5015 prohibita.
2855 4947 3082 5006 Porcina
3114 4951 3182 5006 ad
3221 4954 3424 5023 polluta
3461 4960 3633 5032 respi-

2044 5033 2144 5098 cit,
2171 5048 2290 5104 quae
2329 5035 2474 5091 inter
2527 5047 2724 5096 caetera
2755 5039 2963 5098 Veteris
3005 5041 3332 5104 Testamenti
3360 5061 3628 5124 praecepta

2045 5122 2323 5180 immunda
2367 5137 2720 5197 praenotatur.
2798 5131 3233 5193 Transmiserunt
3280 5148 3460 5197 autem
3503 5122 3633 5206 reli-

2047 5214 2202 5286 quias
2221 5225 2565 5286 peccatorum
2587 5221 2713 5276 ﬁliis
2735 5223 2868 5287 suis,
2889 5228 3100 5294 quando
3120 5229 3425 5290 clamabant
3449 5253 3463 5290 :
3486 5235 3632 5300 San-

2046 5306 2162 5375 guis
2175 5305 2286 5376 ejus
2298 5323 2456 5377 super
2471 5325 2568 5364 nos
2584 5319 2630 5364 et
2646 5327 2803 5382 super
2812 5312 2949 5382 ﬁlios
2964 5328 3166 5374 nostros
3204 5321 3416 5393 (Matth.
3431 5327 3627 5402 xxvu).

2049 5394 2186 5454 Item
2209 5412 2302 5454 sus
2326 5405 2580 5467 peccator,
2608 5410 2752 5457 recte
2775 5402 3094 5476 intelligens,
3143 5418 3199 5466 et
3235 5411 3505 5473 luxuriose
3551 5394 3632 5474 vi—

2050 5485 2262 5544 vensin
2288 5484 2576 5546 Salomone
2607 5507 2620 5542 :
2647 5488 2886 5546 Circutus
2930 5511 3120 5550 aureus
3166 5500 3220 5553 iu
3260 5503 3472 5558 naribus
3519 5507 3631 5564 suis

2051 5576 2240 5641 mulier
2258 5577 2476 5648 pulchra
2503 5589 2551 5636 et
2577 5579 2722 5651 fatua
2749 5581 3066 5655 (Prov.x1).
3120 5588 3252 5644 Item
3301 5607 3392 5649 sus
3435 5609 3624 5652 carna-

2053 5668 2184 5728 lium
2201 5669 2560 5738 cogitationes.
2575 5675 2825 5739 sordidae,
2842 5690 2910 5730 ex
2933 5677 3127 5746 quibus
3147 5695 3308 5749 opera
3322 5699 3487 5754 prava
3509 5685 3626 5743 vel-

2053 5767 2114 5814 ut
2141 5759 2360 5826 decocta
2384 5763 2702 5836 procedunt,
2743 5764 2800 5820 in
2823 5765 2966 5824 lsaia
2996 5782 3012 5821 :
3063 5768 3168 5834 Qui
3203 5772 3480 5826 comedunt
3514 5787 3611 5832 car
