4074 6324
350 399 456 453 2ιῦ

1264 477 1270 484 _
1345 402 1437 490 :Dl?
1476 401 1821 480 UNIVERSO
1855 402 2040 498 .LIBRI
2070 403 2232 492 XXII.
2273 434 2342 498 έ-
2378 405 2505 494 ῐλῐβ.
2545 406 2654 498 γη,

3491 408 3595 462 214

350 511 572 566 secretis
625 509 757 566 locis
805 495 1110 567 occultant.
1163 503 1440 586 Signiﬁcat
1489 493 1665 571 autem
1699 499 1918 589 [Onager
1945 495 2229 596 ΑιΕετοιι.
2259 501 2368 590 xv).
2432 493 2506 576 Et.
2550 537 2771 578 rursus:
2834 524 3128 596 Quadrigas
3185 523 3499 592 Pharaonis,
3549 539 3597 581 et

351 603 444 657 aut
490 599 766 690 Iudaicum“
817 603 1066 690 populum
1135 615 1227 658 aut
1283 605 1552 661 hominem
1622 607 1918 662 eremitam.
1985 589 2306 664 δετενῑὶιιιηι
2333 589 2469 682 (ejus
2499 613 2713 682 projeeit
2754 616 2807 668 in
2852 629 2994 668 mare
3035 589 3241 688 (Ibid).
3288 609 3423 672 Sunt
3451 589 3594 690 equi,

330 685 1128 766 'Judaiciiin'autenrpopulum
1164 697 1430 769 significat
1475 699 1528 754 in
1569 701 1791 771 psalmis
1833 695 1920 754 tibi

349 787 604 865 scriptum
641 789 727 865 est
753 803 765 838 :
791 786 1177 857 Enpectabunt
1203 792 1387 861 onagri
1423 793 1477 846 in
1504 792 1590 846 siti
1618 811 1715 848 sua
1743 789 1915 865 (Psal.

346 859 490 949 οτιῆέ
529 863 944 950 (Ζιιιηῗειηιθτίιιὲ
971 881 1169 936 dixerit
1220 859 1420 938 bestias
1455 883 1716 939 Silvarum
1755 859 1920 956 aquis

341 965 749 1027 dcent-fontibus
787 985 904 1027 esse
927 981 1161 1042 potatas,
1191 983 1422 1044 onagros
1457 974 1567 1044 jam
1600 973 1740 1031 nunc
1771 977 1920 1046 ponit

339 1057 481 1138 silli'u
515 1063 667 1117 Suam
693 1059 1038 1133 exspectare:
1086 1065 1284 1120 scilicet
1322 1065 1564 1133 Iudaeos,
1613 1063 1704 1140 qui
1735 1067 1914 1139 negle-

337 1147 754 1211 xerunt‘tluenta
781 1151 971 1208 divinae
993 1153 1206 1224 pietatis
1243 1155 1489 1212 haurire.
1531 1154 1748 1229 Onager
1769 1151 1914 1212 enim

331 1243 597 1316 sylVester
621 1245 803 1300 asinus
830 1253 932 1309 est,
969 1245 1058 1314 qui
1113 1246 1256 1301 inter
1295 1247 1502 1318 reliqua
1543 1248 1791 1302 animalia
1821 1263 1916 1304 cor

333 1340 526 1396 dicitur
554 1339 758 1395 habere
789 1339 1218 1409 pinguissimum.
1269 1340 1422 1407 Quod
1453 1355 1620 1412 genus
1652 1343 1912 1410 Quantum

330 1427 538 1500 patiens
571 1438 657 1484 est
684 1427 963 1494 domitum,
1011 1435 1217 1483 tantum
1246 1418 1601 1485 suavissimum
1647 1431 1908 1497 redditur,

330 1519 450 1576 cum
475 1510 1006 1576 silvis‘retinentibus
1037 1519 1309 1578 efferatur.
1343 1523 1438 1578 llis
1461 1523 1712 1580 obstinati
1740 1523 1910 1581 «ἰυόωὶ

327 1613 960 1684 nterito'eomparahtur,
1009 1614 1132 1684 quia
1183 1614 1377 1670 ferocia
1405 1618 1600 1672 mentis
1633 1625 1688 1673 et
1713 1617 1909 1673 callosa

326 1683 572 1778 ιειιίιιωιε·
597 1704 778 1776 durati
815 1705 971 1768 sum,
1009 1683 1107 1758 nec
1141 1706 1327 1760 satiari
1365 1708 1472 1762 cito
1497 1708 1704 1778 poculis
1735 1708 1909 1763 vitali-

324 1775 805 1866 buis‘athuiescu’nt
832 1793 992 1851 :nam
1011 1786 1158 1867 quod
1181 1797 1328 1864 dicit,
1361 1775 1745 1868 exspectabant,
1775 1797 1904 1852 illud
1935 1787 1940 1794 ’

2025 713 2158 770 quos
2183 700 2439 756 Dominus
2473 703 2731 768 ascendit,
2770 713 2824 759 et
2869 705 3206 759 circumeunt
3240 721 3452 760 onmem
3489 719 3596 761 ter-

2022 806 2174 854 ram,
2229 793 2294 845 de
2344 792 2536 860 quibus
2570 793 2800 847 dicitur:
2850 792 2916 846 Et
2962 795 3216 864 equitatus
3263 791 3382 849 tuus
3429 794 3594 852 salus.

2023 883 2160 937 sum
2188 894 2366 940 autem
2388 885 2533 956 equi,
2566 887 2655 956 qui
2682 901 2995 943 ascensores
3016 887 3213 942 habent
3235 888 3511 944 Diabolum
3541 883 3614 945 et

2021 975 2238 1046 angelos
2290 977 2423 1046 ejus.
2481 977 2645 1034 ludas
2693 983 2862 1050 equus
2924 979 3036 1048 ejus
3085 989 3242 1034 erat:
3289 981 3382 1035 sed
3425 983 3595 1036 donec

2020 1079 2359 1121 ascensorem
2389 1067 2574 1122 habuit
2593 1068 2897 1134 Dominum,
2930 1071 2996 1124 de
3017 1071 3255 1139 equitatu
3284 1070 3470 1125 salutis
3497 1071 3596 1126 fuit

2017 1172 2140 1210 cum
2167 1159 2402 1224 caeteris,
2434 1167 2487 1215 et
2527 1176 2648 1216 cum
2679 1160 2945 1232 Apostolis
2992 1165 3188 1219 missus
3213 1165 3427 1233 aegrotis
3453 1145 3595 1219 salu-

2015 1257 2157 1316 tem,
2195 1260 2248 1305 et
2275 1253 2563 1308 sanitatem
2586 1252 2958 1325 languentibus
2980 1256 3230 1325 praestitit
3260 1273 3273 1308 :
3309 1256 3401 1311 sed
3420 1256 3512 1311 tibi
3536 1272 3595 1310 se

2014 1338 2239 1396 Diabolo
2279 1341 2569 1397 substravit
2602 1343 2745 1414 (post
2767 1344 3056 1400 buccellam
3086 1346 3228 1401 enim
3258 1347 3499 1401 introivit
3539 1333 3602 1400 in

2014 1445 2137 1484 eum
2186 1428 2415 1485 Satanas
2472 1430 2652 1503 [Joan.
2713 1433 2876 1504 xm]),
2934 1433 3074 1488 illius
3121 1434 3342 1488 habenis
3404 1436 3595 1490 ductus

2013 1522 2296 1577 adversum
2347 1524 2628 1578 Dominum
2678 1531 2730 1579 et
2761 1523 3091 1580 Salvatorem
3145 1535 3389 1582 nostrum
3433 1529 3595 1600 coepit

2011 1613 2274 1680 equitare.
2327 1611 2524 1667 Omnes
2571 1615 2746 1680 enim,
2787 1616 2877 1684 qui
2909 1627 3304 1686 persequuntur
3352 1627 3591 1684 sanctos,

2011 1702 2134 1771 equi
2165 1710 2290 1757 sunt
2312 1703 2647 1758 hinnientes:
2681 1706 2773 1758 sed
2807 1705 3006 1759 habent
3033 1721 3368 1771 ascensores,
3397 1707 3590 1776 quibus

2009 1799 2258 1862 aguntur,
2289 1793 2506 1863 angelos
2538 1795 2726 1859 malos,
2752 1804 2805 1848 et
2835 1796 2958 1851 inde
2989 1797 3194 1851 feroces
3225 1809 3367 1852 sunt.
3412 1798 3593 1852 Domi-

325 1879 612 1954 siglilﬁcat,
635 1885 789 1956 quod
820 1887 1130 1958 frequenter
1167 1891 1365 1944 dictum
1399 1897 1482 1943 est
1513 1908 1526 1942 :
1567 1891 1693 1960 quia
1721 1889 1774 1943 in
1801 1889 1906 1944 line.
1934 1871 2110 1974 lignus
2139 1899 2264 1955 ergo
2293 1902 2491 1956 equum
2524 1897 2578 1940 et
2617 1903 2959 1943 ascensorem
2992 1889 3221 1960 projecit
3249 1893 3301 1944 in
3339 1907 3506 1955 mare,
3537 1901 3592 1946 et

322 1971 516 2037 saiéuli,
581 1971 817 2030 Helia'et
867 1977 1050 2033 Enoeh
1100 1978 1460 2042 venientibus,
1521 1978 1793 2032 creditura
1823 1986 1907 2032 est

319 2061 613 2125 milltitu'do
641 2065 965 2126 Iudaeorum.
1014 2071 1220 2128 Rursus
1256 2073 1307 2127 in
1354 2072 1490 2126 libro
1526 2071 1623 2126 Job
1651 2071 1908 2126 Dominus

318 2155 515 2215 dikisse
556 2153 762 2215 fertur:
796 2163 912 2233 quis
937 2163 1133 2217 dimisit
1161 2177 1414 2232 onagrum
1444 2161 1684 2225 liberum,
1712 2170 1759 2215 et
1791 2161 1905 2214 vin-

316 2249 434 2306 calo
455 2252 579 2321 ejus
607 2239 722 2322 quis
744 2250 914 2320 solvit,
942 2253 1066 2310 etc?
1085 2255 1225 2325 (Job.
1253 2253 1463 2324 xxxix).
1493 2251 1781 2316 Sub-audis,
1806 2253 1906 2306 nisi

453 2333 678 2415 Onager
699 2337 864 2408 enim,
897 2343 986 2414 qui
1015 2346 1066 2399 in
1104 2333 1388 2399 solitudine
1410 2329 1792 2407 commoratur,
1815 2358 1906 2397 eo-

316 2425 918 2514 rudl‘v‘itam‘signlﬂcat
935 2477 948 2501 ,
974 2437 1063 2506 qui
1087 2436 1276 2491 remoti
1304 2451 1334 2491 a
1357 2433 1529 2495 turbis
1567 2433 1909 2504 popularibus

317 2517 922 2582 cddi-d’s‘anltlh'Liber
948 2531 1074 2598 ergo
1102 2526 1413 2592 dimittitur,
1438 2525 1528 2596 qui
1560 2523 1781 2582 calcatis
1808 2535 1910 2580 ter-

317 2609 464 2671 rétils'
483 2607 779 2672 'dési’d'driis
804 2619 1042 2688 appetitu
1063 2631 1288 2674 onerum
1316 2615 1710 2686 temporalium,
1751 2607 1907 2669 secu-

316 2705 702 2761 ril'ate'ntent‘is
733 2703 1090 2761 exoneratur:
1121 2717 1166 2761 et
1202 2706 1411 2760 vincula
1439 2705 1552 2774 ejus
1583 2702 1915 2774 quis'solvit?

317 2785 599 2865 sniiiiii'dis,
635 2799 734 2854 nisi
759 2817 868 2871 ego.
901 2800 1192 2856 Solvuntur
1214 2801 1356 2856 enim
1377 2793 1906 2865 nniuscujuscnnque
1935 2873 1938 2876 _

320 2891 492 2946 sancti
519 2885 760 2958 vincula,
786 2891 911 2948 dum
951 2887 1130 2949 divino
1159 2893 1424 2962 adjutorio
1453 2892 1663 2944 interna
1703 2887 1908 2944 deside—

318 2967 522 3036 ridruin
561 2970 854 3039 carnalium
883 2977 1172 3040 retinacula
1197 2985 1624 3052 disrumpuntur.
1663 2977 1759 3038 Cui
1786 2979 1906 3033 dedi

319 3059 677 3152 habitabilliiiit
707 3069 759 3128 iri
789 3075 1086 3140 solitudine,
1112 3085 1156 3130 et
1189 3073 1526 3128 tabernacula
1548 3073 1660 3143 ejus
1684 3071 1734 3125 in
1767 3059 1934 3126 terra,

2011 1975 2186 2030 factus
2226 1985 2308 2030 est
2336 1975 2465 2031 milii
2495 1977 2550 2031 in.
2572 1978 2816 2032 salutem.
2864 1977 2998 2048 Equi
3039 1991 3348 2049 peccatores
3391 1981 3588 2034 intelli-

2009 2073 2208 2133 guntur
2239 2074 2292 2120 et
2337 2061 2594 2120 luxuriosi
2644 2069 2906 2133 homines,
2955 2077 3012 2123 ut
3057 2071 3109 2123 in
3149 2068 3378 2125 Ieremia
3408 2089 3419 2122 :
3454 2069 3590 2140 Equi
3627 2069 3630 2072 ’

2009 2156 2300 2220 emissarii;
2324 2159 2674 2227 unusquisque
2691 2159 2760 2211 ad
2785 2175 2998 2212 uxorem
3028 2161 3251 2228 proximi
3275 2161 3357 2212 sui
3384 2159 3588 2212 ltimtie-
3624 2151 3630 2166 ’

2011 2244 2096 2297 bat
2122 2243 2252 2315 (Jer.
2281 2243 2357 2316 v).
2397 2245 2599 2314 Equus,
2628 2245 2862 2300 carnalis
2889 2247 3145 2315 potentia.
3194 2247 3250 2300 in
3276 2245 3409 2300 lsaia
3445 2263 3457 2297 :
3497 2243 3589 2298 Va:
3625 2249 3630 2256 '

2008 2337 2133 2408 quia
2176 2339 2451 2392 ascenditis
2491 2355 2644 2408 super
2674 2355 2830 2408 equos
2860 2349 2914 2391 ut
2959 2340 3281 2392 descendatis
3325 2340 3376 2392 in
3421 2338 3592 2410 ngy-

2009 2437 2152 2499 ptum
2179 2425 2310 2499 (Isa.
2345 2431 2494 2500 xxx).
2543 2429 2609 2484 Et
2636 2431 2688 2484 in
2726 2430 2970 2499 psalmo:
3014 2428 3456 2494 Dormitarertmt,
3500 2429 3624 2500 qui"

2011 2527 2354 2581 ascenderunt
2400 2541 2555 2595 equos
2605 2527 2774 2596 (Psal.
2822 2527 3004 2596 Lxxv).
3061 2527 3211 2593 Quod
3244 2536 3418 2580 autem
3464 2519 3627 2596 equi'

2012 2615 2113 2670 rufi
2139 2624 2192 2671 et
2215 2616 2348 2670 varii
2378 2617 2516 2685 nigri
2547 2623 2600 2670 et
2625 2615 2730 2670 albi
2762 2615 2815 2670 in
2844 2619 3100 2686 propheta
3129 2615 3391 2672 Zacliaria
3427 2633 3591 2686 appa-

2011 2709 2184 2762 ruisse
2215 2709 2498 2788 leguntur,
2549 2718 2641 2762 aut
2679 2710 3082 2776 castigationem
3109 2710 3446 2777 peccantium
3496 2705 3627 2790 def

2012 2800 2207 2870 signat,
2261 2809 2351 2853 aut
2389 2799 2806 2862 consolationem
2862 2816 3266 2854 conversurum.
3318 2799 3590 2869 Scriptum

2010 2897 2094 2944 est.
2119 2891 2260 2944 enim
2294 2890 2343 2943 in
2367 2888 2651 2953 Zacharia,
2683 2885 2909 2944 Domino
2953 2889 3201 2944 dicente:
3257 2887 3368 2959 Ego
3393 2891 3591 2943 irascm-
3623 2887 3628 2950 ῗ

2009 2997 2165 3051 super
2190 2990 2360 3049 gentes
2399 2981 2686 3050 opulentas.
2725 2980 2858 3046 Quia
2891 2998 2981 3050 ego
3013 2980 3176 3033 iratus
3231 2997 3346 3033 sum
3374 2997 3584 3049 parum,

2008 3072 2109 3141 ipsi
2137 3087 2250 3124 vero
2281 3071 2593 3125 addiderunt
2637 3071 2688 3124 in
2722 3070 2914 3124 malum
2964 3067 3148 3142 (Zac/t.
3176 3069 3234 3139 ι).
3277 3071 3339 3123 Et
3373 3065 3622 3146 rursunh

319 3155 601 3233 sdlsug‘inis
629 3161 839 3237 (Μία).
869 3163 999 3220 Nam
1031 3166 1221 3220 remoti
1251 3165 1371 3227 viri,
1400 3164 1451 3218 id
1474 3169 1584 3226 est,
1613 3175 1646 3217 'a
1671 3160 1903 3217 carnali-
1931 3171 1977 3237 Ἀ
2014 3162 2126 3232 ipse
2153 3164 2409 3232 propheta
2441 3163 2516 3216 ait
2543 3182 2552 3215 :
2594 3160 2709 3215 Vidi
2731 3155 2821 3234 per
2849 3171 3066 3230 noctem,
3101 3173 3146 3216 et
3169 3179 3281 3215 ecce
3311 3164 3384 3214 vir
3417 3179 3594 3216 ascen-

318 3244 417 3338 btls
443 3253 727 3314 desideriis
750 3251 1032 3316 alieni'lioc
1051 3259 1324 3338 'silentium
1354 3261 1545 3314 mentis
1571 3259 1901 3316 inhabitant:
1933 3226 1980 3287 C
2007 3253 2136 3307 dens
2161 3271 2313 3323 super
2339 3271 2524 3325 equum
2554 3255 2747 3322 rufum,
2785 3263 2830 3306 et
2856 3255 2959 3323 ipse
2983 3253 3152 3306 stabat
3194 3253 3324 3307 inter
3347 3264 3588 3323 myrteta,

319 3333 564 3420 utﬁunt-ﬁ.
591 3347 978 3407 desideriorum
1008 3333 1302 3406 carnalium
1336 3347 1439 3405 non
1481 3357 1809 3420 premantur.
1842 3349 1907 3403 Et

320 3411 666 3510 ttiiiiirnacula
707 3429 891 3511 onagri
941 3433 1099 3510 hujus
1146 3441 1199 3495 in
1238 3448 1379 3495 terra
1423 3448 1548 3494 sunt
1593 3427 1936 3512 salsuginisf

321 3518 553 3610 Salsngo
602 3533 888 3588 incendere
913 3531 1057 3588 sitim
1087 3533 1240 3588 solet.
1290 3531 1359 3587 Et
1396 3533 1566 3588 sancti
1595 3531 1695 3585 viri
1720 3533 1936 3602 quam?

315 3619 408 3676 diu
439 3623 495 3677 in
541 3621 699 3696 hujus
725 3625 849 3678 vitze
877 3625 1237 3680 tabernaculis
1268 3626 1485 3694 degunt,
1525 3623 1588 3679 ad
1619 3640 1905 3694 supernam

315 3701 560 3782 patriam
590 3709 839 3766 desiderii
885 3714 965 3766 sui
992 3714 1315 3783 quotidianis
1355 3715 1573 3770 testibus
1608 3713 1942 3786 accendung

316 3789 700 3872 turCD'nager,
729 3803 987 3872 arrogans
1015 3801 1262 3872 quisque,
1302 3804 1355 3857 id
1382 3813 1463 3857 est
1481 3843 1498 3868 ,
1526 3799 1732 3859 amator
1760 3820 1908 3860 vana:
1931 3789 1937 3808 ’

316 3881 503 3972 810ιῆιρ
530 3906 544 3944 :
571 3889 702 3970 utin
731 3891 961 3947 Ieremia
988 3910 1002 3945 :
1039 3891 1248 3963 Onager
1273 3904 1512 3947 assuetus
1541 3897 1593 3948 in
1632 3893 1910 3949 solitudine

316 3969 579 4064 desiderio
612 3971 802 4039 animle
847 4001 958 4040 sua:
989 3985 1149 4040 traxit
1195 3996 1399 4040 rentum
1427 3987 1621 4040 amoris
1661 3986 1742 4041 sui
1773 3987 1904 4058 (Jer.
1931 3969 1936 3976 ’

319 4075 402 4152 ιι),
445 4076 497 4131 id
537 4085 641 4142 est,
680 4077 928 4146 spiritum
959 4076 1240 4150 superbize.
1290 4077 1487 4148 Onagri
1518 4079 1788 4149 principes
1814 4077 1906 4133 Ju—

319 4151 557 4222 diuinum
581 4206 596 4232 ,
645 4173 701 4220 ut
742 4167 795 4221 in
822 4164 1076 4222 Ieremia.
1121 4165 1224 4226 Sed
1262 4173 1313 4221 et
1347 4169 1530 4237 onagri
1558 4179 1805 4223 steterunt
1853 4170 1907 4222 in

320 4243 558 4328 rupibus,
589 4266 860 4312 traxerunt
889 4267 1094 4313 ventum
1122 4258 1271 4329 quasi
1310 4257 1559 4312 dracones
1597 4257 1732 4331 (Jer.
1761 4260 1899 4332 xlv).
1933 4323 1936 4328 _

320 4349 456 4432 Equi
487 4347 639 4416 dicti,
684 4365 748 4406 eo
785 4349 926 4420 quod
971 4350 1183 4422 quando
1213 4350 1486 4424 quadrigis
1521 4341 1904 4420 jungebantur,

321 4435 700 4518 aequabantur,
741 4457 1005 4514 paresque
1039 4442 1211 4497 forma
1242 4452 1296 4498 et
1327 4441 1528 4496 similes
1553 4459 1711 4498 cursu
1747 4431 1936 4512 copu—'

2008 3361 2124 3415 qua:
2149 3355 2293 3398 erant
2323 3345 2374 3412 in
2395 3343 2658 3415 profundo
2683 3360 2700 3398 :
2730 3353 2775 3398 et
2805 3354 2916 3413 post
2944 3361 3061 3397 eum
3088 3344 3204 3414 equi
3232 3343 3353 3412 ruﬁ,
3388 3343 3517 3398 varii
3541 3353 3590 3397 et

2008 3435 2134 3500 albi,
2172 3444 2276 3490 etc.
2315 3435 2520 3506 (Ibid).
2570 3434 2706 3499 Nox,
2736 3435 2786 3488 in
2816 3449 2918 3502 qua
2944 3433 3183 3488 cernitur
3215 3435 3372 3499 visio,
3401 3433 3593 3490 obscu-

2009 3526 2141 3580 ritas
2171 3526 2393 3595 mystice
2430 3525 2650 3580 visionis
2684 3524 3017 3594 intelligitur.
3072 3525 3184 3589 Vir,
3225 3525 3316 3592 qui
3347 3525 3606 3604 ascendit.

2009 3631 2169 3687 super
2200 3631 2396 3684 equum
2445 3615 2640 3682 rufmn,
2692 3617 2950 3672 Dominus
2980 3624 3140 3684 atque
3191 3614 3436 3670 Salvator
3485 3611 3624 3680 est,'

2009 3710 2101 3780 qui
2136 3708 2586 3778 dispensationem
2629 3717 2826 3764 nostra)
2871 3708 3049 3763 carnis
3081 3709 3390 3777 assumpsit.
3447 3705 3588 3779 Myr-
3621 3701 3626 3704 ’

2009 3806 2117 3854 tcta
2158 3807 2352 3865 autem,
2404 3814 2523 3869 quae
2551 3787 2704 3854 erant
2733 3799 2786 3853 in
2814 3800 3098 3870 profundo,
3131 3800 3272 3853 inter
3301 3814 3418 3868 quae
3448 3787 3608 3866 stare.

2009 3891 2347 3958 describitur,
2380 3892 2635 3962 angelica:
2685 3892 3051 3963 intelliguntur
3088 3902 3379 3963 potestates
3407 3934 3420 3957 ,
3469 3879 3624 3976 quan;

2009 3981 2058 4036 ei
2091 3982 2252 4036 etiam
2285 3981 2339 4036 in
2370 3997 2532 4036 carne
2575 3983 2749 4052 posito
2797 3983 3259 4037 ministraverunt.
3305 3981 3439 4052 Equi
3490 3983 3588 4036 ruﬁ

2007 4073 2141 4127 varii
2192 4072 2317 4137 albi,
2368 4073 2604 4144 Apostoli
2654 4083 2708 4128 et
2737 4055 3015 4144 apostolidi
3046 4075 3146 4128 viri
3176 4056 3621 4144 intelligunturzi

2008 4177 2235 4233 quorum
2264 4161 2352 4217 alii
2390 4161 2440 4218 in
2473 4165 2730 4234 martyrio
2771 4149 3011 4218 coronati
3043 4174 3185 4232 sunt,
3236 4173 3288 4217 et
3314 4161 3586 4234 appellan-
3617 4143 3625 4170 ¹

2007 4261 2096 4308 tur
2135 4255 2231 4308 ruli
2261 4272 2272 4308 :
2305 4243 2391 4308 alii
2422 4241 2675 4326 operibus
2695 4265 2748 4310 et
2772 4255 3018 4310 doctrina
3042 4272 3103 4312 ac
3131 4257 3388 4311 varietate
3411 4247 3625 4328 signo-I:

2009 4337 2128 4402 rum
2154 4347 2288 4402 varii
2312 4357 2705 4419 nuncupantur.
2730 4337 2832 4403 Alii
2857 4350 3180 4420 virginitatis
3209 4341 3422 4415 decore,
3452 4335 3586 4405 intc-
3611 4313 3624 4446 ί

2009 4440 2308 4510 gritatequc
2342 4440 2522 4495 cordis
2547 4437 2758 4508 ornati,
2791 4451 2845 4495 et
2871 4443 3106 4510 puritate
3133 4442 3344 4518 cordis,
3367 4456 3588 4496 cernere

323 4531 596 4612 labantur.
616 4611 619 4616 Ι
643 4535 1072 4616 Caballusantea
1102 4531 1132 4590 a
1161 4552 1260 4592 cao
1290 4533 1482 4599 dictus,
1511 4543 1733 4605 propter
1763 4527 1985 4628 (ιιιοὰἠὺ
2015 4531 2263 4628 Deum-lin
2290 4534 2509 4601 praemio
2536 4523 2904 4604 susceperunt.
3020 4521 3244 4590 Domino
3269 4535 3408 4590 enim
3439 4534 3590 4589 missi
3619 4527 3622 4536 ’

326 4611 577 4694 gradiens
616 4611 818 4698 ungula
866 4613 1125 4695 impressa
1175 4635 1376 4680 terram
1412 4633 1708 4680 concavat:
1765 4626 1905 4696 quod
1927 4611 2138 4676 visunt
2176 4611 2434 4691 Apostoli,
2470 4623 2526 4677 nt
2555 4630 2725 4678 totum
2773 4611 3029 4678 mundum
3061 4623 3366 4693 evangelica
3391 4623 3600 4698 praedi:

327 4717 530 4786 reliqua
559 4715 811 4772 animalia
837 4732 946 4771 non
975 4717 1177 4772 habent
1202 4733 1215 4767 :
1263 4715 1384 4770 inde
1418 4724 1471 4768 et
1499 4715 1732 4784 sonipes,
1766 4717 1905 4783 quod
1931 4707 1941 4725 ⁷

328 4808 550 4874 pedibus
583 4817 759 4863 sonat.
792 4806 976 4877 Equus
1001 4822 1130 4861 vero
1153 4806 1442 4876 aliquando
1474 4807 1525 4862 in
1563 4807 1756 4862 bonam
1785 4823 1908 4876 par-

330 4904 434 4949 tem
464 4897 629 4952 vertit
653 4895 1098 4970 signlﬁcationem
1127 4911 1140 4948 :
1193 4895 1477 4964 aliquando
1505 4896 1558 4950 in
1589 4895 1804 4949 malam.
1851 4895 1905 4949 In

330 4984 521 5043 bonam
543 4997 775 5058 partem,
800 4997 857 5044 ut
877 4998 959 5044 est
983 4987 1110 5044 illud
1125 4986 1372 5052 Habacuc
1394 4989 1696 5059 prophetae:
1721 4989 1910 5044 Ascen-

332 5077 489 5143 dens;
543 5079 740 5148 inquit,
766 5095 925 5150 super
952 5095 1106 5148 equos
1150 5087 1338 5148 tuosget
1386 5081 1645 5149 equitatus
1673 5089 1790 5134 tuus
1819 5098 1906 5134 sa-
1934 5065 1936 5070 I

334 5157 466 5224 nitas
494 5165 724 5240 (Habac.
758 5168 863 5240 ιιι).
891 5167 959 5224 Ει
988 5166 1154 5223 inJob
1179 5169 1355 5224 divina
1377 5185 1476 5223 vox
1503 5168 1612 5240 ait:
1651 5169 1910 5242 Nunquid

333 5255 580 5325 prtebebis
627 5276 756 5330 equo
786 5259 1176 5328 fortitudinem,
1233 5268 1322 5312 aut
1377 5259 1722 5332 circumdabis
1777 5260 1908 5313 collo

336 5349 442 5428 ejus
472 5351 754 5416 hinnitum,
784 5359 888 5406 etc.
921 5349 1062 5424 (Job.
1092 5349 1298 5420 χχχιιι).
1333 5348 1431 5403 Hic
1460 5364 1626 5418 equus
1658 5351 1913 5419 praedica-

339 5421 478 5502 ιθὼς
506 5443 677 5500 sancti
723 5421 1108 5512 intelliguntur,
1161 5457 1387 5512 quorum
1429 5457 1607 5495 sessor
1655 5443 1912 5497 Dominus

339 5515 441 5600 osi,
471 5537 563 5608 qui
591 5537 672 5592 eis
703 5533 1096 5599 fortitudinem,
1126 5532 1227 5588 hoc
1253 5543 1352 5598 est,
1389 5534 1743 5587 constantiam
1772 5550 1916 5588 men-

343 5623 408 5677 tis
445 5626 564 5692 dat,
611 5635 667 5684 et
711 5641 902 5682 sonum
953 5640 1098 5678 sanae
1123 5625 1540 5696 praedicationis.
1576 5623 1616 5677 E
1641 5626 1915 5681 contrario

341 5725 469 5771 vero
516 5718 578 5773 de
622 5719 726 5774 alia
768 5718 944 5787 specie
971 5732 1230 5788 equorum
1260 5717 1316 5770 in
1345 5716 1554 5771 cantico
1583 5716 1750 5770 Exodi
1781 5719 1914 5771 scri-

345 5815 660 5880 plulnest:
713 5812 921 5884 liquam
973 5821 1019 5867 et
1067 5827 1389 5868 ascensorem
1422 5811 1637 5884 projecit
1672 5811 1726 5868 in
1772 5828 1913 5888 mare

2014 4713 2223 4767 eatione
2247 4713 2599 4782 complerent,
2639 4714 2730 4784 qui
2772 4725 3055 4784 postquam
3085 4727 3218 4783 opus
3242 4711 3623 4790 expleverunt:

2013 4801 2215 4857 reversi
2267 4812 2390 4856 sunt
2423 4803 2487 4857 ad
2518 4804 2694 4873 magni
2719 4804 2926 4858 consilii
2955 4799 3239 4873 Angelum,
3296 4797 3384 4871 qui
3415 4801 3618 4856 stabat‘

2015 4893 2155 4948 inter
2175 4877 2288 4958 eos,
2313 4901 2367 4948 et
2401 4893 2650 4948 dixerunt
2678 4895 2743 4948 ad
2783 4908 2905 4948 eum
2930 4911 2942 4948 :
2977 4889 3458 4946 Perambulavimus
3483 4901 3588 4944 ter-

2017 5000 2150 5050 ram,
2181 4994 2228 5038 et
2254 4981 2574 5054 implevimus
2601 5001 2750 5054 opus,
2788 4984 2926 5054 quod
2973 4981 3118 5036 nobis
3148 4982 3439 5052 injunetum
3467 4992 3539 5036 est
3571 4999 3588 5034 :
3616 4987 3620 4994 '

2016 5065 2065 5132 et
2103 5093 2215 5132 ecce
2241 5079 2406 5131 omnis
2437 5069 2575 5132 terra
2603 5067 2867 5131 habitatur
2898 5085 2944 5129 et
2972 5076 3186 5147 quiescit
3211 5093 3243 5129 a
3273 5075 3416 5129 bellis
3446 5065 3625 5156 vitio-3'

2019 5183 2157 5232 rum,
2189 5177 2242 5222 et
2271 5183 2387 5238 quae
2418 5163 2541 5222 ante
2590 5177 2699 5220 erat
2727 5165 2929 5220 deserta
2960 5185 2990 5220 a
3024 5163 3247 5222 Domino
3293 5183 3426 5220 nunc
3476 5153 3620 5236 ejusﬂ‘

2017 5257 2267 5312 habitatio
2302 5243 2395 5312 est.
2420 5245 2572 5325 Quod
2611 5255 2685 5310 ail
2717 5276 2728 5309 :
2761 5274 2896 5310 anno
2927 5260 3300 5330 septuagesimo
3327 5247 3618 5312 misereor?”

2019 5359 2107 5403 tur
2141 5349 2431 5403 Jerusalem
2461 5359 2506 5401 et
2545 5337 2755 5401 urbibus
2788 5346 2977 5404 Iuda:
3017 5347 3105 5403 hic
3142 5357 3226 5404 est
3264 5364 3492 5404 sensus:
3535 5337 3614 5418 uti

2019 5457 2145 5497 vera
2167 5457 2269 5510 pax
2319 5457 2420 5495 non
2453 5441 2570 5504 fiat,
2621 5440 2722 5494 nisi
2767 5441 3160 5513 septuagesimo
3197 5455 3353 5506 anno,
3407 5440 3458 5493 id
3485 5437 3616 5505 est,'

2019 5542 2222 5587 aeterno
2269 5533 2522 5585 sabbato:
2582 5546 2682 5586 nec
2719 5529 3051 5598 Jerusalem,
3104 5529 3156 5586 id
3202 5541 3302 5596 est,
3352 5529 3586 5586 Ecclesia

2018 5613 2217 5677 teterna
2249 5621 2445 5690 quiete,
2493 5621 2591 5676 nisi
2643 5633 2762 5693 post
2791 5623 3026 5678 laborem
3057 5621 3150 5677 Sex
3197 5629 3433 5688 uitatum,
3477 5623 3590 5674 sine

2016 5716 2160 5773 omni
2212 5713 2609 5784 perturbatione
2645 5715 2714 5769 'in
2759 5715 2987 5784 septima
3040 5713 3363 5784 requiescet.
3413 5709 3587 5763 Verba

2017 5807 2375 5868 consolatoria
2417 5808 2551 5865 dona
2606 5816 2730 5865 sunt
2768 5808 2938 5866 sancti
2985 5806 3249 5880 Spiritus,
3305 5814 3358 5860 et
3396 5802 3588 5874 pignus

3613 4885 3618 4894 .
3682 4859 3690 4892 l
