2037 3162
128 197 180 233 2'24

613 205 655 234 DE
676 205 847 234 UNlVERSO
867 205 968 236 LIBRI.-

977 207 1057 235 ΧΧΙΙ.
1077 222 1114 228 —-
1133 207 1196 238 LIB.
1218 208 1284 236 Vlli.
1388 231 1391 236 ,
1420 216 1437 227 κ
1713 207 1770 244 222
1788 230 1793 238 μ

130 261 181 287 ,πί
195 267 280 287 cornu
292 259 386 288 extolli
407 259 557 294 conspicio,
570 264 597 288 et
613 264 701 289 tamen
717 261 793 294 mihi,
807 269 869 289 cum
881 270 928 289 vo-t
941 263 967 292 A
979 264 1074 299 gignit.
1098 264 1213 301 Elephas
1224 269 1314 293 autem
1329 263 1653 303 significatpeccatereiu
1668 262 1771 296 immas

129 304 218 339 luero,
230 305 354 341 protinus
364 305 459 333 subdo.
472 305 681 334 Rhinocerotem
692 314 757 341 ergo
766 306 851 335 Paulo
858 307 927 343 Apo—

129 352 201 381 stolo
223 359 272 387 per
293 351 497 380 similitudinem
518 360 676 388 comparare
698 360 858 388 possumus,
880 354 926 388 qui

128 398 207 434 prius
213 402 372 433 persecutor
376 402 402 425 et.
409 397 581 432 blasphemus
587 398 701 431 exstitit,
708 399 778 427 sicut
784 399 817 426 de
823 406 856 427 eo
863 399 928 428 scri—

130 449 207 479 ptum
218 447 277 471 est:
295 443 394 470 Saulus
405 443 491 470 adhuc
506 444 608 479 spirans
625 444 757 472 minarum
771 449 794 471 ct
810 445 889 472 owdis
898 445 927 471 in

129 491 275 526 discipulos
287 490 404 523 Domini,
416 490 524 517 accessit
545 490 579 517 ad
594 490 735 525 principem
750 490 926 523 sacerdotum,

128 542 152 565 et
168 537 241 572 petiit
256 536 289 563 ab
299 544 330 563 eo
350 535 471 571 epistolas
489 536 516 562 in
537 535 696 563 Damascum
708 536 742 563 ad
759 544 905 571 synagogas
916 543 926 563 ;

128 588 158 610 ut
170 584 268 618 siquos
278 582 416 610 inuenisset
430 583 510 617 hujus
521 583 579 609 vitta
598 583 664 610 viros
676 591 707 610 ac
718 582 838 610 mulieres
848 603 855 615 ,
868 582 926 609 vin-

128 634 185 658 cto:
208 630 359 665 perducent
383 630 410 656 in
431 629 579 656 Jerusalem
598 628 667 664 (Act.
685 629 735 664 ιιι).
750 628 801 662 Qui
829 628 929 656 divinae

128 675 198 711 legis
227 675 379 703 eruditione
404 675 532 710 praeditus
560 675 626 702 dum
650 674 763 713 aliorum
781 674 926 710 ingluviem

129 722 279 757 redarguit,
293 728 378 749 cornu
393 720 544 755 elephantis
560 721 587 747 in
599 725 721 748 ventrem
735 720 807 748 ferit.
821 720 850 747 lu
864 728 929 748 ven.-

131 771 200 794 trem
226 767 325 802 quippe
339 766 497 801 elephantos
512 770 701 800 percusserat,
723 773 785 792 cum
799 764 906 793 dicebat
919 774 926 792 :

131 813 211 840 Multi
225 812 371 844 ambulant,
378 821 443 848 quos
454 820 523 847 stupe
535 811 747 843 dicebamvobia,
758 819 826 838 nunc
841 815 927 838 autem

129 863 154 885 et
168 859 234 893 ﬂens
246 857 321 890 dico,
334 857 455 884 inimicos
468 857 555 884 crucis
567 856 679 889 Christi,
692 864 804 891 quorum
814 856 875 890 ﬁnis
887 856 927 882 in—

129 903 236 935 teritus,
248 911 359 939 quorum
370 904 434 930 deus
449 908 535 930 uenter
547 908 595 936 eu,
609 907 632 930 et
642 902 727 938 gloria
740 903 766 930 in
777 902 929 937 confusione

130 950 248 985 ipsorum
262 949 346 985 (Phil.
372 950 423 985 ut).
440 950 473 976 Et
495 957 623 976 rursum:
638 948 810 983 Hujusmodi,
828 948 926 983 inquit,
941 940 965 971 Β

132 995 238 1023 Christo
250 996 361 1023 Domino
377 1004 429 1023 non
445 996 570 1028 serviunt,
594 1003 639 1023 seu
659 1003 706 1022 suo
722 995 804 1022 ventri
820 994 926 1030 (Ibid.).

131 1041 222 1069 Cornu
237 1049 285 1068 suo
299 1041 381 1076 igitur
396 1041 555 1068 rhinoceros
578 1040 629 1068 istc
650 1048 703 1068 non
725 1038 782 1073 jam
794 1039 926 1071 homines,

131 1087 179 1114 scd
204 1086 307 1114 bestias
332 1087 460 1121 percutit,
489 1085 597 1121 quando
613 1085 657 1112 illo
680 1084 780 1116 Paulus
799 1083 928 1111 doctrina:

132 1140 188 1159 suae
211 1131 368 1159 lenitudine
381 1139 551 1166 nequaquam
565 1130 737 1165 perimendos
752 1129 868 1157 humiles
879 1129 929 1155 im—

132 1176 210 1213 petit,
238 1177 286 1205 sed
312 1178 443 1212 superbos
466 1177 569 1204 ventris
592 1176 709 1204 cultores
737 1175 844 1203 occidit.
866 1174 929 1207 Qua:

132 1230 198 1258 ergo
216 1223 243 1249 in
259 1222 342 1249 Paulo
355 1222 454 1257 scripta
471 1222 655 1257 cognovimus,
672 1229 808 1256 superem,
820 1226 849 1248 ut
859 1220 930 1247 facta

133 1267 205 1295 etin
232 1267 291 1295 aliis
315 1268 467 1295 credamus.
487 1266 562 1294 Multi
587 1267 686 1302 quippe
710 1266 745 1293 ad
770 1265 930 1293 humilitatis

133 1315 250 1349 gratiam
272 1321 304 1341 ex
319 1314 390 1341 illius
404 1314 493 1349 populi
511 1313 626 1341 elatione
639 1312 762 1340 conversi
778 1316 850 1344 smtl,
864 1320 931 1346 quo—

133 1367 195 1386 rum
218 1359 347 1386 saevitiam
363 1359 493 1386 Dominus
512 1360 576 1387 dum
593 1359 644 1386 sub
664 1358 729 1394 jugo
750 1357 874 1392 inspirati
897 1357 932 1385 ti-

134 1404 220 1432 moris
234 1403 364 1436 edomuit,
382 1404 510 1432 nimirum
528 1404 707 1432 rhinocerotis
721 1403 771 1431 sibi
795 1402 932 1430 fortitudi-

134 1457 199 1477 nem
224 1450 340 1486 subegit.
365 1450 535 1478 Rhinoceros
551 1450 676 1478 Christus
698 1449 831 1477 Dominus
843 1451 933 1483 potest

135 1494 249 1531 intelligi
260 1500 370 1532 propter
383 1495 511 1523 invictam
528 1495 729 1527 fortitudinem,
743 1498 773 1522 ut
788 1494 814 1522 in
831 1494 930 1522 Dente-

136 1541 259 1568 rou'omio
284 1550 292 1569 ε
319 1541 400 1576 Cujus
428 1541 553 1576 fortitudo
579 1541 671 1568 similis
699 1544 735 1567 est
763 1539 932 1567 rhinocerotis

136 1583 226 1620 (Deut.
250 1585 358 1620 nxni).
373 1585 548 1619 Rhinoceros,
565 1590 593 1613 ut
605 1593 685 1620 supra
701 1585 827 1617 diximus,
850 1583 934 1610 lortes

136 1631 244 1664 Quaque
257 1630 314 1658 sive
324 1634 471 1665 potestates
484 1630 575 1658 saeculi
587 1629 666 1663 hujus
681 1629 707 1656 in
717 1628 767 1657 Job
782 1637 787 1656 :
804 1627 932 1663 Nunquid
946 1620 970 1651 C

135 1674 204 1702 dolet
226 1674 374 1703 rhinoceros
398 1677 494 1704 servire
508 1677 574 1703 tibi?
598 1675 668 1712 (Job.
687 1676 790 1710 χχχιχ.)
809 1675 932 1701 Monoce-

136 1727 193 1754 ros,
210 1721 263 1749 hoc
283 1726 335 1754 est,
352 1723 500 1755 unicornis,
515 1722 638 1750 Christus
652 1726 702 1754 est,
718 1726 746 1748 ut
761 1722 785 1747 in
805 1720 908 1755 psalmo
925 1728 930 1745 :

138 1766 172 1794 Et
186 1766 297 1795 dilectus
318 1768 384 1795 sicut
401 1768 472 1802 ﬁlius
490 1769 655 1795 unicornium
669 1767 754 1802 (I’sul.
779 1766 886 1800 xxviii),
906 1765 933 1792 id

136 1817 190 1847 est,
205 1813 350 1848 singularis
362 1814 499 1848 potentiae,
513 1817 541 1841 et
549 1821 630 1840 unum
644 1818 930 1847 sanetornnrmgnnm.

136 1859 285 1888 Unicomis
299 1860 407 1894 superbi
427 1860 469 1886 vel
482 1866 565 1887 unum
580 1860 710 1887 habentes
732 1863 933 1889 testamentum,

136 1909 167 1933 ut
188 1906 216 1932 in
231 1905 354 1940 psalmo:
369 1904 402 1932 Et
419 1915 434 1932 ιι
449 1905 570 1932 cornibus
585 1905 748 1932 unicornium
762 1904 934 1930 humilitatem

137 1956 224 1977 Meam
243 1949 329 1985 (Psat.
346 1950 415 1986 xxi).
427 1948 604 1985 Elephantcm
617 1949 703 1977 Graeci
724 1959 738 1976 ιι
751 1949 935 1983 magnitudine

138 1995 261 2031 corporis
292 1993 418 2024 vocatuin
450 1999 565 2031 putant,
590 1994 662 2030 quod
693 1995 807 2022 fortnam
838 1993 935 2020 montis

138 2042 270 2079 proferat.
277 2042 370 2070 Graece
377 2050 411 2070 en
419 2042 537 2070 immons
548 2041 640 2077 loph05
648 2041 699 2069 dici
705 2045 730 2067 tu
736 2049 757 2067 r.
773 2039 848 2074 Apud
857 2039 935 2065 ludos

139 2092 231 2116 autem
244 2096 261 2115 a
273 2094 340 2116 voce
353 2088 446 2115 burrus
459 2092 581 2115 vocatur.
596 2086 672 2115 Unde
690 2090 717 2113 et
733 2094 784 2113 vox
801 2084 859 2117 ejus
875 2085 935 2111 bar—

140 2133 231 2167 ritus,
260 2137 287 2162 et
309 2134 403 2162 dentes
424 2134 500 2163 ebur.
522 2133 651 2160 Rostrum
675 2137 763 2159 autem
785 2130 936 2165 promuscis

140 2180 251 2213 dicitur,
273 2180 400 2214 quoniam
424 2179 470 2207 illo
487 2178 616 2214 pabulum
639 2178 678 2205 ori
695 2178 830 2208 admovet,
847 2180 873 2203 ct
894 2179 935 2202 cst

141 2227 224 2263 angui
240 2225 336 2254 similis
354 2225 423 2253 vallo
435 2225 556 2253 munitus
567 2224 697 2251 eburneo.
723 2223 754 2249 lli
770 2223 850 2249 boves
863 2221 934 2247 lucus

141 2275 206 2302 dicti
234 2274 269 2302 ab
298 2273 415 2308 antiquis
441 2272 570 2300 Romanis
597 2281 603 2299 :
628 2272 719 2302 boves,
747 2269 807 2304 quia
834 2268 934 2294 nullum

142 2320 243 2348 animal
266 2298 396 2357 grandius
410 2319 538 2357 videbant
553 2325 561 2344 :
578 2318 665 2350 lucas,
681 2317 744 2351 quia
755 2298 797 2342 Iin
815 2314 935 2341 Lucania
949 2298 975 2330 ι)

142 2367 205 2396 illos
228 2367 330 2402 primos
352 2366 474 2402 Pyrrhus
501 2365 528 2392 in
556 2364 648 2399 prmlio
672 2362 772 2397 obiecit
794 2360 934 2387 Romanis.

142 2414 213 2445 Nam
228 2415 278 2442 hoc
299 2421 384 2450 genus
408 2411 553 2440 animantis
568 2410 595 2438 in
623 2411 704 2438 rebus
727 2408 831 2436 bellicis
846 2410 937 2442 aptum

142 2461 195 2489 cst.
214 2460 244 2488 In
260 2461 300 2488 eis
316 2460 389 2488 enim
403 2458 494 2486 Persae
510 2462 536 2485 et
555 2457 612 2484 lndi
631 2455 726 2491 ligneis
746 2454 863 2482 turribus
886 2452 939 2480 col—

141 2507 239 2535 locatis
255 2511 382 2542 tanquam
394 2505 428 2533 de
440 2512 516 2532 muro
528 2503 626 2538 iaculis
640 2502 780 2530 dimicant.
798 2499 938 2528 lntellectu

144 2557 236 2580 autem
247 2555 275 2580 et
287 2551 417 2580 memoria
432 2550 514 2577 multa
532 2547 777 2584 vigentzgregatim
792 2546 936 2574 incedunt:

145 2603 232 2631 ntotu,
251 2605 304 2633 quo
324 2597 422 2628 valent,
437 2595 571 2627 salutant,
589 2602 692 2621 murem
720 2592 834 2628 fugiunt,
851 2590 939 2618 aversi

141 2642 253 2673 coeunt.
274 2643 387 2678 Quando
410 2647 500 2671 autem
522 2642 683 2678 parturiunt,
705 2641 732 2668 in
757 2640 834 2675 aquis
848 2639 890 2666 vel
913 2638 940 2665 in

146 2683 243 2716 insulis
266 2688 407 2716 dimittunt
432 2688 503 2715 fetus
524 2691 635 2722 propter
650 2686 792 2717 dracones,
811 2684 873 2720 quia
890 2683 941 2710 ini-

145 2731 212 2763 mici
235 2738 307 2768 sunt,
323 2738 350 2762 e't
377 2736 410 2762 ab
438 2735 477 2762 eis
505 2733 633 2769 implicati
659 2736 800 2760 necantur.
829 2730 941 2759 Biennio

147 2787 239 2810 autem
262 2785 372 2817 portant
393 2780 470 2813 fetus,
494 2788 545 2808 nec
566 2780 682 2815 amplius
703 2787 782 2814 quam
806 2777 889 2805 semel
904 2777 944 2813 gi-

143 2830 247 2863 ‘gnunl,
261 2834 312 2856 nec
322 2827 424 2863 plures,
441 2827 489 2855 sed
505 2830 608 2854 tantum
624 2824 726 2853 unum.’
740 2825 839 2852 Vivunt
853 2829 943 2853 autem

146 2871 287 2902 trecentos
311 2879 406 2901 annos.
432 2872 508 2908 Apud
533 2872 618 2900 solam
643 2871 762 2899 Africam
790 2876 817 2898 et
842 2871 943 2899 Indiam

147 2915 288 2954 Elephanti
303 2920 378 2958 prius
404 2919 608 2948 nascebantur;
634 2925 705 2946 nunc
722 2916 780 2945 sola
802 2918 876 2946 ludia
898 2925 945 2945 cos

978 317 1040 336 nem
1049 310 1205 343 sceleribus,
1216 314 1242 337 et
1254 309 1403 338 facinorum
1417 309 1587 337 deformitate
1597 307 1746 343 squalidum
1756 304 1771 345 Δε’

978 360 1097 383 attamen
1111 356 1178 383 tales
1189 364 1259 391 sape
1270 355 1304 383 ad
1321 355 1458 383 Christum
1472 342 1677 383 convertuntur.
1693 342 1791 395 Unde:

978 403 1108 437 scriptum
1118 406 1159 431 est
1174 403 1201 430 in
1214 402 1282 430 libro
1297 402 1399 438 Regum
1409 423 1416 435 ,
1428 402 1500 437 quod
1521 401 1719 440 adducerentur
1736 400 1769 438 ad

978 448 1148 477 Salomonem
1160 437 1420 483 simiteetelephanti
1428 445 1487 483 (III
1500 437 1565 482 Rei].
1577 445 1615 482 ιι),
1628 441 1701 483 quia,
1712 437 1771 480 ipse

977 499 1014 521 est
1026 502 1078 529 pan:
1099 498 1197 526 nostra,
1210 494 1254 529 qui
1267 480 1454 528 fecit—utraque
1465 480 1546 520 unum
1567 480 1653 527 (Eph.
1667 480 1697 526 It)
1712 511 1719 523 ,
1744 480 1772 517 et

978 540 1006 566 in
1023 534 1152 575 sanguine
1176 547 1225 567 suo
1238 539 1377 567 inundavit
1392 537 1586 566 conscientiam
1601 541 1724 570 nostram
1738 535 1771 562 ab

978 585 1104 620 operibus
1114 589 1293 612 mortuorum.
1308 584 1423 619 Griphes
1437 587 1557 614 vocatur,
1574 582 1645 618 quod
1660 573 1770 620 utam;

977 630 1031 658 mal
1044 635 1190 666 peunatum
1202 635 1230 659 ct
1240 631 1404 665 quadrupes.
1421 629 1476 657 Hoc
1490 637 1574 665 genus
1595 629 1621 655 in
1633 624 1773 663 Hyperbo-

978 676 1032 704 reis
1046 676 1166 704 nascitur
1189 676 1335 703 montibus.
1350 674 1428 703 Omni
1450 679 1526 709 parte
1541 672 1663 708 corporis
1681 672 1772 709 leones

979 726 1051 754 sunt,
1067 721 1117 749 alis
1135 725 1161 748 ct
1180 720 1249 748 facie
1268 720 1364 755 aquilis
1379 719 1490 752 similes,
1507 718 1583 753 cquis
1600 707 1773 755 vehementer

978 766 1080 794 infesti.
1091 766 1156 793 Nam
1168 769 1195 793 et
1207 765 1331 793 homines
1347 765 1421 792 vivos
1435 764 1600 798 discerpunt.
1613 762 1645 790 lli
1659 753 1771 797 possunt

979 813 1131 848 signiﬁcare
1155 812 1323 840 ferocitatem
1340 814 1559 845 persecuturum,
1576 813 1605 848 et
1627 801 1772 847 elationem

979 859 1166 893 superborum,
1189 857 1235 892 qui
1250 855 1339 884 infesti
1355 860 1418 884 sunt,
1432 845 1593 886 hominibus,
1610 853 1655 888 qui
1671 843 1774 890 simpli?

979 904 1090 931 citatem
1103 903 1285 931 Christianam
1302 905 1452 937 sequuntur
1471 891 1498 928 et
1523 894 1719 926 rationabiliter
1732 888 1778 937 vi?-3

977 954 1054 978 vunt.
1080 950 1224 978 Cameleon
1241 957 1295 977 non
1320 949 1401 976 habet
1416 955 1498 975 unum
1520 941 1649 978 colorem,
1666 944 1712 971 sed
1734 935 1774 970 (li;

979 1004 1056 1024 versa
1076 999 1117 1024 est
1135 995 1265 1022 varietate
1294 1001 1467 1028 conspersus,
1493 996 1523 1018 ut
1546 990 1654 1026 pardus.
1681 981 1782 1024 Dictus

980 1046 1069 1069 autent
1085 1041 1129 1072 ita,
1149 1041 1220 1075 quod
1234 1038 1313 1073 hujus
1338 1029 1720 1073 cattteleonlis.corpusculum
1740 1028 1772 1061 ad

980 1088 1093 1119 colores,
1114 1094 1182 1121 quos
1202 1085 1282 1116 videt.
1306 1084 1433 1112 facillima
1450 1082 1627 1110 conversione
1643 1080 1774 1113 variatur,

980 1133 1050 1168 quod
1065 1133 1178 1160 aliorum
1193 1131 1350 1159 animalium
1372 1138 1424 1157 non
1444 1134 1486 1157 est
1509 1129 1546 1156 ita
1572 1125 1604 1154 ad
1621 1121 1775 1167 conversicf

981 1187 1045 1206 nem
1082 1178 1169 1206 facilis
1203 1176 1380 1212 corpulentia.
1411 1172 1638 1208 Cameleopardns
1671 1163 1775 1204 dictus,

981 1224 1064 1259 quod,
1082 1224 1144 1251 dum
1161 1222 1207 1255 sit,
1223 1226 1253 1249 ut
1278 1221 1389 1257 pardus,
1414 1219 1482 1246 albis
1507 1215 1619 1245 maculis
1639 1212 1775 1251 aspersus,

982 1269 1050 1297 collo
1070 1277 1139 1304 equo
1161 1268 1267 1300 similis,
1293 1264 1405 1301 pedibus
1431 1263 1549 1296 bubulis,
1570 1263 1658 1297 capite
1674 1254 1776 1304 “tamen

981 1315 1086 1343 camelo
1102 1319 1144 1342 est
1166 1314 1271 1341 similis.
1288 1300 1363 1339 llunc
1385 1310 1521 1345 (Ethiopia
1547 1300 1717 1344 gignitXNcc
1744 1306 1777 1333 ab

983 1368 1012 1388 re
1027 1365 1078 1392 est,
1093 1360 1164 1396 quod
1174 1359 1322 1387 bestiarum
1340 1359 1436 1385 harum
1450 1356 1524 1383 color
1536 1359 1562 1382 et
1578 1354 1681 1397 factura
1697 1351 1729 1379 ad
1741 1347 1780 1379 si-2

983 1406 1181 1442 gnificationem
1189 1404 1324 1432 variorum
1335 1410 1457 1430 errorttm
1467 1406 1547 1436 atque
1555 1394 1682 1427 vitiorum
1693 1394 1779 1425 transi

984 1452 1135 1485 feratur,‘si
1154 1450 1252 1487 alicubi
1267 1450 1294 1476 in
1317 1447 1458 1482 scripturis
1479 1446 1550 1473 illius
1575 1443 1675 1471 mentio
1699 1442 1779 1487 fuerit

985 1503 1103 1534 reperta.
1119 1498 1195 1534 Lynx
1209 1481 1317 1528 dicitur,
1332 1481 1394 1530 quia
1424 1494 1450 1520 i‘n
1465 1492 1590 1527 luporum
1607 1485 1705 1525 genere
1727 1481 1781 1532 uti:

986 1550 1117 1578 moratur,
1134 1527 1219 1572 bestia
1239 1541 1350 1569 maculis
1371 1545 1447 1576 terga
1472 1538 1607 1577 distincta,
1624 1535 1653 1562 ut
1668 1527 1778 1578 pardus,

988 1592 1034 1620 sed
1050 1590 1145 1618 similis
1160 1590 1232 1624 lupo.
1252 1588 1336 1623 Ilnjus
1349 1587 1454 1614 urinam
1470 1575 1628 1611 convertere
1645 1574 1714 1624 sein
1728 1576 1778 1607 du-

985 1637 1073 1664 ritiam
1091 1616 1197 1670 lapidis.
1211 1616 1320 1669 prctidsi
1335 1632 1439 1664 dicunt,
1456 1626 1501 1666 qui
1528 1628 1638 1665 ligurius
1659 1616 1779 1669 appella"-

987 1666 1137 1717 tur:quod
1156 1684 1183 1708 ct
1207 1666 1279 1716 ipsos
1295 1679 1386 1714 lynces
1416 1671 1515 1705 sentire
1542 1674 1593 1714 hoc
1618 1666 1780 1716 documento

986 1728 1123 1764 probatur.
1140 1726 1208 1754 Nam
1219 1729 1340 1761 egestum
1360 1722 1493 1759 liquorem
1504 1712 1604 1754 arenis,
1620 1711 1780 1764 inquantum

985 1757 1131 1810 potuerint,
1152 1757 1307 1808 contegunt,
1333 1757 1432 1798 invidia
1458 1769 1575 1804 quadam
1601 1764 1728 1797 naturali,
1748 1757 1783 1791 ne

987 1819 1047 1846 talis
1072 1818 1174 1853 egestio
1199 1820 1320 1852 transeat
1342 1816 1369 1842 in
1393 1823 1471 1842 usum
1499 1814 1657 1851 humanum.
1677 1810 1782 1850 Lynces

986 1865 1052 1892 dicit
1070 1863 1172 1891 Plinius
1199 1863 1333 1891 secundus
1354 1854 1430 1898 extra
1449 1868 1536 1898 unum
1559 1867 1611 1887 non
1638 1855 1783 1898 admittere

987 1911 1081 1939 fctum.
1105 1908 1235 1938 Similiter
1263 1913 1291 1935 et
1311 1908 1362 1935 ista
1383 1896 1469 1934 bestia
1499 1895 1590 1941 typum
1616 1889 1691 1931 tenet
1709 1887 1780 1941 invi,-

987 1956 1083 1983 dorum
1110 1954 1248 1982 hominum
1270 1957 1350 1987 atquc
1377 1951 1548 1982 dolosorum,
1576 1946 1620 1983 qui
1640 1943 1725 1987 magis
1739 1937 1784 1973 ch-

987 2002 1064 2037 piunt
1081 2008 1179 2033 nocere
1202 2007 1282 2034 quam
1305 1997 1443 2033 prodesse,
1468 2001 1495 2023 et
1520 1995 1636 2022 terrenis
1649 1984 1783 2036 cupidita-

989 2032 1060 2086 libus
1070 2045 1168 2074 intenti
1181 2032 1224 2078 ea,
1241 2051 1301 2078 qnze
1312 2032 1452 2077 superﬂua
1466 2040 1518 2068 sibi
1539 2039 1624 2082 sunt,
1679 2032 1783 2085 ueteris

987 2080 1116 2128 prodesse
1139 2075 1280 2125 poterant,
1309 2075 1440 2115 inutiliter
1471 2088 1589 2113 servant.

988 2119 1131 2167 castrando
1139 2119 1207 2165 dicti
1224 2119 1295 2163 sunt.
1312 2131 1380 2162 Nam
1396 2131 1514 2160 testiculi
1534 2122 1628 2158 eoruni
1641 2119 1784 2163 'apli‘sij‘t‘t‘t

988 2182 1220 2212 medicaminibus.
1230 2182 1346 2216 Propter
1359 2185 1426 2215 quos
1436 2171 1497 2206 cum
1506 2173 1691 2212 perscnserim
1697 2169 1783 2216 venit.

989 2233 1085 2261 torem,
1102 2229 1152 2264 ipsi
1167 2236 1195 2256 se
1219 2231 1339 2255 castraut
1353 2229 1381 2253 et
1399 2224 1535 2252 morsibus
1553 2222 1623 2249 vires
1642 2226 1705 2248 suas
1724 2214 1783 2245 ait.

987 2280 1093 2312 putant.
1105 2261 1143 2302 be
1153 2274 1250 2309 quibus
1261 2273 1357 2301 Cicero
1374 2272 1400 2298 in
1417 2266 1565 2298 Scauriana
1581 2264 1744 2309 :“Redi‘mu’n‘t
1757 2261 1784 2292 se

988 2332 1018 2350 ea
1033 2327 1106 2357 parte
1119 2320 1236 2356 corporis
1252 2323 1376 2354 :propler
1387 2325 1464 2352 quant
1486 2306 1598 2342 maxime
1618 2307 1782 2347 expetuntur.

989 2366 1125 2395 Juvenalis
1149 2375 1155 2392 :
1173 2365 1223 2397 Qui
1240 2373 1265 2391 se
1279 2363 1426 2391 eunuchum
1446 2362 1498 2396 ipse
1521 2359 1585 2394 facit
1598 2357 1704 2392 cupiens
1720 2353 1785 2382 ‘eva.

990 2413 1049 2440 dere
1062 2412 1158 2439 damno
1172 2396 1295 2437 testiculi.
1312 2408 1365 2444 Ipsi
1380 2411 1442 2434 sunt
1465 2411 1491 2433 et
1507 2404 1578 2437 libri,
1598 2403 1644 2439 qui
1662 2396 1785 2430 etiami'et

990 2457 1090 2493 pontici
1115 2464 1195 2484 canes
1208 2459 1350 2483 vocantur.
1368 2453 1432 2480 Mira
1459 2459 1522 2486 ergo
1543 2453 1584 2477 est
1607 2442 1784 2476 animantium

990 2503 1169 2539 quorumdam
1178 2501 1320 2537 prudentia
1332 2509 1337 2527 :
1350 2500 1398 2527 sed
1412 2497 1496 2525 multo
1510 2496 1592 2531 magis
1604 2493 1783 2529 quorumdam

992 2550 1132 2578 hominum
1143 2548 1274 2584 stupenda
1282 2551 1324 2576 est
1334 2545 1479 2577 dementia,
1487 2539 1530 2578 qui
1540 2535 1746 2569 creaturam‘DC‘i
1757 2539 1784 2566 in

993 2605 1023 2625 se
1034 2597 1169 2624 conditam
1181 2595 1316 2623 aestimant
1329 2593 1456 2620 vitiorum
1480 2599 1539 2618 esse
1555 2582 1786 2616 efﬁcaciam-Inde

994 2643 1101 2678 quidem
1110 2641 1230 2669 lueretici
1238 2640 1410 2678 exstiterunt,
1419 2637 1464 2673 qui
1472 2635 1597 2673 genitalia
1607 2628 1786 2678 membra

995 2690 1210 2723 amputaverunt,
1228 2693 1281 2720 quo
1294 2676 1399 2712 facilius
1420 2690 1529 2712 servare
1546 2677 1657 2718 possent
1669 2673 1788 2707 nubendi

995 2732 1198 2764 continentiam,
1223 2730 1296 2758 illam
1321 2729 1481 2757 sententiam
1496 2726 1602 2756 Domini
1617 2725 1687 2753 male
1702 2720 1787 2752 inter-

995 2783 1205 2815 pretantcs,qua
1221 2776 1259 2803 ait
1274 2785 1279 2802 :
1297 2775 1363 2803 Sunt
1378 2773 1552 2809 eunuchi,qui
1564 2781 1590 2800 se
1602 2773 1672 2808 ipsos
1685 2767 1788 2798 caetra-

994 2828 1086 2853 verunt
1111 2827 1216 2858 propter
1236 2830 1342 2857 regnum
1356 2820 1478 2848 calorum
1494 2819 1602 2856 (Matth.
1627 2816 1698 2852 xtx);
1726 2816 1788 2843 eum

995 2870 1047 2897 hoc
1062 2868 1147 2904 magis
1160 2867 1360 2902 intelligendum
1377 2865 1412 2893 sit
1422 2864 1558 2900 pertinere
1571 2863 1604 2890 ad
1623 2859 1790 2895 voluptatum

996 2919 1024 2943 ct
1050 2913 1169 2943 libidinis
1196 2911 1420 2949 amputationem,
1450 2916 1532 2946 quam
1550 2908 1584 2936 ad
1606 2904 1791 2936 membrorum
