4074 6324
533 346 641 407 251

1229 344 1291 400 Β.
1333 343 1588 401 ΒΑΒΑΝΙ
1625 343 1844 401 MAURI
1881 341 2202 400 ARCHIEP.
2247 338 2860 413 MOGUNT._OPERUM
2885 341 3063 397 PARS
3099 339 3164 396 ll.

533 458 654 523 mit,
679 458 906 512 alteram
931 451 1352 513 cauda'ohtnrat
1383 468 1437 513 et
1458 460 1652 528 operit,
1691 468 1852 528 atque
1897 457 1972 511 ita
2022 472 2114 510 νο·
2141 461 2191 519 Α
2218 464 2324 520 est,
2351 455 2475 509 dum
2506 455 2715 509 occulte
2741 454 2975 525 perimit.
3011 452 3322 517 Basiliscus,
3357 466 3479 507 cum
3506 453 3690 523 palam
3721 469 3819 510 ve-

532 564 622 606 ces
643 549 763 604 illas
792 532 1026 621 magicas
1063 564 1168 603 non
1196 549 1421 604 audiens
1462 567 1568 605 non
1599 551 1710 604 exit
1738 551 1802 605 ad
1835 551 2114 604 incantan-

531 649 660 696 tem.
698 643 774 696 De
801 657 906 710 quo
929 642 1059 696 dicit
1104 641 1389 697 Psalmista
1415 661 1426 696 :
1470 643 1565 696 Ira
1597 643 1700 698 illis
1727 643 2012 698 secundum
2045 643 2116 696 si-

529 731 878 786 militudinem
901 732 1172 802 serpentis,
1197 733 1332 786 sicut
1356 733 1552 804 aspidis
1577 733 1752 788 surda:
1779 743 1827 788 et
1867 733 2115 787 obturan-

528 827 593 881 tis
622 843 773 881 aures
804 843 950 892 suas,
976 841 1093 897 qua:
1121 842 1226 880 non
1247 825 1490 880 exaudiet
1515 842 1686 880 vocem
1713 824 2110 889 incantantium,

525 928 571 971 et
607 918 1022 988 veneﬁciarquw
1056 917 1394 971 incantantur
1417 934 1450 970 a
1494 918 1726 987 sapiente
1755 913 1929 986 ('Psal.
1958 914 2112 986 Lvn).

526 1008 644 1076 Quo
672 1017 923 1078 serpente
950 1007 1028 1062 ira
1052 1005 1359 1062 Iudaeorum
1386 1022 1484 1077 per
1511 1004 1916 1062 similitudinem
1954 1003 2116 1060 nimis

524 1101 857 1172 aptissimam
877 1099 1154 1156 dilﬁnitur.
1180 1099 1586 1155 Obstinatorum
1609 1097 1806 1168 quippe
1831 1096 2114 1151 hominum

525 1191 603 1247 ira
635 1191 1002 1248 irrevocabilis
1045 1197 1130 1247 est
1157 1232 1172 1256 ,
1207 1191 1301 1261 qui
1330 1205 1398 1246 ne
1427 1189 1736 1244 docentium
1775 1185 2114 1256 praedieatio-

522 1295 618 1334 nes
653 1281 964 1347 exaudiant,
1008 1288 1304 1352 procurant
1349 1281 1451 1336 sibi
1475 1278 1836 1335 voluntariam
1881 1277 2115 1332 surdita-

522 1379 648 1426 tem.
696 1371 793 1427 Cui
821 1373 963 1429 malo
991 1373 1320 1429 consuetudo
1348 1370 1550 1440 aspidis
1584 1375 1947 1438 comparatur,
1994 1382 2114 1438 quae

519 1479 588 1519 ne
614 1465 778 1520 verba
807 1465 1136 1520 incantantis
1180 1463 1467 1528 exaudiat,
1495 1475 1730 1530 suasque
1755 1459 1993 1515 latebras
2020 1459 2112 1516 de-

523 1555 810 1627 relinquat,
850 1571 1015 1612 unam
1059 1572 1245 1612 aurem
1287 1554 1474 1611 caudae
1509 1569 1622 1610 sua:
1652 1553 1938 1608 inﬂexione
1975 1553 2109 1608 dici-

517 1655 608 1702 tur
655 1650 932 1715 obturare,
982 1649 1208 1705 alteram
1259 1663 1389 1702 vero
1442 1647 1496 1702 in
1536 1654 1735 1703 terram
1786 1644 2106 1716 deprimere.

516 1737 612 1793 Cui
644 1738 839 1796 merito
864 1738 1033 1795 Judaei
1060 1736 1358 1808 comparati
1383 1744 1526 1802 sunt,
1549 1736 1665 1806 qui,
1689 1735 1868 1790 cordis
1891 1733 2110 1790 auribus

2219 563 2359 602 nena
2387 545 2721 602 disseminat.
2754 547 2882 611 Leo,
2928 548 3055 601 dum
3092 545 3438 616 persequitur
3468 546 3814 603 innocentes.

2220 637 2414 703 Draco,
2451 652 2574 694 cum
2615 638 2946 708 negligentes
3001 637 3165 706 impia
3216 637 3510 692 voracitate
3560 637 3814 708 deglutit.

2218 727 2420 782 Verum
2463 728 2581 782 haec
2628 728 2809 782 omnia
2844 728 2897 781 in
2929 727 3165 798 glorioso
3212 728 3442 782 adventu
3471 726 3689 784 Domini
3717 742 3818 800 pe-

2217 813 2374 874 dibus
2408 820 2578 888 ipsius
2611 829 2883 891 prostrata
2914 819 3224 890 iacuerunt.
3278 820 3436 877 Solus
3487 823 3633 879 enim
3695 833 3815 880 tam

2217 909 2422 965 ferocia
2463 910 2636 966 valuit
2669 912 2924 977 subdere,
2956 911 3050 980 qui
3078 911 3227 967 Patri
3256 920 3560 968 cozeternus
3591 921 3650 970 et
3679 929 3817 971 con-

2217 1001 2591 1058 substantialis
2617 1004 2913 1058 secundum
2956 1003 3294 1058 divinitatem
3323 1005 3586 1076 probatur
3613 1007 3820 1064 existe-

2215 1104 2295 1145 re.
2343 1089 2470 1146 Haee
2514 1093 2560 1146 si
2610 1092 2890 1164 diligenter
2942 1102 3252 1150 sanctorum
3296 1104 3512 1166 patrum
3544 1098 3818 1169 praedica-

2216 1180 2360 1236 tione
2395 1190 2720 1246 tractemus,
2781 1200 2882 1240 nec
2933 1185 3111 1256 aliqua
3172 1187 3502 1244 dementium
3548 1190 3815 1247 haeretica

2213 1273 2483 1342 pravitate
2533 1274 2814 1330 turbemur
2846 1294 2859 1330 :
2894 1286 2950 1332 et
2985 1278 3167 1333 omnia
3221 1279 3380 1336 nobis
3408 1319 3423 1346 ,
3481 1281 3627 1337 sicut
3660 1283 3813 1338 dicta

2213 1372 2380 1432 sunt,
2413 1365 2657 1421 absoluta
2686 1367 2914 1424 veritate
2940 1370 3289 1424 constabunt.
3324 1369 3551 1442 Scorpio
3600 1373 3814 1428 vermis

2214 1461 2487 1522 terrenus,
2528 1456 2622 1525 qui
2674 1457 2855 1526 potius
2884 1458 3161 1515 vermibus
3203 1467 3441 1530 aptatur.
3471 1459 3688 1515 Animal
3715 1476 3815 1515 ar-

2213 1556 2420 1602 matum
2494 1548 2681 1604 aculeo
2739 1557 2795 1603 et
2851 1565 2919 1606 ex
2969 1565 3036 1606 eo
3089 1550 3280 1607 Grasce
3347 1560 3600 1606 vocatum
3670 1558 3808 1618 est,

2211 1637 2357 1706 quod
2423 1637 2594 1693 cauda
2640 1638 2814 1710 ﬁgat,
2881 1648 3105 1696 arcuato
3159 1639 3385 1696 vulnere
3442 1655 3653 1696 venena
3704 1640 3815 1697 dif-

2211 1729 2422 1785 fundat.
2487 1731 2774 1802 Proprium
2840 1740 2927 1790 est
2993 1743 3174 1789 autem
3238 1732 3578 1803 scorpionis,
3657 1734 3810 1803 quod

516 1829 814 1897 obturatis,
847 1839 1049 1887 sanctae
1098 1829 1395 1900 Scriptura:
1424 1825 1936 1886 audire'nolucrunt
1959 1827 2107 1882 salu-
2137 1835 2187 1895 Β
2214 1837 2407 1878 manus
2443 1822 2678 1893 palmam
2703 1838 2825 1879 non
2873 1823 3053 1881 feriat.
3112 1825 3339 1896 Scorpio
3396 1824 3674 1881 diabolum
3729 1826 3812 1882 si-

513 1921 805 1978 berrimam
829 1921 1149 1993 jussionem.
1175 1920 1441 1978 Obturare
1468 1923 1615 1978 enim
1643 1938 1674 1977 a
1728 1921 2100 1977 sacerdotibus

515 2019 747 2068 tractum
769 2021 875 2079 est,
909 2013 1002 2085 qui
1032 2029 1191 2069 aures
1219 2028 1346 2068 suas
1371 2021 1493 2068 ture
1519 2013 1820 2083 replebant,
1851 2027 1920 2068 ne
1948 2027 2101 2082 pere-

516 2105 686 2176 grinis
749 2105 928 2160 verbis
989 2105 1450 2161 intercedentibus
1503 2103 1727 2159 confusa
1792 2103 2098 2159 carminum

517 2197 781 2252 memoria
805 2197 1134 2253 turbaretur.
1165 2198 1327 2266 Dipsa
1348 2211 1516 2268 genus
1539 2195 1762 2267 aspidis,
1785 2195 1878 2268 qui
1905 2195 2100 2252 Latine

516 2285 674 2341 situla
701 2286 901 2342 dicitur
926 2301 942 2341 :
971 2286 1096 2356 quia
1151 2302 1313 2357 quem
1361 2272 1736 2353 momorderit,
1787 2286 1879 2342 siti
1932 2287 2094 2359 perit.

512 2376 772 2449 Hypnalis
803 2393 973 2452 genus
1025 2379 1248 2450 aspidis,
1304 2379 1449 2451 quod
1500 2367 1691 2435 somno
1731 2388 1912 2436 necat.
1945 2379 2099 2436 Hane

483 2449 611 2524 ‘sibi
637 2449 921 2540 Cleopatra
947 2449 1200 2541 apposuit
1221 2478 1277 2525 et
1305 2449 1381 2524 ita
1411 2477 1586 2525 morte
1612 2469 1771 2539 quasi
1793 2484 1983 2525 somno
2009 2485 2098 2526 so—

508 2558 620 2613 luta
640 2568 742 2615 est.
761 2558 1127 2618 Haemorrhois
1150 2560 1296 2631 aspis
1323 2567 1684 2630 nuncupatur,
1703 2558 1848 2631 quod
1871 2559 2096 2632 sangui-

510 2667 633 2705 nem
658 2653 832 2719 sudet,
861 2654 954 2723 qui
992 2653 1060 2709 ab
1086 2668 1150 2708 eo
1181 2669 1394 2708 morsus
1439 2652 1605 2709 fuerit
1630 2670 1644 2708 :
1677 2653 1754 2708 ita
1776 2661 1837 2708 ut
1865 2651 2097 2708 dissolu-

509 2745 580 2800 tis
600 2746 772 2813 venis,
804 2746 1064 2817 quidquid
1087 2739 1212 2802 vitaa
1251 2756 1355 2814 est,
1383 2763 1482 2818 per
1507 2747 1824 2818 sanguinem
1852 2755 2090 2802 evomat.

505 2835 694 2894 Graace
743 2838 890 2894 enim
947 2839 1169 2912 sanguis
1208 2839 1382 2895 haema
1431 2840 1648 2896 dicitur.
1683 2839 1920 2896 Praestet
1949 2841 2094 2911 aspis

505 2945 720 3002 semper
743 2946 838 2988 ore
865 2932 1076 3002 patenti
1109 2940 1164 2988 et
1207 2931 1494 3003 vaporanti
1529 2932 1720 2997 currit,
1753 2930 1906 3002 cujus
1931 2941 2092 3003 poeta

503 3019 585 3076 sic
644 3021 894 3076 meminit
931 3039 946 3076 :
979 3020 1187 3093 Oraque
1244 3021 1544 3077 distendens
1592 3022 1776 3077 avidus
1829 3022 2092 3093 fumantia

501 3120 739 3181 priester.
785 3112 886 3168 Hic
919 3129 1081 3185 quem
1117 3115 1451 3185 percusserit
1479 3114 1825 3181 distenditur,
1854 3115 2092 3171 euomi-

2203 1914 2427 1984 gniﬁcat
2469 1914 2553 1970 vel
2604 1915 2906 1972 ministros.
2956 1916 3111 1973 Unde
3161 1926 3246 1973 est
3291 1915 3422 1972 illud
3455 1916 3806 1973 Dominicum

2201 2005 2257 2060 in
2293 2005 2584 2076 Evangelio
2625 2023 2639 2062 :
2680 2006 2818 2062 Ecce
2843 2049 2859 2075 ,
2903 2008 3081 2078 inquit
3107 2049 3120 2074 ,
3169 2009 3292 2064 dedi
3355 2009 3496 2064 vobis
3565 2019 3803 2079 potesta-

2200 2107 2303 2154 tem
2353 2099 2594 2154 calcandi
2647 2117 2804 2170 super
2844 2111 3106 2171 serpentes
3159 2111 3208 2156 et
3259 2103 3557 2172 scorpiones
3608 2111 3661 2156 et
3713 2119 3807 2156 su-

2198 2206 2291 2260 per
2326 2207 2529 2246 omnem
2559 2193 2797 2246 virtutem
2825 2193 3026 2248 inimici
3057 2192 3209 2265 (Lac.
3256 2191 3339 2265 χ.)
3387 2193 3526 2249 Nam
3576 2202 3633 2250 et
3673 2195 3804 2252 alibi

2205 2281 2466 2338 Dominus
2507 2283 2561 2337 in
2587 2282 2882 2353 Evangelia
2921 2285 2998 2339 ait
3025 2301 3038 2337 :
3065 2285 3196 2352 Quis
3235 2286 3374 2340 enim
3413 2296 3487 2341 est
3527 2303 3594 2342 ea;
3631 2288 3802 2354 vobis,

2207 2388 2360 2444 quem
2393 2373 2440 2427 si
2471 2374 2675 2444 petierit
2701 2375 2844 2435 ﬁlius
2877 2393 3006 2430 suus
3040 2393 3250 2447 panem,
3287 2378 3523 2449 nunquid
3565 2377 3803 2450 lapidem

2197 2464 2344 2518 dabit
2382 2464 2503 2522 illi?
2531 2465 2634 2520 Aut
2670 2468 2717 2521 si
2757 2467 2963 2538 petierit
2995 2485 3169 2536 ovum,
3214 2471 3450 2542 nunquid
3489 2472 3722 2541 porriget
3749 2473 3803 2527 ei

2205 2557 2566 2628 scorpionem?
2595 2561 2696 2612 Aut
2738 2560 2784 2614 si
2821 2560 3015 2631 piscem
3061 2562 3208 2633 petit,
3241 2563 3476 2632 nunquid
3501 2571 3802 2633 serpentem

2195 2649 2342 2703 dabit
2375 2647 2495 2703 illi?
2524 2648 2676 2721 (Luc.
2704 2649 2804 2722 χι).
2832 2649 2959 2706 Tria
2998 2660 3125 2707 sunt
3152 2653 3310 2708 nobis
3339 2651 3575 2708 maxime
3604 2669 3800 2712 neces-

2195 2743 2361 2808 saria,
2379 2742 2430 2797 id
2456 2750 2557 2810 est,
2587 2742 2743 2810 ﬁdes,
2771 2759 2916 2814 spes,
2935 2744 3177 2800 charitas
3198 2763 3211 2798 :
3235 2745 3391 2813 ﬁdes,
3424 2754 3483 2800 ut
3508 2754 3658 2802 recte
3676 2760 3798 2802 cre-

2195 2834 2428 2890 damus:
2461 2849 2608 2904 spes,
2649 2843 2710 2888 ut
2765 2849 2982 2906 semper
3027 2851 3150 2891 cum
3198 2837 3341 2892 bona
3382 2837 3649 2910 patientia
3695 2837 3798 2895 Dei

2192 2926 2568 2996 praestolemur
2621 2928 2889 2999 promissa
2925 2947 2938 2985 :
2982 2931 3224 2987 Charitas
3247 2971 3262 2998 ,
3311 2939 3370 2986 ut
3421 2931 3610 2988 sedulo
3661 2948 3791 2990 eum

2193 3017 2481 3090 diligamus
2533 3036 2600 3075 ex
2643 3027 2757 3076 toto
2795 3020 2990 3089 corde,
3032 3029 3144 3078 tota
3175 3031 3379 3091 mente,
3421 3031 3533 3080 tota
3561 3023 3790 3092 virtute,

2191 3117 2248 3162 et
2276 3109 2556 3180 proximos
2594 3120 2834 3179 nostros,
2874 3111 3016 3168 sicut
3049 3114 3432 3185 nosmetipsos.
3465 3113 3524 3168 ιιι
3559 3113 3667 3170 ﬁde
3703 3115 3791 3186 pi-

503 3217 610 3271 que
636 3203 978 3274 corpulentia
1005 3216 1251 3262 necatur.
1293 3206 1659 3261 Exuberatum
1688 3206 1834 3262 enim
1859 3205 2090 3276 putredo

2197 3199 2301 3256 scis
2335 3201 2604 3272 signatur,
2647 3203 2703 3258 in
2743 3218 2838 3274 spe
2866 3218 3049 3270 ovum,
3099 3204 3157 3259 in
3193 3205 3460 3260 charitate
3504 3207 3706 3278 panis:
3736 3217 3797 3264 et

503 3293 770 3363 sequitur.
806 3294 941 3365 Seps
973 3296 1222 3352 tabiﬁcus
1261 3297 1428 3366 aspis,
1457 3297 1549 3367 qui
1579 3298 1708 3352 dum
1738 3297 2095 3353 momorderit

503 3379 800 3454 hominem,
834 3388 1015 3443 statim
1043 3403 1165 3443 eum
1197 3389 1491 3453 consumit,
1539 3389 1613 3443 ita
1639 3396 1698 3442 ut
1738 3387 1981 3459 liqueﬁat
2005 3397 2093 3444 to-

503 3486 591 3534 tus
609 3481 662 3534 in
679 3495 774 3536 ore
797 3482 1084 3552 serpentis.
1101 3481 1394 3536 Basiliscus
1405 3481 1611 3547 Graece,
1626 3480 1817 3536 Latine
1831 3481 2094 3550 interpre-

502 3576 647 3623 tatur
683 3571 905 3642 regulus
935 3587 1019 3638 eo,
1052 3573 1197 3642 quod
1227 3587 1324 3627 rex
1352 3559 1685 3642 serpentium
1739 3573 1832 3640 sit,
1867 3574 2004 3629 adeo
2032 3581 2094 3629 ut

500 3665 626 3716 eum
649 3662 895 3720 videntes
931 3663 1176 3736 fugiant:
1213 3666 1342 3736 quia
1384 3664 1586 3721 olfactu
1622 3681 1720 3723 suo
1766 3681 1862 3722 eos
1909 3650 2088 3721 necat.

501 3747 636 3806 Nam
660 3759 717 3807 et
743 3740 1016 3808 hominem
1057 3755 1103 3810 si
1132 3753 1232 3815 vel,
1267 3754 1514 3826 aspiciat,
1571 3756 1854 3811 interimit.
1910 3754 2093 3827 Siqui-

503 3842 629 3900 dem
653 3851 709 3899 et
729 3844 848 3916 ejus
877 3853 1157 3915 aspectum
1187 3841 1333 3901 nulla
1349 3847 1479 3903 ‘avis
1500 3846 1688 3908 volans
1712 3846 1878 3903 illaesa
1909 3857 2089 3903 trans-

501 3933 546 3989 it
573 3952 586 3988 :
614 3933 709 3991 sed
735 3950 897 4005 quam
921 3937 1111 4006 procul
1163 3938 1237 3992 sit
1261 3938 1378 4009 ejus
1410 3953 1505 3994 ore
1533 3938 1816 3995 combusta
1859 3939 2088 3995 devora-

504 4030 612 4079 tur.
647 4031 701 4079 A-
721 4026 966 4083 mustelis
1016 4037 1195 4084 tamen
1240 4029 1493 4096 vincitur,
1525 4046 1661 4101 quas
1687 4030 1798 4086 illic
1843 4031 2090 4086 homines

498 4114 738 4172 inferunt
774 4119 1042 4184 cavernis,
1104 4119 1160 4175 in
1212 4121 1408 4189 quibus
1447 4119 1734 4174 delitescit.
1783 4119 1968 4189 Itaque
2025 4133 2090 4175 ea

496 4209 613 4265 visa
652 4209 808 4280 fugit.
862 4211 1035 4278 Quem
1066 4212 1157 4267 illa
1211 4211 1562 4282 persequitur
1592 4221 1648 4268 et
1691 4213 1912 4268 occidit.
1944 4212 2088 4268 Nihil

495 4301 639 4355 enim
667 4311 866 4370 parens
895 4301 984 4356 ille
1017 4315 1201 4356 rerum
1229 4301 1346 4356 sine
1395 4302 1634 4358 remedio
1659 4303 1961 4359 constituit.
1992 4304 2089 4360 Est

495 4404 683 4450 autem
717 4394 1054 4465 longitudine
1076 4395 1422 4466 semipedalis
1472 4392 1608 4451 albis
1651 4396 1876 4451 maculis
1919 4397 2087 4453 linea-

494 4498 604 4542 tus.
643 4485 835 4556 Reguli
885 4495 1091 4553 autem,
1149 4488 1293 4543 sicut
1339 4488 1668 4559 scorpiones,
1698 4489 1906 4543 arentia
1934 4505 2084 4560 quae-

2194 3306 2226 3348 e
2250 3294 2527 3349 contrario
2562 3294 2618 3348 in
2656 3293 2832 3364 lapide
2857 3295 3076 3361 duritia,
3119 3294 3172 3350 in
3199 3304 3448 3365 serpente
3471 3295 3790 3366 inﬁdelitas,

2193 3392 2248 3442 et
2284 3385 2340 3440 in
2375 3385 2663 3455 scorpione
2701 3386 3011 3458 desperatio
3049 3387 3390 3458 exprimitur.
3428 3388 3487 3459 In
3515 3389 3791 3461 baptismo

2193 3473 2328 3530 ﬁdes
2356 3475 2644 3545 accipitur,
2669 3477 2814 3532 unde
2838 3478 3039 3533 vivitur
3067 3479 3122 3532 in
3149 3479 3386 3535 saeculo:
3419 3495 3542 3554 spes
3572 3483 3628 3537 in
3659 3498 3787 3550 ovo,

2193 3567 2320 3636 quia
2346 3568 2400 3622 in
2426 3583 2530 3622 ovo
2576 3568 2813 3624 nondum
2857 3569 3034 3640 pullus
3071 3570 3308 3638 videtur,
3339 3571 3433 3628 sed
3489 3573 3616 3630 hinc
3663 3589 3791 3646 spe-

2192 3666 2346 3713 ratur
2372 3677 2385 3714 :
2419 3659 2656 3716 charitas
2683 3669 2886 3729 autem,
2915 3664 3042 3732 quia
3084 3673 3255 3720 totum
3283 3665 3454 3721 vincit
3475 3665 3601 3737 pani
3630 3681 3784 3723 com-

2189 3757 2433 3818 paratur.
2478 3751 2675 3821 Vipera
2705 3753 2872 3820 dicta,
2903 3755 3049 3824 quod
3076 3755 3130 3810 vi
3162 3757 3360 3827 pariat.
3397 3755 3534 3811 Nam
3569 3766 3627 3814 et
3654 3773 3786 3814 ven-

2192 3848 2277 3896 ter
2301 3841 2418 3912 ejus
2447 3857 2571 3898 eum
2607 3843 2674 3898 ad
2697 3852 2914 3914 partum
2959 3843 3304 3917 ingemuerit,
3342 3847 3507 3904 catuli
3543 3865 3651 3905 non
3689 3865 3753 3905 ea;
3776 3879 3791 3889 -

2189 3943 2500 4003 spectantes
2532 3941 2742 3990 naturae
2775 3935 3120 4003 solutionem,
3163 3938 3400 3996 corrosis
3438 3938 3554 4010 ejus
3596 3941 3784 3998 lateri—

2189 4023 2312 4090 bus,
2351 4026 2403 4079 vi
2453 4034 2744 4096 erumpunt
2782 4043 2908 4083 eum
2952 4030 3142 4086 matris
3189 4030 3432 4087 interitu.
3493 4033 3779 4092 Lucanus:

2199 4112 2403 4185 Viperei
2431 4125 2616 4170 coeunt
2656 4115 2878 4189 abrupto
2911 4135 3126 4189 corpore
3164 4120 3314 4176 nodi.
3349 4121 3546 4178 Fertur
3573 4134 3781 4192 autem,

2189 4207 2333 4276 quod
2387 4208 2662 4264 masculus
2697 4225 2792 4266 ore
2845 4211 3052 4268 inserto
3084 4213 3282 4284 viperae
3313 4231 3496 4272 semen
3531 4227 3777 4290 exspuat,

2190 4301 2279 4358 illa
2327 4312 2507 4359 autem
2547 4320 2614 4361 ex
2651 4306 2927 4376 voluptate
2971 4307 3211 4364 libidinis
3258 4310 3314 4365 in
3367 4311 3579 4367 rabiem
3621 4328 3779 4370 versa

2187 4401 2348 4461 caput
2377 4394 2543 4450 maris
2578 4410 2672 4450 ore
2701 4405 2919 4466 ceptum
2948 4398 3211 4469 praecidit.
3249 4398 3329 4455 Ita
3373 4399 3454 4466 ﬁt,
3487 4409 3548 4456 ut
3578 4418 3780 4473 parens

2189 4492 2420 4554 utraque
2448 4497 2637 4555 pereat
2661 4506 2674 4543 :
2700 4489 2974 4545 masculus
3012 4491 3140 4546 dum
3172 4492 3283 4547 coit
3327 4509 3340 4546 :
3379 4492 3609 4560 femina,
3649 4496 3778 4552 dum

494 4592 598 4646 que
645 4582 927 4630 sectantur
979 4587 1035 4632 et
1063 4585 1350 4649 postquam
1405 4558 1479 4634 ad
1502 4595 1673 4650 aquas
1696 4558 1968 4635 venerint
1993 4583 2086 4652 hy-
2109 4558 2163 4618 D
2190 4577 2442 4646 parturit.
2488 4579 2688 4649 Vipera
2731 4581 3000 4652 signiﬁcat
3037 4583 3336 4641 malitiosos
3373 4558 3641 4652 homines,
3672 4603 3779 4645 nec

493 4663 804 4736 dropho'bos
838 4676 894 4723 et
942 4667 1297 4740 lymphaticos
1331 4670 1556 4727 faciunt.
1589 4657 1790 4729 Sibilus
1818 4674 1957 4729 idem
1981 4684 2085 4743 est,

494 4758 586 4826 qui
617 4768 672 4812 et
698 4760 918 4830 regulus
945 4779 960 4816 :
993 4762 1153 4818 sibilo
1195 4763 1341 4818 enim
1370 4764 1573 4820 occidit
1625 4772 1914 4834 antequam
1941 4781 2088 4823 mor-

494 4847 618 4902 deat
650 4849 736 4904 vel
759 4861 973 4906 exurat.
1006 4851 1303 4908 Basiliscus
1324 4862 1506 4909 autem
1548 4853 1821 4908 diabolum
1875 4857 2086 4928 signiﬁ-

493 4951 601 5008 cat,
634 4943 728 5014 qui
759 4946 1017 5016 nequitixe
1048 4961 1158 5001 sua:
1216 4961 1425 5000 veneno
1466 4946 1644 5016 palam
1692 4947 1949 5005 interﬁcit
1998 4951 2084 5006 in-

493 5044 718 5091 cautos:
783 5037 878 5090 sed
920 5037 1062 5091 idem
1102 5045 1411 5107 superatur,
1463 5053 1588 5092 cum
1640 5040 1850 5096 caeteris
1899 5041 2076 5098 noxiis

495 5126 923 5183 animantibusa
952 5129 1125 5184 milite
1172 5129 1375 5185 Christi
1421 5146 1569 5201 spem
1624 5147 1777 5188 suam
1825 5142 1995 5188 totam
2021 5134 2076 5189 in

499 5218 616 5288 ipso
641 5228 897 5288 ponente,
944 5219 1100 5289 cujus
1136 5221 1310 5277 virtus
1340 5238 1529 5280 omnes
1559 5225 1899 5282 adversarias
1923 5233 2076 5297 pote-

496 5317 671 5364 states
720 5317 942 5380 superat
1000 5317 1162 5379 atque
1206 5313 1504 5369 conculcat.
1567 5314 1643 5370 De
1701 5315 1804 5370 hoc
1861 5330 2076 5384 quoque

492 5399 764 5468 Propheta
823 5402 876 5455 in
912 5400 1142 5458 Psalmis
1180 5404 1309 5460 dicit
1341 5423 1356 5460 :
1394 5405 1565 5477 Super
1594 5407 1826 5475 aspidem
1856 5415 1902 5460 et
1933 5405 2074 5460 basi-

494 5491 678 5545 liscum
721 5492 1014 5547 ambulabis
1044 5534 1058 5558 ,
1101 5504 1149 5549 et
1181 5497 1505 5552 conculcabis
1546 5498 1744 5552 leonem
1785 5509 1832 5552 et
1888 5497 2077 5552 draco-

495 5600 607 5638 nem
640 5584 811 5655 (Psal.
846 5586 953 5658 xc).
986 5587 1087 5642 Hic
1126 5587 1235 5656 jam
1285 5590 1466 5644 divina
1515 5591 1686 5644 virtus
1713 5589 2035 5659 exprimitur
2063 5629 2079 5654 ,

491 5689 614 5747 qua:
641 5677 806 5732 tantis
832 5679 993 5735 rebus
1022 5680 1371 5736 saevientibus
1402 5682 1708 5751 imperabit.
1739 5682 1873 5737 Nam
1899 5685 2079 5738 omnia

494 5766 599 5827 ista
647 5769 864 5827 nomina
917 5770 1133 5829 diabolo
1176 5782 1540 5843 congruenter
1589 5782 1862 5846 aptantur.
1921 5773 2081 5844 Aspis

2186 4682 2294 4723 non
2326 4669 2628 4738 haereticos,
2658 4673 2749 4742 qui
2775 4689 2982 4729 venena
3010 4675 3263 4746 nequitiae
3301 4677 3441 4731 intra
3469 4692 3528 4733 se
3555 4686 3772 4748 gerunt.

2193 4759 2345 4818 Unde
2377 4761 2614 4820 Joannes
2640 4764 2880 4835 Baptista
2917 4768 2984 4822 ad
3010 4765 3247 4837 Iudaeos,
3283 4769 3375 4840 qui
3418 4771 3485 4827 ad
3523 4786 3650 4828 eum
3679 4772 3776 4828 do-

2186 4853 2300 4910 lose
2328 4857 2633 4921 veniebant,
2673 4857 2809 4912 dixit
2835 4875 2848 4912 :
2874 4856 3159 4931 Progenies
3192 4863 3508 4933 viperarum,
3534 4864 3654 4936 quis
3683 4865 3776 4921 de-

2186 4949 2498 5012 monstrabit
2531 4949 2673 5003 vobis
2710 4950 2888 5020 fugere
2921 4953 2986 5006 ab
3021 4955 3103 5007 ira
3140 4957 3392 5010 ventura?
3413 4955 3629 5027 (Matth.
3662 4957 3772 5028 ιιι.)

2184 5039 2337 5094 Malae
2368 5055 2499 5110 ergo
2536 5041 2749 5097 soboles
2775 5043 3040 5100 malorum
3069 5055 3353 5116 parentum
3379 5048 3621 5103 actiones
3649 5049 3773 5104 imi—

2185 5140 2382 5196 tantes,
2413 5133 2697 5202 progenies
2722 5134 3030 5204 viperarum
3058 5145 3340 5205 vocantur,
3371 5139 3495 5208 quia
3521 5155 3620 5209 per
3642 5141 3769 5206 hoc,

2182 5221 2325 5291 quod
2349 5222 2506 5278 bonis
2539 5223 2799 5291 invident,
2821 5239 3022 5296 eosque
3043 5237 3460 5298 persequuntur,
3483 5231 3626 5301 quod
3649 5231 3770 5302 qui-

2179 5313 2409 5368 husdam
2455 5315 2596 5369 mala
2635 5317 2962 5383 retrihuunt,
3027 5319 3169 5387 quod
3215 5319 3460 5376 laesiones
3504 5322 3770 5392 proximis

2180 5408 2474 5477 exquirunt
2510 5426 2522 5462 :
2567 5411 2821 5480 quoniam
2851 5411 2903 5466 in
2925 5411 3012 5479 ,iis
3055 5413 3306 5469 omnibus
3353 5414 3593 5484 priorum
3642 5428 3769 5471 suo-

2182 5514 2304 5554 rum
2353 5500 2652 5556 carnalium
2696 5503 2812 5557 vias
2858 5512 3259 5574 assequuntur,
3309 5505 3462 5574 quasi
3512 5504 3766 5560 venenati

2184 5587 2278 5643 ﬁlii
2330 5590 2394 5644 de
2444 5592 2725 5646 venenatis
2777 5592 3108 5660 parentibus.
3143 5594 3254 5648 nati
3295 5602 3438 5649 sunt.
3466 5593 3764 5666 Enhydris.

2184 5681 2401 5734 coluber
2443 5682 2494 5734 in
2527 5697 2664 5750 aqua
2714 5682 2939 5736 vivens:
2977 5682 3148 5738 Graeci
3192 5684 3336 5739 enim
3381 5698 3577 5752 aquam
3625 5682 3767 5752 ydor

2183 5782 2397 5846 vocant.
2423 5773 2632 5844 llydros
2660 5774 2913 5844 aquatilis
2943 5791 3186 5848 serpens,
3218 5791 3248 5830 a
3275 5793 3381 5847 quo
3399 5774 3488 5832 icti
3509 5774 3768 5846 obturge-
