4074 6324
297 440 413 500 258

1254 438 1344 495 DE
1377 436 1724 498 UNIVERSO
1756 439 1935 494 LIBRI
1969 438 2131 493 XXII.
2170 465 2241 477 —
2275 434 2402 491 LIB.
2441 433 2572 489 Vill.

3452 430 3562 490 934

301 554 480 604 scunt.
511 544 679 617 Cujus
705 547 952 603 morbum
977 548 1195 618 quidam
1216 548 1377 606 boam
1416 550 1601 606 dicunt
1624 565 1712 618 eo,
1739 550 1882 621 quod
1911 554 1961 614 Α
1985 548 2407 605 commodantes.
2455 546 2512 600 In
2540 545 2754 600 Psalmo
2788 565 2798 598 :
2843 546 2988 600 Sicut
3026 547 3224 616 aspidis
3269 547 3477 614 surdte,
3515 558 3564 604 et

302 638 439 695 ﬁmo
464 637 618 693 bovis
647 637 992 694 remedietur.
1029 639 1169 694 Ydra
1201 641 1366 696 draco
1404 641 1694 697 multorum
1737 642 1882 714 capi-

308 739 448 796 tum,
472 727 644 799 qualis
671 725 774 782 fuit
801 728 857 783 in
880 727 1057 784 Lerna
1084 729 1275 801 palude
1299 733 1592 803 provincia:
1615 734 1880 789 Arcadiaa.

201 824 208 828 ’
308 819 437 877 Hac
455 819 647 876 Latine
684 820 914 876 excedra
940 820 1154 886 dicitur,
1186 823 1327 892 quod
1363 839 1470 878 uno
1497 841 1637 880 caeso
1667 826 1767 880 tria
1794 842 1886 881 ca-

307 914 421 985 pita
469 913 908 968 excrescebant:
947 911 1042 970 sed
1088 914 1190 968 hoc
1240 912 1542 971 fabulosUm
1591 925 1693 972 est.
1749 915 1882 971 Nam

306 1011 517 1058 constat
543 1002 734 1074 ydram
780 1001 958 1058 locum
1005 1002 1170 1059 fuisse
1217 1015 1554 1061 evomentem
1589 1021 1759 1078 aquas
1793 1021 1886 1060 va-

305 1103 513 1150 stantes
533 1094 769 1149 vicinam
803 1095 1077 1150 civitatem
1124 1097 1180 1151 in
1206 1112 1312 1166 quo
1343 1112 1450 1154 uno
1490 1107 1672 1154 meatu
1703 1099 1886 1155 clauso

304 1186 458 1242 multi
507 1188 882 1258 erumpebant.
926 1188 1079 1256 Quod
1110 1188 1367 1245 Hercules
1391 1191 1580 1247 videns
1625 1192 1743 1248 loca
1772 1191 1886 1261 ipsa

303 1279 534 1342 exussit,
566 1287 621 1333 et
665 1280 746 1336 sic
785 1294 938 1349 aqua:
975 1279 1172 1336 clausit
1211 1293 1439 1338 meatus.
1486 1283 1622 1340 Nam
1650 1285 1781 1356 ydra
1821 1283 1888 1338 ab

303 1385 442 1439 aqua
487 1369 630 1425 dicta
666 1382 766 1426 est.
814 1369 1057 1428 Celidros
1101 1389 1358 1444 serpens,
1396 1375 1488 1446 qui
1527 1385 1582 1431 et
1619 1375 1887 1432 cersidros

302 1462 455 1531 quasi
497 1463 722 1532 cerigni,
755 1463 846 1532 qui
884 1473 939 1519 et
978 1465 1033 1519 in
1074 1467 1230 1537 aquis
1253 1476 1308 1522 et
1352 1467 1408 1521 in
1439 1468 1598 1523 terris
1623 1476 1884 1522 moratur.

301 1554 437 1610 Nam
467 1556 649 1610 cirson
681 1555 868 1612 dicunt
887 1555 1062 1614 Graeci
1092 1567 1314 1626 terram,
1343 1559 1505 1630 ydros
1531 1576 1750 1631 aquam,
1794 1577 1889 1632 per

301 1661 464 1717 quam
493 1647 715 1714 labitur,
748 1655 952 1706 terram
977 1648 1188 1711 fumare
1217 1651 1368 1708 facit.
1399 1651 1572 1720 Quam
1601 1652 1682 1708 sic
1710 1650 1890 1708 Macer

301 1739 563 1794 describit
590 1757 602 1792 :

421 1849 540 1921 Seu
563 1858 705 1921 terga
729 1851 980 1921 exspirant
1001 1852 1270 1915 spumantia
1293 1852 1445 1921 virus,

510 1912 610 1963 Seu
645 1919 793 1963 terrae
820 1912 1143 1976 fumaut,‘qua
1167 1921 1295 1965 teter
1318 1912 1501 1967 labitur
1523 1916 1713 1978 anguis.

301 2015 659 2071 Salamandra
705 2025 916 2084 vocata,
967 2018 1110 2089 quod
1157 2029 1350 2074 contra
1395 2019 1642 2076 incendia
1689 2020 1886 2076 valeat.

298 2105 462 2175 Cujus
497 2106 639 2162 inter
667 2108 846 2162 omnia
873 2117 1138 2164 venenata
1172 2109 1408 2165 maxima
1438 2109 1518 2166 vis
1548 2119 1649 2165 est.
1689 2109 1894 2164 Cretera

295 2199 439 2252 enim
473 2198 714 2268 singulos
749 2198 979 2266 feriunt,
1017 2201 1133 2256 haec
1160 2201 1421 2271 plurimos
1460 2202 1669 2271 pariter
1709 2201 1896 2255 interi-

297 2291 411 2345 mit.
455 2289 599 2345 Nam
627 2291 671 2345 si
705 2292 884 2346 arbori
933 2292 1234 2364 irrepserit,
1289 2292 1470 2347 omnia
1517 2308 1677 2364 poma
1725 2291 1896 2347 inlicit

295 2382 551 2447 venenis,
584 2391 640 2436 et
668 2396 779 2449 eos,
813 2383 903 2453 qui
933 2383 1145 2439 ederint
1167 2424 1182 2451 ,
1220 2383 1437 2440 occidit.
1489 2383 1620 2451 Quae
1646 2384 1810 2439 etiam
1847 2382 1892 2438 si

297 2471 378 2524 vel
417 2471 472 2525 in
510 2479 672 2541 puteo
716 2471 879 2536 cadit,
912 2471 994 2527 vis
1018 2473 1210 2527 veneni
1253 2469 1370 2542 ejus
1399 2481 1650 2542 potantes
1688 2471 1894 2527 interﬁ-

297 2561 388 2614 cit.
419 2560 502 2615 lta
533 2569 722 2616 contra
749 2563 996 2618 incendia
1023 2577 1330 2635 repugnans
1355 2563 1507 2633 ignes
1537 2564 1650 2620 sola
1681 2564 1892 2620 anima-

299 2650 426 2705 lium
457 2651 784 2724 exstinguit.
823 2653 970 2708 Vivit
1008 2654 1152 2710 enim
1181 2655 1237 2710 in
1280 2656 1474 2710 mediis
1503 2654 1734 2712 ﬂammis
1780 2657 1896 2712 sine

301 2743 485 2800 dolore
542 2754 598 2799 et
633 2747 1137 2804 consummatione:
1167 2756 1222 2803 et
1259 2763 1366 2804 non
1395 2749 1569 2806 solum
1613 2752 1740 2822 quia
1789 2766 1894 2807 non

301 2835 558 2899 moritur,
605 2838 699 2890 sed
730 2839 1026 2910 exstinguit
1061 2839 1389 2896 incendium.
1441 2842 1509 2898 Et
1554 2851 1613 2897 ut
1660 2843 1898 2899 breviter

300 2929 592 2996 superiora
623 2927 992 2999 recapitulem,
1039 2947 1261 3000 serpens
1293 2942 1378 2988 est
1406 2934 1652 2990 diabolus
1679 2934 1764 2990 vel
1795 2934 1895 2990 ho-

297 3023 470 3078 mines
532 3023 704 3094 impii,
747 3031 806 3078 ut
829 3025 882 3080 in
911 3025 1202 3098 Evangelio
1237 3046 1252 3084 :
1296 3025 1591 3101 Serpentes,
1626 3031 1894 3102 genimina

299 3115 603 3183 viperarum
654 3115 870 3188 (Matth.
901 3117 1046 3191 xm).
1102 3119 1337 3191 Serpens
1379 3120 1630 3178 Christus
1674 3131 1897 3193 prepter

300 3209 650 3280 sapientiam,
682 3209 836 3281 cujus
875 3212 1102 3283 figuram
1143 3229 1367 3285 serpens
1405 3215 1494 3271 ille
1529 3229 1704 3271 aereus
1739 3231 1897 3287 gere-

1986 641 2274 697 obturantis
2297 658 2452 695 aures
2471 656 2595 693 suas
2611 635 2779 709 (Psal.
2810 637 2958 710 LVII).
2984 638 3050 693 Et
3074 639 3125 693 in
3147 639 3304 694 aliain
3329 652 3559 711 partem,

1982 741 2042 788 ut
2070 734 2126 788 in
2145 729 2246 788 Job
2267 749 2366 804 pro
2389 730 2555 804 impio
2578 749 2592 784 :
2618 729 2786 801 Caput
2812 730 3050 800 aspidum
3077 741 3249 802 surget
3275 729 3417 802 (Job.
3447 731 3562 803 xx),

1983 821 2088 880 hoc
2117 832 2218 890 est,
2269 823 2652 894 inspirationes
2694 820 2892 877 diaboli
2922 820 3006 877 vel
3047 823 3370 878 daemonum.
3403 821 3561 893 Aspis

1985 924 2041 969 et
2067 912 2371 980 basiliscus,
2401 921 2681 984 peccatum
2709 921 2763 968 et
2791 927 2955 968 mors.
3009 913 3066 967 In
3103 914 3352 984 psalmo:
3397 913 3559 984 Super

1987 1004 2218 1077 aspidem
2239 1014 2287 1060 et
2304 1004 2604 1059 basiliscum
2620 1003 2934 1070 ambulabis,
2949 1014 2995 1059 et
3016 1004 3343 1059 conculcabis
3367 1003 3562 1060 leonem

1987 1107 2034 1152 et
2056 1098 2333 1152 draconem
2358 1097 2529 1167 (Psal.
2555 1096 2667 1168 xc),
2695 1097 2748 1152 id
2782 1105 2885 1162 est,
2921 1096 3189 1152 diabolum
3218 1103 3271 1150 et
3302 1094 3570 1150 antichri-

1990 1196 2150 1244 stum.
2197 1189 2414 1259 Vipera,
2461 1188 2704 1245 diabolus
2750 1188 2834 1244 vel
2886 1189 3119 1244 ministri
3149 1187 3265 1257 ejus
3313 1189 3367 1243 in
3393 1189 3572 1244 Evan-

1989 1281 2167 1352 gelio:
2199 1279 2477 1336 Genimina
2522 1283 2815 1353 viperarum
2862 1281 3076 1354 (Matth.
3103 1282 3206 1354 ιιι).
3250 1283 3318 1337 Et
3352 1283 3402 1336 in
3429 1281 3568 1338 Job:

1992 1371 2060 1426 Et
2100 1373 2294 1428 occidet
2343 1389 2459 1428 eum
2501 1373 2680 1444 lingua
2724 1376 2908 1446 vipera:
2951 1374 3092 1446 (Job.
3141 1375 3256 1447 xx).
3317 1373 3574 1446 Scorpius

1990 1464 2256 1521 diabolus.
2303 1465 2363 1520 In
2392 1465 2730 1536 Evangelia:
2775 1465 2910 1520 Dedi
2956 1467 3094 1521 vobis
3139 1476 3441 1537 potestatem
3466 1465 3574 1519 cul-

1991 1555 2145 1609 candi
2177 1572 2332 1625 super
2387 1566 2645 1626 serpentes
2668 1567 2715 1610 et
2740 1558 3036 1627 scorpiones
3068 1555 3220 1629 (Luc.
3247 1556 3322 1628 χ).
3357 1555 3495 1612 Sunt
3521 1564 3576 1610 ct

1995 1646 2099 1702 alia
2150 1647 2481 1717 serpentium
2537 1662 2768 1718 genera,
2816 1657 2878 1702 ut
2922 1647 3230 1713 admodit'e,
3283 1645 3574 1712 elefantize,

1994 1738 2455 1796 camedracontes.
2485 1738 2766 1796 Postremo
2795 1749 3028 1810 quantus
3057 1741 3358 1807 nominum,
3391 1749 3573 1796 tantus

1994 1830 2250 1885 mortium
2282 1845 2559 1887 numerus.
2605 1830 2804 1887 Omnes
2835 1838 3015 1886 autem
3061 1840 3344 1902 serpentes
3380 1841 3578 1887 natura

1921 1913 1970 1974 B
1997 1937 2094 1978 sua
2139 1920 2319 1993 frigidi
2371 1931 2516 1987 sunt,
2551 1936 2652 1977 nec
2681 1922 3014 1992 percutiunt,
3066 1922 3168 1977 nisi
3197 1921 3412 1992 quando
3439 1921 3580 1976 cale-

1999 2011 2152 2066 ﬁunt.
2210 2011 2346 2066 Nam
2391 2013 2604 2082 quando
2653 2021 2776 2068 sunt
2822 2011 3023 2084 frigidi,
3076 2012 3274 2068 nullum
3330 2021 3578 2084 tangunt.

1999 2104 2154 2161 Unde
2187 2113 2241 2162 et
2265 2119 2469 2160 venena
2495 2121 2684 2161 eorum
2713 2105 2833 2176 plus
2865 2106 2950 2162 die
2978 2122 3140 2177 quam
3174 2115 3333 2162 nocte
3362 2114 3580 2161 nocent.

1999 2195 2236 2266 Torpent
2280 2197 2424 2251 enim
2450 2197 2626 2252 noctis
2652 2195 2854 2267 algore.
2889 2197 2956 2252 Et
2983 2197 3196 2262 merito,
3229 2197 3354 2266 quia
3400 2195 3580 2268 frigidi

1997 2297 2125 2344 sunt
2167 2297 2433 2345 nocturno
2480 2303 2620 2345 rore.
2671 2288 2731 2343 In
2767 2301 2825 2343 se
2856 2289 3000 2344 enim
3031 2290 3303 2345 adducunt
3341 2289 3584 2360 corporis

1998 2396 2251 2452 vaporem
2284 2382 2476 2453 gelidae
2512 2391 2694 2453 pestes
2729 2392 2784 2436 et
2823 2389 3032 2437 natura:
3077 2380 3304 2453 frigidae.
3339 2381 3494 2437 Unde
3527 2391 3584 2435 et

1998 2472 2174 2527 hieme
2211 2474 2262 2528 in
2305 2473 2475 2529 nodos
2498 2481 2734 2542 torpent,
2770 2480 2962 2528 aestate
2985 2472 3286 2527 solvuntur.
3321 2471 3452 2528 Inde
3480 2481 3584 2537 est,

1995 2563 2140 2632 quod
2169 2564 2296 2617 dum
2323 2563 2628 2633 quicunque
2655 2563 2986 2634 serpentium
3019 2578 3228 2618 veneno
3256 2564 3585 2633 percutitur.

1995 2657 2173 2726 primo
2219 2658 2571 2726 obstupescit,
2604 2665 2658 2712 et
2679 2666 2894 2726 postea,
2921 2657 3013 2712 ubi
3055 2657 3108 2711 in
3141 2656 3233 2711 illo
3264 2656 3588 2711 calefactum

1997 2745 2172 2817 ip‘sum
2211 2747 2360 2802 virus
2399 2748 2689 2812 exarserit,
2740 2749 2924 2802 statim
2957 2747 3232 2802 hominem
3264 2745 3585 2818 exstinguit.

1997 2837 2276 2894 Venenum
2317 2848 2498 2894 autem
2548 2839 2751 2894 dictum
2783 2855 2872 2905 eo,
2921 2839 3063 2910 quod
3092 2854 3190 2910 per
3219 2855 3386 2894 venas
3419 2837 3589 2895 vadit.

1996 2931 2176 2989 lnfusa
2224 2933 2370 2988 enim
2417 2934 2586 3004 pestis
2619 2950 2717 3005 per
2749 2950 2919 2991 venas
2962 2935 3307 3007 vegetatione
3349 2934 3592 3006 corporis

1995 3032 2152 3078 aucta
2180 3023 2463 3090 discurrit,
2503 3031 2557 3078 et
2595 3025 2831 3079 animam
2862 3025 3050 3098 exigit.
3105 3024 3258 3082 Unde
3293 3041 3400 3080 non
3428 3039 3591 3095 posse

1994 3129 2266 3169 venenum
2297 3129 2520 3181 nocere,
2551 3114 2656 3171 nisi
2693 3115 2929 3170 hominis
2969 3115 3208 3186 tetigerit
3247 3116 3586 3188 sanguinem.

1998 3203 2249 3261 Lucanus
2289 3221 2302 3257 :
2345 3205 2526 3261 Noxia
2572 3217 2868 3277 serpentum
2930 3217 3003 3262 est
3060 3207 3287 3262 admisto
3336 3209 3591 3278 sanguine

299 3299 412 3368 bat,
445 3319 613 3374 quem
649 3304 864 3377 Moyses
894 3305 949 3360 in
985 3305 1130 3378 ligno
1171 3309 1470 3377 suspendit,
1499 3306 1652 3377 cujus
1700 3308 1893 3364 intuitu

2000 3298 2175 3366 pestis.
2213 3296 2384 3354 Omne
2425 3306 2606 3355 autem
2663 3313 2928 3354 venenum
2979 3297 3233 3371 frigidum
3260 3307 3364 3364 est,
3393 3307 3448 3354 et
3471 3299 3592 3354 ideo

301 3396 550 3466 percussi
581 3410 613 3450 a
641 3398 984 3466 serpentibus
1014 3399 1362 3455 sanabantur.
1395 3401 1462 3454 Et
1490 3399 1543 3454 in
1571 3400 1894 3472 Evangelio:

303 3487 485 3544 Estote
511 3487 792 3559 prudentes
824 3488 958 3543 sicut
997 3500 1255 3560 serpentes
1278 3491 1493 3560 (Matth.
1525 3492 1602 3561 x).
1637 3492 1896 3563 Serpens,

304 3580 554 3636 diabolus
592 3580 646 3634 in
690 3579 887 3637 Genesi
933 3598 946 3635 :
992 3580 1098 3636 Sed
1147 3591 1195 3636 et
1241 3598 1450 3653 serpens
1495 3592 1606 3636 erat
1655 3582 1900 3636 callidior

305 3671 513 3724 cunctis
564 3671 919 3724 animantibus
948 3711 963 3736 ,
1015 3688 1148 3742 quas
1204 3672 1396 3742 fecerat
1453 3672 1710 3727 Dominus
1759 3673 1898 3727 Deus

302 3762 464 3834 (Gen.
501 3760 608 3832 ιιι).
635 3760 808 3832 Caput
837 3765 1126 3831 serpentis,
1157 3765 1328 3833 prima
1357 3767 1562 3834 peccati
1603 3767 1896 3836 suggestio,

300 3861 356 3907 ut
385 3853 442 3908 in
473 3852 702 3909 Genesi:
725 3852 851 3922 Ipsa
874 3863 1099 3907 conteret
1125 3864 1278 3924 caput
1302 3864 1448 3908 tuum
1474 3856 1682 3926 (lbid.).
1706 3856 1901 3912 Pectus

302 3944 596 4014 serpentis,
631 3955 790 4016 typus
826 3945 1113 4015 superbiae,
1146 3946 1228 4001 vel
1274 3947 1464 4002 tumidi
1536 3949 1717 4004 cordis
1747 3950 1900 4004 mali-

307 4039 400 4102 tia,
429 4049 492 4092 ut
520 4046 603 4093 est
629 4037 760 4093 illud
785 4056 797 4090 :
823 4037 997 4109 Supra
1016 4049 1197 4109 pectus
1223 4049 1371 4095 tuum
1401 4043 1660 4112 gradieris
1684 4044 1894 4116 (lbid.).

306 4125 481 4183 Draco
530 4125 798 4193 diabolus,
844 4135 905 4180 ut
953 4127 1007 4180 in
1052 4127 1313 4198 psalterio
1343 4147 1355 4182 :
1381 4129 1553 4185 Draco
1589 4143 1704 4199 iste,
1744 4149 1898 4203 quem

308 4216 553 4284 formasti
590 4216 658 4271 ad
691 4215 1021 4271 illudendum
1056 4218 1102 4271 ei
1130 4215 1301 4288 (Psal.
1334 4217 1473 4290 cm).
1525 4219 1592 4274 Et
1619 4220 1745 4276 alibi
1778 4241 1790 4275 :
1819 4220 1898 4274 Tu

307 4308 609 4380 confregisti
642 4319 795 4380 caput
828 4309 1072 4363 draconis
1106 4311 1282 4380 magni
1309 4308 1481 4381 (Psal.
1514 4313 1728 4383 Lxxm).
1760 4313 1896 4366 Dra-

309 4413 483 4462 cones,
539 4400 831 4465 dtcmones,
879 4407 938 4454 ut
985 4400 1038 4453 in
1083 4398 1381 4456 Psalterio:
1415 4399 1492 4456 Tu
1534 4403 1898 4458 contribulasti

311 4489 479 4558 capita
534 4487 824 4541 draconum
871 4487 1080 4559 (Ibid).
1119 4489 1418 4558 Dracones,
1453 4493 1722 4563 principes
1763 4509 1894 4564 gen-

312 4583 463 4649 tium,
510 4591 574 4636 ut
627 4583 679 4637 in
725 4584 1024 4654 propheta:
1057 4583 1383 4654 Glorificabit
1432 4603 1512 4642 me
1555 4587 1716 4641 bestia
1757 4590 1894 4658 agri,

313 4671 560 4728 dracones
600 4684 648 4726 et
686 4675 1002 4729 struthiones
1045 4674 1181 4746 (lsa.
1240 4677 1415 4748 xuu).
1466 4676 1790 4744 Leviathan,
1842 4679 1896 4732 id

315 4774 414 4827 est,
443 4781 670 4838 serpens
696 4766 960 4822 diabolus.
992 4768 1048 4823 ln
1077 4769 1213 4824 Isaia
1239 4787 1250 4822 :
1285 4770 1348 4822 Et
1381 4770 1608 4824 visitabit
1645 4771 1898 4823 Dominus

319 4851 368 4905 in
391 4855 560 4923 gladio
598 4873 693 4910 suo
715 4857 849 4911 duro
887 4877 1042 4930 super
1061 4859 1345 4914 Leviat/tan
1379 4871 1661 4932 serpentem
1693 4871 1896 4914 tortuo-

318 4955 445 5009 sum,
485 4954 530 4998 et
577 4945 776 4999 occidet
822 4959 988 5002 cetum
1028 4951 1117 5020 qui
1158 4961 1240 5004 est
1274 4953 1326 5005 in
1368 4953 1505 5005 mari
1533 4951 1667 5022 (Isti.
1703 4951 1895 5023 xxv").

319 5029 539 5092 Coluber
575 5037 842 5106 diabolus,
881 5049 940 5095 ut
973 5042 1026 5096 in
1053 5040 1155 5096 Job
1183 5061 1194 5096 :
1222 5042 1289 5097 Et
1332 5044 1697 5098 obstetricante
1737 5061 1896 5097 manu

321 5123 428 5195 ejus
459 5129 675 5184 eductus
711 5140 786 5185 est
819 5131 1031 5186 coluber
1064 5144 1329 5188 tortuosus
1357 5135 1480 5206 (Job
1511 5135 1686 5205 xxvi),
1711 5134 1762 5189 id
1792 5144 1892 5200 est,

323 5219 597 5288 medicina,
639 5221 850 5276 Domini
888 5223 1058 5279 nostri
1105 5223 1232 5280 Jesu
1263 5226 1463 5280 Christi
1509 5226 1782 5297 projectus
1817 5233 1896 5280 est

326 5305 555 5365 diabolus
608 5312 670 5365 de
721 5312 975 5368 cordibus
1015 5315 1315 5370 hominum.
1368 5315 1606 5387 Regulus
1655 5315 1899 5372 diabolus

328 5400 402 5452 vel
443 5403 709 5460 daemones
738 5403 865 5460 ﬂatu
905 5407 1246 5477 cogitationis
1279 5410 1443 5464 corda
1478 5409 1758 5464 hominum
1785 5407 1900 5462 vul-

329 5503 587 5562 nerantes,
619 5504 677 5552 ut
705 5497 760 5551 in
781 5495 1016 5554 Jeremia
1043 5517 1056 5553 :
1087 5497 1222 5553 Ecce
1261 5515 1354 5570 ego
1393 5501 1597 5554 mittam
1639 5503 1777 5555 vobis
1819 5519 1899 5555 re-

329 5582 484 5654 gulos,
524 5589 708 5659 quibus
753 5605 856 5646 non
895 5599 971 5646 est
1010 5592 1332 5659 incantatio,
1373 5603 1422 5649 et
1463 5592 1769 5647 mordebant
1811 5610 1898 5648 vos

331 5671 455 5744 (Jcr.
478 5681 612 5752 VIII).
667 5683 732 5738 Et
767 5682 824 5737 in
852 5682 1272 5742 Deuteronomio
1295 5702 1308 5740 :
1333 5685 1401 5742 In
1426 5702 1530 5759 quo
1553 5695 1665 5742 erat
1690 5701 1900 5756 serpens

331 5763 544 5824 adurens
587 5770 768 5841 (Deut.
792 5774 972 5846 xvru).
1030 5777 1187 5848 Aspis
1216 5778 1412 5833 duritia
1444 5779 1624 5834 cordis
1650 5787 1898 5849 peccato-

333 5871 441 5914 rum
483 5866 677 5926 sanctis
705 5865 1185 5938 praedicationibus
1225 5886 1410 5926 aurem
1445 5871 1620 5924 cordis
1659 5886 1762 5924 non
1807 5886 1898 5924 ae-

631 5962 902 6026 ΡΑνι-ιιοι..
950 5959 1112 6025 CXI.

2000 3388 2199 3455 anima,
2232 3390 2359 3459 quia
2394 3389 2548 3462 ignea
2580 3399 2682 3454 est,
2729 3389 2865 3462 fugit
2909 3406 3176 3446 venenum
3229 3390 3508 3462 frigidum,
3536 3391 3590 3445 in

1997 3481 2337 3538 naturalibus
2385 3482 2544 3538 bonis
2575 3522 2590 3549 ,
2645 3497 2765 3552 qua:
2819 3482 2978 3538 nobis
3026 3492 3082 3538 et
3130 3482 3594 3538 irrationabilibus

2001 3574 2366 3630 aiiimantibus
2415 3574 2660 3631 videmus
2701 3590 2823 3632 esse
2874 3576 3207 3641 communia,
3258 3575 3432 3629 vivaci
3461 3591 3594 3643 qua-

2000 3661 2122 3714 dam
2167 3674 2360 3715 sensus
2399 3661 2697 3718 subtilitate
2724 3679 2948 3733 serpens
2973 3664 3210 3721 excellit.
3243 3663 3396 3721 Unde
3423 3675 3477 3720 et
3515 3666 3593 3721 le-

2000 3755 2144 3823 gitur
2171 3754 2224 3808 in
2260 3752 2489 3810 Genesi:
2517 3754 2740 3826 Serpens
2776 3751 3094 3813 autem'erat
3119 3758 3400 3828 sapientior
3428 3758 3592 3813 omnio

2001 3847 2094 3899 bus
2133 3848 2488 3903 animantibus
2535 3860 2688 3904 terra:
2735 3847 2886 3922 (Gen.
2913 3851 3018 3922 ιιι).
3068 3851 3209 3907 Dicit
3255 3860 3436 3906 autem
3488 3852 3594 3906 Pli—

2002 3937 2142 4002 nius,
2189 3938 2234 3992 si
2286 3940 2542 4006 creditur,
2594 3943 2736 4010 quod
2788 3945 3058 4014 serpentis
3109 3954 3294 4014 caput,
3343 3945 3505 3998 etiam
3550 3945 3593 3998 si

2002 4045 2125 4083 eum
2153 4029 2364 4086 duobus
2394 4033 2628 4088 evaserit
2652 4033 2851 4104 digitis,
2883 4035 3233 4099 nihilominus
3257 4035 3407 4088 vivit.
3441 4033 3593 4088 Unde

2001 4129 2056 4175 ct
2087 4129 2256 4176 totum
2288 4137 2486 4190 corpus
2513 4122 2699 4192 objicit
2721 4139 2820 4192 pro
2846 4125 3024 4191 capite
3048 4121 3284 4176 ferienti.
3309 4122 3594 4194 Anguibus

2001 4211 2270 4268 universis
2315 4213 2482 4268 hebes
2510 4213 2658 4268 visus
2708 4222 2811 4280 est,
2870 4229 2995 4268 raro
3034 4215 3089 4268 in
3129 4215 3414 4270 adversum
3463 4233 3593 4272 con-

2002 4314 2260 4359 tuentur:
2288 4319 2387 4360 nec
2418 4303 2642 4372 frustra,
2674 4321 2796 4361 cum
2840 4305 3026 4362 oculos
3052 4321 3160 4362 non
3193 4307 3246 4362 in
3286 4306 3463 4362 fronte
3492 4309 3592 4363 ha-

1999 4397 2183 4463 beant,
2229 4397 2324 4452 sed
2374 4397 2427 4452 in
2475 4397 2827 4470 temporibus,
2878 4400 3013 4456 adeo
3059 4408 3122 4454 ut
3165 4401 3326 4456 citius
3371 4401 3593 4456 audiant

1999 4503 2162 4557 quam
2213 4488 2500 4559 aspiciant.
2577 4489 2796 4545 Nullum
2852 4500 3033 4546 autem
3082 4491 3282 4546 animal
3337 4493 3392 4546 in
3445 4501 3592 4546 tanta

2002 4577 2281 4633 celeritate
2323 4578 2561 4650 linguam
2605 4590 2803 4646 movet,
2844 4589 2905 4636 ut
2954 4597 3197 4652 serpens,
3236 4581 3372 4635 adeo
3405 4589 3461 4634 ut
3496 4582 3591 4633 tri-

2001 4669 2199 4737 plicem
2240 4669 2479 4739 linguam
2507 4671 2710 4726 habere
2735 4672 3006 4738 videatur,
3045 4689 3168 4728 cum
3205 4687 3309 4726 una
3346 4672 3434 4725 sit.
3468 4672 3594 4724 Scr-

2003 4760 2244 4830 pentium
2291 4761 2433 4815 nuda
2489 4770 2614 4815 sunt
2655 4777 2905 4830 corpora,
2959 4763 3094 4816 adeo
3147 4770 3206 4815 ut
3252 4777 3592 4832 quacumque

2002 4855 2132 4905 eunt
2177 4851 2284 4917 via,
2343 4850 2568 4905 humore
2619 4851 2901 4921 designent
2945 4851 3192 4922 vestigia.
3245 4850 3590 4922 Serpentium

2001 4944 2226 5015 vestigia
2255 4943 2381 5000 talia
2410 4951 2556 5010 sunt,
2587 4951 2646 4996 ut
2667 4959 2788 4997 cum
2818 4943 3044 5012 pedibus
3069 4957 3257 4998 carere
3282 4943 3586 5009 videantur,

2003 5037 2165 5092 costis
2217 5047 2395 5092 tamen
2447 5046 2502 5093 ct
2549 5051 2897 5107 squamarum
2943 5035 3150 5090 nisibus
3193 5044 3407 5106 repunt,
3456 5053 3592 5106 quas

2002 5147 2031 5184 a
2063 5147 2274 5186 summo
2304 5139 2519 5202 gutture
2546 5146 2716 5200 usque
2746 5128 2812 5184 ad
2844 5128 3008 5184 imam
3035 5128 3212 5184 alvum
3241 5129 3399 5200 parili
3429 5131 3589 5184 modo

2001 5223 2291 5293 dispositas
2339 5223 2561 5277 habent.
2615 5221 2870 5291 Squamis
2899 5220 3064 5289 enim,
3102 5222 3256 5292 quasi
3295 5219 3584 5291 unguibus,

2003 5317 2188 5379 costis,
2217 5315 2373 5384 quasi
2408 5313 2678 5379 cruribus,
2709 5312 3037 5368 innituntur.
3068 5311 3223 5370 Unde
3253 5313 3296 5367 si
3329 5313 3381 5367 in
3415 5314 3592 5382 quali-

2000 5405 2094 5460 bet
2146 5405 2388 5475 corporis
2434 5412 2590 5475 parte
2639 5404 2710 5460 ab
2755 5403 2876 5460 alvo
2930 5419 3100 5476 usque
3149 5404 3215 5459 ad
3259 5414 3417 5473 caput
3478 5406 3588 5460 ictu

2003 5497 2182 5566 aliquo
2208 5497 2513 5561 collidatur,
2539 5497 2730 5551 debilis
2761 5498 2969 5553 reddita
2996 5512 3215 5552 cursum
3240 5497 3443 5553 habere
3477 5502 3584 5553 nun

2003 5599 2180 5659 potest
2208 5608 2219 5644 :
2247 5588 2373 5659 quia
2420 5587 2722 5662 ubicunque
2757 5591 2844 5647 illc
2889 5591 3029 5646 ictus
3067 5589 3337 5658 inciderit,
3375 5592 3585 5662 spinam

2005 5680 2183 5747 solvit,
2223 5697 2320 5752 per
2356 5697 2518 5751 quam
2561 5691 2833 5738 costarum
2874 5683 3037 5754 pedes
3082 5690 3136 5736 et
3181 5691 3359 5738 motus
3397 5697 3585 5750 corpo-

2005 5776 2081 5830 ris
2111 5775 2426 5846 agebantur.
2457 5774 2748 5847 Serpentes
2773 5785 2952 5830 autem
2983 5775 3074 5830 diu
3096 5775 3279 5830 vivere
3308 5775 3581 5837 dicuntur,

2009 5872 2142 5923 adeo
2170 5878 2248 5936 ut,
2279 5867 2518 5938 deposita
2559 5880 2739 5925 vetere
2789 5869 2994 5933 tunica,
3046 5875 3378 5923 senectutem
3423 5865 3585 5935 depo-
