4074 6324
445 457 553 516 255

1095 453 1167 512 Β.
1204 451 1458 508 RABANI
1493 448 1713 510 MAURI
1750 444 2068 508 ARCHIEP.
2104 444 2418 506 MOGUNT.
2453 445 2742 505 OPERUM
2779 445 2960 505 PARS
2994 443 3060 504 ll.

3605 414 3732 508 sse

446 588 596 639 nere,
613 581 777 644 atque
800 570 856 628 in
872 571 1150 643 juventam
1180 569 1357 627 redire
1383 567 1788 641 perhibeantur.
1807 565 2027 624 Tunicae
2053 569 2109 634 Α
2131 564 2267 622 costi
2291 563 2562 636 peduculi,
2585 561 2812 636 pulices,
2841 561 3047 629 lendix,
3079 537 3290 616 tarmus
3315 557 3544 628 rlciuus,
3573 559 3732 633 uda,

447 675 759 738 serpentum
817 667 1024 722 exuviae
1091 672 1508 736 nuncupantur,
1577 679 1641 720 eo
1707 663 1850 736 quod
1920 663 2029 729 his,

2132 659 2326 714 cimex.
2357 656 2768 724 Ilemicraneus,
2802 653 3005 712 vermis
3031 653 3226 726 capitis
3260 659 3506 710 vocatur.
3556 653 3734 712 Lum-

447 762 664 834 quando
713 770 1020 828 senescunt,
1080 777 1198 818 sese
1249 770 1474 826 exuunt,
1532 761 1728 833 quibus
1777 758 1930 814 exuti
1977 757 2033 812 in
2130 751 2314 808 bricus
2337 750 2722 806 intestinorum
2750 748 2941 813 dictus,
2972 747 3128 818 quasi
3157 745 3445 814 iambicus,
3477 747 3604 820 quia
3639 745 3731 803 la-

445 852 720 923 juventam
773 853 1018 910 redeunt.
1057 852 1323 910 Dicuntur
1360 854 1504 908 enim
1548 851 1756 907 exuviae
1783 859 1838 908 et
1871 851 2032 907 indu—
2131 843 2300 911 bitur,
2325 843 2408 899 vel
2436 843 2582 914 quod
2623 844 2678 898 in
2717 842 2916 898 lumbis
2949 841 3038 898 sit.
3069 839 3347 897 Ascaridae
3385 841 3524 898 costi
3555 842 3737 914 pedu-

445 945 568 1014 vim,
605 948 732 1017 quia
772 956 1042 1004 exuuntur
1076 955 1132 1003 et
1158 947 1474 1004 induuntur.
1525 943 1862 1020 Pythagoras
1883 944 2031 1010 dicit,

455 1035 516 1093 le
543 1038 777 1094 medulla
797 1040 1030 1096 hominis
1051 1040 1274 1107 mortui,
1291 1057 1412 1112 qua:
1436 1039 1491 1094 in
1519 1039 1674 1111 Spina
1697 1045 1797 1104 est,
1815 1052 2036 1110 serpen-

455 1141 558 1186 tem
587 1131 782 1186 creari.
821 1131 974 1200 Quod
1001 1131 1167 1188 etiam
1191 1131 1414 1188 Ovidius
1439 1130 1498 1186 in
1528 1129 2036 1204 Metamorphoseon

449 1219 606 1280 libris
623 1231 1012 1279 commemorat
1033 1224 1220 1280 dicens
1237 1241 1252 1278 :

577 1338 700 1403 sunt
718 1338 820 1403 qui,
847 1351 954 1403 cum
978 1339 1142 1403 clauso
1161 1337 1433 1403 putrefacta
1454 1343 1531 1390 est
1543 1339 1689 1403 ,spina
1711 1335 1954 1402 sepulcro,

575 1397 750 1449 Mutari
773 1397 978 1452 credant
995 1397 1230 1451 humanas
1260 1413 1422 1463 angue
1442 1397 1698 1452 medullas.

449 1499 606 1568 Quod
634 1500 680 1558 si
711 1502 968 1569 creditur,
1015 1503 1210 1559 merito
1244 1504 1425 1558 evenit
1462 1521 1474 1557 :
1511 1510 1569 1558 ut
1610 1503 1749 1558 sicut
1785 1517 1884 1574 per
1928 1518 2042 1559 ser-

447 1601 855 1671 pentem‘mors
891 1593 1127 1650 hominis
1159 1611 1173 1648 :
1211 1595 1288 1649 ita
1331 1603 1388 1648 et
1432 1593 1670 1650 hominis
1707 1601 1882 1649 morte
1928 1609 2042 1650 ser-

451 1698 606 1756 pens.
638 1683 834 1739 Fertur
856 1694 1057 1750 autem,
1091 1685 1236 1756 quod
1262 1700 1488 1756 serpens
1513 1685 1789 1742 hominem
1833 1685 2040 1741 nudum

455 1791 566 1832 non
602 1777 674 1832 sit
701 1792 866 1834 ausus
907 1779 1244 1850 contingere.
1296 1775 1542 1834 Prudens
1576 1777 1767 1846 lector,
1813 1778 2043 1849 cognitis

451 1867 541 1924 his
580 1868 910 1939 serpentium
955 1868 1244 1940 generibus
1277 1877 1441 1940 atque
1475 1867 1776 1937 eﬂ‘ectibus,
1829 1869 2044 1941 quando

2135 936 2262 1004 culi,
2289 951 2503 992 vermes
2531 936 2670 992 cutis
2705 951 2736 990 a
2757 935 2986 1008 pedibus
3027 931 3177 989 dicti.
3209 931 3366 993 Unde
3405 943 3462 988 et
3486 933 3738 1005 peducu-

2135 1027 2236 1084 losi
2280 1029 2550 1096 dicuntur,
2605 1029 2802 1102 quibus
2848 1025 3100 1100 peduculi
3147 1025 3203 1081 in
3241 1041 3470 1098 corpore
3499 1023 3737 1084 eﬂ‘erve-

2136 1128 2313 1178 scunt.
2355 1119 2570 1178 Pulices
2617 1136 2750 1178 vero
2792 1120 2972 1177 vocati
3027 1127 3173 1188 sunt,
3206 1119 3351 1192 quod
3392 1135 3461 1175 ex
3505 1119 3737 1196 pulvere

2135 1215 2311 1287 magis
2359 1213 2690 1270 nutriantur.
2746 1211 2952 1269 Lendix
3000 1210 3184 1280 idem,
3235 1211 3379 1284 quod
3435 1219 3644 1268 tarmus
3699 1226 3737 1267 a

2135 1306 2312 1363 lende.
2339 1302 2572 1362 Tarmus
2593 1305 2796 1362 vermis
2822 1313 2907 1361 est
2925 1304 3086 1360 lardi.
3110 1303 3337 1362 Ricinus
3355 1303 3556 1360 vermis
3577 1304 3740 1359 canis

2138 1407 2362 1455 vocatus
2387 1414 2470 1464 eo,
2501 1399 2647 1471 quod
2672 1397 2778 1452 erit
2806 1397 2861 1452 in
2894 1395 3116 1453 auribus
3145 1411 3363 1452 canum.
3383 1393 3558 1452 Cenos
3586 1395 3742 1452 enim

2140 1491 2327 1549 Graece
2353 1492 2506 1547 canis
2535 1499 2635 1546 est.
2690 1489 2818 1546 Usia
2863 1498 2948 1545 est
2989 1488 3191 1546 vermis
3232 1487 3407 1560 porci,
3440 1488 3740 1560 appellata,

2143 1583 2270 1656 quia
2297 1581 2424 1637 urit.
2453 1579 2587 1636 Nam
2617 1581 2707 1636 ubi
2745 1579 3119 1646 momorderit,
3148 1579 3284 1636 adeo
3309 1578 3460 1635 locus
3489 1580 3638 1646 adet,
3677 1588 3746 1635 ut

2143 1675 2219 1732 ibi
2261 1675 2456 1731 vesica:
2508 1674 2661 1729 ﬂant.
2711 1672 2901 1728 Cimex
2946 1671 3014 1728 de
3037 1671 3392 1729 similitudine
3451 1671 3743 1745 cujusdam

2146 1767 2332 1824 herbae
2355 1773 2598 1832 vocatus,
2625 1763 2780 1838 cujus
2804 1763 3053 1820 faetorem
3079 1764 3261 1820 habet.
3294 1763 3522 1836 Proprie
3553 1773 3746 1821 autem

2144 1860 2347 1918 vermis
2379 1860 2437 1918 in
2461 1857 2748 1932 putredine
2778 1857 2962 1914 carnis
2985 1856 3250 1914 nascitur.
3283 1851 3452 1912 Tinea
3488 1856 3544 1912 in
3574 1857 3746 1913 vesti-

457 1957 524 2012 de
572 1956 653 2012 eis
689 1957 745 2012 in
788 1955 1086 2030 Scriptnris
1120 1958 1291 2032 legas,
1345 1975 1453 2015 non
1495 1967 1546 2015 te
1586 1960 1767 2031 pigeat
1813 1967 2040 2026 tentare,
2071 1951 2122 2015 Β
2148 1955 2372 2021 mentis,
2410 1969 2576 2010 eruca
2618 1953 2674 2008 in
2712 1951 2885 2019 olere,
2925 1951 3112 2007 teredo
3153 1951 3209 2006 in
3241 1949 3407 2023 ligno,
3443 1957 3655 2008 tarmus
3685 1951 3746 2006 in

456 2051 503 2106 si
540 2050 744 2123 aliquid
785 2053 962 2126 possis
1004 2049 1073 2110 in
1119 2053 1420 2127 spiritalem
1465 2070 1685 2114 sensum
1731 2053 1858 2113 inde
1905 2054 2048 2112 redi-

455 2157 608 2214 gere.

1068 2237 1296 2296 CAPUT
1345 2239 1436 2297 IV.

1053 2330 1132 2386 De
1165 2332 1442 2390 wmibus.

530 2419 743 2482 Vermis
771 2431 857 2482 est
893 2421 1094 2478 animal
1136 2425 1281 2494 quod
1317 2424 1638 2496 plerumque
1680 2440 1846 2483 carne
1870 2425 1957 2483 vel
1982 2427 2051 2483 de

455 2518 604 2592 ligno
621 2517 710 2576 vel
730 2517 797 2575 de
816 2533 1138 2590 quacunque
1162 2533 1225 2574 re
1252 2527 1468 2576 terrena
1492 2519 1608 2575 sine
1629 2521 1738 2576 ullo
1759 2521 2050 2578 concubitu

459 2611 719 2682 gignitur,
758 2610 888 2666 licet
938 2626 1326 2680 nonnunquam
1369 2618 1426 2668 et
1475 2611 1540 2668 de
1586 2613 1704 2668 ovis
1732 2622 2048 2678 nascantur,

461 2703 602 2758 sicut
649 2703 884 2773 scorpio.
938 2701 1079 2758 Sunt
1126 2712 1308 2759 autem
1335 2719 1549 2760 vermes
1595 2713 1687 2760 aut
1735 2713 1914 2772 teme,
1961 2711 2054 2760 aut

465 2810 642 2866 aqum,
672 2803 766 2850 aut
798 2793 966 2860 aeris,
995 2802 1088 2849 aut
1113 2795 1382 2862 carnium,
1419 2804 1511 2850 aut
1547 2796 1840 2863 frondium,
1871 2804 1965 2852 aut
1989 2797 2054 2852 li-

460 2901 712 2958 gnorum,
745 2894 840 2941 aut
861 2884 1332 2940 vestimentorum.
1381 2884 1616 2954 Aranea,
1645 2887 1848 2942 vermis
1885 2887 2050 2954 aeris,

463 2977 531 3033 ab
559 2977 702 3034 aeris
741 2978 1073 3034 nutrimento
1108 2977 1502 3048 cognominata,
1545 2978 1671 3048 quia
1701 2979 1894 3052 exiguo
1931 2994 2052 3035 cor—

463 3082 595 3141 pore
645 3069 805 3141 longa
853 3069 944 3124 ﬁla
979 3068 1231 3136 deducit,
1277 3078 1332 3126 et
1379 3071 1504 3126 tela:
1556 3087 1771 3143 semper
1819 3072 2051 3142 intenta,

466 3175 740 3232 nunquam
781 3163 978 3220 desinit
1017 3163 1286 3232 laborare,
1321 3174 1644 3238 perpetuum
1685 3167 1960 3226 sustinens
1996 3169 2052 3224 in

465 3267 562 3308 sua
593 3261 711 3310 arte
737 3253 1098 3327 dispendium.
1135 3255 1494 3330 Sanguisuga,
1529 3259 1732 3316 vermis
1775 3259 2050 3331 aquatilis,

467 3345 632 3412 dicta,
659 3348 802 3418 quod
841 3349 1160 3420 sanguinem
1189 3352 1352 3424 sugit.
1396 3350 1716 3410 Potantibus
1740 3353 1886 3410 enim
1915 3355 2052 3411 insi-

465 3435 664 3492 diatur.
697 3435 941 3511 Cumque
967 3440 1165 3498 labitur
1193 3442 1460 3511 faucibus,
1492 3443 1577 3500 vel
1604 3444 1694 3500 ubi
1721 3445 1933 3516 uspiam
1962 3445 2060 3502 ad-

466 3531 758 3601 haerescit,
807 3537 1125 3608 sanguinem
1155 3539 1371 3606 haurit,
1409 3549 1466 3596 et
1499 3557 1621 3596 cum
1665 3540 1834 3598 nimio
1864 3558 2057 3599 cruore

467 3623 760 3690 maduerit,
787 3627 1011 3692 evomit,
1043 3629 1186 3697 quod
1211 3630 1392 3684 hauslt
1428 3643 1443 3680 :
1495 3631 1570 3682 ita
1605 3636 1664 3683 ut
1697 3629 2056 3686 recentiorem

466 3711 644 3768 denuo
693 3723 870 3786 sugat.
919 3715 1246 3784 Cantarida,
1275 3717 1476 3774 vermis
1512 3725 1780 3788 terrenus,
1811 3719 2056 3790 quicum

474 3802 714 3858 humano
753 3805 969 3876 corpori
1010 3806 1174 3862 fuerit
1213 3808 1539 3880 applicatus,
1583 3810 1769 3864 statim
1823 3810 1908 3866 sui
1961 3811 2054 3866 ad-

469 3892 684 3948 ustione
709 3895 918 3950 vesicas
943 3893 1072 3952 facit
1087 3898 1274 3969 plenas
1292 3901 1539 3957 humore.
1563 3901 1833 3974 Iliultipes,
1852 3903 2054 3959 vermis

468 3991 742 4053 terrenus,
785 4002 852 4041 ex
891 3987 1240 4046 multitudine
1287 3994 1486 4062 pedum
1521 4002 1764 4060 vocatus,
1795 3995 1888 4065 qui
1918 4010 2053 4050 con-

469 4080 678 4130 tractus
706 4077 762 4130 in
799 4078 1011 4148 globum
1060 4083 1435 4156 complicatur,
1478 4086 1724 4141 nascitur
1759 4088 1859 4141 sub
1883 4087 2052 4156 petris

466 4179 536 4220 ex
580 4166 810 4222 humore
861 4177 918 4224 et
961 4178 1126 4225 terra.
1180 4169 1394 4240 Limax,
1441 4175 1644 4229 vermis
1688 4174 1821 4241 limi,
1851 4175 2051 4244 dictus,

468 4255 614 4324 quod
655 4255 710 4310 in
735 4256 866 4311 limo
894 4257 978 4313 vel
1005 4259 1073 4314 de
1109 4259 1239 4314 limo
1269 4271 1543 4318 nascatur.
1579 4262 1732 4321 Unde
1755 4273 1811 4321 et
1835 4268 2052 4324 sordida

465 4359 680 4412 semper
720 4355 774 4400 et
803 4347 1080 4402 immunda
1125 4349 1370 4406 habetur.
1417 4352 1739 4426 Bombyces,
1776 4356 2052 4415 frondium

465 4449 717 4502 vermes,
759 4451 828 4492 ex
872 4437 1025 4508 cujus
1065 4447 1280 4498 textura
1319 4442 1697 4518 bombycinum
1744 4450 2046 4508 coniicitur.

464 4523 784 4595 Appellatus
827 4537 1008 4585 autem
1036 4530 1140 4588 hoc
1176 4536 1394 4591 nomine
1431 4539 1500 4594 ab
1527 4554 1612 4608 eo,
1641 4543 1786 4612 quod
1822 4559 2050 4602 evacue-

464 4624 583 4682 tur,
629 4613 719 4671 ﬁla
768 4628 1029 4690 generat,
1101 4630 1155 4677 et
1200 4639 1295 4680 aer
1340 4625 1487 4684 solus
1531 4630 1586 4685 in
1636 4644 1701 4687 ea
1745 4643 2044 4694 remaneat.

462 4707 662 4776 Ernca,
700 4709 974 4768 frondium
1006 4716 1222 4783 vermis,
1255 4717 1310 4774 in
1338 4719 1458 4778 olus
1486 4722 1569 4777 vel
1603 4726 1858 4798 pampino
1890 4729 2046 4786 invo-

459 4799 599 4866 luta,
629 4803 697 4857 ab
725 4803 996 4862 erodendo
1039 4808 1201 4864 dicta.
1259 4813 1334 4867 De
1369 4829 1477 4884 quo
1513 4819 1762 4872 meminit
1789 4819 2043 4880 Plautus:

386 4915 390 4922 -
469 4910 487 4942 ‹
533 4891 779 4950 Imitatus
813 4914 1046 4968 nequam
1077 4901 1306 4957 bestiam
1335 4913 1386 4958 et
1417 4906 1714 4964 maleﬁcam
1753 4911 2046 4972 involutam

461 4983 518 5036 in
545 4986 798 5056 pampino
823 4989 1082 5060 implicat.
1122 5011 1140 5044 ι
1186 4993 1292 5050 Sed
1321 4997 1461 5052 idem
1486 5015 1588 5056 nec
1613 5003 1849 5073 advolat,
1877 5021 1938 5064 ut
1966 5011 2046 5066 lo-

463 5083 712 5139 custa,ut
734 5077 840 5131 huc
865 5078 1095 5150 illucque
1123 5081 1436 5142 discurrens
1465 5090 1753 5164 semipasta
1777 5098 2042 5156 dimittat:

461 5167 672 5263 scilicet
707 5179 990 5263 permanet
1026 5174 1284 5243 perituris
1319 5177 1585 5254 frugibus,
1620 5194 1675 5241 et
1708 5191 1860 5245 tardo
1893 5191 2046 5263 lapsu

460 5260 629 5332 pigris
651 5261 921 5319 morsibus
947 5263 1198 5322 universa
1224 5273 1509 5330 consumit.
1535 5275 1844 5336 Tcredonas
1870 5260 2046 5338 Grieci

459 5365 658 5410 vocant
683 5354 952 5428 lignorum
989 5375 1219 5432 vermes,
1255 5369 1398 5438 quod
1433 5375 1655 5430 terendo
1701 5375 1888 5430 edant.
1936 5375 2046 5432 llos

462 5462 562 5510 nos
591 5448 873 5506 thermites
913 5452 1142 5512 dicimus
1179 5458 1276 5532 (ita
1309 5465 1454 5522 enim
1488 5467 1630 5537 apud
1660 5467 1884 5524 Latinos
1913 5468 2043 5540 ligni

461 5553 677 5594 vermes
722 5543 1001 5616 vocantur)
1055 5561 1190 5618 quos
1245 5559 1487 5624 tempore
1534 5555 1839 5625 importuno
1891 5573 2044 5616 caesae

463 5629 688 5685 arbores
702 5629 944 5702 gignunt.
964 5634 1151 5706 Tinea,
1170 5643 1616 5702 vestimentorum
1631 5646 1856 5714 vermis,
1877 5649 2043 5718 dicta,

463 5721 606 5792 quod
636 5729 816 5780 teneat
843 5736 898 5784 et
925 5744 990 5788 eo
1018 5747 1189 5806 usque
1228 5733 1475 5802 insideat,
1511 5752 1620 5808 quo
1650 5739 1857 5796 erodat.
1891 5738 2046 5799 Unde

461 5813 732 5905 pertinax,
772 5819 914 5890 quod
951 5821 1008 5880 in
1036 5825 1283 5882 eamdem
1331 5841 1446 5884 rem
1496 5825 1790 5886 identidem
1833 5841 2041 5905 urgeat.

463 5897 689 5967 Yet-mos
713 5913 980 5989 carnium,
1008 5916 1406 5990 hemicraneus,
1439 5919 1752 5995 lumbricus,
1787 5897 2046 5984 asca‘ridae

2147 2045 2322 2102 lardo.
2355 2043 2568 2102 Vermis
2597 2060 2734 2113 non,
2773 2053 2833 2100 ut
2862 2058 3106 2118 serpens,
3145 2043 3351 2115 apertis
3377 2045 3628 2114 passibus
3657 2043 3744 2098 vel

2149 2153 2497 2211 squamarum
2545 2137 2752 2194 nisibus
2793 2137 2954 2207 repit,
3009 2137 3136 2206 quia
3179 2151 3288 2191 non
3327 2143 3412 2192 est
3447 2135 3528 2192 illi
3572 2135 3747 2208 spina

2149 2231 2319 2304 rigor,
2364 2238 2426 2286 ut
2474 2229 2703 2296 colubri,
2743 2229 2950 2284 scilicet
2977 2228 3032 2283 in
3084 2227 3348 2284 directum
3408 2227 3612 2284 corculi
3659 2228 3748 2285 sui

2145 2332 2334 2398 partes
2384 2321 2653 2394 gradatim
2700 2321 3030 2392 porrigendo
3059 2361 3076 2388 ,
3152 2327 3463 2376 contractas
3519 2329 3748 2377 contra-

2150 2415 2350 2479 hendo,
2382 2423 2662 2486 porrectas
2704 2421 2912 2468 motum
2977 2411 3233 2484 explicat,
3275 2412 3462 2484 sicque
3507 2415 3752 2488 agitatus

2151 2508 2472 2584 perlabitur.
2529 2507 2742 2564 Vermis
2773 2516 2956 2563 autem
2983 2507 3211 2580 mystice
3235 2506 3484 2564 Christus
3507 2523 3609 2579 pro
3639 2507 3748 2564 hu-

2153 2603 2384 2660 nﬂitate
2412 2603 2676 2674 assumpti
2717 2603 2954 2659 hominis
2981 2601 3209 2676 intelligi
3240 2609 3442 2674 potest,
3471 2609 3534 2658 ut
3559 2610 3647 2660 est
3677 2601 3748 2658 il-

2152 2698 2244 2754 lud
2273 2699 2329 2754 in
2355 2697 2562 2771 psalmo
2587 2714 2600 2750 :
2626 2697 2740 2769 Ego
2773 2714 2891 2754 sum
2937 2698 3123 2754 vermis
3157 2706 3206 2752 et
3236 2713 3343 2752 non
3379 2697 3536 2751 homo
3567 2693 3746 2767 (Psai.

2153 2790 2292 2864 χχι).
2367 2790 2476 2846 Aut
2527 2790 2788 2846 memoria
2843 2790 3012 2848 animi
3073 2789 3376 2862 peccatoris
3437 2789 3494 2841 in
3543 2784 3749 2842 inferni

2153 2899 2315 2955 poena
2349 2883 2646 2949 constituti,
2681 2884 2749 2940 de
2782 2899 2890 2956 quo
2920 2883 3185 2952 scriptum
3228 2887 3318 2938 est
3345 2895 3362 2936 :
3413 2877 3617 2936 Vermis
3651 2897 3748 2935 eo-

2156 2993 2273 3032 rum
2318 2993 2421 3032 non
2471 2979 2740 3044 morietur,
2795 2987 2842 3031 et
2894 2976 3029 3048 ignis
3080 2993 3185 3032 non
3211 2977 3575 3048 mtinguetur
3601 2973 3744 3048 (Isa.

2155 3067 2322 3146 vai).
2345 3067 2559 3126 Aranea
2584 3085 2712 3125 vero
2737 3068 3032 3126 humanam
3061 3067 3412 3144 fragilitatem
3447 3065 3746 3139 signiﬁcat.

2158 3162 2312 3220 Unde
2340 3171 2422 3220 est
2451 3163 2582 3220 illud
2623 3163 2680 3218 in
2706 3162 2956 3236 psalmo:
2992 3161 3054 3220 Et
3079 3164 3344 3220 tabescere
3382 3163 3572 3236 fecisti,
3608 3162 3749 3217 sicut

2157 3271 2429 3320 «raucam,
2456 3256 2691 3312 animum
2723 3255 2839 3326 ejus
2864 3253 3036 3327 (Psal.
3073 3255 3326 3327 xxxviii).
3373 3257 3588 3311 Aranea
3615 3266 3751 3309 vero

2079 3317 2126 3384 C
2158 3363 2356 3419 corpus
2383 3317 2546 3404 habet
2581 3317 2763 3413 tenue:
2787 3347 2843 3402 in
2866 3317 3008 3404 terra
3033 3361 3142 3404 non
3163 3317 3396 3415 habitat,
3421 3345 3516 3406 sed
3539 3359 3640 3418 per
3664 3341 3750 3400 lo-

2157 3455 2222 3496 ca
2251 3437 2441 3496 altiora
2477 3439 2614 3497 telas
2639 3440 2901 3512 quasdam
2943 3439 3262 3498 tenuissima
3294 3439 3570 3498 viscerum
3597 3441 3750 3514 dige-

2160 3535 2335 3586 stione
2363 3529 2605 3586 contexit
2629 3549 2642 3586 :
2669 3531 2811 3588 sicut
2834 3539 2891 3590 et
2927 3547 2958 3588 a
2995 3532 3318 3604 quibusdam
3352 3534 3627 3590 vermibus
3653 3549 3746 3592 se-

2158 3622 2330 3677 ricum
2360 3622 2558 3680 dicitur
2584 3622 2835 3680 exﬁliari.
2877 3622 3017 3682 Huic
3044 3641 3174 3696 ergo
3201 3625 3402 3697 exiguo
3425 3626 3749 3698 corpusculo

2157 3723 2306 3771 recte
2358 3715 2604 3772 conversi
2647 3725 2703 3772 et
2751 3715 2933 3773 amicti
2975 3716 3157 3774 anima
3207 3727 3575 3790 comparatur,
3623 3733 3748 3790 quae

2155 3806 2330 3879 longis
2375 3809 2844 3866 observationibus
2873 3810 3173 3882 vigiliisque
3215 3811 3498 3882 fatigatur,
3526 3820 3749 3868 terrena

2158 3903 2431 3970 deserens,
2477 3904 2858 3960 subtilissimas
2887 3906 3230 3976 operationes
3257 3905 3514 3961 virtutum
3560 3905 3747 3962 divino

2158 3994 2350 4050 timore
2377 3995 2673 4051 viviticatas
2697 3995 2880 4052 edicit.
2907 3995 3036 4052 Post
3059 3997 3176 4053 haec
3201 3998 3490 4054 revertitur
3516 3997 3584 4052 ad
3615 3996 3748 4052 illud

2157 4101 2267 4141 sum
2289 4086 2672 4157 prepositionis
2703 4087 2935 4154 initium,
2963 4103 3083 4158 qua:
3104 4089 3230 4144 licet
3259 4089 3588 4159 increpetur,
3617 4087 3748 4144 lica

2155 4177 2396 4244 tabeliat,
2444 4187 2624 4234 tamen
2647 4179 2941 4252 fragilitate
2968 4181 3294 4238 humanitati
3332 4183 3536 4240 scilicet
3566 4182 3746 4240 diver—

2155 4287 2340 4326 sarum
2387 4271 2653 4328 varietate
2709 4272 3060 4329 confunditur
3123 4275 3535 4332 adversitatum.
3603 4271 3743 4329 item

2153 4377 2354 4418 aranea
2399 4361 2646 4420 fraudem
2671 4365 2871 4421 diaboli
2899 4367 3166 4438 designat,
3196 4377 3254 4423 ut
3295 4371 3348 4424 in
3381 4368 3519 4424 Isaia
3545 4385 3557 4419 :
3589 4366 3745 4422 Teius

2154 4473 2364 4511 aranea:
2400 4467 2676 4514 texuerunt
2715 4459 2887 4532 (Psal.
2941 4461 3074 4530 ΗΧ).
3109 4461 3449 4532 Sanguisuga
3473 4477 3603 4516 vero
3627 4461 3745 4516 dia-

2151 4547 2309 4605 bolus
2338 4557 2440 4605 est.
2477 4550 2629 4608 Unde
2655 4559 2740 4620 est
2765 4551 2898 4607 illud
2926 4551 2982 4606 in
3015 4551 3326 4610 Proverbiis
3350 4572 3362 4606 :
3391 4552 3743 4624 Sanguisugc

2152 4642 2273 4697 diue
2319 4651 2437 4698 sunt
2472 4643 2622 4712 ﬁlim,
2666 4643 2894 4699 dicentes
2935 4659 2955 4697 :
2989 4645 3156 4714 Alfer,
3199 4645 3337 4716 afer
3374 4643 3556 4717 (Prov.
3583 4644 3740 4716 xxx).

2156 4736 2367 4791 Diaboli
2413 4751 2542 4807 ergo
2584 4735 2708 4792 ﬁliae
2750 4745 2876 4792 sunt
2919 4737 3129 4792 luxuria
3173 4745 3228 4793 et
3270 4736 3515 4804 avaritia,
3544 4737 3744 4808 quibus

2156 4829 2602 4898 sanguinolentus
2669 4829 2842 4884 hostis
2895 4830 3191 4886 humanum
3257 4847 3426 4901 genus
3494 4827 3740 4885 infestat.

2153 4919 2331 4974 Eruca
2359 4921 2608 4976 similiter
2646 4931 2825 4991 potest
2851 4922 3157 4991 signiﬁcare
3179 4923 3474 4991 diabolum,
3499 4923 3591 4993 qui
3619 4937 3743 4994 ger-

2154 5009 2307 5064 mina
2344 5010 2602 5066 virtutum
2651 5011 2706 5066 in
2737 5012 2957 5069 homine
2997 5015 3296 5072 crescentia
3337 5013 3497 5070 malis
3531 5015 3744 5070 suasio-

2155 5100 2316 5155 nibus
2345 5101 2537 5158 rodere
2563 5112 2618 5158 et
2641 5103 2790 5161 vitiis
2830 5106 3015 5176 pravis
3061 5108 3365 5179 exstirpare
3393 5123 3504 5166 non
3535 5116 3738 5166 cessat.

2151 5190 2210 5246 lu
2241 5189 2542 5264 Scripturis
2586 5211 2718 5268 ergo
2765 5200 2955 5264 sacris,
2984 5201 3078 5258 ubi
3123 5202 3192 5257 de
3225 5203 3370 5258 tinea
3397 5212 3457 5260 et
3495 5203 3742 5274 aerugine

2151 5285 2355 5340 mentio
2395 5286 2476 5354 ﬁt,
2515 5290 2777 5360 mysticus
2817 5292 2876 5348 in
2915 5293 2995 5349 eis
3032 5296 3358 5365 quaerendus
3399 5303 3484 5352 est
3521 5310 3733 5352 sensus.

2149 5375 2285 5432 Nam
2308 5378 2462 5449 juxta
2493 5379 2804 5452 allegoriam
2827 5397 3010 5453 aerugo
3035 5394 3216 5455 potest
3237 5387 3547 5458 signiﬁcare
3577 5401 3738 5444 arro-

2149 5471 2388 5538 gantiam
2433 5479 2594 5540 atque
2631 5473 2970 5540 jactantiam.
3027 5476 3159 5543 Qum
3197 5479 3506 5550 ubicunque
3548 5479 3735 5546 fuerit,

2153 5573 2368 5614 omnem
2417 5560 2672 5620 decorem
2717 5574 2775 5620 et
2823 5568 2990 5624 robur
3035 5569 3296 5626 virtutum
3343 5570 3623 5636 obfuscat,
3663 5583 3738 5627 -αο

2153 5649 2465 5710 thesaurum
2494 5655 2818 5724 spiritalium
2839 5657 3110 5716 donet-tm
3135 5661 3382 5732 dissipat.
3434 5660 3589 5716 Unde
3607 5670 3739 5731 pro-

2151 5741 2313 5813 pheta
2342 5743 2475 5800 dicit
2498 5762 2512 5799 :
2534 5745 2674 5802 Deus
2707 5747 2928 5818 dissipat
2951 5765 3070 5804 ossa
3097 5750 3367 5807 hominum
3395 5750 3496 5805 sibi
3513 5749 3740 5822 placu-

2152 5843 2262 5890 tum
2285 5854 2305 5893 :
2331 5843 2380 5891 et
2409 5837 2577 5892 omnis
2605 5841 2910 5910 arrogantia
2929 5840 3252 5898 abominatio
3271 5851 3348 5898 est
3379 5842 3524 5916 apud
3539 5842 3734 5898 θοι..

2132 5914 2321 5984 ’Τὶιιθίι
2387 5937 2568 5986 autem
2613 5929 2931 5991 intestinum
2975 5932 3172 5996 vitium
3207 5914 3730 6010 ﬁniti-ﬁmi-
