4074 6324
326 444 445 513 m

338 665 615 719 thesauros
656 660 714 714 in
747 655 898 725 calo,
929 656 1020 711 ubi
1053 671 1218 728 neque
1251 669 1430 725 wrugo
1462 667 1628 724 mque
1660 650 1801 706 tinea
1829 649 1923 705 de-

338 753 576 819 molitur,
636 759 687 806 et
741 748 831 804 ubi
888 747 1030 818 {ures
1086 763 1191 802 non
1243 745 1497 816 eﬁ'odiunt
1544 758 1636 797 nec
1679 742 1926 813 furantur

332 844 674 925 (Martini).
700 843 871 901 Τίθει
890 856 1041 910 vero,
1058 858 1182 915 qua:
1202 849 1381 897 vestes
1404 839 1640 895 latenter
1663 836 1923 903 corrodit,

337 942 589 1014 designat
635 939 914 1005 invidiam,
941 952 1061 1009 qua:
1106 936 1343 993 studium
1370 935 1575 991 bonum
1618 932 1841 999 lacerat,
1871 937 1928 987 et

334 1031 802 1104 comparationem
846 1028 1073 1086 unitatis
1102 1029 1350 1086 demoliri
1384 1043 1492 1085 non
1528 1034 1726 1083 cessat.
1756 1023 1928 1081 Fures

337 1136 577 1195 namque
626 1124 897 1179 daemones
945 1127 1110 1193 athte
1156 1119 1398 1176 haeretici
1444 1126 1591 1187 sunt,
1626 1116 1929 1189 de'quibus

340 1215 555 1274 Veritas
584 1214 700 1270 ait:
732 1212 928 1271 Orum
958 1220 1210 1287 quotquot
1234 1220 1512 1283 venerunt,
1550 1210 1694 1284 fam
1721 1217 1847 1267 sunt
1877 1217 1928 1266 et

336 1307 570 1368 latrones
598 1308 782 1384 (locu.
813 1309 917 1385 x).,

958 1398 1190 1462 CAPUT
1234 1399 1302 1459 Ὗ.

958 1493 1037 1550 De
1063 1492 1311 1567 piscibus.

403 1586 595 1646 i’isees
622 1586 751 1644 inde
780 1585 932 1654 dicti,
959 1587 1104 1642 unde
1129 1600 1317 1657 pecus,
1348 1596 1381 1639 a
1406 1583 1678 1655 pascendo
1702 1579 1925 1639 scilicet.

340 1681 571 1754 Reptilia
614 1681 873 1738 dicuntur
916 1678 1066 1747 haec,
1120 1692 1239 1751 qua:
1280 1682 1475 1733 natant
1538 1691 1603 1733 eo
1647 1677 1790 1748 quod
1837 1689 1929 1731 re-

338 1775 528 1846 ptandi
556 1774 795 1831 habeant
828 1772 1063 1844 speciem
1092 1780 1149 1828 et
1173 1778 1422 1827 naturam
1449 1787 1464 1825 :
1489 1768 1737 1841 quamvis
1770 1782 1832 1824 se
1874 1768 1931 1824 in

336 1864 667 1937 profundum
712 1863 1043 1935 inmergant,
1087 1869 1271 1917 tamen
1316 1860 1374 1915 in
1419 1859 1660 1915 natando
1707 1864 1925 1930 repunt.

1262 387 1385 500 ’ΒΕ
1422 434 1773 499 UNI‘VERSO
1810 430 1994 493 LIBRI
2027 431 2190 490 XXII.
2229 456 2304 474 αι-
2334 430 2467 487 LIB.
2506 425 2643 488 VIII.

336 569 500 630 Unde
521 565 790 625 Dominus
808 563 890 621 ait
927 558 1299 634 iaEvangelie
1324 579 1339 615 :
1366 558 1739 615 Thesaurizate
1782 555 1925 612 vobis
1951 554 2006 617 Α
2027 549 2248 619 feriunt,
2288 554 2641 621 tempestates
2690 539 2998 616 signiﬁcare
3042 540 3315 634 videntur.
3367 541 3436 599 lli

3480 424 3615 489 .238

3482 558 3615 617 pro-

2027 645 2146 717 prie
2173 642 2424 699 Simones
2448 639 2824 696 nominantur.
2864 635 2963 692 Est
2984 642 3041 692 et
3069 633 3327 692 deliinnm
3350 650 3521 708 genus
3559 638 3619 695 in

2027 738 2149 794 Nilo
2189 736 2351 794 dorso
2396 741 2627 801 serrato,
2675 730 3072 788 crocodilorum
3111 735 3302 784 tenera
3345 728 3620 785 ventrium

2028 835 2277 887 secantes
2330 827 2668 883 interimunt.
2704 824 2863 880 Porci
2910 821 3106 878 marini
3149 827 3295 888 sunt,
3337 820 3429 892 qui
3455 820 3620 893 vulgo

2026 927 2307 987 vocantur,
2340 927 2399 975 ut
2427 917 2591 975 suilli.
2642 916 2761 986 Qui.
2782 916 2912 972 dum
2957 929 3140 972 escam
3182 919 3431 984 quaerunt
3466 926 3622 970 more

2029 1016 2160 1083 suis,
2209 1023 2410 1070 terram
2441 1013 2542 1069 sub
2586 1009 2740 1082 aquis
2781 1009 3008 1065 fodiunt.
3056 1006 3214 1062 Circa
3242 1012 3428 1076 guttur
3472 1004 3622 1060 enim

2027 1112 2230 1169 habent
2267 1110 2381 1168 oris
2424 1108 2678 1177 cilicium,
2731 1115 2788 1165 et
2824 1107 2942 1164 nisi
2996 1113 3235 1164 rostrum
3281 1103 3464 1160 arenis
3516 1101 3621 1159 im-

2029 1213 2309 1277 mergant,
2377 1212 2591 1275 pastum
2657 1214 2767 1256 non
2821 1198 3099 1271 colligunt.
3184 1195 3504 1254 Crocodilus
3587 1209 3622 1250 a

2024 1308 2220 1351 croceo
2242 1293 2424 1350 colore
2463 1294 2660 1350 dictus.
2690 1291 2943 1363 Gignitur
2972 1291 3028 1346 in
3051 1288 3193 1358 Nilo,
3237 1286 3438 1344 animal
3480 1302 3620 1360 qua-

2030 1392 2226 1462 drupes
2291 1389 2349 1445 in
2394 1398 2542 1447 terra
2587 1398 2644 1446 et
2686 1388 2743 1445 in
2790 1390 2945 1460 aquis
3005 1388 3225 1456 valens,
3284 1387 3623 1457 longitudine
3696 1388 3715 1462 ξ’

2027 1460 2347 1558 plerumque
2388 1482 2582 1556 viginti
2626 1483 2954 1552 cubitorum,
2992 1483 3235 1539 dentium
3274 1490 3331 1538 et
3359 1482 3623 1554 unguium
3693 1460 3703 1529 Ξ

2028 1576 2365 1634 immanitate
2420 1584 2721 1645 armatum,
2800 1584 3074 1649 tantaeque
3118 1576 3262 1634 cutis
3304 1575 3521 1644 duritia,
3564 1582 3626 1632 ut
3694 1583 3709 1639 ς.

2029 1671 2278 1744 quamvis
2322 1670 2545 1727 fortium
2587 1672 2728 1729 ictus
2784 1670 3025 1743 lapidum
3073 1675 3226 1746 tergo
3269 1672 3621 1744 repereutiat.
3706 1668 3711 1675 ’

2028 1763 2199 1821 Nocte
2249 1765 2305 1820 in
2347 1765 2523 1837 aquis,
2570 1766 2656 1822 die
2707 1764 2857 1819 humi
2905 1765 3155 1835 quiescit.
3216 1764 3330 1821 Ova
3374 1766 3432 1821 in
3476 1772 3629 1821 terra

2031 1856 2199 1924 fovet,
2261 1857 2535 1914 masculus
2581 1864 2637 1913 et
2693 1855 2894 1912 femina
2959 1857 3109 1913 vices
3157 1865 3395 1919 servant.
3470 1856 3629 1913 Hunc

342 1954 497 2014 Unde
525 1964 581 2011 et
602 1952 775 2010 David
802 1953 880 2009 ait
906 1971 920 2008 :
952 1952 1066 2008 Hoc
1099 1969 1244 2008 mare
1267 1967 1515 2024 magnum
1548 1959 1598 2007 et
1620 1952 1929 2022 spatiosum,
1959 1940 2009 2003 B
2036 1949 2256 2021 quidam
2304 1949 2502 2021 pisces,
2550 1956 2817 2005 serratam
2845 1948 3108 2005 habentes
3156 1940 3397 2016 cristam,
3436 1955 3627 2004 tenera

338 2048 454 2104 illic
493 2047 723 2119 reptilia,
765 2062 990 2120 quorum
1033 2061 1139 2101 non
1174 2054 1250 2101 est
1291 2060 1541 2101 numerus
1585 2040 1759 2115 (Paul.
1786 2041 1926 2116 cm).

338 2140 556 2197 Anlivia
586 2149 712 2197 sunt
737 2139 982 2212 quasdam
1012 2153 1213 2213 genera
1240 2137 1492 2210 piscium,
1524 2137 1649 2194 inde
1677 2136 1822 2194 dicta
1868 2149 1933 2192 eo

324 2234 487 2304 quod
519 2231 825 2289 ambulandi
870 2232 926 2287 in
956 2231 1117 2289 terris
1145 2244 1329 2293 nsum,
1356 2236 1414 2285 et
1442 2226 1661 2284 natandi
1690 2227 1746 2283 in
1770 2226 1935 2298 aquis

338 2324 577 2382 cilicium
608 2326 866 2381 habeant.
904 2323 1026 2381 Anii
1066 2323 1210 2380 enim
1240 2320 1434 2378 Graiae
1459 2329 1755 2391 utrumque
1791 2318 1933 2375 dici-
1959 2360 1965 2367 .

338 2427 454 2487 tur,
482 2419 539 2475 id
572 2426 675 2486 est,
709 2418 835 2491 quia
881 2426 937 2474 et
976 2417 1033 2473 in
1073 2416 1228 2487 aquis
1255 2423 1309 2470 et
1343 2414 1401 2471 in
1441 2414 1607 2471 terris
1635 2414 1843 2478 vivunt,
1874 2419 1937 2469 ut

341 2511 501 2580 iocre,
523 2511 804 2578 crocodili,
844 2509 1217 2583 hippopotami
1268 2510 1371 2565 hoc
1389 2514 1495 2577 est,
1518 2507 1644 2580 equi
1668 2506 1932 2563 ﬂuviales.

341 2608 638 2666 Pecoribus
680 2616 866 2665 autem
913 2617 968 2664 et
1001 2606 1191 2663 bestiis
1219 2612 1276 2663 et
1305 2603 1617 2661 volatilibus
1645 2610 1804 2658 antea
1836 2602 1938 2659 ho-

340 2703 519 2760 mines
572 2705 794 2760 nomina
846 2703 1240 2775 imposuerunt,
1288 2716 1454 2772 quam
1500 2698 1762 2771 piscibus,
1817 2711 1938 2769 qua:

341 2796 496 2867 prius
543 2797 660 2852 visa
713 2804 772 2854 et
820 2797 1039 2869 cognita
1089 2803 1237 2852 sunt.
1291 2792 1531 2851 Piscium
1576 2804 1710 2847 vero
1748 2798 1938 2861 postea

344 2887 601 2958 paulatim
652 2885 889 2959 cognitis
934 2884 1223 2961 generibus
1270 2885 1492 2941 nomina
1538 2883 1810 2946 instituta,
1846 2890 1942 2936 aut

344 2996 413 3035 ex
464 2979 820 3036 similitudine
870 2978 1238 3044 terrestrium,
1281 2984 1342 3031 ut
1377 2988 1545 3043 ranai,
1585 2984 1643 3032 et
1680 2972 1855 3041 vituli,
1883 2980 1941 3029 et

345 3070 552 3140 leones,
578 3079 635 3129 et
661 3071 804 3145 nigri
841 3070 1057 3138 meruli,
1093 3079 1150 3126 et
1175 3070 1299 3142 pavi
1326 3068 1543 3125 diverso
1568 3067 1748 3123 colore
1777 3064 1939 3122 dorso

346 3170 402 3220 et
428 3164 569 3220 collo
610 3163 770 3237 picti,
808 3173 863 3220 et
902 3162 1048 3219 turdi
1081 3162 1190 3218 albi
1232 3169 1287 3217 et
1323 3160 1481 3227 varii,
1510 3168 1569 3216 et
1598 3166 1796 3216 caetera
1818 3173 1939 3229 qua:

345 3255 449 3311 sibi
488 3255 652 3326 juxta'
705 3255 917 3328 species
970 3254 1312 3312 terrestrium
1361 3252 1676 3309 animalium
1719 3250 1939 3307 nomina

2036 2044 2308 2100 ventrium
2337 2045 2673 2109 desecantes,
2704 2044 3042 2101 interimunt.
3078 2043 3237 2103 Solus
3264 2062 3331 2102 ex
3376 2045 3627 2102 animali-

2033 2136 2139 2194 bus
2159 2138 2493 2209 superiorem
2520 2136 3035 2194 maxillammovere
3055 2139 3271 2194 dicitur.
3295 2137 3631 2212 Hippopota-

2035 2245 2159 2286 tnus
2212 2237 2459 2295 vocatus,
2491 2230 2638 2301 quod
2681 2230 2751 2285 sit
2795 2245 2934 2299 equo
2960 2231 3153 2288 similis
3199 2232 3382 2300 dorso,
3408 2230 3545 2304 juba
3572 2240 3632 2291 et

2038 2323 2276 2391 hinnitu,
2307 2330 2486 2380 rostro
2534 2324 2847 2394 resupinato
2877 2340 2909 2379 a
2935 2325 3127 2397 primis
3156 2324 3427 2394 dentibus,
3456 2325 3633 2382 cauda

2038 2426 2301 2482 tortuosa,
2352 2417 2440 2473 die
2489 2416 2544 2472 in
2575 2416 2729 2488 aquis
2778 2428 3170 2486 commoratur,
3211 2428 3368 2476 nocte
3419 2427 3636 2491 segetes

2038 2511 2365 2582 depascitur.
2412 2509 2481 2565 Et
2521 2510 2666 2565 hunc
2710 2507 2860 2565 Nilus
2909 2511 3098 2584 gignit.
3141 2508 3337 2567 Mullus
3385 2521 3631 2581 vocatus,

2038 2604 2183 2676 quod
2236 2601 2414 2659 mollis
2445 2602 2516 2658 sit
2556 2610 2721 2674 atque
2768 2603 3096 2659 tenerrimus
3127 2624 3139 2658 :
3173 2603 3328 2674 cujus
3365 2605 3490 2662 cibo
3518 2614 3632 2662 tra-

2039 2696 2173 2754 dunt
2198 2696 2476 2753 libidinem
2514 2695 2768 2765 inhiberi,
2808 2698 2980 2754 aciem
3022 2706 3202 2753 autem
3228 2699 3508 2755 oculorum
3534 2700 3633 2755 hee

2039 2791 2216 2849 betari
2247 2812 2259 2848 :
2293 2793 2539 2851 homines
2567 2810 2715 2859 vero,
2770 2793 2968 2863 quibus
2995 2808 3137 2864 saepe
3172 2801 3387 2864 pastus,
3418 2794 3632 2865 piscem

2039 2887 2207 2944 olent.
2241 2887 2434 2945 Mullus
2478 2890 2533 2944 in
2582 2889 2708 2944 vino
2757 2897 3024 2945 necatus:
3062 2888 3141 2955 hi,
3189 2889 3284 2960 qui
3326 2888 3453 2945 inde
3487 2888 3639 2946 bibe-

2040 2984 2171 3050 rint,
2218 2984 2433 3041 tazdium
2474 2985 2586 3041 vini
2640 2984 2861 3041 habent.
2904 2985 3153 3057 Mugillus
3208 3000 3407 3041 nomen
3448 2984 3637 3053 habet,

2042 3076 2185 3147 quod
2216 3076 2286 3131 sit
2332 3076 2559 3131 multum
2605 3076 2779 3147 agilis.
2820 3075 2958 3131 Nam
3003 3076 3096 3131 ubi
3133 3076 3421 3147 dispositas
3450 3090 3637 3132 sense-

2042 3169 2115 3224 rit
2142 3169 2470 3240 piscatorum
2490 3171 2733 3236 insidias,
2768 3169 3055 3227 confestim
3076 3179 3375 3227 retrorsum
3399 3171 3637 3236 rediens,

2045 3261 2121 3316 ita
2161 3263 2397 3318 transilit
2418 3272 2553 3330 rete,
2576 3271 2637 3318 ut
2682 3263 2866 3341 volare
2895 3265 3101 3334 piscem
3141 3264 3348 3319 videas.
3377 3262 3642 3334 Anguilla:

343 3348 758 3405 νίηάίοθνθτυηῑ
799 3364 868 3405 8X
910 3348 1156 3406 moribus
1206 3347 1571 3423 lel'PQSll‘illm.
1602 3351 1667 3402 ηε
1695 3361 1859 3401 canes
1884 3344 1941 3400 in
1968 3340 2015 3405 C
2046 3342 2341 3410 similitudo
2390 3355 2580 3427 anguis
2606 3340 2815 3411 nomen
2849 3355 3015 3411 dedit.
3040 3354 3206 3426 Origo
3234 3353 3351 3425 ejus
3391 3370 3458 3410 ex
3486 3354 3640 3409 limo.

346 3441 488 3497 mari
522 3454 551 3496 a
583 3440 815 3497 terrenis
842 3439 1069 3497 canibus
1094 3440 1415 3509 nuncupati,
1447 3436 1591 3511 quod
1621 3437 1938 3494 mordeant:

345 3541 402 3590 et
427 3533 560 3604 lupi,
586 3534 732 3606 quod
754 3534 1003 3605 improba
1031 3532 1327 3589 voracitate
1355 3528 1488 3586 alios
1512 3538 1940 3601 persequantur:

347 3641 379 3682 a
407 3625 608 3693 colore,
642 3636 704 3681 ut
731 3628 969 3693 umbrae,
998 3627 1127 3697 quia
1174 3624 1356 3682 colore
1392 3622 1630 3679 umbreae
1669 3629 1798 3677 sunt
1837 3635 1851 3673 :
1893 3626 1949 3675 et

346 3717 628 3782 auritatae,
657 3715 786 3787 quia
823 3717 879 3771 in
910 3718 1089 3786 capite
1126 3718 1245 3772 auri
1294 3713 1533 3772 colorem
1575 3714 1850 3769 habeant:
1892 3718 1951 3767 et

344 3808 491 3863 varii
527 3825 559 3863 a
587 3807 875 3875 varietate,
909 3820 1046 3877 quos
1071 3805 1234 3877 Vulgo
1264 3813 1472 3861 tructas
1499 3810 1700 3859 vocant
1730 3816 1743 3856 :
1775 3800 1949 3872 ﬁgura

349 3910 411 3956 ut
439 3900 611 3967 orbis,
655 3900 749 3971 qui
788 3900 1053 3955 rotundus
1080 3906 1184 3965 est,
1218 3907 1470 3967 totusque
1509 3895 1565 3951 in
1610 3894 1785 3965 capite
1821 3909 1951 3951 con-

351 4002 488 4049 stat:
514 4001 575 4049 ut
603 3993 769 4059 solea,
789 3992 932 4062 quod
956 3992 1029 4048 sit
1051 3992 1226 4047 instar
1251 3989 1731 4046 calciamentorum
1758 3986 1948 4042 solida:

353 4100 385 4141 a
416 4101 572 4151 sexu,
619 4092 681 4139 ut
715 4083 1012 4151 musculus,
1064 4083 1211 4154 quod
1257 4082 1329 4138 sit
1375 4080 1603 4137 ballena:
1652 4080 1947 4136 masculus.

353 4178 483 4247 Ejus
530 4178 674 4233 enim
722 4179 867 4233 coitu
913 4177 1204 4248 concipere
1246 4177 1363 4231 haec
1390 4172 1569 4230 bellua
1611 4173 1947 4245 perhibetur.

356 4269 494 4326 illnc
527 4270 754 4327 musculi
794 4271 1124 4336 coclearum,
1167 4284 1395 4341 quorum
1442 4268 1586 4325 lacte
1636 4266 1950 4338 concipiunt

358 4375 572 4423 ostreae.
622 4366 854 4423 Ballenae
883 4375 1066 4422 autem
1093 4374 1220 4421 sunt
1257 4364 1534 4419 immense
1562 4360 1951 4434 magnitudinis

359 4456 575 4525 bestim,
608 4456 677 4513 ab
697 4459 990 4514 emittenda
1015 4466 1071 4511 et
1093 4455 1369 4511 fundendo
1391 4470 1561 4525 aquas
1582 4459 1808 4509 vocatae.
1834 4450 1951 4508 Ca:-

368 4551 500 4608 teris
519 4548 663 4605 enim
690 4548 880 4606 bestiis
909 4549 1077 4605 maris
1106 4548 1267 4603 altius
1285 4546 1494 4621 jaciunt
1521 4547 1712 4602 undas.
1744 4542 1951 4599 Balleia

361 4645 508 4702 enim
541 4641 729 4699 Graece
769 4641 1022 4699 emittere
1065 4641 1284 4697 dicitur.
1329 4640 1457 4696 Cete
1500 4638 1677 4704 dictae,
1711 4637 1815 4694 hoc
1842 4646 1948 4705 est,

2047 3444 2202 3502 Unde
2239 3454 2295 3503 et
2320 3448 2536 3517 quando
2569 3448 2801 3518 capitur,
2827 3445 2964 3502 adeo
2988 3447 3126 3503 lenis
3166 3453 3272 3514 est,
3334 3453 3395 3500 ut
3434 3452 3640 3515 quanto

2045 3536 2241 3594 fortius
2275 3541 2560 3611 presseris,
2621 3548 2772 3597 tanto
2823 3539 2986 3596 citius
3013 3539 3279 3595 elabatur.
3314 3537 3520 3593 Ferunt
3546 3552 3642 3592 au-

2050 3634 2158 3683 tem
2193 3624 2431 3683 Orientis
2461 3631 2682 3685 lluvium
2712 3632 2936 3701 Gangen
2984 3632 3247 3701 anguillas
3280 3630 3502 3686 tricenis
3549 3644 3643 3700 pe-

2049 3720 2206 3777 dibus
2259 3720 2503 3793 gignere.
2558 3722 2825 3794 Anguillaa
2869 3723 2997 3779 vino
3039 3732 3280 3780 necata:
3312 3723 3407 3794 qui
3444 3738 3515 3779 ex
3576 3738 3644 3778 eo

2050 3814 2306 3881 biberint,
2364 3816 2584 3872 taedium
2612 3818 2723 3873 vini
2744 3818 2966 3874 habent.
2998 3818 3173 3875 Draco
3223 3819 3469 3875 marinus
3514 3833 3645 3874 acu-

2052 3904 2165 3961 leos
2200 3906 2257 3960 in
2291 3906 2531 3963 branciis
2560 3909 2725 3964 habet
2776 3912 2843 3964 ad
2890 3912 3117 3967 caudam
3169 3919 3495 3981 spectantes,
3552 3912 3647 3980 qui

2055 3997 2184 4052 dum
2239 4000 2592 4068 percusserit,
2641 4017 2856 4071 quaqua
2908 4002 3058 4069 ferit,
3092 4019 3364 4058 venenum
3421 4002 3645 4057 fundit:

2052 4089 2217 4144 unde
2247 4097 2303 4145 et
2326 4099 2572 4147 vocatus.
2605 4091 2885 4148 Murenam
2913 4093 3086 4146 Graeci
3127 4094 3404 4147 minanam
3448 4102 3649 4148 vocant

2053 4196 2120 4238 eo
2159 4182 2304 4252 quod
2354 4182 2640 4254 complicet
2689 4198 2748 4239 se
2798 4184 2854 4239 in
2900 4183 3150 4240 circulos.
3199 4183 3354 4240 Hanc
3386 4183 3652 4249 ,feminini

2055 4279 2267 4326 tantum
2308 4288 2430 4330 esse
2454 4289 2617 4330 sexus
2659 4275 2880 4330 tradunt
2924 4283 2979 4331 et
3005 4276 3293 4349 concipere
3313 4293 3345 4332 a
3372 4286 3646 4348 serpente.

2053 4362 2133 4419 Ob
2159 4364 2215 4419 id
2237 4382 2267 4420 a
2295 4365 2679 4437 piscatoribus,
2711 4376 2968 4441 tanquam
2996 4385 3027 4426 a
3051 4379 3323 4441 serpente,
3373 4370 3532 4427 sibilo
3556 4385 3652 4427 vo-

2054 4465 2210 4512 catur
2245 4466 2303 4513 et
2332 4460 2543 4530 capitur
2579 4478 2592 4515 :
2620 4460 2729 4516 ictu
2753 4470 2936 4519 autem
2979 4463 3139 4519 fustis
3168 4462 3455 4519 dilliculter
3482 4464 3650 4519 inter-

2058 4550 2265 4605 imitur.
2304 4551 2536 4608 Conchae
2577 4562 2634 4610 et
2664 4556 2900 4612 cochleae
2949 4557 3054 4613 hac
3098 4572 3167 4614 ex
3218 4573 3385 4614 causa
3424 4566 3649 4624 vocatae,

2061 4642 2189 4711 quia
2215 4641 2500 4699 deﬁciente
2544 4644 2671 4700 luna
2697 4656 2993 4715 cavantur,
3039 4651 3094 4705 id
3132 4658 3237 4716 est,
3294 4658 3646 4705 evacuantur.

360 4736 429 4794 ob
459 4737 870 4793 immanitatem.
903 4733 1042 4791 Sunt
1078 4734 1222 4790 enim
1254 4733 1493 4804 ingentia
1520 4746 1720 4804 genera
1747 4728 1956 4786 bellua—
1979 4702 2033 4766 D
2059 4729 2313 4787 Omnium
2352 4734 2497 4789 enim
2542 4734 2850 4792 clausorum
2895 4738 3064 4794 maris
3118 4702 3439 4795 animalium
3487 4748 3653 4811 atque

365 4848 504 4899 rum,
550 4841 605 4887 et
649 4830 879 4902 aequalia
935 4829 1203 4886 montium
1252 4842 1481 4898 corpora
1522 4840 1538 4881 :
1582 4824 1759 4895 qualis
1806 4832 1960 4879 cetus

363 4924 576 4995 excepit
604 4923 817 4989 Jonam,
852 4922 1006 4995 cujus
1033 4922 1188 4977 alvus
1221 4928 1385 4975 tantm
1413 4917 1801 4991 magnitudinis
1834 4915 1956 4984 fuit,

363 5026 422 5073 ut
442 5019 615 5073 instar
634 5016 906 5073 obtineret
936 5014 1154 5083 inferni,
1171 5014 1386 5070 dicente
1405 5012 1665 5084 propheta
1686 5029 1700 5069 :
1718 5009 1961 5065 Exaudi-

366 5109 436 5165 vit
464 5126 544 5165 me
567 5107 631 5164 de
655 5119 833 5165 ventre
854 5106 1012 5180 inferi
1059 5105 1242 5181 (Ioan.
1277 5105 1362 5181 ιι).
1396 5107 1534 5177 Equi
1566 5106 1784 5172 marini,
1813 5103 1958 5175 quod

364 5203 541 5275 prima
585 5213 742 5275 parte
788 5205 914 5275 equi
970 5209 1116 5269 sunt,
1167 5210 1442 5274 postrema
1483 5201 1765 5257 solvuntur
1794 5200 1847 5254 in
1876 5196 1960 5269 pi-

369 5310 536 5351 scem.
565 5293 741 5351 Bocas
765 5295 980 5351 discunt
1010 5308 1131 5350 esse
1158 5290 1326 5349 boves
1354 5291 1617 5357 marinos,
1644 5289 1800 5361 quasi
1831 5289 1961 5344 boa-

368 5405 482 5445 cas.
522 5386 749 5445 ϐίω-ιιιθί
785 5403 818 5444 a
847 5387 1029 5445 colore
1058 5387 1309 5458 appellati
1337 5405 1349 5441 :
1400 5403 1526 5442 nam
1556 5385 1847 5442 caeruleum
1877 5392 1961 5442 est

370 5480 542 5538 viride
578 5499 704 5539 cum
732 5484 910 5554 nigro,
952 5491 1015 5539 ut
1040 5492 1125 5539 est
1150 5497 1323 5536 mare.
1361 5480 1597 5535 Dellines
1628 5490 1839 5534 certum
1866 5478 1961 5533 ha—

368 5571 504 5629 bent
524 5574 869 5643 vocabulum,
919 5575 1063 5646 quod
1107 5589 1269 5630 voces
1311 5573 1592 5629 hominum
1641 5578 1955 5641 sequantur,

369 5664 461 5721 vel
499 5667 646 5737 quod
699 5668 770 5723 ad
826 5667 1199 5739 symphoniam
1270 5667 1535 5738 gregatim
1608 5664 1956 5721 conveniunt.

371 5751 523 5814 Nihil
546 5756 606 5813 in
629 5756 770 5812 mari
800 5757 1038 5813 velocius
1069 5756 1188 5813 istis
1218 5775 1231 5811 :
1260 5774 1387 5812 nam
1415 5757 1733 5828 plerumque
1763 5754 1962 5810 salien-

374 5855 463 5907 tes
505 5863 677 5908 naves
704 5850 1056 5907 transvolant.
1088 5850 1315 5919 Quando
1338 5859 1520 5905 autem
1562 5848 1867 5921 praeludunt
1906 5845 1962 5900 in

378 5938 657 6008 ﬂuctibus.
704 5947 764 6001 et
805 5942 1074 6002 undarum
1125 5957 1187 6001 se
1234 5938 1465 6001 molibus
1502 5939 1643 5998 saltu
1695 5936 1962 6011 praecipiti

2062 4824 2393 4879 concharum
2449 4824 2787 4883 incremento
2840 4828 2982 4884 luna:
3015 4830 3260 4886 membra
3311 4841 3647 4905 turgescunt,

2060 4917 2275 4973 defectu
2312 4928 2665 4975 evacuantur.
2709 4921 2863 4977 Luna
2901 4923 3047 4979 enim
3079 4939 3204 4979 cum
3255 4924 3309 4980 in
3358 4936 3652 4996 augmento

2058 5010 2245 5078 fuerit,
2288 5023 2453 5084 auget
2500 5015 2784 5071 humorem
2824 5034 2836 5069 :
2870 5032 2996 5071 cum
3034 5031 3165 5071 vero
3186 5018 3241 5071 in
3281 5018 3526 5076 defectus
3552 5037 3649 5076 ve-

2060 5104 2225 5171 nerit,
2256 5105 2515 5163 humores
2555 5108 2894 5163 minuuntur.
2944 5108 3057 5165 Hoc
3111 5113 3259 5167 enim
3306 5115 3516 5185 physici
3565 5115 3650 5171 di-

2064 5204 2214 5253 eunt.
2238 5198 2471 5256 Conehae
2485 5209 2663 5256 autem
2678 5203 2864 5271 prima:
2877 5203 3163 5273 positionis
3184 5221 3401 5274 nomen,
3421 5209 3654 5265 cochleae

2065 5305 2194 5347 vero
2249 5308 2346 5362 per
2397 5293 2811 5349 diminutionem
2847 5297 3003 5366 quasi
3050 5298 3348 5355 conchulze.
3403 5299 3652 5358 Caneba-

2063 5402 2185 5442 rum
2216 5387 2385 5442 multa
2417 5403 2616 5458 genera
2658 5396 2804 5456 sunt,
2837 5389 2980 5446 inter
3026 5407 3162 5462 quas
3192 5402 3246 5449 et
3287 5394 3655 5466 margaritit‘eu

2066 5495 2141 5534 rte
2172 5496 2292 5548 quae
2318 5481 2553 5535 cochleae
2594 5481 2867 5547 dicuntur,
2927 5484 2982 5537 in
3008 5500 3237 5553 quarum
3267 5501 3432 5541 carne
3460 5488 3657 5557 pretio-

2068 5584 2162 5626 sus
2207 5569 2446 5625 calculus
2490 5570 2774 5639 solidatur.
2817 5573 2893 5629 De
2942 5575 3139 5644 quibus
3166 5578 3386 5633 tradunt
3435 5579 3510 5645 hi,
3564 5579 3658 5649 qui

2068 5662 2426 5718 animantium
2487 5665 2758 5735 scripsere
2805 5667 3033 5732 naturis,
3088 5682 3155 5724 eo
3198 5670 3343 5740 quod
3390 5676 3659 5725 nocturno

2072 5763 2313 5825 tempore
2349 5755 2533 5814 littora
2560 5767 2841 5831 appetunt,
2861 5767 2919 5816 et
2956 5776 3026 5817 ex
3061 5761 3269 5818 eteiesti
3291 5774 3416 5816 rore
3444 5772 3659 5831 marga-

2072 5858 2249 5905 retum
2301 5853 2630 5924 concipiunt.
2685 5854 2839 5912 Unde
2863 5864 2920 5911 et
2948 5856 3119 5912 eoeloe
3140 5856 3510 5910 nominantur.
3542 5853 3658 5910 Mu-

2074 5942 2187 6003 riee
2223 5945 2446 6008 cochlea
2468 5954 2554 6008 est
2580 5947 2769 6018 maris,
2807 5948 2952 6007 dicta
2982 5946 3051 6006 ab
3076 5947 3324 6006 acumine
3349 5956 3407 6006 et
3452 5944 3662 6024 asperi-
