4074 6324
312 375 448 432 249

1305 363 1392 420 DE
1432 359 1781 420 UNIVERSO
1813 352 1994 415 LIBRI
2027 355 2190 414 XXII.
2235 389 2304 401 —-
2341 359 2470 415 LIB.
2513 357 2647 415 VIII.

3503 364 3612 425 980

318 495 464 550 sine
494 487 617 546 felle
648 506 660 541 :
708 499 846 557 quas
869 483 1078 554 antiqui
1118 483 1371 539 venerias
1400 481 1930 551 nuncupabant,-eo
1957 484 2012 542 Α
2033 478 2167 534 Eam
2210 489 2369 534 terra:
2419 479 2871 549 propinquantem
2914 478 3172 550 accipiter
3206 479 3396 538 videns
3424 484 3612 554 rapit:

319 577 685 657 quod'nidos
735 576 1106 648 frequentant,
1137 584 1195 631 et
1231 575 1424 631 osculo
1470 587 1711 628 amorem
1751 572 1962 626 concl-"

323 677 524 749 piunt.
555 669 808 727 Colomba
859 667 1023 722 Deus.
1073 665 1132 720 In
1170 664 1406 721 Jeremia
1440 682 1453 718 :
1499 664 1544 715 A
1595 662 1728 730 facie
1774 660 1940 732 gladii

326 765 604 820 columba:
629 760 986 832 unusquisque
1013 757 1084 811 ad
1111 755 1360 828 populum
1397 769 1553 809 suum
1595 761 1937 818 convcrtetur,

327 866 388 911 et
419 851 618 926 singuli
664 852 732 906 ad
774 861 970 906 terram
1022 863 1175 903 suam
1211 843 1582 918 [ugient(1er.
1633 840 1804 916 XLVI).
1832 840 1942 896 Co—

328 947 534 1002 lumba
577 943 814 1016 Spiritus
855 947 1097 997 sanctus.
1163 937 1222 994 ln
1276 935 1570 1008 Evangelio
1628 952 1640 988 :
1699 933 1767 986 Et
1814 931 1942 986 vidit

327 1035 608 1106 Spiritum
652 1031 752 1086 Dei
777 1031 1192 1094 descendentem,
1242 1027 1377 1081 sicut
1417 1023 1733 1089 columbam,
1786 1037 1944 1092 super

326 1123 498 1177 illum
529 1123 744 1194 (Matth.
771 1120 849 1192 x).
883 1119 1143 1175 Columba
1173 1115 1417 1172 Ecclesia
1441 1126 1662 1186 propter
1685 1112 1944 1184 simplici-

329 1224 523 1271 tatem
547 1214 750 1270 cordis.
779 1212 838 1267 ln
867 1211 1108 1268 Canticis
1136 1209 1479 1265 canticorum
1505 1222 1520 1261 :
1551 1206 1808 1262 Columba
1833 1221 1944 1277 spc-

249 1282 273 1300 .
327 1309 514 1372 ciosa,
547 1322 679 1360 auro
703 1305 1016 1376 gemmisque
1037 1303 1302 1374 percincta
1335 1298 1512 1372 (Cant.
1543 1298 1628 1371 ιι).
1666 1297 1942 1354 Columba

327 1398 601 1469 apostoli.
627 1398 684 1452 In
710 1397 848 1452 Isaia
871 1411 886 1450 :
923 1395 1028 1462 Qui
1057 1404 1180 1450 sunt
1203 1395 1321 1464 isti,
1347 1394 1438 1464 qui
1462 1401 1520 1447 ut
1543 1393 1704 1447 nubes
1732 1390 1938 1457 volant,

326 1503 382 1546 et
414 1493 579 1563 quasi
623 1490 880 1545 columbw
906 1490 977 1543 ad
1017 1489 1273 1558 fenestras
1307 1504 1433 1542 suas
1459 1487 1484 1540 ἵ
1506 1485 1643 1560 (Isa.
1682 1485 1799 1557 ιι.)
1841 1483 1944 1540 Co-

327 1582 534 1637 lumba
554 1582 743 1638 Judaei.
764 1579 822 1636 In
848 1580 1158 1651 Sophonia:
1195 1577 1301 1646 Vw,
1322 1579 1656 1650 provocati-ix
1677 1575 1940 1642 columba,

329 1693 448 1730 non
483 1675 688 1730 audivit
715 1691 891 1730 vocem
917 1672 1176 1746 (Sophon.
1205 1672 1310 1745 ιιι).
1351 1671 1609 1728 Columba
1639 1672 1785 1728 enim
1814 1672 1946 1727 sim-

327 1768 649 1838 plicitatcm
694 1767 893 1822 mentis
933 1765 1222 1838 signiﬁcat.
1273 1765 1389 1820 Duo
1417 1763 1548 1835 pulli
1570 1762 1943 1819 columbarum

2041 587 2106 629 ac
2139 580 2424 643 propterea
2477 587 2608 628 cura
2646 580 2732 628 est
2765 571 3051 637 universis,
3096 573 3286 628 ducem
3324 575 3620 633 sollicitare

2039 665 2254 738 generis
2279 663 2509 732 externi,
2538 677 2637 735 per
2649 678 2809 734 quem
2832 673 3060 720 caveant
3082 666 3258 735 prima
3280 665 3618 726 discrimina.

2040 756 2203 814 Cibos
2239 756 2581 829 gratissimos
2617 757 2821 812 habent
2846 757 3052 812 semina
3071 771 3422 814 venenorum.
3447 759 3622 828 Quam

2041 846 2112 902 ob
2152 861 2370 902 causam
2419 861 2514 902 eas
2559 855 2775 903 veteres
2800 847 2947 903 vesci
2976 847 3375 904 interdixerint.
3433 848 3622 906 Solum

2043 938 2186 995 enim
2211 939 2315 994 hoc
2340 936 2562 1004 animal,
2591 938 2733 994 sicut
2769 945 2826 994 et
2874 939 3058 1004 homo,
3085 939 3348 995 caducum
3373 940 3623 996 morbum

2042 1030 2268 1102 patitur.
2299 1029 2620 1084 Coturnices
2652 1045 2772 1099 quae
2802 1030 2856 1084 in
2883 1045 2976 1085 esu
3014 1030 3246 1086 ﬁliorum
3275 1031 3442 1087 Israel
3487 1032 3628 1088 datas

2043 1132 2191 1186 sunt,
2220 1121 2356 1193 legis
2384 1121 2657 1177 historica:
2685 1123 2768 1195 (ut
2789 1123 3012 1192 quidam
3036 1122 3246 1196 volunt)
3273 1122 3501 1196 ﬁguram
3531 1125 3629 1180 ha—

2044 1217 2176 1273 bent
2205 1233 2220 1272 :
2248 1216 2315 1271 de
2338 1232 2447 1287 quo
2473 1215 2664 1284 legitur
2692 1217 2747 1270 in
2786 1215 2989 1271 Exodo.
3019 1215 3278 1272 Passeres
3317 1225 3446 1271 sunt
3473 1217 3625 1271 vola-

2047 1308 2162 1364 tilia
2185 1324 2216 1363 a
2242 1309 2512 1379 parvitate
2546 1317 2735 1365 vocata
2771 1326 2784 1363 :
2815 1309 2958 1365 unde
2979 1318 3034 1364 et
3059 1309 3239 1379 pusilli
3267 1319 3324 1365 et
3345 1311 3518 1380 parvi.
3549 1313 3626 1365 De

2045 1418 2153 1474 quo
2177 1403 2232 1458 iu
2249 1402 2464 1458 Psalmo
2481 1403 2743 1472 scriptum
2759 1410 2844 1457 est
2860 1421 2872 1456 :
2889 1399 3084 1456 Passer
3095 1403 3288 1457 invenit
3301 1402 3400 1456 sibi
3414 1404 3628 1456 domum

2047 1493 2220 1568 (Psal.
2251 1494 2505 1564 Lxxxm).
2537 1495 2604 1549 Et
2623 1493 2751 1550 alibi
2784 1512 2797 1548 :
2829 1492 2977 1550 Sicut
3005 1511 3187 1565 passer
3205 1495 3393 1548 unicus
3413 1495 3468 1548 in
3496 1495 3628 1548 (edi-

2045 1586 2167 1655 ﬁcio
2198 1583 2370 1657 (Psal.
2394 1584 2489 1657 cr).
2532 1583 2600 1638 Et
2623 1583 2676 1638 in
2697 1583 2853 1638 aliam
2868 1592 3080 1655 partem
3105 1585 3162 1638 in
3181 1585 3417 1655 psalmo:
3439 1583 3633 1638 Trans-

2045 1680 2216 1750 migra
2243 1680 2299 1734 in
2313 1687 2540 1734 montem
2558 1679 2694 1732 sicut
2719 1694 2900 1748 passer
2925 1677 3100 1749 (Psal.
3128 1678 3207 1749 ιι).
3232 1679 3364 1734 Item
3384 1693 3634 1749 passeres

2049 1771 2246 1827 sancti.
2323 1770 2380 1825 in
2435 1769 2700 1825 Psalterio
2742 1783 2757 1823 :
2813 1767 2936 1822 Illic
2988 1785 3221 1838 passeres
3289 1769 3636 1838 nidiﬁcabunt

276 1875 287 1886 ·
328 1861 664 1930 exprimunt
692 1859 890 1929 duplex
919 1857 1254 1929 pmnitentia:
1282 1856 1598 1911 lamentum.
1637 1854 1789 1910 Unde
1809 1855 1941 1924 legi-
1966 1849 2018 1909 Β
2044 1863 2217 1936 (Psal.
2249 1861 2388 1933 cm).
2421 1862 2618 1917 Passer
2649 1867 2733 1916 est
2757 1860 2926 1915 nimia
2961 1860 3251 1915 velocitate
3293 1860 3634 1925 celerrimus,

331 1960 429 2005 tur
457 1951 522 2005 in
551 1949 792 2004 Levitico
821 1969 834 2004 :
893 1948 955 2004 Si
995 1956 1170 2002 autem
1200 1963 1306 2002 non
1345 1947 1568 2001 ualuerit
1601 1962 1788 2001 manus
1826 1946 1940 2016 ejus

331 2044 544 2114 offerre
571 2059 749 2112 pecus,
777 2041 966 2111 oﬂ'crat
994 2039 1075 2094 vel
1097 2039 1232 2094 duos
1257 2047 1488 2093 turtures
1513 2039 1590 2094 vel
1614 2039 1746 2093 duos
1769 2038 1943 2109 pullos

330 2134 713 2190 columbarum
739 2132 930 2206 (Lavit.
961 2133 1040 2203 ν).
1068 2131 1363 2206 Palumbes
1390 2129 1506 2186 avis
1534 2137 1682 2186 casta
1722 2145 1790 2185 ex
1828 2145 1944 2184 mo-

332 2224 502 2280 ribus
530 2201 852 2293 appellatur,
881 2201 1027 2294 quod
1054 2201 1363 2276 urbem?
1374 2219 1662 2276 castitatis.
1689 2219 1827 2274 Nam
1870 2219 1947 2274 di-

331 2315 489 2370 citur
540 2314 716 2384 quod,
765 2313 966 2368 amisso
1006 2311 1278 2384 corporali
1331 2312 1642 2376 consortio,
1701 2309 1946 2366 solitaria

333 2408 590 2470 incedat,
620 2421 721 2460 nec
747 2405 1023 2460 carnalem
1055 2405 1303 2475 COpulam
1330 2404 1473 2458 ultra
1499 2403 1762 2473 requirat.
1807 2401 1946 2458 Tur-

335 2512 431 2557 tur
455 2502 614 2557 enim
639 2509 824 2574 typum
855 2509 1000 2558 tenet
1039 2510 1244 2557 sanctae
1284 2501 1541 2557 Ecclesiae
1587 2501 1752 2572 (sicut
1783 2514 1947 2571 supra

333 2592 610 2664 diximus)
661 2593 917 2663 quoniam
957 2602 1159 2663 preter
1208 2583 1425 2648 Christi
1461 2592 1674 2647 Domini
1724 2592 1948 2647 alterius

335 2686 531 2742 nescit
552 2686 758 2742 habere
787 2686 1146 2742 consortium.
1175 2683 1443 2740 Similiter
1467 2691 1523 2737 et
1547 2683 1796 2738 columba
1826 2682 1949 2754 Spi-

337 2779 520 2833 ritum
549 2787 799 2834 sanctum
823 2787 918 2833 aut
943 2777 1246 2833 Ecclesium
1273 2775 1565 2849 signiﬁcat,
1594 2776 1662 2830 de
1686 2789 1793 2846 qua
1815 2776 1951 2831 scri-

337 2880 503 2941 ptum
555 2881 683 2927 est:
717 2869 838 2925 Una
883 2880 960 2925 est
999 2870 1238 2925 columba
1280 2886 1415 2935 mea,
1448 2886 1556 2925 una
1599 2868 1790 2924 dilecta
1832 2886 1950 2926 mea

338 2964 536 3036 (Cant.
573 2964 670 3036 vx).
697 2963 765 3018 Et
790 2964 1008 3030 iterum,
1037 2961 1258 3029 Pennw,
1282 2961 1478 3032 inquit,
1505 2961 1760 3018 columbw
1795 2962 1952 3017 dear-

340 3066 582 3127 gentata:
610 3053 785 3129 (Psal.
815 3054 988 3126 van)
1025 3073 1038 3109 :
1071 3056 1199 3125 quia
1249 3054 1617 3111 innocentiam
1647 3051 1811 3110 habet
1853 3048 1950 3109 co-

340 3149 574 3213 lumba,
625 3156 680 3204 et
729 3148 927 3204 divinis
979 3147 1208 3217 eloquiis
1265 3155 1522 3218 argenteo
1573 3147 1812 3202 candore
1859 3161 1948 3200 re-

339 3241 621 3311 splendet.
663 3240 796 3295 ltem
848 3241 902 3295 in
950 3215 1110 3295 aliam
1151 3215 1360 3309 partem
1413 3239 1661 3294 columba
1708 3238 1943 3310 ponitur,
1978 3215 2022 3278 (ἶ

341 3340 402 3386 ut
443 3340 539 3388 est
571 3332 701 3386 illud
738 3330 878 3387 Osee
905 3349 920 3384 :
959 3331 1215 3402 Ephraim
1238 3329 1479 3384 columba
1504 3332 1617 3385 sine
1644 3347 1822 3397 sensu,
1849 3347 1952 3384 non

341 3424 552 3478 habens
579 3440 670 3478 cor
699 3421 846 3496 (Ose.
891 3423 1012 3494 vn).
1044 3422 1281 3477 Rursum
1308 3429 1488 3476 turtur
1517 3419 1782 3490 Spiritum
1827 3435 1954 3476 san-

342 3521 530 3577 ctum,
563 3519 659 3567 aut
681 3513 861 3566 virum
885 3519 1156 3576 sanctum,
1199 3519 1292 3565 aut
1336 3509 1749 3581 intelligentiam
1792 3508 1957 3578 spiri-

346 3604 526 3657 talem
558 3602 826 3671 designat,
856 3610 916 3656 ut
948 3612 1035 3657 est
1061 3601 1189 3657 illud
1220 3602 1275 3655 in
1303 3601 1546 3657 Canticis
1571 3601 1947 3656 canticorum:

355 3694 485 3748 V0.2:
539 3695 761 3746 turturis
806 3695 863 3746 in
891 3703 1032 3748 terra
1084 3704 1264 3747 nostra
1299 3694 1484 3748 audita
1537 3704 1612 3748 est
1653 3693 1829 3765 (Cant.
1867 3693 1951 3766 ιι).

347 3786 470 3842 Sed
505 3793 637 3840 tunc
663 3784 914 3840 columba
954 3783 1193 3853 Spiritus
1218 3793 1446 3839 sanctus
1468 3785 1694 3849 dicitur,
1737 3783 1958 3854 quando

351 3877 664 3947 Scriptura:
703 3891 879 3932 sacrae
914 3874 1205 3931 manifesta
1230 3875 1484 3930 dissertio
1515 3883 1601 3930 est
1631 3893 1644 3928 :
1671 3883 1801 3930 tunc
1825 3889 1957 3930 vero

355 3979 546 4026 turtur
580 3968 819 4039 Spiritus
863 3977 1086 4024 sanctus
1116 3967 1450 4040 intelligitur,
1494 3983 1626 4023 cum
1660 3967 1960 4038 Scripturae

355 4061 486 4118 altis
517 4072 680 4132 atque
719 4062 968 4116 obscuris
1009 4060 1297 4130 mysteriis,
1323 4059 1622 4119 elevantur.
1652 4059 1850 4132 Perdix
1889 4060 1958 4116 de

356 4163 496 4210 voce
545 4167 741 4209 nomen
793 4154 978 4219 habet,
1034 4151 1149 4207 avis
1196 4151 1380 4207 dolosa
1429 4160 1592 4221 atque
1654 4151 1952 4206 immunda.

359 4245 498 4302 Nam
543 4245 818 4301 masculus
854 4246 909 4300 in
951 4243 1252 4300 masculum
1293 4242 1546 4314 insurgit,
1593 4249 1649 4298 et
1683 4241 1958 4298 oblivisci-

363 4337 451 4391 tur
476 4343 679 4392 s‘exum‘
697 4335 866 4391 libido
905 4350 1164 4406 praeceps.
1202 4334 1350 4390 Adeo
1388 4341 1482 4388 aut
1508 4332 1870 4400 fraudulenta,
1897 4343 1957 4388 ut

363 4426 594 4483 alterius
613 4441 717 4482 ova
743 4427 1002 4497 diripiens
1031 4426 1212 4481 foveat
1239 4443 1251 4480 :
1287 4425 1382 4481 sed
1406 4424 1557 4480 fraus
1587 4424 1825 4481 fructum
1846 4439 1955 4482 non

366 4519 552 4573 habet.
587 4517 830 4588 Denique
855 4517 984 4572 dum
1007 4516 1149 4590 pulli
1178 4517 1412 4587 propria:
1440 4530 1630 4572 vocem
1673 4517 1955 4588 genitricis

367 4611 656 4676 audierint,
691 4611 930 4665 naturali
961 4610 1197 4680 quodam
1232 4610 1494 4665 instinctu
1523 4610 1682 4676 hanc,
1712 4625 1832 4681 quae
1875 4609 1956 4664 fo-

369 4713 453 4758 vet
474 4745 488 4771 ,
531 4689 864 4773 relinquunt,
908 4709 964 4756 et
991 4702 1060 4756 ad
1092 4702 1362 4767 eamdem,
1396 4717 1516 4771 quae
1544 4702 1750 4772 genuit,
1774 4699 1957 4758 rever-

376 4805 580 4850 tuntur.
613 4795 810 4850 Perdix
839 4809 970 4866 ergo
1009 4793 1281 4863 signiﬁcat
1321 4792 1618 4859 diabolum,
1642 4794 1712 4848 de
1753 4809 1863 4864 quo
1903 4795 1958 4849 in

372 4889 606 4944 Jeremia
636 4889 899 4957 scriptum
927 4894 1011 4942 est
1057 4901 1071 4940 :
1105 4883 1306 4941 Perdix
1334 4889 1472 4957 [ovet
1519 4903 1638 4959 qua:
1667 4903 1770 4941 non
1809 4897 1962 4958 pepe-

377 4983 469 5036 rit:
487 4984 621 5054 facit
641 4982 849 5038 divitias
871 4998 996 5036 suas
1009 4997 1113 5036 non
1125 4996 1244 5034 cum
1257 4981 1486 5052 judicio.
1517 4980 1586 5034 In
1608 4979 1828 5033 dimidio
1849 4979 1964 5033 die-

341 5091 347 5140 ;
379 5092 488 5129 rum
509 5092 730 5131 suorum
752 5074 1074 5145 derelinquat
1101 5091 1188 5128 cas
1207 5073 1340 5144 (Jer.
1365 5072 1522 5145 xv“).
1541 5071 1632 5127 Sic
1645 5071 1960 5128 et‘diabolus

343 5157 356 5260 ’ξ
380 5157 470 5238 per
483 5173 758 5244 principes
778 5171 1156 5228 haereticorum
1179 5169 1527 5240 congregavit
1555 5168 1802 5239 populos,
1824 5183 1962 5240 quos

346 5267 484 5346 gnon
528 5268 759 5338 peperit,
796 5275 851 5322 et
881 5265 1229 5336 deceptorum
1257 5265 1360 5321 sibi
1388 5263 1786 5320 multitudinem
1825 5279 1960 5319 con-

349 5353 356 5430 ξ
387 5360 624 5428 sociavit,
642 5373 779 5430 quos
797 5366 984 5429 postea
1000 5357 1222 5421 dimisit,
1251 5367 1307 5412 et
1329 5354 1573 5412 omnium
1594 5353 1801 5424 judicio
1831 5353 1964 5412 stul-

348 5419 357 5460 ¹
391 5451 623 5510 tissimus
660 5468 781 5509 esse
804 5451 1205 5522 comprobatur.
1233 5449 1556 5534 ἓξὲξ-[Ἦρξε
1595 5465 1626 5504 a
1664 5465 1798 5506 sono
1821 5452 1968 5508 vocis

390 5533 551 5602 dictas
575 5551 811 5612 constat,
835 5558 970 5614 quas
1007 5542 1182 5600 Graeci
1206 5525 1675 5615 oiﬁgﬁiaéam,
1722 5555 1789 5598 eo
1821 5543 1967 5615 quod

391 5638 509 5694 Visae
539 5639 739 5698 fuerint
771 5641 1005 5713 primum
1048 5639 1100 5694 in
1149 5637 1370 5712 Ortygia
1402 5637 1598 5694 insula.
1636 5635 1762 5693 Huic
1806 5638 1969 5693 adve-

394 5730 566 5790 nieudi
595 5734 798 5790 habent
819 5742 1084 5804 tempora.
1107 5732 1269 5796 Nam,
1296 5741 1486 5789 aestate
1515 5731 1760 5802 depulsa,
1791 5732 1965 5787 maria

397 5828 740 5884 transmeant.
763 5820 1137 5897 Ortygometra
1161 5827 1376 5891 dicitur,
1399 5839 1521 5894 quae
1545 5838 1766 5896 gregem
1796 5823 1962 5878 ducit.

2043 1955 2212 2026 quiin
2237 1953 2387 2009 silvis
2416 1953 2664 2008 habitare
2706 1966 2813 2006 non
2848 1951 3053 2021 patitur
3082 1969 3095 2002 :
3125 1951 3220 2006 sed
3267 1949 3486 2006 domum
3529 1950 3633 2005 sibi

2044 2048 2098 2104 in
2114 2048 2382 2118 parietum
2413 2045 2770 2102 foraminibus
2797 2045 3169 2101 desideranter
3189 2043 3449 2113 exquirit,
3472 2057 3636 2112 quam

2045 2141 2172 2195 dum
2207 2139 2493 2203 invenerit,
2527 2138 2694 2193 nimio
2739 2137 2934 2209 gaudio
2963 2135 3118 2191 laetus
3151 2135 3408 2201 exsultat,
3436 2134 3529 2205 qui
3577 2149 3637 2190 se

2045 2236 2380 2292 diversarum
2422 2234 2814 2288 adversitatum
2845 2216 3074 2287 ulterius
3103 2238 3291 2301 patere
3317 2243 3423 2282 non
3465 2225 3640 2282 credit

2047 2331 2279 2386 insidiis.
2331 2328 2423 2384 Sic
2475 2328 2655 2382 anima
2699 2325 3032 2394 jucundatur
3092 2324 3219 2378 dum
3273 2323 3329 2376 in
3374 2320 3635 2376 ctelorum

2047 2435 2215 2493 regno
2252 2419 2588 2475 mansionem
2636 2431 2791 2473 suam
2825 2413 3058 2471 senserit
3091 2427 3212 2468 esse
3249 2419 3634 2481 praeparatam.

2045 2512 2179 2568 Item
2199 2525 2450 2582 passeres
2470 2509 2564 2574 illi,
2583 2509 2676 2580 qui
2698 2509 2753 2563 in
2781 2506 3164 2562 emundatione
3184 2503 3384 2574 leprosi
3402 2503 3458 2556 in
3480 2499 3642 2556 Levi-

2049 2604 2160 2659 tico
2186 2603 2367 2659 oﬁ‘erri
2383 2601 2522 2677 jussi
2544 2613 2690 2667 sunt,
2722 2607 3124 2656 sacramentum
3149 2595 3417 2668 passionis
3435 2593 3639 2650 Christi

2050 2696 2106 2749 in
2132 2709 2238 2764 quo
2263 2693 2558 2748 asordibus
2575 2699 2920 2763 peccatorum
2950 2689 3296 2753 mundamur,
3334 2687 3636 2758 designant.

2051 2786 2204 2855 Quod
2230 2787 2467 2843 ostendit
2495 2785 2694 2840 Paulus
2723 2784 2910 2839 dicens
2937 2797 2953 2836 :
3001 2781 3308 2852 Quicunque
3350 2780 3407 2832 in
3431 2776 3640 2832 Christo

2051 2881 2301 2952 baptizati
2326 2895 2532 2942 smnus,
2557 2878 2612 2932 in
2626 2885 2792 2931 morte
2805 2875 2967 2946 ipsius
2985 2873 3236 2944 baptizati
3256 2887 3438 2926 sumus
3455 2868 3637 2940 (Rom.

2050 2971 2149 3044 vi).
2179 2971 2238 3026 In
2282 2971 2386 3027 hoc
2423 2970 2571 3024 enim
2606 2969 2796 3024 vivens
2818 2982 3006 3038 passer
3033 2974 3088 3019 et
3114 2965 3319 3036 lignum
3359 2960 3642 3017 cedriuum

2052 3074 2109 3122 et
2119 3064 2400 3121 coccinum
2416 3071 2615 3117 tortum
2630 3069 2684 3118 et
2705 3062 2972 3132 hyssopus
2988 3057 3270 3128 tinguitur.
3287 3053 3480 3110 Omnia
3494 3053 3642 3107 enim

2053 3158 2172 3212 haec
2193 3154 2728 3225 comprehenduntur
2754 3152 2810 3206 in
2831 3151 3076 3206 virtitute
3107 3146 3470 3218 baptismatis,
3500 3145 3644 3214 quod

2056 3249 2290 3305 diximus
2331 3246 2626 3301 Dominiczc
2650 3258 2772 3300 esse
2810 3242 3080 3314 passionis
3116 3240 3347 3312 figuram
3374 3237 3646 3308 signiﬁca-

2055 3342 2385 3412 tionemque.
2435 3338 2541 3394 Sed
2597 3338 2786 3392 vivens
2825 3347 3035 3406 passer,
3078 3347 3238 3402 quem
3282 3332 3338 3386 in
3383 3327 3648 3400 unigeniti

2055 3433 2365 3490 necessarie
2411 3430 2692 3486 divinitate
2733 3428 3046 3497 accipimus,
3091 3428 3147 3481 in
3191 3424 3452 3496 sanguine
3479 3423 3646 3476 etiam

2056 3525 2146 3579 hic
2169 3522 2335 3580 occisi
2363 3521 2600 3594 passeris
2625 3528 2680 3574 et
2709 3533 2850 3592 aqua
2871 3517 3156 3587 tinguitur,
3184 3514 3238 3570 id
3259 3521 3363 3580 est,
3385 3513 3440 3568 in
3471 3510 3645 3582 gratia

2056 3612 2434 3684 baptismatis:
2465 3611 2593 3682 quia
2623 3625 2731 3665 non
2763 3610 2818 3664 in
2847 3608 3082 3664 hominis
3109 3606 3378 3678 passione,
3410 3603 3507 3658 sed
3548 3600 3644 3656 Dei

2043 3714 2111 3762 .ct
2167 3705 2401 3762 hominis
2453 3704 2816 3774 baptizantur.
2875 3701 3078 3757 Deinde
3145 3706 3268 3770 post
3308 3698 3412 3752 hoc
3460 3695 3649 3750 vivens

2057 3815 2246 3870 passer
2279 3800 2333 3854 in
2357 3814 2574 3870 agrum,
2616 3806 2676 3852 ut
2722 3797 2886 3864 volet,
2937 3794 3244 3870 dimittitur.
3272 3792 3415 3862 Ergo
3448 3790 3650 3859 impas-

2060 3890 2234 3946 sibilis
2278 3889 2556 3954 divinitas,
2604 3887 3057 3957 etiuseparabilis
3087 3893 3206 3941 erat
3251 3898 3283 3938 a
3309 3896 3496 3946 carne,
3527 3893 3649 3950 qua:

2058 3998 2215 4053 passa
2246 3991 2353 4038 est.
2404 3980 2560 4038 Unde
2596 3988 2653 4036 et
2691 3978 3069 4050 inseparabilis
3097 3978 3151 4032 in
3181 3974 3446 4046 sanguine
3476 3971 3652 4042 bapti-

2060 4081 2214 4129 zatur
2243 4091 2256 4126 :
2289 4080 2348 4126 ut
2371 4070 2718 4142 impassibilis
2735 4071 2855 4124 viva
2884 4071 2938 4124 in
2968 4083 3157 4139 agrum
3193 4065 3406 4124 avolet:
3435 4063 3504 4118 ad
3525 4060 3649 4116 lati-

2061 4165 2302 4221 tudinem
2352 4163 2604 4220 videlicet
2663 4158 3140 4230 contemplationis
3195 4154 3486 4219 emittitur,
3540 4166 3650 4222 quo

2059 4257 2210 4312 illum
2241 4257 2550 4312 dimittente
2577 4261 2766 4310 nostro
2782 4250 3031 4306 videlicet
3054 4246 3352 4310 intellectu,
3369 4245 3468 4299 sub
3486 4241 3648 4312 hujus

2058 4349 2203 4404 enim
2223 4344 2678 4417 contemplatione
2707 4351 2937 4400 tenetur.
2980 4340 3080 4395 Est
3101 4347 3158 4394 et
3187 4335 3292 4391 alia
3319 4331 3558 4404 passeris
3581 4330 3655 4386 si-

2059 4439 2352 4512 gniﬁcatio,
2385 4448 2443 4494 ut
2489 4451 2654 4507 supra
2699 4434 2956 4490 diximus.
2995 4430 3151 4488 Unde
3178 4427 3377 4500 legitur
3409 4442 3423 4480 :
3459 4422 3657 4478 Trans-

2061 4533 2230 4601 migra
2280 4531 2337 4586 in
2379 4539 2607 4584 montem
2641 4529 2776 4583 sicut
2820 4541 3000 4598 passer
3029 4521 3206 4595 (Psal.
3239 4519 3317 4593 χ).
3363 4518 3657 4573 Passerum

2063 4638 2280 4694 quoque
2318 4623 2472 4692 plura
2515 4629 2643 4676 sunt
2667 4634 2885 4691 genera.
2907 4616 3013 4673 Alii
3038 4614 3273 4687 gaudent
3295 4612 3364 4665 ad
3388 4608 3657 4664 foramina

2064 4716 2354 4786 parietum.
2415 4712 2520 4766 Alii
2543 4711 2712 4766 valles
2761 4709 3003 4765 roscidas
3054 4705 3380 4778 requirunt:
3412 4696 3658 4754 nonnulli

2068 4815 2281 4863 montes
2304 4812 2564 4874 appetunt
2601 4801 2928 4872 squalentes.
2964 4797 3071 4852 Sed
3097 4797 3164 4850 de
3193 4791 3299 4848 illis
3334 4804 3479 4847 nunc
3503 4789 3655 4854 dicit,

2067 4899 2162 4970 qui
2190 4897 2259 4954 ad
2304 4895 2570 4952 altissima
2594 4893 2712 4948 loca
2757 4899 3026 4946 terrarum
3063 4883 3335 4941 levissima
3381 4881 3660 4938 voluntate

2069 4991 2377 5062 rapiuntur,
2413 4996 2473 5044 ut
2492 4988 2577 5043 bis
2606 4985 2802 5042 merito
2831 4980 3037 5039 similes
3060 4977 3420 5041 aestimentur,
3451 4973 3545 5045 qui
3586 4970 3658 5027 ad

2068 5086 2431 5157 nequissimas
2451 5080 2864 5155 praedicationes
2887 5075 3109 5130 levitate
3137 5068 3496 5128 inconstantis
3513 5095 3530 5111 -
3543 5065 3661 5121 ani-

2070 5179 2145 5235 mi
2167 5176 2592 5234 transferuntur.
2626 5171 2760 5226 Nam
2780 5171 2834 5225 in
2857 5167 3072 5224 Psalmo
3100 5163 3367 5234 Propheta
3391 5160 3466 5216 ita
3492 5158 3658 5214 dicit:

2074 5269 2276 5328 Similis
2330 5269 2500 5338 factus
2556 5281 2676 5340 sum.
2719 5260 2977 5334 pcllicano
3023 5261 3079 5316 in
3128 5255 3412 5312 solitudine
3445 5252 3662 5322 :factus

2075 5381 2190 5432 sunt
2243 5364 2377 5418 sicut
2402 5361 2707 5433 nycticorax
2733 5356 2790 5411 in
2815 5353 3105 5410 domicilio.
3144 5348 3373 5422 Vigilavi
3412 5356 3459 5402 et
3483 5346 3661 5433 factus

2073 5430 2188 5512 sum
2227 5456 2362 5510 sicut
2399 5427 2580 5523 passer
2612 5449 2798 5504 unicus
2841 5448 2895 5503 in
2945 5445 3172 5515 cedi/icio
3199 5438 3375 5515 (Psal.
3423 5427 3665 5526 cQg'Per

2073 5553 2191 5608 haec
2234 5547 2452 5602 nomina
2501 5542 2780 5598 volucrum
2811 5540 2896 5612 (ut
2927 5533 3188 5608 arbitror)
3244 5533 3458 5592 diversa
3507 5527 3666 5585 nobis

2071 5639 2448 5713 pmnitentium
2509 5648 2705 5707 genera
2753 5632 3115 5688 declarantur.
3154 5617 3664 5710 Micaﬁeuim

2073 5735 2190 5790 avis
2235 5730 2488 5804 IEgyptia
2527 5739 2631 5793 est,
2670 5725 2893 5783 ciconiis
2937 5720 3181 5792 corporis
3206 5715 3514 5804 granditate
3539 5722 3649 5763 con

2075 5824 2290 5889 similis,
2320 5803 2462 5892 qua:
2531 5817 2763 5875 naturali
2811 5815 2982 5870 macie
3028 5824 3244 5879 semper
3293 5803 3484 5858 alfecta
3530 5804 3657 5852 est:

3154 5694 3338 5704 -σ--νση

3345 5697 3522 5710 ..η-
