4074 6324
395 432 500 493 ω

398 546 642 603 Occasus
662 540 822 599 malae
849 537 1270 597 conversationis
1322 538 1566 609 affectus,
1617 549 1680 596 nt
1723 547 1808 595 est
1850 536 1984 595 illud
2011 536 2067 615 Α
2144 582 2153 595 ,

397 636 457 692 in
493 633 710 691 Psalmo
738 651 750 688 :
779 631 1042 699 Quantum
1072 630 1231 685 distat
1271 629 1459 687 Oriens
1488 631 1552 686 ab
1579 629 1803 697 Occasu,
1832 630 1980 689 elon-

396 729 543 802 gabit
581 745 613 781 a
642 726 787 780 nobis
822 725 1118 795 iniquitates
1155 732 1359 778 nostras
1402 721 1576 798 (Psal.
1619 723 1757 793 ειη).
1788 722 1848 777 In
1873 722 1981 780 0c-

396 834 531 877 casu
572 817 714 873 enim
743 832 978 883 eramus,
1014 831 1137 871 cum
1171 815 1377 887 peccati
1400 816 1617 871 vinculo
1657 815 1979 871 tenebamur

398 909 609 968 astricti
654 926 668 963 :
723 907 779 962 in
838 906 1060 963 Oriente
1116 914 1297 963 autem
1357 921 1563 975 sumus,
1623 908 1837 977 quando
1880 922 1995 978 per.

394 1017 591 1073 aquam
616 999 1046 1072 regenerationis
1073 1014 1173 1054 nos
1201 1014 1365 1055 verus
1392 997 1487 1054 Sol
1534 998 1777 1054 invisitat
1817 1006 1871 1053 et
1901 1006 1979 1054 te-

395 1098 596 1154 nebras
630 1091 759 1150 facit
785 1102 1096 1151 nostrorum
1125 1094 1401 1151 discedere
1438 1102 1809 1166 peccatorum.
1834 1093 1979 1151 Tan-

402 1200 513 1247 tum
545 1205 671 1263 ergo
696 1189 1015 1260 iniquitates
1059 1195 1263 1243 nostra:
1288 1186 1464 1259 longae
1493 1196 1620 1243 sunt
1656 1200 1781 1243 cum
1823 1187 1978 1244 nobis

394 1292 615 1357 peccata
662 1290 848 1338 nostra
895 1279 1240 1346 denotantur,
1290 1288 1549 1352 quantum
1602 1287 1781 1351 potest
1832 1278 1977 1337 clara

332 1434 341 1443 ,
393 1378 508 1435 dies
534 1396 566 1433 a
603 1377 889 1433 tenebrosa
938 1383 1097 1431 nocte
1145 1374 1366 1429 distare.
1412 1371 1543 1430 Sive
1576 1389 1673 1445 per
1700 1364 1978 1430 Orientem

290 1482 295 1483 ’
391 1469 662 1543 signiﬁcat
694 1483 919 1543 regnum
947 1466 1065 1531 Dei,
1088 1481 1183 1538 per
1202 1463 1467 1521 Occasum
1487 1481 1617 1521 vero
1645 1466 1974 1537 gehennam,

390 1578 511 1633 qua:
550 1570 756 1617 tantum
786 1575 818 1616 a
844 1560 1132 1617 beatorum
1165 1559 1292 1616 sedc
1337 1558 1627 1615 dissociata
1668 1566 1774 1625 est,
1806 1572 1977 1630 quan-

393 1662 503 1710 tum
532 1652 996 1718 dicit'Abraham,
1040 1651 1268 1721 loquens
1297 1651 1364 1707 ad
1394 1651 1635 1718 divitem,
1689 1651 1840 1707 Inter
1881 1668 1973 1706 nos

388 1757 437 1803 et
465 1764 549 1801 vos
572 1746 730 1800 chaos
756 1760 1000 1817 magnum
1020 1743 1290 1814 limatum
1310 1753 1384 1798 est
1412 1742 1561 1816 (Luc.
1590 1742 1724 1817 XVI).
1747 1741 1976 1814 Septen-

392 1838 634 1895 trionalis
680 1844 859 1892 autem
904 1852 1030 1909 pars
1074 1836 1279 1901 mundi,
1327 1835 1468 1890 unde
1504 1835 1624 1907 gelu
1668 1844 1723 1890 et
1755 1836 1973 1892 siccitas
2008 1886 2013 1891 .

1395 424 1485 487 DE
1513 422 1868 486 UNWERSO
1900 418 2086 482 LER!
2119 420 2289 481 XXﬂ.
2324 446 2396 469 -
2430 422 2561 482 ΗΒ.
2598 420 2697 481 ῙΧ.

2602 420 2697 481 ιχ.
3551 418 3673 493 nos

2602 534 2830 596 exrn'r
2862 535 3157 597 ramum.

2720 632 2796 689 De
2829 633 3036 689 atomis.

2153 727 2465 800 Philosophi
2529 736 2739 785 atomos
2787 739 2984 785 vocant
3037 728 3297 800 quasdam
3350 732 3406 788 in
3466 737 3670 792 mundo

2082 836 2369 893 corporum
2413 832 2597 896 partes
2646 834 2757 879 tam
2807 823 3222 890 minutissimas,
3274 831 3335 880 ut
3389 840 3490 882 nec
3528 827 3668 885 visui

2082 922 2323 986 pateant,
2375 929 2477 971 nec
2530 923 2735 983 tomen,
2767 915 2821 971 id
2874 924 2978 984 est,
3022 917 3321 973 sectionem
3380 919 3665 992 recipiant.

2084 1007 2238 1066 Unde
2291 1016 2347 1066 et
2386 1010 2554 1065 atomi
2608 1010 2766 1065 dictae
2817 1018 2961 1065 sunt.
3011 1008 3108 1065 lla:
3157 1024 3257 1080 per
3298 1024 3459 1065 mane
3508 1011 3690 1067 totius.

2084 1098 2270 1156 mundi
2305 1099 2618 1171 irrequietis
2667 1100 2904 1157 motibus
2956 1099 3208 1166 volitant,
3251 1107 3308 1155 et
3356 1098 3464 1156 huc
3508 1108 3673 1172 atque

2080 1192 2210 1250 illuc
2234 1191 2368 1252 ferri
2397 1195 2686 1255 dicuntur:
2712 1196 2792 1252 sic
2816 1195 3117 1252 tenuissimi
3145 1195 3395 1267 pulveres
3420 1210 3541 1268 quae
3568 1192 3693 1250 fusi

2077 1298 2176 1355 per
2202 1283 2467 1345 fenestras
2494 1288 2661 1343 radiis
2686 1287 2818 1344 solis
2841 1287 3112 1344 videntur.
3142 1288 3228 1345 Ex
3254 1289 3342 1346 his
3366 1290 3589 1345 arbores
3614 1295 3695 1344 et.

2079 1376 2275 1434 herbas
2300 1388 2357 1434 et
2385 1377 2568 1450 fruges
2614 1397 2809 1437 omnes
2854 1382 3009 1448 oriri,
3059 1388 3113 1438 et
3155 1400 3222 1438 ex
3263 1384 3349 1439 his
3395 1384 3574 1455 ignem
3618 1388 3687 1437 et'

2081 1482 2294 1538 aquam,
2328 1470 2577 1535 universa
2607 1471 2752 1543 gigni
2781 1481 2943 1543 atque
2971 1480 3222 1529 constare
3251 1473 3471 1545 quidam
3499 1471 3674 1543 philo-

2078 1558 2231 1629 sophi
2258 1560 2499 1632 gentium
2526 1567 2868 1632 pictaverunt
2897 1562 3290 1639 [putaverunt].
3322 1565 3461 1631 Sunt
3489 1573 3668 1621 autem

2078 1653 2243 1707 atomi
2270 1660 2365 1709 aut.
2408 1654 2462 1708 in
2512 1669 2756 1725 corpore,
2808 1664 2903 1710 aut
2947 1657 3002 1713 in
3037 1666 3301 1729 tempore,
3349 1666 3442 1712 aut
3490 1657 3544 1712 in
3574 1672 3673 1713 nu-

2079 1757 2249 1800 mero.
2282 1745 2339 1801 In
2369 1760 2618 1816 corpore,
2645 1755 2706 1801 ut
2730 1745 2888 1818 lapis.
2926 1746 3135 1806 Dividis
3157 1764 3281 1804 eum
3310 1748 3363 1802 in
3391 1754 3593 1819 partes,
3619 1754 3676 1804 et

2077 1844 2264 1905 partes
2325 1837 2470 1909 ipsas
2524 1838 2718 1895 d.vidis
2769 1839 2825 1893 in
2880 1855 3072 1910 grana,
3114 1839 3259 1894 velut
3299 1847 3672 1896 suntarenae:

389 1932 712 2002 procedunt,
736 1946 834 2005 per
861 1929 1088 2002 ﬁguram
1120 1929 1359 1985 ostendit
1387 1929 1656 1985 diabolum
1684 1928 1767 1983 vel
1810 1928 1978 2001 frigus
2006 1918 2054 1979 B
2078 1944 2408 2001 rursumque
2441 1931 2556 2001 ipsa
2615 1946 2795 1986 arena:
2837 1948 3006 2003 grana
3046 1931 3222 1989 divide
3269 1932 3323 1987 in
3370 1931 3703 1987 minutissiw

391 2024 743 2092 inﬁdelitatis,
792 2023 860 2079 de
922 2039 1029 2095 quo
1080 2023 1344 2094 scriptum
1391 2031 1514 2076 est:
1576 2022 1883 2093 Aquilonem
1927 2032 1977 2079 et

388 2138 534 2174 mare
560 2129 616 2173 tu
656 2119 865 2174 creasti.
898 2116 1107 2172 Thabor
1153 2126 1200 2172 et
1248 2115 1481 2171 Harmon
1530 2117 1588 2171 in
1637 2117 1844 2173 nomine
1888 2128 1976 2173 tuo

388 2210 740 2280 exsultabant,
781 2221 928 2266 tuum
987 2210 1255 2265 brachium
1316 2227 1435 2266 cum
1487 2211 1719 2282 potentia
1782 2208 1972 2284 (Psal.

388 2301 682 2375 Lxxxvm);
712 2318 810 2374 per
856 2301 1163 2372 aquilonem
1204 2300 1497 2373 designans
1548 2302 1839 2370 diabolum,
1882 2303 1976 2374 qui

387 2392 555 2450 dixit:
588 2391 795 2450 Ponant
819 2393 991 2450 sedem
1024 2410 1191 2448 meam
1222 2392 1277 2447 in
1296 2392 1558 2465 aquilone,
1599 2404 1645 2448 et
1669 2410 1757 2449 ero
1788 2393 1975 2448 similis

387 2486 655 2544 Altissimo
687 2485 824 2558 (lsa.
871 2484 1004 2558 xiv).
1035 2483 1188 2541 Unde
1218 2483 1344 2539 alibi
1393 2483 1629 2556 legitur:
1660 2483 1854 2555 Aquilo
1880 2484 1975 2540 du-

388 2593 481 2633 rus
509 2588 591 2634 est
624 2586 839 2645 ventus,
886 2576 979 2648 qui
1023 2574 1127 2631 alio
1156 2574 1374 2631 nomine
1401 2576 1592 2631 dexter
1637 2588 1880 2643 vocatur,
1910 2592 1976 2632 eo

388 2670 531 2740 quod
562 2668 803 2725 diabolus
821 2682 1018 2724 nomen
1038 2666 1143 2722 sibi
1171 2667 1345 2723 dextri
1374 2677 1688 2739 praesumat,
1718 2676 1977 2739 tanquam

387 2760 516 2815 boni
541 2780 554 2814 ι
584 2760 696 2816 sive
744 2759 885 2830 quod
918 2758 1290 2825 Occidentem,
1342 2759 1395 2815 id
1440 2767 1544 2825 est,
1575 2771 1857 2830 peccatum
1888 2776 1975 2817 re-

390 2852 741 2923 spicientibus
771 2853 961 2909 dextra
1007 2852 1119 2907 ﬁat.
1166 2851 1359 2921 Aquilo
1408 2851 1679 2921 signiﬁcat
1721 2856 1975 2926 pupulum

389 2944 652 3015 gentium,
698 2953 757 3001 ut
807 2945 862 3000 in
909 2944 1083 3000 lsaia:
1134 2943 1321 2998 Dicam
1374 2944 1652 3016 aquiloni:
1703 2946 1782 3001 Da
1837 2945 1971 3021 (lsa.

389 3034 565 3107 XLIII).
589 3035 657 3091 Et
684 3037 737 3092 in
776 3037 1080 3094 Psalterio:
1116 3035 1308 3091 Latera
1338 3036 1600 3108 aquilonis
1622 3038 1803 3094 civitas
1842 3040 1973 3111 regis

388 3128 563 3197 magni
588 3127 761 3202 (Psal.
804 3128 995 3203 vatt).
1037 3128 1105 3183 Et
1134 3129 1185 3183 in
1224 3127 1361 3185 Job:
1393 3129 1469 3185 Ab
1498 3130 1742 3201 aquilone
1782 3147 1974 3187 aurum

388 3218 521 3271 venit
550 3217 695 3291 (Iob.
726 3220 960 3293 xxxvii).
992 3220 1289 3276 Meridiana
1332 3232 1513 3278 autem
1558 3223 1715 3295 plaga
1758 3224 1975 3279 mundi-

2075 2039 2225 2078 mum
2267 2023 2568 2093 pulverem,
2622 2025 2817 2091 donec,
2850 2025 2895 2079 si
2925 2024 3123 2094 possis,
3159 2023 3447 2094 pervenias
3474 2022 3545 2078 ad
3573 2022 3691 2078 ali-.

2074 2126 2237 2184 quam
2260 2115 2563 2180 minutiam,
2596 2130 2715 2185 quae
2756 2132 2865 2171 non
2899 2115 3013 2187 jam
3043 2116 3209 2173 dividi
3248 2123 3448 2186 potest,
3477 2113 3563 2170 vel
3590 2129 3707 2171 se-~

2075 2207 2189 2263 cari
2217 2208 2409 2277 possit.
2435 2207 2561 2264 Haec
2574 2217 2881 2264 estatomus
2904 2208 2956 2263 in
2976 2206 3313 2280 corporibus.
3337 2207 3399 2262 In
3428 2215 3671 2277 tempore
3702 2229 3707 2235 ~

2076 2312 2204 2354 vero
2248 2299 2327 2355 sic
2364 2299 2688 2371 intelligitur
2726 2311 2962 2359 atomus.
3000 2300 3221 2355 Annum
3255 2300 3430 2372 (verbi
3472 2298 3671 2373 gratia)

2076 2388 2269 2447 dividis
2316 2392 2371 2448 in
2417 2409 2658 2461 menses,
2714 2409 2928 2450 menses
2972 2393 3029 2448 in
3060 2392 3198 2460 dies,
3235 2392 3351 2448 dies
3381 2393 3435 2447 in
3460 2392 3627 2448 horas
3659 2410 3676 2448 :

2076 2482 2252 2539 adhuc
2274 2493 2461 2554 partes
2486 2485 2782 2540 admittunt
2807 2484 3154 2552 divisionem,
3180 2501 3462 2556 quousque
3488 2486 3677 2540 venias

2076 2576 2157 2633 ad.
2190 2584 2401 2635 tantum
2463 2580 2726 2650 temporis
2770 2588 3056 2652 punctum,
3097 2587 3153 2635 et
3206 2580 3494 2649 quamdam
3557 2596 3674 2636 mo-

2076 2669 2246 2725 menti
2271 2669 2595 2740 particulam
2627 2670 2812 2738 talem,
2849 2688 2969 2745 qna:
3009 2688 3105 2743 per
3150 2671 3355 2727 nullam
3406 2672 3674 2728 morulam

2074 2761 2298 2832 produci
2323 2762 2517 2834 possit,
2555 2770 2610 2818 et
2644 2764 2764 2819 ideo
2784 2762 2899 2833 jam
2947 2762 3113 2818 dividi
3160 2779 3268 2819 non
3309 2772 3505 2834 potest.
3551 2763 3679 2821 Haec

2076 2861 2159 2908 est
2185 2861 2397 2909 atomus
2429 2855 2703 2925 temporis.
2749 2855 2806 2909 lu
2838 2856 3100 2922 numeris,
3131 2864 3191 2910 ut
3220 2864 3352 2926 puta
3390 2864 3514 2912 octo
3542 2854 3682 2911 divi—
3714 2896 3717 2901 -

2080 2942 2214 3000 dunt
2259 2944 2317 2999 in
2348 2930 2585 3016 quatuor
2617 2960 2808 3001 rursus
2840 2954 3072 3016 quatuor
3116 2946 3172 3000 in
3215 2946 3372 3012 duos,
3420 2945 3546 3001 inde
3573 2944 3681 3001 duo

2076 3031 2132 3088 in
2163 3050 2350 3089 unum.
2380 3033 2533 3090 Unde
2566 3033 2800 3108 [Unum]
2834 3045 3016 3092 autem
3046 3042 3259 3090 atomus
3286 3042 3391 3102 est,
3424 3032 3549 3104 quia
3596 3032 3681 3087 in-

2077 3125 2327 3181 secabilis
2362 3133 2464 3193 est,
2497 3126 2574 3182 sic
2604 3135 2657 3182 et
2693 3126 2884 3181 lutum.
2915 3125 3051 3181 Nam
3076 3126 3377 3183 orationem
3408 3125 3606 3181 dividis
3623 3123 3681 3180 in

2076 3220 2263 3281 verba.
2294 3221 2455 3275 verba
2489 3220 2542 3274 in
2580 3220 2835 3293 syllabas,
2886 3219 3147 3293 syllabam
3199 3219 3254 3275 in
3300 3219 3531 3275 litteras.
3566 3215 3683 3272 Lit-

390 3324 494 3379 que
521 3319 575 3365 et
601 3313 855 3368 australis
897 3292 965 3368 ab
992 3320 1177 3369 austro
1206 3323 1370 3370 vento
1395 3292 1643 3382 vocatur,
1656 3292 1849 3373 ‘calore
1876 3334 1973 3374 suo
2002 3292 2046 3357 (ἶ
2078 3318 2195 3367 tera
2247 3328 2373 3384 pars
2420 3292 2646 3369 minima
2696 3292 2923 3369 atomus
2949 3323 3056 3381 est,
3112 3328 3214 3369 nec
3263 3311 3431 3369 dividi
3475 3320 3676 3384 potest.

389 3407 558 3479 frigus
581 3411 806 3483 dissipat
833 3420 888 3468 et
914 3412 1140 3484 glaciem
1171 3415 1328 3470 solvit
1355 3434 1367 3472 :
1400 3414 1715 3488 signiﬁcans
1741 3412 1970 3484 gratiam

390 3498 623 3570 Spiritus
663 3504 859 3573 sancti,
889 3506 984 3576 qui
1011 3506 1294 3564 cliaritatis
1329 3508 1525 3565 ardore
1554 3507 1723 3579 frigus
1746 3504 1976 3562 inﬁdeli-

391 3592 519 3648 tatis
580 3593 819 3666 expellit,
877 3606 934 3652 et
984 3607 1331 3668 peccatorum
1385 3600 1640 3657 duritiam
1708 3597 1972 3656 dissolvit.

388 3677 546 3739 Unde
558 3682 821 3753 scriptum
841 3694 954 3741 est:
974 3684 1243 3757 Converte,
1263 3689 1507 3759 Domine,
1521 3690 1873 3762 captivitatem
1891 3708 1981 3745 no-

387 3786 556 3832 stram
583 3777 718 3831 sicut
744 3786 946 3832 torrens
976 3778 1029 3832 in
1056 3790 1237 3835 austro
1266 3780 1440 3854 (Psul.
1470 3782 1656 3852 cxxv).
1692 3781 1789 3849 Qui
1813 3782 1979 3837 etiam

388 3878 586 3925 ventus
617 3869 885 3940 signiﬁcat
915 3870 1171 3943 populum
1205 3869 1487 3927 Judaicum
1522 3872 1703 3926 lumen
1735 3872 1978 3928 scicntia:

391 3962 447 4018 in
479 3961 778 4032 Scripturis
805 3963 1045 4035 legisque
1072 3965 1461 4034 prophetarum
1489 3964 1796 4033 habentem,
1839 3965 1981 4020 sicut

390 4054 571 4124 aquilo
616 4054 870 4125 gentilem
910 4055 961 4109 in
1005 4057 1241 4112 tenebris
1276 4046 1621 4113 inﬁdelitatis
1656 4066 1712 4114 et
1755 4058 1983 4113 stultitia

392 4147 593 4202 erroris
619 4146 921 4219 degentem.
968 4146 1078 4204 llas
1110 4164 1326 4221 quoque
1351 4149 1539 4205 ambas
1561 4158 1748 4223 gentes
1778 4149 1982 4206 Christi

391 4242 567 4312 gratia
616 4258 710 4311 per
753 4242 1100 4315 Evangeliutn
1149 4245 1216 4299 ad
1262 4261 1320 4300 se
1364 4246 1697 4301 convocavit.
1744 4245 1876 4301 item
1925 4247 1981 4302 in

395 4332 648 4402 aquilone
674 4334 901 4389 adversa
940 4334 1125 4390 mundi
1168 4335 1222 4392 in
1267 4345 1450 4392 austro
1492 4336 1861 4393 blandimenta
1890 4336 1981 4393 de-

394 4427 696 4499 signantur.
738 4428 853 4495 Qua
887 4430 1101 4501 gemina
1138 4430 1535 4501 expugnatione
1591 4432 1854 4502 probatur
1882 4430 1982 4486 Ec-

395 4519 560 4575 clesia
585 4530 641 4575 et
667 4535 764 4589 per
791 4521 1151 4576 constantiam
1180 4521 1304 4576 ﬁdei
1334 4522 1533 4577 mirum
1567 4521 1787 4577 odorem
1814 4522 1982 4577 virtu—

396 4622 508 4668 tum
541 4615 817 4687 diSpergit.
854 4614 1006 4671 Unde
1050 4631 1246 4686 sponsa
1295 4616 1347 4670 in
1389 4616 1613 4671 Cantico
1643 4616 1981 4671 canticorum

396 4706 564 4762 dicit:
620 4707 809 4779 Surge,
845 4708 1041 4780 aquilo,
1081 4718 1129 4762 et
1182 4709 1315 4775 veni,
1347 4719 1544 4775 auster,
1572 4710 1739 4780 per/la
1772 4710 1977 4763 hortum

394 4818 591 4869 meum,
615 4814 661 4856 et
703 4803 871 4873 ﬂuant
900 4811 1139 4855 aromata
1166 4801 1308 4857 illius
1333 4800 1508 4874 (Cant.
1540 4804 1633 4873 tv).
1680 4801 1980 4872 Consurge,

394 4895 760 4966 permittentis
783 4912 884 4951 vox
922 4902 1027 4959 est,
1060 4909 1166 4948 non
1200 4894 1537 4964 imperantis.
1584 4892 1717 4947 item
1765 4893 1817 4947 in
1849 4909 1981 4948 eon-

399 4987 625 5041 trariam
668 4993 879 5057 partem
927 4986 1183 5042 meridies
1225 4986 1508 5057 accipitur,
1558 4994 1617 5042 ut
1657 4994 1740 5042 est
1771 4985 1898 5040 illud
1926 4984 1983 5040 in

395 5076 649 5133 Psalmo:
682 5078 724 5135 A
769 5076 924 5132 ruina
968 5086 1017 5131 et
1060 5075 1319 5130 dwmonio
1346 5076 1637 5131 meridiano
1666 5072 1839 5147 (Psal.
1871 5075 1982 5147 xc).

398 5171 732 5227 Dtemonium
763 5169 1119 5225 meridianum
1159 5177 1242 5225 est
1281 5169 1518 5224 immane
1546 5169 1848 5240 periculum
1876 5169 1985 5224 fer-

400 5279 529 5321 vore
557 5263 947 5336 persecutionis
983 5278 1292 5330 accensum,
1336 5263 1428 5318 ubi
1465 5262 1622 5319 ruina
1668 5263 1986 5333 plerumque

398 5360 677 5416 metuitur.
707 5361 926 5426 Auster,
954 5359 1215 5424 Ecclesia,
1260 5375 1380 5430 qua:
1422 5375 1488 5416 ex
1519 5356 1720 5416 Judmis
1757 5359 1906 5428 prior
1932 5357 1986 5411 in

400 5452 615 5509 Christo
661 5454 850 5520 edidit,
906 5460 965 5509 nt
1012 5454 1066 5509 in
1115 5452 1424 5524 Propheta:
1492 5450 1595 5516 Qui
1639 5450 1884 5505 habitatis
1932 5450 1989 5503 in

399 5555 543 5601 terra
579 5549 771 5616 austri,
802 5548 933 5619 ferte
971 5564 1164 5619 aquam
1197 5546 1390 5601 sitienti
1421 5543 1555 5617 (lsa.
1600 5544 1736 5615 xm),
1783 5543 1838 5601 id
1880 5550 1983 5610 est,

395 5640 729 5713 baptismum
780 5642 1148 5703 credentibus.
1208 5640 1278 5697 Et
1333 5640 1388 5697 in
1420 5637 1563 5697 Job:
1608 5638 1685 5692 Ab
1742 5635 1988 5708 aquilone

398 5750 592 5790 aurum
620 5734 778 5803 venit,
822 5733 888 5789 ab
941 5742 1124 5793 austro
1161 5731 1233 5806 [et
1260 5731 1350 5793 ad
1399 5728 1596 5805 Deum]
1646 5729 1993 5801 formidolosa

398 5825 641 5883 laudatio
667 5826 792 5902 (Job
836 5823 1070 5901 xxxvn).
1099 5824 1300 5891 Auster
1327 5832 1518 5889 sancta
1546 5822 1792 5885 Ecclesia
1816 5830 1904 5882 est
1927 5814 1992 5880 ll-

390 5917 493 5992 ,ἀεὶ
516 5918 701 5991 ρεισκε
726 5934 970 6002 accensa-

2006 4658 2061 4722 D

2077 3402 2305 3462 Atomus
2336 3421 2464 3479 ergo
2492 3414 2597 3474 est,
2629 3406 2773 3478 quod
2802 3405 2969 3462 dividi
3006 3422 3116 3461 non
3134 3413 3338 3478 potest,
3368 3413 3431 3460 ut
3459 3405 3513 3461 in
3543 3418 3679 3476 geo-

2078 3499 2273 3553 metria
2304 3508 2558 3571 punctus.
2612 3497 2748 3554 Nam
2788 3507 2967 3555 tomus
3011 3499 3205 3556 divisio
3242 3498 3438 3554 dicitur
3466 3498 3676 3566 Graece,

2078 3597 2290 3645 atomus
2322 3589 2594 3647 indivisio.
2646 3589 2782 3647 Nam
2809 3598 3075 3662 quantum
3108 3590 3457 3648 indivisibilis
3491 3590 3678 3646 unitas
3720 3640 3723 3645 ,

2077 3686 2256 3742 valeat
2281 3686 2337 3742 in
2364 3685 2529 3743 rebus
2558 3688 2627 3744 ad
2647 3688 3038 3745 ostendendam
3073 3688 3359 3760 mysticam
3399 3684 3675 3759 signiﬁca-

2081 3780 2304 3849 tionem,
2332 3780 2621 3836 manifeste
2675 3780 2961 3853 Scriptura
2988 3780 3275 3853 designat:
3325 3780 3454 3852 quia
3501 3779 3677 3851 ipsam

2081 3873 2322 3928 omnium
2362 3889 2549 3928 rerum
2590 3873 2807 3928 initium
2857 3889 2978 3930 esse
3023 3875 3387 3940 demonstrat,
3416 3871 3677 3945 Apostolo

2082 3962 2335 4018 dicente:
2373 3961 2519 4017 Unus
2546 3962 2827 4031 Dominus,
2858 3981 2963 4019 una
2986 3964 3137 4034 ﬁdes,
3184 3982 3347 4018 unum
3396 3964 3678 4034 baptisma,

2082 4074 2216 4111 unus
2260 4055 2402 4112 Deus
2433 4068 2480 4111 et
2527 4055 2689 4111 Pater
2739 4057 2991 4122 omnium,
3033 4057 3125 4127 qui
3174 4067 3248 4111 est
3296 4072 3452 4127 super
3503 4072 3681 4111 omnes

2082 4158 2128 4204 et
2156 4164 2250 4220 per
2274 4148 2450 4203 omnia
2484 4158 2529 4203 et
2561 4149 2615 4202 in
2643 4146 2880 4201 omnibus
2913 4146 3077 4210 nobis,
3115 4147 3206 4218 qui
3253 4155 3331 4203 est
3379 4145 3678 4202 benedictus

2082 4239 2135 4294 in
2165 4239 2359 4295 swcula
2391 4240 2606 4311 (Ephes.
2634 4239 2729 4310 Iv).
2764 4238 2914 4295 Unde
2944 4238 3086 4293 idem
3108 4237 3265 4309 jubet
3290 4254 3387 4293 nos
3413 4237 3676 4293 sollicitos

2084 4345 2304 4386 servare
2338 4332 2601 4386 unitatem
2649 4328 2886 4400 Spiritus
2934 4331 2988 4383 in
3021 4329 3235 4384 vinculo
3280 4329 3453 4401 pacis,
3489 4339 3546 4383 ut
3587 4330 3681 4383 ﬁat

2085 4439 2254 4479 unum
2289 4439 2490 4495 corpus
2512 4432 2569 4480 et
2619 4421 2773 4493 cujus
2820 4421 3005 4497 [unus]
3059 4422 3313 4494 Spiritus,
3341 4422 3485 4478 sicut
3504 4421 3682 4478 vocati

2086 4533 2276 4576 sumus
2302 4520 2360 4575 in
2387 4534 2496 4575 una
2525 4531 2621 4592 spe
2652 4517 2953 4574 vocationis
2982 4525 3205 4573 nostrm.

2700 4632 2931 4692 CAPUT
2982 4635 3046 4690 ll.

2104 4766 2109 4775 ι
2676 4704 2753 4759 De
2804 4706 3090 4760 elementis.

2164 4796 2295 4853 Ylen
2330 4795 2505 4853 Graeci
2555 4813 2738 4852 rerum
2775 4796 3064 4867 quamdam
3112 4798 3346 4867 primam
3392 4792 3679 4850 materiam

2091 4891 2295 4957 dicunt,
2330 4891 2477 4947 nullo
2508 4908 2731 4962 prorsus
2758 4891 2919 4947 modo
2948 4891 3236 4947 formatam
3265 4908 3280 4947 :
3313 4890 3408 4948 sed
3434 4892 3679 4947 omnium

2092 4985 2454 5057 corporalium
2505 4986 2807 5044 formarum
2853 5003 3130 5058 capacem,
3185 5003 3251 5043 ex
3296 5002 3399 5059 qua
3445 4987 3680 5043 visibilia

2091 5076 2208 5134 haec
2233 5077 2499 5135 elementa
2528 5079 2759 5135 formata
2783 5087 2928 5135 sunt.
2963 5080 3115 5137 Unde
3134 5090 3191 5135 et
3216 5095 3285 5136 ex
3313 5081 3431 5152 ejus
3462 5081 3685 5136 ἀει-ἤπια

2087 5169 2234 5225 tione
2260 5170 2585 5227 vocabulum
2610 5179 2958 5242 acceperunt.
2992 5170 3147 5227 lianc
3174 5171 3303 5228 Ylen
3342 5171 3523 5228 Latini
3568 5189 3677 5228 nmo

2088 5262 2272 5317 teriam
2296 5262 2704 5333 appellaverunt
2729 5282 2741 5318 :
2776 5263 2899 5320 ideo
2917 5266 3044 5334 quia
3065 5280 3227 5321 omne
3255 5263 3509 5330 informe,
3540 5263 3683 5318 unde

2089 5356 2289 5427 aliquid
2331 5355 2633 5413 faciendum
2672 5368 2776 5424 est,
2802 5374 3018 5429 semper
3054 5358 3285 5414 materia
3316 5366 3676 5428 nuncupatur.

2086 5449 2317 5506 Provide
2345 5458 2401 5504 et
2446 5464 2567 5504 eam
2608 5448 2794 5503 silvam
2852 5451 3285 5507 nominaverunt.
3336 5448 3448 5506 Nec
3494 5449 3683 5505 incon-

2091 5555 2265 5610 grue:
2307 5539 2435 5609 quia
2482 5540 2727 5599 tentoria:
2769 5541 3026 5599 silvarum
3072 5551 3219 5598 sunt.
3270 5538 3444 5597 Graeci
3496 5548 3679 5595 autem
3734 5566 3741 5577 ι

2090 5633 2359 5691 elementa
2396 5643 2588 5705 yetoxa
2618 5644 2932 5705 nuncupant
2959 5652 2974 5689 :
3003 5650 3072 5691 eo
3114 5634 3260 5708 quod
3300 5633 3408 5691 sibi
3451 5633 3683 5690 sociatae

2090 5728 2163 5784 tis
2190 5726 2481 5783 concordia
2523 5733 2582 5782 et
2633 5726 3015 5784 communione
3053 5725 3287 5798 quadam
3334 5721 3679 5783 conveniant.

2093 5818 2231 5879 Nam
2266 5818 2411 5876 sicca
2434 5817 2579 5875 inter
2606 5832 2667 5875 se
2696 5816 2931 5877 naturali
2972 5817 3205 5890 quadam
3242 5816 3453 5875 ratione
3489 5814 3682 5885 juncta

2047 5970 2051 5975 .
2097 5909 2373 5981 dicuntur,
2403 5916 2463 5971 ut
2495 5908 2642 5975 intro
2679 5908 2943 5981 originem
2983 5911 3054 5969 ab
3084 5909 3556 5983 igniamiepetentes
3588 5914 3687 5961 uc-
3718 5938 3743 5951 ι.
