2037 3162
209 182 263 213 2.3

530 180 566 214 ιι,
582 178 709 207 mam
721 176 840 208 mum
858 162 1196 208 tacuisti.”ti’dctimﬁ
1215 171 1357 206 OPERUM
1376 176 1467 205 rans
1485 177 1518 204 ιι.

1791 164 1846 206 eti

205 243 258 271 que
282 235 316 262 ad
338 237 456 268 terram,
475 235 547 262 intro
562 241 578 261 a
591 238 664 262 terra
684 243 770 270 usque
787 235 820 263 ad
838 236 948 272 ignem:
971 239 1001 262 ut
1015 236 1041 267 Α
1054 238 1124 262 runt.
1143 236 1180 262 De
1201 235 1299 270 quibus
1312 234 1388 262 coelis
1411 234 1478 262 alibi
1503 234 1618 262 dicitur:
1639 234 1724 262 Verbo
1740 236 1847 263 Domini

206 281 276 318 ignis
290 281 401 317 quidem
408 281 436 308 in
449 288 514 308 aera
523 280 641 314 desinat,
657 282 738 309 aerin
754 290 852 318 aquam
864 283 1001 316 densetur,

206 335 276 363 aqua
287 327 314 354 in
329 331 431 355 terram
442 331 595 355 crassescat
613 334 781 364 :rursusque
796 333 869 356 terra
886 328 1004 356 diluatur

206 373 350 409 inaquam,
363 381 433 409 aqua
444 377 565 401 rarescat
577 373 604 401 in
617 381 719 407 aerem,
735 374 818 402 aeriu
830 375 1003 411 ignemexte—

206 424 314 457 nuetur.
330 419 501 454 Quapropter
512 420 603 448 omnia
618 419 751 448 elementa
758 420 884 448 omnibus
895 420 1001 448 inesse:

205 464 254 493 sed
265 465 475 501 unumquodque
486 473 580 493 eorum
592 473 624 493 ex
640 473 683 499 eo,
696 467 767 502 quod
779 466 894 502 amplius
910 462 1001 499 habet,

206 509 344 545 accepisse
354 510 529 538 vocabulum.
545 511 615 538 Sunt
628 515 720 538 autem
731 510 821 538 divina
829 510 1003 539 Providentia

205 556 323 591 propriis
349 556 463 584 minutis
483 556 637 584 distributa.
670 556 739 584 Nam
767 557 866 585 coelum
890 556 1000 592 angelis,

206 610 298 630 aerem
312 602 476 636 volucribus,
493 610 568 630 mare
582 603 711 638 piscibus,
724 606 825 630 terram
838 601 1002 636 hominibus,

205 649 390 685 ecclesiasque
406 649 591 677 animantibus
602 649 715 677 Creator
728 650 785 690 ipse
800 648 930 685 implevit.

475 722 480 727 -
515 704 629 733 CAPUT
656 705 701 733 lll.

536 740 576 768 De
604 741 678 768 uelo.

219 808 221 810 μ
241 787 346 815 Caelum
359 787 460 815 dictum
475 794 509 815 eo
533 787 621 822 quod,
645 792 774 822 tanquam
795 787 923 815 calatum
945 795 1002 820 vas,

206 834 339 869 impressa
368 833 470 861 lumina
496 833 597 861 habeat
629 833 779 868 stellarum,
808 833 888 861 veluti
914 834 1002 869 signa.

206 879 309 908 Caelum
325 883 415 908 autem
426 880 454 907 in
473 879 621 914 Scripturis
642 879 744 907 sanctis
770 879 830 907 ideo
851 880 1004 914 ﬁrmamen—

1053 281 1109 309 διιειί
1123 281 1222 315 ﬁrmati
1234 286 1304 313 sunt,
1325 285 1348 307 ct
1363 280 1461 316 Spiritu
1478 281 1531 307 oris
1545 280 1601 315 ejus
1614 281 1697 307 cumis
1709 279 1847 310 virtus‘co-

1054 335 1110 354 rum
1131 326 1216 363 (l’sal.
1243 328 1345 363 xxx");
1363 327 1425 361 quia
1447 325 1637 361 Cbristo'post
1661 327 1848 356 ascensionem

1054 373 1168 408 desuper
1182 372 1305 400 mittente
1321 371 1451 408 Spiritum
1467 376 1592 399 sanctum
1612 373 1725 407 apostoli
1748 373 1774 400 in
1798 374 1850 401 lide

1053 424 1080 446 et
1093 419 1205 446 solantia
1220 418 1364 446 confortati
1383 422 1456 445 sunt.
1483 419 1567 453 lgitur
1588 419 1614 445 in
1637 418 1766 454 principio
1788 411 1849 455 fecit

1053 464 1123 491 Deus
1137 464 1228 491 cwlum
1251 463 1326 498 (Gen.
1347 465 1376 499 ι),
1399 464 1425 491 id
1439 469 1489 496 est,
1506 463 1652 499 spiritales,
1669 464 1714 500 qui
1728 460 1850 493 etelestia

1054 511 1218 538 meditantur
1238 516 1265 537 et
1287 514 1413 544 quaerunt
1433 510 1459 536 in
1485 509 1564 545 ipso:
1581 509 1646 537 fecit
1669 510 1696 536 et
1711 504 1849 554 carnales,

1053 557 1099 591 qui
1132 563 1268 584 terrenum
1296 556 1433 584 hominem
1469 556 1584 583 necdum
1614 559 1771 591 posuerunt.
1798 555 1852 584 Ali-

1054 604 1161 639 quando
1179 604 1259 631 etiam
1276 602 1532 637 contemplationem
1550 599 1726 636 supernorum
1752 599 1851 630 corlu‘m

1054 651 1198 684 signilicat,
1217 654 1245 675 ut
1269 653 1310 676 est
1328 647 1412 675 illud:
1440 647 1590 674 Asremlunt
1615 656 1696 682 usque
1712 647 1746 674 ad
1763 647 1850 680 caelos,
1881 651 1885 662 "

1054 702 1077 722 ct
1093 695 1249 723 descemlunt
1266 702 1346 729 usque
1365 693 1398 720 ad
1426 693 1532 728 abyssos
1550 691 1636 728 (Psal.
1663 692 1728 728 cvi).
1759 692 1850 730 Usque

1055 743 1087 769 ad
1106 741 1190 769 cmlos
1209 741 1307 776 quippe
1325 739 1506 771 ascendimus,
1521 745 1582 766 cum
1600 745 1705 766 summa
1729 740 1854 778 penetra-

1055 794 1114 815 mus
1125 794 1132 813 :
1145 786 1191 814 sed
1206 786 1317 821 abyssos
1330 793 1416 820 usque
1431 784 1631 817 descendimus,
1657 791 1719 812 cum
1742 780 1853 820 repente

1055 841 1070 859 a
1097 832 1331 867 contemplationis
1356 831 1472 858 culmine
1495 838 1543 866 per
1565 830 1654 865 turpia
1684 830 1852 857 tentamenta

1056 878 1207 913 dejicimur.
1224 877 1386 912 Plerumque
1400 885 1464 913 ergo
1484 877 1511 903 in
1535 881 1629 904 saneto
1651 875 1797 911 Evangelio
1811 874 1854 903 Ie”-

206 930 262 952 tum
274 929 412 958 vocatum,
430 925 503 960 quod
521 925 558 953 sit
581 932 678 953 cursus
692 925 813 953 siderum
834 929 862 953 et
884 925 952 953 ratis
969 918 1007 952 le'-‘
1020 920 1043 949 Β
1057 934 1138 961 gnum
1152 925 1282 952 cmlorum
1310 931 1428 958 praesens
1455 923 1577 951 Ecclesia
1594 922 1761 950 nominatur.
1785 921 1854 961 Con-

206 972 285 1007 gibus
307 971 424 1007 ﬁxisque
446 971 595 999 ﬁrmatum.
618 970 757 999 Interdum
782 976 810 1002 et
834 969 932 999 caelum
954 979 1003 1007 pro

206 1022 271 1047 a‘ere
299 1019 441 1055 accipitur,
466 1018 513 1047 ubi
527 1020 601 1047 venti
630 1022 658 1046 et
676 1019 761 1048 nubes
785 1024 813 1046 et
837 1018 961 1056 procella:
978 1024 1005 1048 ct

208 1065 330 1093 turbines
345 1065 423 1092 ﬁunt.
439 1064 469 1092 In
487 1064 629 1100 Scriptura
644 1064 721 1093 sacra
737 1065 897 1101 plerumque
920 1070 948 1093 et
960 1074 1003 1098 ea,

206 1117 266 1145 qua;
282 1109 370 1145 accipi
383 1109 532 1137 secundum
546 1109 687 1138 historiam
702 1115 827 1145 possunt,
841 1110 1003 1146 spiritaliter

207 1154 381 1190 intelligenda
395 1158 480 1182 sntit:
498 1158 528 1185 ut
545 1158 574 1182 et
595 1153 663 1182 ﬁdes
682 1155 815 1182 habeatur
840 1155 868 1182 in
889 1155 1006 1183 veritate

207 1201 340 1234 historiae,
355 1205 384 1228 et
409 1200 538 1236 spiritalis
561 1201 746 1237 intelligentia:
768 1201 890 1236 capiatur
905 1202 932 1228 in
948 1210 1006 1237 my-

208 1248 300 1275 steriis
313 1247 461 1283 allegoria:
484 1248 555 1275 sicut
577 1247 628 1275 hoc
648 1255 755 1282 quoque
772 1247 908 1280 novimus,
933 1246 1005 1283 quod

207 1292 352 1320 Psalmista
372 1293 410 1320 ait
426 1302 432 1320 ε
450 1292 583 1325 Quoniam
603 1292 692 1320 videbo
717 1292 793 1320 artos
818 1300 897 1328 opera
910 1293 1006 1328 digito-

208 1344 266 1365 rum
278 1343 394 1371 tuorum,
406 1338 497 1365 lunam
510 1344 534 1365 et
548 1338 648 1372 stellas,
663 1347 727 1374 quo:
742 1344 769 1366 tu
784 1338 903 1373 fundasti
918 1337 1005 1375 (Prol.

208 1384 280 1419 vui).
310 1384 380 1412 Ecce
415 1385 487 1412 enim
516 1384 593 1418 juxta
625 1378 770 1412 veritatem
802 1384 923 1413 historia:
954 1389 1008 1412 stat

209 1436 300 1457 sermo
313 1430 427 1458 rationis
440 1439 446 1456 :
464 1428 525 1464 quia
536 1434 565 1457 et
574 1429 637 1458 caeli
652 1437 735 1466 opera
749 1430 795 1458 Dei
811 1436 886 1464 sunt,
904 1434 932 1458 et
942 1430 1006 1457 luna

209 1483 243 1504 ac
254 1476 339 1504 stellae
356 1477 391 1504 ab
405 1484 437 1504 eo
452 1480 552 1504 creata:
571 1481 652 1512 atque
675 1476 794 1505 fundam
812 1482 885 1505 sunt.
911 1477 965 1505 Sed
985 1477 1007 1504 si

210 1523 263 1551 hoc
277 1522 423 1551 Psalmista
437 1523 514 1559 juxta
539 1523 624 1552 solam
644 1524 783 1552 historiam
805 1530 834 1552 et
856 1533 910 1553 non
925 1525 1007 1552 etiam

210 1567 358 1595 secundum
374 1567 540 1596 intellectum
559 1569 704 1605 mysticum
723 1569 831 1602 asserit,
855 1569 902 1605 qui
924 1568 1008 1597 coelos

1057 956 1176 1007 gregatio
1191 970 1290 1005 quippe
1301 956 1437 1003 iustorum
1466 977 1577 1005 regnum
1599 969 1731 997 etelorum
1745 956 1853 996 dicitur:

1057 1018 1125 1050 Quia
1145 1017 1216 1043 enim
1236 1023 1286 1050 per
1304 1015 1464 1050 prophetam
1493 1015 1624 1041 Dominus
1640 1013 1724 1041 dicit:
1755 1011 1854 1040 Caelum

1056 1065 1120 1091 nti/ti
1145 1064 1216 1091 sedes
1237 1067 1285 1095 est;
1310 1067 1378 1090 terra
1396 1068 1483 1089 autem
1500 1061 1641 1089 scabellum
1668 1060 1762 1096 pedum
1784 1069 1855 1088 meo-

1057 1119 1114 1137 rum
1130 1110 1196 1146 (Isa.
1222 1110 1310 1145 vat);
1330 1114 1355 1136 et
1373 1108 1500 1136 Salomon
1516 1109 1573 1135 ait:
1592 1107 1687 1135 Anima
1698 1108 1768 1143 justi
1780 1098 1854 1135 aede:

1057 1156 1294 1191 sapientiwa’rov.
1316 1155 1377 1190 xv);
1397 1154 1495 1181 Paulus
1518 1154 1599 1181 etiam
1625 1154 1691 1181 dicit
1715 1152 1855 1180 Christum

1058 1203 1103 1229 Dei
1121 1203 1247 1229 virtutem
1269 1207 1295 1228 et
1320 1201 1366 1228 Dei
1386 1201 1547 1235 sapientiam
1566 1199 1593 1233 (1
1608 1199 1669 1226 Cor.
1695 1198 1731 1235 t);
1752 1195 1856 1234 liquido

1057 1250 1248 1284 ρυιιιριυὺςιιιιι
1262 1249 1358 1279 Deum,
1381 1251 1445 1276 etc..
1459 1247 1511 1274 hoc
1525 1250 1566 1274 est
1581 1254 1696 1283 regnare
1715 1250 1742 1274 et
1752 1243 1855 1287 judicia

1058 1304 1105 1323 sua
1126 1295 1281 1323 decernere.
1302 1294 1369 1321 Nam
1392 1294 1490 1321 coelum
1510 1298 1537 1320 et
1561 1301 1608 1320 aer
1633 1294 1685 1320 iste
1710 1293 1750 1327 (ut
1773 1300 1855 1328 supra

1058 1342 1184 1376 diximus)
1199 1341 1355 1377 agnos‘citur
1370 1341 1396 1368 in
1412 1349 1464 1375 quo
1481 1340 1560 1373 coelo,
1578 1340 1628 1368 hoc
1641 1344 1684 1367 est
1705 1337 1854 1371 aercollc—

1058 1388 1107 1414 lias
1123 1393 1215 1422 raptus
1228 1387 1391 1414 describitur
1404 1396 1408 1412 :
1426 1390 1453 1413 et
1468 1394 1521 1420 quo
1534 1385 1678 1420 Apostolus
1690 1385 1723 1412 de
1739 1385 1855 1412 immun-

1058 1433 1098 1460 dis
1114 1433 1251 1468 spiritibus
1264 1433 1381 1468 loquitur
1394 1442 1400 1459 :
1424 1431 1485 1459 Non
1501 1437 1538 1459 est
1551 1432 1622 1459 nobis
1636 1432 1788 1459 colluctatio
1802 1432 1852 1458 ml-

1058 1488 1144 1507 t‘ersus
1155 1488 1259 1506 carnem
1278 1484 1300 1506 ct
1315 1479 1479 1514 sanguinem,
1496 1478 1541 1505 sed
1554 1484 1644 1505 contra
1663 1478 1794 1518 spiritalia
1808 1486 1855 1518 ⁴νιε-

1058 1527 1147 1564 quitur
1165 1528 1191 1553 in
1208 1527 1351 1554 cmlestibus
1376 1526 1485 1561 (Ep/tes.
1518 1525 1566 1561 vr).
1594 1525 1628 1552 Et
1653 1525 1722 1553 alius
1749 1530 1856 1562 aposto-

1059 1573 1100 1599 lus
1113 1583 1118 1599 :
1133 1573 1195 1599 Cu‘ll
1209 1578 1295 1600 autent
1308 1573 1351 1608 qui
1374 1581 1442 1599 nunc
1458 1577 1531 1605 sunt,
1545 1576 1568 1598 et
1593 1576 1663 1599 terra
1679 1571 1767 1598 eodeni
1782 1570 1856 1598 t-crlto

209 1621 291 1649 opera
306 1614 355 1642 Dei
383 1622 443 1642 esse
465 1615 605 1650 professus
632 1620 684 1650 est,
718 1616 840 1644 dicturus
865 1616 957 1644 lunam
980 1621 1008 1645 et
1022 1606 1044 1638 (ἶ
1061 1621 1164 1655 repositi
1176 1625 1235 1647 sunt
1254 1606 1318 1655 igni,
1333 1625 1416 1646 servat
1428 1619 1455 1646 in
1473 1619 1541 1647 diem
1550 1620 1647 1654 judicii
1659 1619 1701 1655 (II
1715 1619 1786 1647 Petr.
1802 1618 1855 1655 ιιι).

211 1659 304 1688 stellas
320 1669 327 1687 :
352 1667 402 1688 cur
416 1668 470 1689 non
489 1661 573 1689 etiam
599 1661 693 1695 solem,
716 1669 798 1697 quem
816 1662 928 1695 scimus,
942 1662 1005 1697 quia

210 1706 269 1742 ejus
286 1713 354 1741 opus
366 1711 417 1738 est,
435 1708 539 1742 pariter
563 1707 751 1735 ennmeravit?
775 1707 804 1735 Si
833 1708 907 1736 enim
930 1707 1008 1744 juxta

211 1753 295 1781 solam
311 1753 454 1781 historiam
469 1754 639 1788 loquebatur,
656 1754 779 1782 dicturus
802 1754 937 1782 luminare
957 1753 1009 1781 mi-

212 1807 282 1827 nus:
306 1801 383 1836 prius
398 1800 532 1828 luminare
547 1800 635 1835 majus
657 1800 748 1828 dicere
774 1800 876 1833 debuit,
895 1805 925 1828 ut
947 1805 1009 1828 ante

213 1845 297 1873 solem
323 1850 351 1873 et
373 1850 434 1881 post
458 1846 551 1873 lunam
578 1851 659 1882 atque
682 1846 775 1874 stellas
805 1845 930 1874 fundatas
948 1855 1009 1874 esse

212 1892 379 1927 perhiberet.
397 1892 450 1920 Sed
477 1893 541 1928 quia
563 1893 641 1929 juxta
668 1892 834 1921 intellectum
865 1894 1009 1929 mysticum

211 1933 384 1972 loquebatur,
399 1943 430 1966 ut
447 1939 539 1966 lunam
558 1943 681 1966 sanctam
696 1938 859 1971 Ecclesium,
872 1943 899 1966 et
918 1937 1009 1966 stellas

211 1982 337 2012 homines
351 1989 459 2013 sanctos
479 1985 603 2019 accipere
625 1985 795 2018 deberemus,
825 1984 909 2012 solem
923 1985 1011 2012 nomi-

213 2034 281 2056 nare
294 2029 397 2057 noluit:
415 2031 477 2065 quia
490 2030 617 2059 videlicet
630 2031 682 2066 ipsi
700 2035 803 2059 aeterno
816 2030 866 2058 soli
882 2030 1010 2065 loqueba-

213 2077 269 2106 tur,
283 2074 316 2102 de
332 2082 385 2110 quo
405 2076 536 2112 scriptum
552 2080 612 2104 est:
641 2076 720 2103 Vobis
745 2081 841 2109 autem,
855 2076 899 2112 qui
915 2076 1010 2104 timetis

213 2119 365 2153 Dominum,
382 2121 480 2148 orietur
495 2121 535 2148 sol
547 2122 660 2156 justitia:
678 2120 757 2157 (Mal.
774 2121 821 2158 tv).
837 2121 942 2149 Ccelum
963 2130 1010 2149 au-

215 2168 269 2191 tem
295 2164 374 2198 juxta
399 2164 555 2199 allegoriam
584 2165 728 2200 aliquando
754 2166 841 2201 ipsum
867 2166 1011 2194 Dominum

215 2209 384 2237 Salvator-em
403 2210 547 2245 signiﬁcat,
566 2216 597 2239 ut
614 2216 655 2240 est
674 2212 738 2241 illud
757 2220 763 2239 :
779 2212 877 2240 (Ia-lum
892 2213 948 2240 caeli
960 2213 1011 2240 Do-

214 2256 285 2282 mino
300 2254 386 2291 (Psal.
410 2256 499 2292 cxtu),
516 2258 580 2292 quia
600 2262 709 2286 sanctus
730 2263 884 2286 sanctorum
898 2263 926 2286 et
939 2257 1010 2285 Deus

215 2301 328 2329 deorqu
344 2310 350 2329 :
365 2302 402 2330 ita
413 2303 506 2338 ctjam
524 2305 622 2333 coelum
640 2305 771 2333 cwlorum
788 2310 860 2333 recte
873 2306 930 2341 ipse
942 2305 1010 2333 dici-

215 2352 269 2382 tur,
286 2349 313 2376 in
326 2357 380 2385 quo
387 2350 525 2385 plenitudo
536 2352 686 2380 divinitatis
700 2352 844 2380 inhabitat.
858 2352 1010 2388 Aliquando

214 2407 279 2427 vero
292 2402 428 2436 angelicas
443 2407 591 2437 potestates
605 2403 752 2438 significat,
780 2409 810 2431 ut
836 2408 877 2431 est
901 2404 966 2432 illud
982 2405 1009 2432 in

214 2445 336 2473 Genesi:
363 2446 397 2474 In
423 2449 549 2484 principio
571 2449 630 2483 fecit
658 2449 726 2477 Deus
750 2449 840 2477 calum
865 2456 888 2477 et
914 2456 1009 2478 terram

216 2490 294 2530 (Gen.
311 2493 349 2529 l);
374 2494 445 2529 quod
472 2495 548 2529 prius
569 2494 678 2522 vocavit
701 2494 922 2524 ﬁrmamentum:
948 2496 1011 2531 quia

216 2539 279 2568 coeli
296 2539 404 2567 fuerunt
425 2540 472 2573 hi,
488 2541 534 2576 qui
558 2541 634 2577 prius
657 2541 726 2569 bene
745 2541 846 2570 conditi
868 2547 940 2575 sunt,
963 2541 1011 2570 sed

215 2585 389 2623 postmodum
406 2586 606 2614 firmamentum
621 2587 746 2623 appellati
768 2592 830 2615 sunt
845 2598 850 2615 :
876 2589 939 2624 quia
954 2595 1012 2616 0m-

216 2631 282 2662 nino
301 2633 358 2668 jam
373 2639 407 2660 ne
423 2633 561 2666 caderent,
583 2633 711 2661 virtutem
732 2633 1012 2662 incommutabilitatis

216 2678 365 2714 accipiunt.
379 2678 420 2707 Ad
440 2686 508 2714 quos
526 2687 576 2715 per
602 2679 765 2716 Prophetam
795 2681 859 2708 alibi
888 2680 987 2708 dicitur
1004 2688 1010 2706 :

216 2723 324 2756 Audite,
337 2724 405 2758 caeli,
425 2725 489 2760 quia
507 2725 633 2753 Dominus
645 2725 747 2754 locutus
758 2731 795 2754 cst
810 2726 877 2761 (Ita.
896 2725 927 2760 ι).
944 2725 1011 2752 Item

218 2768 281 2796 εωὶί
299 2769 408 2798 nomine
422 2771 559 2806 prophetae
573 2776 600 2799 et
613 2772 728 2807 apostoli
744 2776 772 2800 et
792 2771 878 2799 sancti
893 2770 944 2798 viri
963 2779 1011 2798 ex-

218 2814 381 2850 primuntur,
401 2820 431 2844 ut
443 2821 484 2844 est
495 2816 664 2851 huiusmodi;
678 2817 882 2850 Calilenarrant
899 2816 1011 2851 gloriam

220 2858 268 2886 Dei
276 2859 361 2895 (l‘sal.
369 2862 458 2898 xvrn);
467 2863 529 2899 quia
542 2863 591 2898 ipsi
600 2863 633 2890 de
644 2863 762 2891 adventu
769 2862 869 2891 Christi
876 2863 1010 2891 disseren-

220 2903 257 2934 do
268 2907 360 2935 urbem
376 2913 508 2937 terrarum
523 2909 626 2936 sanctis
638 2908 868 2937 admonitionibus
882 2909 1010 2950 impleve-

1060 1666 1211 1701 Aliquando
1227 1674 1291 1702 ergo
1310 1666 1335 1693 in
1357 1666 1417 1693 C(I‘li
1432 1666 1541 1693 nomine
1560 1674 1638 1694 sacra
1655 1666 1796 1702 Scriptura
1810 1666 1857 1694 dc-

1059 1712 1182 1747 signatur
1212 1711 1244 1738 de
1269 1719 1321 1746 qua
1346 1711 1465 1738 dicitur:
1496 1711 1646 1739 Extcudcns
1672 1710 1766 1738 ca’lum
1789 1711 1856 1738 sicut

1058 1755 1149 1790 pellem
1166 1755 1252 1792 (Psal.
1268 1755 1342 1790 cm);
1356 1763 1388 1783 ex
1402 1764 1454 1790 qua
1471 1756 1548 1783 nobis
1561 1760 1587 1783 et
1606 1755 1646 1783 sol
1662 1755 1814 1790 sapientite,
1829 1758 1858 1784 et

1060 1801 1121 1828 luna
1138 1802 1266 1835 scientirc,
1280 1806 1306 1828 et
1318 1808 1350 1828 ex
1373 1802 1492 1836 antiquis
1507 1801 1631 1836 patribus
1652 1801 1737 1829 stellae
1761 1807 1856 1839 exem-

1060 1846 1165 1882 plorum
1177 1851 1257 1882 atque
1272 1847 1385 1874 virtutes
1399 1847 1499 1873 lucent.
1521 1846 1597 1880 Quod
1621 1847 1691 1874 sicut
1711 1846 1791 1882 pellis
1808 1854 1857 1874 ex-

1063 1893 1200 1919 tenditur:
1225 1893 1286 1927 quia
1311 1901 1360 1928 per
1386 1893 1534 1928 scriptores
1557 1901 1621 1921 suos
1649 1893 1740 1920 carnis
1767 1886 1856 1927 lingua

1062 1938 1207 1965 formatum
1225 1943 1286 1964 ante
1300 1938 1390 1965 oculos
1405 1943 1514 1965 nostros
1538 1946 1586 1973 per
1608 1939 1690 1965 verba
1717 1938 1857 1965 doctorum

1061 1983 1218 2018 exponendo
1235 1984 1402 2018 displieatur.
1422 1983 1504 2017 Cujus
1523 1984 1583 2011 coali
1607 1984 1747 2019 superiora
1765 1983 1857 2014 Domi~

1062 2038 1112 2056 nus
1127 2030 1153 2056 in
1170 2030 1247 2064 aquis
1268 2030 1350 2065 tegit:
1374 2030 1437 2065 quia
1460 2030 1513 2057 alta
1539 2031 1610 2058 sacri
1632 2029 1742 2066 eloquii,
1759 2029 1788 2058 id
1804 2035 1858 2064 est,

1062 2084 1092 2104 ea
1116 2083 1175 2110 quae
1194 2076 1226 2103 dc
1250 2080 1346 2103 natura
1365 2076 1524 2108 divinitatis,
1543 2077 1584 2104 vel
1604 2076 1638 2104 de
1658 2076 1768 2104 (uternis
1793 2083 1857 2114 gau-

1062 2122 1113 2149 diis
1128 2125 1231 2154 narrat,
1254 2121 1331 2148 nobis
1345 2122 1433 2149 adhuc
1454 2122 1646 2154 nescientibus,
1670 2121 1734 2149 solis
1756 2121 1859 2156 angelis

1063 2168 1088 2194 in
1105 2172 1212 2194 secreto
1228 2172 1290 2194 sunt
1303 2168 1421 2203 cognita.
1440 2167 1506 2194 Nam
1524 2168 1585 2195 alibi
1600 2167 1626 2194 in
1647 2167 1780 2194 Psalterio
1793 2167 1857 2203 legi-

1064 2218 1107 2240 tur
1122 2223 1127 2239 :
1144 2213 1261 2241 Lautlalc
1277 2222 1344 2246 emit,
1359 2214 1415 2240 cwli
1431 2213 1565 2246 malorum,
1577 2218 1600 2240 et
1614 2222 1701 2250 aqum,
1713 2221 1770 2248 qum
1782 2219 1860 2249 super

1063 2262 1138 2288 ro'los
1153 2266 1222 2294 sllltl,
1250 2259 1356 2288 laudent
1381 2269 1473 2287 nomen
1497 2260 1603 2287 Domini
1628 2259 1713 2296 (Ptol.
1736 2258 1861 2299 ιςκιιγιιιλ.Δ

1063 2311 1191 2344 Quamvis
1216 2311 1242 2337 in
1267 2310 1365 2338 Genesi
1387 2318 1468 2337 unum
1493 2309 1590 2336 coelum
1616 2308 1776 2335 fabricatum
1799 2313 1858 2336 esse

1063 2356 1207 2391 legerimus
1223 2378 1229 2387 ,
1259 2361 1346 2383 tamen
1372 2364 1418 2382 eos
1447 2355 1542 2390 plurali
1569 2362 1681 2381 munero
1705 2357 1733 2379 et
1760 2351 1859 2379 Paulus

1063 2404 1199 2439 apostolus
1214 2403 1357 2437 appellavit
1374 2402 1416 2437 (ΙΙ
1432 2401 1491 2428 Cor.
1509 2402 1569 2436 xu),
1593 2400 1639 2435 qui
1655 2400 1738 2426 rcl'ert
1756 2399 1782 2425 in
1805 2403 1858 2424 ter-

1064 2451 1129 2477 tium
1147 2459 1175 2475 se.
1190 2449 1286 2475 ι’(υΙιιιιι
1300 2453 1417 2482 raptum,
1435 2448 1526 2482 ibique
1542 2447 1604 2473 talia
1616 2445 1784 2481 cognovisse,
1799 2453 1858 2479 qlre

1063 2496 1166 2523 homini
1179 2502 1230 2522 non
1249 2495 1327 2521 lit-eat
1340 2494 1415 2521 (εαξη-ἱ
1430 2504 1434 2520 ;
1450 2499 1479 2520 et
1494 2494 1536 2520 hic
1550 2492 1646 2528 plurali
1664 2499 1776 2519 numero
1787 2499 1857 2518 nun-

1063 2543 1204 2574 cupantur.
1223 2539 1298 2571 Quod
1324 2538 1369 2565 tali
1389 2538 1503 2565 forsitan
1521 2538 1624 2564 ratione
1639 2536 1794 2564 concordat.
1812 2535 1858 2563 Di-

1064 2586 1151 2612 cimus
1170 2593 1252 2612 unum
1275 2592 1335 2612 esse
1355 2584 1495 2620 palatium,
1518 2584 1589 2619 quod
1605 2583 1697 2610 multis
1719 2581 1858 2613 membris,

1067 2632 1212 2666 multisque
1240 2632 1335 2666 spatiis
1358 2632 1510 2659 ambiatnr:
1539 2631 1577 2658 ita
1606 2630 1722 2658 forsitan
1746 2634 1772 2657 ct
1798 2628 1860 2657 οωΙί

1065 2681 1157 2712 partes
1179 2677 1295 2704 dicimus
1317 2678 1411 2711 caelos,
1437 2678 1499 2706 dum
1520 2677 1670 2712 complexio
1685 2681 1768 2711 atque
1783 2676 1861 2703 sinus

1067 2724 1126 2759 ejus
1137 2732 1207 2751 unus
1226 2732 1285 2752 esse
1299 2730 1476 2752 monstretur.
1493 2725 1586 2759 Aquas
1602 2732 1667 2751 vero
1681 2731 1762 2758 super
1776 2722 1861 2750 caelos

1068 2777 1128 2798 csse
1148 2769 1261 2797 Genesis
1288 2770 1380 2798 refert.
1409 2771 1455 2797 Ait
1482 2771 1576 2798 enim:
1600 2770 1744 2804 Divisitque
1766 2776 1860 2803 aquas,

1067 2824 1125 2851 qua:
1141 2820 1214 2841 crant
1235 2815 1280 2841 sub
1304 2815 1478 2849 ﬁrmamento,
1493 2816 1525 2842 ab
1552 2816 1592 2842 Itis
1613 2823 1672 2850 qua:
1697 2818 1861 2847 eruntaut)"

1067 2861 1261 2895 [irmmltenlum
1273 2860 1349 2893 (Gen.
1365 2861 1395 2895 ι).
1412 2861 1625 2889 Firmamentum
1637 2861 1710 2888 enim
1728 2861 1755 2888 in
1769 2859 1860 2887 Eccle-

1068 2909 1107 2935 sia
1132 2907 1278 2941 Scriptura:
1308 2907 1405 2935 divina:
1437 2908 1644 2944 intelliguntur:
1674 2907 1737 2942 quia
1763 2905 1860 2933 cwlum
