4074 6324
353 335 460 393 265

1275 370 1280 376 ς
1335 334 1438 390 ne
1473 324 1820 388 UNWERSO
1859 320 2038 402 Luam
2076 320 2808 386 ωιη-ιω,
2865 357 2868 360 .
2966 359 2973 374 .

3499 324 3604 382 S66

353 449 664 524 plicabitur,
695 448 837 506 sicut
857 446 995 506 liber
1017 467 1031 505 :
1061 449 1424 519 discrevitque
1444 461 1606 520 super
1621 448 1725 502 hoc
1746 443 1930 498 ﬁrma-

2049 437 2249 508 ;uando
2289 437 2728 509 praedicationem
2780 438 3057 513 Evangelii
3091 460 3105 496 :
3151 442 3438 514 aliquando
3481 463 3628 508 san-‘1

355 553 541 600 mento
576 556 770 612 aquas.
802 541 859 596 id
887 548 990 607 est,
1036 541 1285 598 caelestes
1323 540 1551 612 populos
1596 537 1937 608 angelorum,

354 634 448 706 qui
477 647 588 688 non
636 646 772 702 opus
809 631 1010 687 habent
1052 632 1156 688 hoc
1199 632 1478 702 suscipere
1513 630 1937 695 ﬁrmamentum,

354 735 416 781 ut
441 738 619 796 regem
646 721 885 795 legentes
911 723 1133 780 audiant
1160 725 1388 780 verbum
1428 723 1544 780 Dei.
1570 723 1768 780 Vident
1791 722 1938 778 enim

355 832 483 872 eum
503 830 718 886 semper
746 824 802 870 et
831 814 1060 887 diligunt
1084 833 1099 870 :
1127 817 1223 872 sed
1252 816 1596 887 superposuit
1625 817 1802 888 ipsum
1839 814 1938 870 ﬁr-

358 915 693 964 mamentum
719 905 854 977 legis
882 920 993 963 suae
1021 922 1183 979 super
1211 908 1578 964 inﬁrmitatem
1619 907 1940 964 inferiorum

357 999 702 1070 populorum,
723 1005 786 1053 ut
811 997 915 1055 sibi
943 999 1300 1071 suscipientes
1331 1007 1679 1072 cognoscant,
1706 998 1942 1070 qualiter

358 1091 670 1146 disCernant
710 1088 855 1146 inter
878 1090 1118 1146 carnalia
1165 1100 1221 1148 et
1266 1091 1556 1163 spiritalia,
1606 1091 1763 1163 quasi
1798 1091 1940 1148 inter

356 1197 529 1255 aquas
564 1183 872 1240 suneriores
913 1191 968 1239 et
991 1183 1296 1242 inferiores.

961 1297 1189 1356 CAPUT
1235 1299 1326 1355 1V.

879 1366 958 1424 De
1009 1370 1244 1440 partibus
1295 1369 1427 1425 caeli.

426 1457 746 1530 Appellatur
773 1465 954 1514 autem
995 1459 1137 1515 idem
1169 1459 1320 1516 locus
1363 1460 1557 1527 aethra,
1604 1461 1661 1515 in
1711 1475 1820 1532 quo
1864 1461 1938 1516 si-

359 1551 492 1607 dera
513 1559 658 1617 sunt,
686 1559 742 1608 et
765 1550 1034 1622 signiﬁcat
1057 1565 1179 1606 eum
1201 1552 1400 1624 ignem,
1428 1552 1520 1623 qui
1551 1567 1582 1607 a
1608 1559 1720 1608 toto
1740 1553 1940 1610 mundo

362 1643 420 1700 in
443 1641 618 1698 altum
663 1649 943 1712 separatus
973 1651 1076 1698 est.
1122 1641 1264 1699 Sane
1308 1643 1478 1698 aether
1513 1651 1596 1700 est
1631 1644 1809 1714 ipsum
1833 1645 1940 1700 ele-

361 1743 628 1801 mentum,
673 1734 880 1792 mtbera
914 1748 1044 1790 vero
1069 1735 1322 1806 splendor
1346 1736 1567 1793 aetheris
1610 1745 1713 1792 est.
1745 1737 1936 1794 Consi.

2039 536 2183 584 ctam
2214 529 2535 587 Ecclesiam.
2569 530 2858 589 Sciendum
2886 535 3056 592 nobis
3093 545 3220 605 est,
3267 541 3368 597 hoc
3414 559 3622 604 nomen

2039 625 2258 684 luminis
2301 629 2468 685 totius
2528 627 2814 686 Trinitatis
2850 644 2972 687 esse
3034 647 3338 690 commune.
3391 636 3626 709 Legitur.

2039 722 2182 777 enim
2221 742 2236 778 :
2292 723 2432 779 Deus
2485 723 2579 779 lux
2618 735 2727 791 est,
2767 735 2815 786 et
2856 728 3078 784 tenebrre
3106 730 3163 785 in
3203 748 3265 785 eo
3309 733 3470 788 nullw
3494 746 3618 792 sunt

2038 810 2112 886 (1
2141 812 2302 872 Joan.
2333 815 2412 888 1).
2465 817 2607 890 Ergo
2649 819 2775 888 quia
2821 818 3021 887 Pater,
3069 831 3125 878 et
3176 821 3349 878 Filius
3391 833 3446 880 et
3491 826 3616 898 Spl—

2039 903 2178 962 ritus
2207 916 2430 964 sanctus
2454 923 2594 964 unus
2624 918 2711 964 est
2730 909 2890 974 Deus,
2944 918 3089 966 recte
3139 913 3618 973 animadvertimus

2039 993 2106 1048 de
2151 1003 2263 1051 tota
2306 997 2572 1054 Trinitate
2613 1013 2735 1058 esse
2779 1000 2980 1056 dictum
3017 1020 3031 1056 :
3079 1001 3227 1058 Deus
3265 1003 3361 1060 lux
3399 1017 3476 1061 est
3503 1047 3518 1072 ,
3570 1018 3620 1062 et

2041 1090 2264 1145 tenebras
2295 1091 2352 1146 in
2383 1108 2442 1146 eo
2478 1091 2636 1148 nulla
2668 1103 2809 1150 sunt.
2856 1094 3012 1151 Unde
3054 1109 3246 1152 versus
3284 1097 3388 1153 iste
3424 1100 3630 1155 merito-

2041 1183 2110 1238 de
2157 1181 2440 1239 Salvatore
2489 1184 2620 1240 dicit
2667 1202 2684 1239 :
2733 1184 2803 1241 In
2841 1185 3038 1242 lumine
3081 1196 3173 1242 tuo
3207 1187 3494 1244 uidebimus
3535 1189 3619 1244 lu-

2040 1289 2157 1328 men
2185 1273 2358 1346 (Psal.
2387 1274 2574 1345 xxxv).
2604 1275 2758 1344 Quod
2787 1285 2967 1332 autem
2991 1276 3240 1334 Christus
3263 1294 3390 1334 vera
3410 1279 3501 1334 lux
3517 1281 3620 1346 sit,

2040 1365 2275 1421 ostendit
2297 1365 2411 1435 ipse
2437 1365 2490 1419 in
2506 1365 2794 1436 Evangelio
2817 1366 3002 1424 dicens
3029 1384 3042 1420 :
3075 1366 3188 1438 Ego
3215 1385 3330 1422 sum
3351 1368 3444 1424 lux
3466 1386 3618 1424 mun-

2039 1455 2116 1511 di.
2148 1457 2252 1523 Qui
2291 1457 2525 1527 sequitur
2563 1473 2664 1522 me,
2704 1474 2808 1512 non
2851 1457 3134 1512 ambulabit
3173 1459 3229 1513 in
3265 1460 3506 1525 tenebris,
3530 1462 3621 1515 sed

2042 1547 2246 1604 habebit
2291 1547 2467 1602 lumen
2526 1546 2649 1622 uitta
2697 1545 2878 1618 (Joan.
2927 1547 3085 1620 vui)..
3117 1548 3194 1606 De
3236 1563 3344 1620 quo
3386 1548 3621 1606 Joannes

2041 1636 2375 1710 evangelista
2415 1637 2534 1704 ait;
2573 1635 2707 1691 Erat
2738 1637 2831 1690 luo;
2867 1653 3009 1703 uera,
3047 1655 3166 1709 qua:
3204 1638 3466 1697 illuminat
3509 1657 3640 1698 oms».

2044 1745 2160 1784 nem
2212 1729 2496 1786 uenientem
2535 1730 2592 1783 in
2633 1729 2889 1784 mundum
2931 1728 3113 1800 (Joan.
3151 1730 3226 1801 l);
3283 1746 3506 1790 omnem:
3540 1733 3640 1786 vi--

361 1834 514 1884 stunt
533 1827 680 1884 enim
723 1825 1014 1884 luminaria
1050 1829 1106 1884 in
1138 1829 1482 1886 ﬁrmamento
1521 1830 1666 1898 coeli,
1699 1833 1805 1888 hoc
1831 1841 1936 1900 est,

2049 1819 2260 1888 delicet,
2297 1820 2394 1891 qui
2434 1819 2771 1876 illuminatur
2806 1821 2922 1877 sive
2961 1821 3196 1879 naturali
3240 1821 3478 1893 ingenio,
3527 1838 3624 1880 seu

362 1916 421 1974 in
442 1916 788 1974 ﬁrmamento
813 1916 949 1991 legis
971 1917 1068 1976 Dei
1100 1918 1286 1987 inﬁxa,
1319 1921 1665 1992 evangelista:
1689 1922 1944 1980 videlicet

362 2016 422 2065 et
447 2007 696 2066 doctores
730 2008 1026 2081 Scriptum
1069 2020 1271 2068 sanctae
1307 2012 1634 2083 disputando
1669 2014 1945 2071 cohaeren-

364 2105 446 2155 tes
476 2107 535 2155 et
562 2099 814 2157 omnibus
833 2099 1184 2158 inferioribus
1211 2102 1393 2160 lumen
1419 2105 1697 2175 sapientiai
1721 2107 1946 2161 demon-

363 2199 619 2249 strantes.
657 2192 866 2250 Prodiit
889 2194 1055 2250 etiam
1082 2195 1264 2263 simul,
1299 2204 1431 2264 etc.,
1458 2196 1778 2253 micantium
1805 2195 1947 2252 side-

361 2298 484 2339 rum
512 2283 693 2350 turba,
720 2283 776 2340 id
803 2292 906 2350 est,
937 2285 1278 2342 diversarum
1299 2287 1564 2342 virtutum
1606 2287 1663 2342 in
1700 2286 1944 2343 Ecclesia

364 2374 750 2439 numerositas,
778 2387 900 2443 quae
944 2374 1000 2430 in
1056 2376 1216 2448 hujus
1260 2376 1386 2432 vitae
1430 2376 1780 2442 obscuritate,
1830 2386 1946 2432 tan-

363 2478 528 2534 quam
569 2465 628 2520 in
655 2474 837 2535 nocte,
881 2466 1208 2538 refulgentes
1247 2467 1490 2524 dividant
1517 2468 1575 2523 in
1618 2469 1723 2524 hoc
1763 2468 1946 2524 ﬁrma-

367 2562 549 2610 mento
599 2554 894 2629 Scriptura:
936 2559 1214 2614 sensibilis
1263 2566 1319 2615 et
1363 2557 1739 2631 intelligibilia,
1787 2558 1946 2629 quasi

368 2643 510 2702 inter
546 2646 722 2704 lucem
763 2647 1147 2720 perfectorum,
1178 2660 1234 2706 et
1275 2650 1526 2705 tenebras
1575 2649 1894 2722 populorum
1927 2667 1942 2706 :

370 2741 428 2792 et
452 2745 582 2794 sunt
604 2738 837 2811 insignia
863 2740 1125 2796 virtutum
1163 2748 1220 2798 et
1255 2739 1660 2796 miraculorum.

977 2855 1205 2914 CAPUT
1268 2856 1329 2912 V.

931 2926 1009 2983 De
1027 2928 1213 2998 januis
1250 2926 1382 2982 cali.

439 3015 624 3072 ianuae
650 3017 911 3073 coeliduze
956 3027 1118 3074 sunt:
1159 3017 1350 3074 Oriens
1397 3027 1454 3075 et
1497 3018 1756 3077 Occasus.
1811 3020 1948 3078 Nam

369 3124 476 3164 una
504 3118 660 3180 porta
690 3109 770 3165 sol
809 3111 1069 3181 procedit,
1121 3110 1226 3165 alia
1275 3125 1334 3166 se
1376 3110 1589 3181 recipit.
1630 3110 1952 3183 Signiﬁcant

371 3208 551 3256 autem
574 3199 756 3269 ianuae
785 3201 907 3257 οωιὶ
938 3210 1256 3258 testamenta
1300 3203 1500 3258 divina.
1549 3204 1701 3260 Unde
1728 3205 1952 3261 Psalmi-

371 3299 453 3346 sta
480 3291 592 3346 ait:
631 3291 902 3346 Mandavit
949 3293 1167 3347 nubibus
1212 3294 1451 3364 desuper,
1501 3305 1550 3350 et
1587 3297 1789 3366 januas
1838 3295 1952 3351 caeli

373 3379 574 3451 aperuit
604 3379 776 3452 (Psal.
801 3381 1026 3454 Lxxvu).
1059 3382 1371 3438 Mandatum
1400 3391 1484 3440 est
1517 3387 1664 3441 enim
1693 3386 1949 3454 nubibus,

372 3462 428 3526 id
452 3479 557 3537 est,
589 3470 1052 3541 praedicatoribus,
1079 3482 1140 3527 ut
1171 3488 1269 3543 per
1290 3471 1488 3540 ianuas
1519 3475 1664 3541 ctnli,
1707 3477 1813 3534 hoc
1869 3484 1954 3533 est

372 3555 685 3615 Scrinturas
726 3568 960 3625 sanctas,
989 3560 1370 3631 praedicatione
1395 3563 1632 3636 gloriosa
1661 3565 1954 3622 adventum

370 3649 673 3706 Salvatoris
709 3651 922 3704 Domini
962 3653 1312 3710 nuntiarent:
1361 3658 1453 3726 qui
1484 3672 1610 3712 vere
1638 3673 1836 3714 manna
1870 3675 1954 3715 su-

368 3742 557 3806 mitur,
603 3740 818 3812 quando
866 3743 1126 3800 adorabili
1170 3749 1660 3806 communicatione
1685 3761 1952 3818 vastatur.

982 3859 1210 3917 CAPUT
1258 3862 1346 3917 VI.

937 3929 1016 3984 De
1058 3931 1382 3988 cardinibus.

441 4017 703 4075 Cardines
741 4025 924 4076 autem
960 4021 1148 4077 mundi
1180 4023 1286 4078 duo
1319 4041 1332 4078 :
1368 4023 1676 4095 Septentrio
1701 4035 1760 4084 et
1800 4027 1956 4087 Meri-

371 4110 508 4166 dies.
537 4111 596 4168 ln
633 4111 767 4180 ipsis
809 4111 954 4168 enim
985 4113 1220 4171 volvitur
1244 4115 1462 4172 coelum.
1509 4116 1830 4192 Signiﬁcant
1855 4135 1954 4177 au-

374 4206 485 4256 tem
511 4200 760 4258 cardines
805 4202 906 4273 ipsi
960 4205 1242 4276 praesentis
1284 4205 1541 4264 Ecclesiae
1586 4211 1955 4267 conversatio-

372 4306 520 4357 nem,
550 4306 669 4363 quae
691 4307 790 4362 per
817 4299 992 4350 totum
1035 4293 1224 4352 orbem
1252 4297 1528 4365 dilatatur,
1565 4308 1621 4356 et
1655 4300 1711 4355 in
1745 4302 1955 4376 duobus

375 4384 734 4450 testamentis,
786 4375 898 4440 Sive
946 4385 1002 4440 in
1077 4385 1284 4444 duobus
1332 4389 1633 4462 praeceptis
1669 4391 1952 4450 charitatis

372 4469 728 4542 conversaris,
760 4469 829 4548 ad
855 4476 1090 4532 futuram
1137 4479 1370 4547 patriam
1413 4480 1683 4536 tendendo
1732 4498 1951 4539 cursum

371 4565 656 4641 praesentis
695 4566 823 4622 vitae
848 4553 1064 4638 dirigit.
1089 4567 1248 4624 Unde
1275 4570 1537 4640 scriptum
1562 4578 1649 4626 est
1674 4589 1688 4625 :
1739 4569 1954 4629 Domini

371 4658 512 4715 enim
536 4663 659 4714 sunt
687 4654 931 4711 cardines
960 4666 1133 4723 terrae,
1182 4665 1230 4711 et
1270 4657 1442 4726 posuit
1469 4669 1625 4728 super
1664 4677 1750 4716 eos
1780 4663 1955 4718 orbem

375 4749 428 4824 (Ι
447 4748 577 4821 Reg-
605 4745 692 4820 Ill-
993 4817 1024 4824 _
1043 4818 1053 4824 .
1075 4759 1204 4824 ____'

482 4813 546 4856 ι’
650 4813 662 4820 ⁷
784 4835 858 4840 ·’
983 4813 1356 4877 ΟΛΡΗΤἮΙ.

935 4939 938 4942 ~
1036 4909 1115 4965 De
1151 4907 1286 4965 luce.

449 5003 567 5059 Lux
611 5011 737 5074 post
784 5002 1116 5059 creationem
1157 5002 1289 5059 coeli
1333 5009 1390 5059 et
1433 5013 1600 5061 terrae
1635 5015 1668 5060 a1
1699 5006 1957 5064 Creatore

381 5100 617 5173 primum
664 5101 918 5156 formata
953 5099 1158 5156 estad
1209 5099 1608 5158 manifestanda
1664 5112 1719 5158 et
1776 5101 1956 5159 decla-

387 5190 556 5247 randa
588 5203 748 5262 opera
772 5192 915 5262 mei.
949 5189 1068 5246 Lux
1112 5191 1229 5262 ipsa
1277 5193 1580 5248 substantia
1615 5202 1734 5249 est:
1774 5195 1954 5250 lumen

385 5297 416 5338 a
455 5282 578 5337 luce
617 5288 823 5346 manat,
864 5281 920 5337 id
959 5291 1045 5337 est
1090 5281 1294 5337 candor
1339 5282 1509 5338 lucis:
1549 5284 1644 5339 sed
1679 5285 1781 5339 hoc
1826 5299 1956 5340 con-

383 5376 614 5432 fundunt
651 5383 923 5432 auctores.
973 5372 1136 5429 Lucis
1173 5387 1301 5444 ergo
1359 5375 1576 5429 nomine
1616 5377 1845 5431 diversae
1885 5376 1957 5431 si-

383 5467 756 5541 gniﬁcationes
800 5466 1199 5536 exprimuntur.
1246 5463 1551 5533 Aliquando
1579 5465 1735 5520 cnim
1778 5467 1955 5536 ipsum

383 5564 592 5630 Deum,
641 5563 700 5618 id
749 5569 867 5627 est,
925 5568 1094 5616 totam
1138 5555 1298 5615 simul
1354 5566 1594 5614 sanctam
1633 5559 1956 5615 Trinitatem

383 5655 656 5712 ostendit:
687 5653 978 5724 aliquando
1015 5651 1209 5707 Filium
1238 5652 1335 5707 Dei
1364 5669 1377 5705 :
1410 5651 1697 5722 aliquando
1735 5661 1955 5708 sanctos

383 5745 532 5802 viros
552 5743 822 5817 signiﬁcat
847 5760 860 5796 :
891 5742 1174 5810 aliquando
1207 5741 1543 5812 Scripturam
1571 5758 1781 5800 sacram
1811 5763 1823 5798 :
1853 5744 1954 5800 ali-

738 5859 740 5862 ·
823 5837 1089 5899 Panos.
1121 5836 1283 5900 CXI.
1373 5849 1430 5856 "

2046 1909 2310 1980 sapientia
2347 1911 2547 1965 divina.
2572 1965 2575 1968 ,
2600 1909 2755 1967 Sicut
2786 1912 2929 1976 enim
2961 1927 3122 1970 nemo
3158 1929 3190 1970 a
3225 1929 3285 1972 se
3324 1915 3442 1984 ipso
3483 1930 3642 1981 esse,

2047 1999 2125 2052 ita
2159 1999 2326 2055 etiam
2359 2015 2519 2056 nemo
2562 2015 2594 2056 a
2633 2016 2694 2058 se
2728 2002 2844 2072 ipso
2882 2003 3097 2073 sapiens
3132 2018 3254 2061 esse
3285 2012 3499 2075 potest:
3531 2007 3629 2063 sed

2047 2088 2137 2144 illo
2163 2088 2466 2147 illustrante
2483 2131 2498 2159 ,
2524 2091 2590 2147 de
2609 2107 2716 2162 quo
2737 2093 3000 2163 scriptum
3022 2102 3106 2152 est
3129 2112 3143 2149 :
3168 2093 3352 2152 Omnis
3372 2097 3630 2167 sapientia

2048 2201 2081 2237 a
2105 2182 2338 2239 Domino
2376 2185 2486 2240 Deo
2523 2194 2599 2240 est
2628 2184 2760 2256 (Sir.
2787 2186 2850 2256 ι).
2899 2184 3088 2244 Sancti
3123 2189 3340 2258 quidem
3379 2190 3649 2252 homines

2048 2275 2138 2331 lux
2174 2284 2298 2331 sunt
2333 2285 2480 2334 recte
2505 2278 2701 2344 vocati,
2731 2277 2942 2334 dicente
2983 2280 3052 2334 ad
3091 2294 3184 2337 eos
3220 2280 3486 2341 Domino:
3524 2280 3646 2338 Vos.

2046 2367 2167 2420 estis
2200 2365 2293 2421 tua:
2322 2367 2504 2422 mundi
2531 2366 2744 2439 (Matth.
2766 2368 2846 2440 v).
2893 2369 2961 2424 Et
2990 2370 3231 2442 apostolo
3252 2371 3420 2428 Paulo
3445 2389 3467 2428 :.
3491 2371 3646 2428 Fui»:

2048 2460 2139 2513 stis
2170 2459 2456 2529 aliquando
2500 2460 2741 2528 tenebrte,
2785 2477 2922 2516 nunc
2963 2472 3139 2518 autem
3183 2463 3277 2520 luat
3312 2465 3368 2520 in
3400 2464 3626 2522 Domino

2049 2547 2264 2620 (Ephcs.
2295 2549 2384 2622 v);
2442 2551 2536 2606 sed
2577 2551 2804 2607 multum
2851 2551 3014 2620 distat
3060 2553 3203 2611 inter
3245 2553 3420 2611 lucem
3461 2571 3646 2625 quem.

2051 2639 2183 2693 mihi
2206 2638 2501 2695 luminatur
2514 2641 2658 2714 [quae
2674 2640 3051 2714 illuminatur],
3073 2651 3128 2700 et
3145 2642 3341 2711 lucem,
3358 2659 3477 2714 qua:
3502 2645 3626 2700 illu-

2056 2729 2228 2784 minat
2251 2744 2266 2784 :
2295 2729 2438 2786 inter
2456 2745 2572 2799 eos,
2599 2732 2693 2803 qui
2711 2733 3133 2803 participatione
3150 2749 3293 2796 verte
3312 2735 3449 2798 lucis
3482 2738 3628 2794 acci-

2051 2819 2223 2887 piunt,
2259 2827 2318 2873 ut
2349 2819 2600 2876 luceant:
2646 2829 2702 2878 et
2735 2823 2907 2893 ipsam
2940 2822 3115 2880 lucem
3150 2834 3484 2896 perpetuam,
3512 2842 3636 2898 quae

2055 2922 2160 2962 non
2200 2908 2371 2963 solum
2406 2909 2586 2966 lucere
2621 2912 2676 2966 in
2716 2927 2775 2967 se
2813 2917 2950 2984 ipsa,
2986 2915 3082 2971 sed
3121 2924 3176 2970 et
3213 2930 3311 2972 sua
3344 2919 3649 2989 praesentia.-

2053 3016 2405 3075 quoscunque
2441 3003 2698 3075 attigerit,
2734 3004 3006 3062 illustrare
3063 3008 3278 3064 suﬁicit.
3327 3009 3650 3081 Aliquando!

2055 3101 2235 3148 autem
2279 3093 2614 3165 Scripturam
2636 3111 2848 3152 sacram
2875 3099 3049 3154 lucent
3074 3099 3441 3172 intelligimus,
3463 3111 3526 3158 ut
3551 3111 3638 3159 est

1978 3170 2024 3234 C
2056 3184 2223 3240 illud:
2265 3185 2504 3242 Lucerna
2541 3190 2756 3260 pedibus
2799 3190 2927 3245 meis
2948 3192 3157 3247 uerbum
3197 3170 3365 3260 tuum,
3388 3195 3633 3262 Domine,

2055 3286 2103 3330 et
2137 3276 2311 3332 lumen
2346 3280 2540 3334 semitis
2576 3281 2703 3336 meis
2724 3280 2894 3354 (Ptol.
2919 3286 3126 3357 cxvm).
3171 3285 3359 3344 Sciens
3383 3304 3514 3360 ergo
3539 3291 3638 3345 hu-

2047 3367 2140 3436 jus
2174 3370 2356 3425 saeculi
2397 3381 2611 3428 noctem
2655 3372 2884 3430 diversis
2923 3373 3634 3449 oﬁ'ensionibusirretitam,

2056 3466 2117 3512 ut
2159 3458 2287 3514 alibi
2330 3460 2551 3532 laqueos
2572 3502 2588 3528 ,
2652 3462 2778 3520 alibi
2822 3466 3072 3536 scopulos
3099 3511 3117 3537 ,
3182 3469 3310 3534 alibi
3358 3471 3636 3528 contineat

2055 3551 2500 3622 profundissimas
2538 3557 2838 3626 vastitates,
2888 3560 3114 3630 pedibus
3143 3563 3261 3624 suis.
3277 3565 3500 3634 verbum
3528 3566 3636 3624 D0".

2058 3647 2191 3702 mini
2229 3648 2413 3704 lucere
2457 3658 2706 3719 testatur,
2749 3667 2817 3711 ne
2851 3655 3098 3712 absentia
3132 3657 3248 3714 veri
3291 3657 3510 3718 luminis
3551 3661 3632 3716 in-

2057 3734 2202 3791 cidat
2241 3736 2475 3807 ruinam,
2517 3755 2681 3810 quam
2716 3757 2813 3814 per
2850 3759 3004 3808 suam
3039 3747 3434 3817 providentiam
3458 3736 3635 3806 vitare

2058 3840 2165 3880 non
2201 3835 2432 3897 poterat.
2481 3827 2590 3884 Sed
2625 3831 2728 3888 hoc
2757 3836 2981 3894 verbum
3021 3836 3152 3893 illud
3187 3837 3348 3894 debet
3385 3840 3634 3910 intelligi,

2057 3918 2201 3986 quod
2236 3934 2336 3988 per
2362 3916 2670 3990 Scripturas
2696 3938 2881 3997 sacras
2917 3927 3304 3996 prophetarum
3342 3944 3439 3985 ore
3471 3931 3635 3990 semi-

2058 4018 2245 4065 natum
2271 4020 2372 4084 est.
2426 4013 2579 4082 Quod
2609 4016 2833 4072 verbum
2856 4017 2993 4074 bene
3022 4019 3307 4090 appellavit
3333 4019 3629 4090 lucernam,

2056 4115 2176 4170 qua:
2217 4102 2469 4159 humanis
2512 4104 2697 4176 usibus
2741 4107 2865 4161 data
2901 4113 2985 4163 est
3021 4107 3089 4164 ad
3130 4108 3503 4181 depellendam
3537 4127 3636 4168 no-

2057 4192 2161 4248 ctis
2181 4192 2617 4264 profundissimae
2638 4199 2958 4266 caecitatem,
2987 4201 3125 4260 sicut
3146 4200 3340 4260 Petrus
3361 4204 3634 4274 apostolus

2056 4285 2228 4342 dicit:
2274 4285 2544 4344 Habemus
2585 4291 2858 4349 certiorem
2903 4294 3261 4368 propheticum
3303 4313 3634 4364 sermonem,

2055 4375 2142 4430 cui
2182 4375 2306 4433 bene
2344 4379 2525 4452 facitis.
2563 4381 2906 4450 intendentes,
2933 4384 3071 4440 velut
3099 4385 3325 4444 lucerna:
3356 4386 3551 4448 lucenti
3580 4388 3638 4443 in

2058 4465 2278 4546 obscuro
2321 4467 2433 4524 loco
2483 4469 2568 4546 (ΙΙ
2614 4467 2759 4546 _Petr.
2808 4473 2869 4543 ι).
2917 4474 3052 4534 Item
3090 4475 3273 4534 lumen
3314 4477 3635 4540 illuminatio

2005 4549 2042 4618 ἦ
2058 4552 2184 4610 ﬁdei
2227 4565 2331 4623 est,
2358 4549 2440 4613 vel
2486 4560 2684 4615 donum
2712 4560 2946 4634 Spiritus
2988 4567 3186 4629 sancti,
3206 4576 3264 4622 ut
3290 4568 3346 4623 in
3373 4569 3589 4624 Psalmo
3617 4589 3644 4622 εν

2058 4644 2336 4718 Signatum
2375 4645 2459 4702 est
2494 4666 2648 4722 super
2688 4668 2781 4706 nos
2826 4652 3003 4709 lumen
3046 4655 3217 4710 vultus
3261 4655 3638 4721 tui,.Domine

2058 4733 2230 4810 (Psal.
2260 4737 2357 4809 ιν).
2406 4737 2538 4793 item
2578 4739 2669 4794 lux
2713 4727 2790 4796 et‘
2813 4742 3047 4799 tenebrae
3085 4744 3242 4800 electi
3283 4754 3338 4801 et
3371 4747 3633 4820 reprobi,

2058 4837 2120 4884 ut
2158 4830 2216 4885 in
2261 4827 2397 4886 Job:
2449 4827 2705 4903 Nunquid
2756 4833 2912 4899 nosti,
2956 4834 3072 4905 quis
3113 4831 3257 4890 locus
3298 4837 3366 4890 sit
3406 4836 3539 4892 lucis
3584 4850 3634 4897 et

2059 4921 2404 4989 tenebrarum,
2435 4923 2597 4977 ducas
2639 4940 2802 4979 unum
2839 4927 3076 4997 quodque
3117 4927 3185 4979 ad
3223 4925 3470 4982 terminos
3511 4945 3634 4984 suos

2063 5013 2183 5084 (Job
2210 5014 2462 5085 xxxviii).
2510 5013 2645 5068 Item
2687 5011 2780 5070 lux
2823 5024 2878 5070 et
2921 5013 3175 5081 tenebrae,
3207 5005 3419 5092 iustitia
3448 5025 3504 5072 et
3528 5015 3633 5074 ini-

2060 5103 2260 5173 quitas,
2293 5107 2368 5158 'ut
2404 5104 2458 5158 in
2496 5103 2755 5174 Apostolo
2780 5121 2792 5158 :
2821 5103 2922 5169 Qui
2947 5103 3113 5176 diligit
3135 5095 3430 5176 proximum
3453 5125 3630 5180 suum,

2059 5195 2118 5248 in
2157 5194 2352 5248 lumine
2388 5202 2503 5248 est:
2546 5196 2636 5264 qui
2677 5203 2851 5248 autem
2893 5194 3022 5261 odit,
3048 5197 3103 5251 in
3141 5189 3361 5252 tenebris
3401 5197 3634 5253 ambulat

2061 5284 2114 5357 (Ι
2140 5283 2299 5338 Joan.
2331 5283 2411 5355 ιι).
2434 5283 2436 5286 ’
2461 5284 2592 5339 Item
2635 5279 3074 5354 praedicationem
3104 5277 3375 5359 Evangelii
3415 5287 3634 5368 lucerna

2060 5375 2344 5446 signiﬁcat.
2393 5373 2550 5430 Unde
2584 5373 2833 5429 Salvator
2865 5376 2976 5430 ait:
3012 5375 3178 5429 Nemo
3207 5377 3441 5431 accendit
3466 5377 3644 5456 lucer-l

2062 5482 2220 5532 nam,
2264 5472 2312 5520 et
2350 5465 2495 5535 ponit
2534 5477 2649 5519 eam
2687 5465 2783 5518 sub
2823 5466 3027 5532 modio,
3081 5466 3170 5520 sed
3207 5482 3360 5537 super
3384 5463 3640 5522 candela?

2063 5557 2230 5620 brum,
2259 5563 2317 5610 ut
2357 5556 2527 5610 luceat
2561 5555 2789 5622 omrtibu,
2819 5560 2905 5630 qui
2943 5557 2997 5612 in
3032 5557 3183 5612 domo
3208 5561 3330 5612 sunt
3355 5545 3505 5628 (Luc.
3529 5558 3631 5628 ιι).

2062 5649 2270 5703 Ponere
2312 5663 2443 5718 ergo
2484 5648 2756 5703 lucernam
2795 5651 2893 5702 sub
2930 5645 3131 5713 modio,
3156 5639 3429 5719 superiora
3458 5648 3636 5722 facere

2064 5741 2306 5811 corporis
2348 5741 2649 5808 commoda,
2672 5751 2835 5813 quam
2867 5739 3298 5811 pmdicatitmcm
3347 5729 3590 5826 veritatis
3613 5755 3646 5810 εν
