4074 6324
327 410 436 496 269

1327 429 1416 487 ne
1454 414 1804 488 amasso
1842 394 2226 485 Lmnfxxn.
2264 458 2336 470 _
2372 425 2501 484 LlB.
2540 426 2634 484 ιχ.

3491 429 3599 485 270

327 534 432 608 lica
480 549 744 624 parabola
794 548 991 622 legitur
1038 542 1209 622 (Luc.
1256 564 1291 603 x
1355 589 1371 616 ,
1428 546 1571 619 quod
1624 549 1787 604 homo
1845 548 1914 603 ab
1941 550 1994 615 Α
2018 546 2247 618 spiritali
2273 563 2369 619 per
2390 564 2448 605 se
2475 548 2651 619 ipsum
2673 547 2894 605 veniens
2923 548 3197 606 illustrare
3221 522 3471 624 dignatus
3496 558 3597 608 est.

326 632 627 698 Jerusalem
658 636 991 695 descendens
1036 638 1090 695 in
1136 636 1354 695 Iericho
1407 636 1687 693 incidisset
1731 637 1787 693 in
1832 636 1915 693 Ia-

328 734 535 799 trones,
552 730 643 801 qui
663 729 827 787 etiam
844 727 1265 799 diSpoliaverunt
1285 744 1428 794 cum,
1442 727 1613 799 plagis
1629 726 1916 800 impositis,

329 820 583 878 abierunt
633 821 893 877 semivivo
937 819 1147 875 relicto.
1206 818 1306 876 llic
1353 835 1484 892 ergo
1535 820 1694 875 homo
1745 820 1919 876 Adam

324 911 648 982 intelligitur
681 924 805 967 cum
843 909 991 965 omni
1048 924 1245 982 genere
1300 909 1559 965 humano.
1616 908 1917 966 Jerusalem

327 1008 509 1060 autem
539 1004 731 1059 civitas
761 1001 851 1057 illa
890 1001 1129 1058 caelestis
1158 1001 1440 1074 accipitur,
1483 1017 1515 1058 a
1551 1001 1704 1073 cujus
1738 1001 1916 1059 beati-

328 1094 513 1150 tudine
538 1093 712 1150 Adam
745 1091 929 1165 lapsus
954 1102 1054 1165 per
1080 1092 1435 1165 privationem
1456 1134 1471 1161 ,
1518 1099 1575 1148 et
1614 1091 1816 1162 ejeCtus
1861 1093 1917 1148 in

325 1187 468 1245 hanc
495 1188 783 1244 mortalem
829 1187 1000 1242 vitam
1038 1186 1094 1242 et
1140 1186 1427 1254 miseram,
1460 1201 1622 1257 quam
1653 1188 1791 1242 bene
1823 1183 1915 1242 Je-

326 1280 497 1348 richo,
523 1279 784 1352 quaeluna
808 1279 1215 1349 interpretatur,
1240 1277 1524 1351 signiﬁcat,
1542 1277 1709 1334 variis
1730 1276 1918 1333 videli-

324 1378 413 1429 cet
435 1366 744 1427 defectuum
769 1366 1045 1427 laboribus
1068 1368 1336 1426 instabilis
1363 1382 1578 1439 semper
1605 1374 1661 1425 et
1688 1368 1912 1425 caduca.

321 1452 590 1521 Latrones
619 1472 802 1518 autem
830 1462 1103 1519 daemones
1134 1461 1437 1533 intelligere
1466 1466 1786 1532 possumus,
1823 1460 1917 1530 qui

324 1554 633 1612 seducendo
678 1546 852 1610 Adam
900 1553 1323 1625 dispoliaverunt
1369 1565 1493 1610 eum
1532 1553 1701 1626 gloria
1746 1554 1916 1609 beata:

322 1640 769 1713 immortalitatis,
785 1653 839 1702 et
861 1645 1185 1701 innocentiae
1206 1652 1355 1700 veSte
1378 1645 1678 1716 privarunt.
1706 1630 1915 1699 Lunam

326 1744 506 1795 autem
537 1736 775 1810 ﬁgurare
799 1732 1099 1793 Ecclesiam
1129 1733 1365 1792 ostendit
1389 1734 1478 1790 ille
1504 1748 1691 1790 versus
1720 1753 1732 1788 :
1767 1732 1918 1790 Fecit

322 1827 507 1885 lunam
560 1830 616 1886 in
669 1837 954 1902 tempore,
1003 1827 1084 1885 sol
1128 1826 1382 1900 c0gnovit
1430 1840 1682 1884 occasum
1733 1840 1912 1882 suum.

2021 638 2126 695 Sed
2154 649 2209 695 et
2238 638 2354 711 ipsa
2383 647 2508 695 tunc
2530 638 2670 695 lunae
2697 640 2978 697 conversio
3001 640 3422 712 pulcherrimum
3450 643 3605 699 nobis

2019 730 2345 785 sacramenti
2392 729 2630 786 caelestis
2685 726 3049 800 spectaculum
3078 731 3302 802 przebet.
3357 731 3606 806 Namque

2017 818 2163 890 luna,
2192 838 2312 892 qum
2341 818 2558 879 rotundi
2585 821 2728 878 facta
2757 823 3081 891 stemmatis,
3118 839 3150 879 a
3175 822 3286 880 sole
3314 821 3495 881 lumen
3522 823 3606 899 (ut

2017 924 2178 983 supra
2209 908 2466 986 diximus)
2510 912 2741 983 accipit,
2779 911 3008 985 ideoque
3038 926 3256 986 semper
3284 928 3349 971 ex
3382 914 3606 972 dimidio

2017 1003 2184 1072 orbe,
2226 1020 2388 1076 quem
2419 1005 2486 1059 ad
2516 1003 2685 1062 solem
2714 1005 2910 1073 habet,
2953 1003 3130 1062 lucida
3168 1012 3292 1063 est:
3330 1023 3399 1066 ex
3433 1006 3607 1064 altero

2018 1102 2198 1151 autem
2228 1095 2448 1151 dimidio
2476 1112 2687 1167 semper
2714 1097 2965 1153 obscura.
3016 1097 3065 1154 A
3104 1096 3278 1169 prima
3322 1115 3495 1170 usque
3538 1101 3608 1156 ad

2019 1188 2263 1257 quintam
2293 1186 2560 1243 decimam
2600 1187 2737 1244 lucis
2768 1192 3104 1245 crementum
3134 1191 3202 1245 ad
3232 1198 3427 1257 terras,
3460 1188 3609 1246 del'e-

2019 1276 2165 1331 ctum
2191 1290 2320 1332 vero
2364 1276 2527 1332 habet
2571 1278 2639 1332 ad
2682 1277 2870 1346 caelos,
2903 1292 2933 1333 a
2982 1279 3384 1350 quintadecima
3425 1287 3610 1336 autem

2018 1380 2191 1437 usque
2216 1364 2283 1423 ad
2310 1368 2659 1424 noVissimam
2688 1378 3027 1425 crementum
3058 1371 3301 1442 ejusdem
3331 1382 3443 1428 suae
3473 1372 3610 1428 lucis

2018 1474 2051 1516 a
2079 1454 2308 1516 terrenis
2345 1474 2595 1517 aversum
2641 1463 2901 1533 paulatim
2949 1462 3018 1519 ad
3063 1464 3306 1521 coelestia
3356 1466 3605 1522 revertit.

2018 1546 2147 1618 Quae
2184 1551 2441 1607 nimirum
2470 1551 2586 1622 ejus
2616 1553 2900 1610 conversio
2936 1563 3083 1611 recte
3119 1546 3391 1626 paschalis
3426 1556 3611 1628 gaudii

2019 1640 2277 1716 mysteria
2307 1643 2515 1716 signat,
2548 1644 2745 1716 quibus
2774 1661 2989 1701 onmem
3028 1648 3227 1704 mentis
3256 1656 3454 1704 nostrae
3489 1650 3607 1721 glo—

2019 1734 2156 1789 riam
2197 1748 2229 1789 a
2266 1724 2569 1792 visibilibus
2595 1745 2841 1792 avertere
2894 1736 3104 1793 deliciis
3152 1738 3480 1811 eaducisque
3525 1739 3609 1796 fa-

1996 1813 2257 1888 ’v0ribus,
2285 1835 2449 1898 atque
2484 1818 2551 1883 ad
2586 1828 2756 1883 solam
2792 1828 3030 1885 caelestis
3064 1830 3250 1900 gratiae
3282 1831 3457 1888 lucem
3493 1846 3613 1889 sus-

322 1910 477 1976 Luna
506 1916 752 1977 Ecclesia
779 1926 891 1986 est,
929 1933 1093 1991 quam
1132 1920 1185 1974 in
1218 1919 1550 1989 temporibus
1585 1916 1782 1973 factam
1813 1916 1914 1973 ali-
1944 1915 1999 1986 Β
2019 1920 2257 1991 pendere
2298 1918 2713 1991 contemplando
2754 1920 3029 1976 docemur.
3088 1920 3180 1977 Vel
3229 1922 3273 1978 Si
3323 1930 3614 1997 utramque

323 2015 542 2086 quando
580 2016 749 2072 minui
790 2004 1091 2087 contingit,
1141 2013 1430 2085 aliquando
1463 2026 1741 2081 creScere,
1794 2030 1913 2085 quae
2002 2008 2136 2081 'ejus
2166 2011 2572 2067 conversionem
2624 2010 2681 2067 in
2728 2011 2929 2067 bonum
2957 2008 3191 2067 delectat
3222 2012 3610 2086 interpretari,

324 2116 508 2164 tamen
539 2107 619 2164 sic
644 2107 928 2175 minuitur,
968 2114 1027 2161 ut
1065 2121 1279 2178 semper
1304 2106 1565 2163 redeunte
1604 2098 1914 2181 integritate
1998 2105 2304 2177 possumus
2359 2100 2661 2177 intelligere
2704 2104 2847 2177 quod
2885 2116 3141 2161 crescens
3179 2102 3248 2162 ad
3292 2107 3479 2163 oeulos
3515 2109 3617 2163 hu-

323 2208 630 2274 reparetur.
663 2196 845 2257 Solem
869 2215 999 2256 vero
1026 2200 1081 2257 in
1112 2200 1215 2256 hoc
1243 2199 1364 2256 loco
1392 2201 1586 2257 merito
1615 2201 1915 2273 accipimus
1997 2190 2213 2254 ‘manos
2245 2196 2429 2253 lumen
2458 2198 2600 2253 luna:
2628 2198 2891 2253 virtutum
2923 2199 3152 2267 gratiam
3174 2240 3189 2268 ,
3220 2198 3416 2271 quibus
3444 2214 3615 2272 appa-

321 2284 617 2348 Dominum
644 2276 1003 2348 Salvatorem.
1059 2284 1166 2348 lste
1210 2294 1339 2364 ergo
1364 2293 1634 2364 "cegnovit
1661 2309 1917 2350 occasum
2023 2307 2152 2349 rens
2186 2292 2242 2348 in
2270 2305 2436 2349 carne
2464 2290 2727 2349 Dominus
2761 2292 2964 2348 mundo
3003 2293 3210 2362 illuxit,
3246 2295 3512 2361 insinuet,
3550 2296 3619 2354 de

324 2390 482 2440 suum
503 2426 518 2450 ,
550 2383 604 2439 id
636 2389 753 2451 est,
789 2382 1019 2456 gloriam
1048 2394 1159 2440 snae
1186 2383 1456 2455 passionis
1484 2386 1739 2457 agnovit,
1794 2399 1919 2441 eum
2023 2385 2219 2456 quibus
2248 2384 2449 2441 dicitur
2474 2404 2486 2438 :
2514 2376 2586 2439 Et
2609 2383 2765 2440 Jesus
2795 2382 3098 2457 proﬁciebat
3118 2386 3375 2457 sapientia
3396 2395 3444 2442 et
3466 2395 3619 2443 wtate

323 2472 604 2548 discipulis
633 2475 746 2534 suis
776 2474 983 2532 diceret
1008 2496 1021 2531 :
1055 2472 1206 2530 Venit
1234 2477 1397 2543 hora,
1436 2485 1483 2532 et
1514 2474 1659 2546 filius
1688 2477 1916 2532 hominis
1995 2465 2072 2533 iet
2100 2478 2275 2549 gratia
2300 2475 2445 2549 apud
2470 2475 2639 2533 Deum
2667 2482 2713 2532 et
2738 2476 2971 2535 homines
2998 2474 3150 2549 (Luc.
3175 2472 3268 2549 n);
3302 2492 3618 2535 recrescens

323 2568 563 2625 tradetur
605 2572 661 2626 in
707 2570 896 2625 manus
937 2577 1268 2641 peccatorum
1304 2566 1521 2641 (Matth.
1564 2566 1733 2641 XXVI).
1786 2568 1918 2626 Item
1994 2557 2154 2624 'vero
2188 2568 2256 2623 ad
2288 2567 2455 2624 caelos
2500 2567 2915 2624 resurrectionis
2968 2568 3411 2640 ascensiOnisque
3468 2567 3613 2625 illius

320 2654 449 2717 luna
481 2661 753 2735 significat
797 2669 1102 2732 martyrum
1145 2659 1490 2731 passionem,
1541 2668 1600 2716 ut
1635 2674 1734 2732 per
1767 2658 1922 2718 Johel

322 2754 644 2825 prophetam
684 2751 923 2809 dicitur:
969 2751 1038 2806 Et
1080 2750 1206 2806 luna
1246 2759 1471 2808 vertetur
1512 2750 1569 2806 in
1612 2752 1922 2824 sanguinem

325 2842 485 2920 (Joel.
508 2844 590 2919 ιι),
619 2847 725 2903 hoc
748 2856 863 2914 est,
889 2852 1188 2918 martyrum
1217 2862 1438 2902 suorum
1462 2862 1655 2902 cruore
1678 2846 1917 2918 perfusa.

323 2935 458 2994 Item
489 2938 617 2994 luna
646 2955 887 3011 praesens
916 2936 1169 2995 saeculum
1197 2936 1487 3010 signiﬁcat,
1516 2954 1581 2995 eo
1611 2939 1753 3009 quod
1778 2955 1922 2996 sem-

325 3045 424 3101 per
450 3038 703 3087 mutetur.
761 3030 838 3087 De
876 3046 983 3101 quo
1027 3030 1083 3085 in
1122 3029 1447 3102 Apocalypsi
1492 3028 1691 3087 dicitur
1719 3029 1785 3087 de
1814 3031 1921 3088 Ec-

328 3120 490 3178 clesia
512 3142 524 3177 :
549 3116 617 3177 Et
641 3116 768 3178 luna
788 3121 883 3177 sub
904 3121 1120 3194 pedibus
1142 3122 1252 3177 suis
1268 3118 1451 3195 (Apoc.
1468 3119 1590 3196 xu).
1618 3120 1921 3193 Aliquando

326 3224 508 3269 autem
553 3213 680 3269 luna
724 3211 1032 3271 instabilem
1076 3212 1274 3269 mentis
1318 3213 1568 3268 humana:
1604 3213 1921 3284 qualitatem

2024 2657 2251 2731 gloriam
2281 2654 2558 2730 designet,
2600 2671 2718 2728 quae
2754 2658 2809 2713 in
2842 2668 2900 2713 se
2930 2652 3149 2728 quidem
3190 2658 3307 2731 ipsa
3334 2673 3461 2714 mox
3492 2672 3619 2729 per-

1996 2748 2166 2805 lecta
2194 2748 2482 2819 provenit,
2535 2748 2629 2805 sed
2669 2749 2726 2804 in
2762 2750 2945 2805 animo
2974 2749 3243 2835 ﬁdelium,
3289 2750 3616 2823 quibusdam

2024 2838 2165 2898 lucis
2206 2854 2318 2897 sua:
2367 2838 2700 2913 profectibus
2746 2854 2917 2912 usque
2968 2842 3039 2897 ad
3072 2838 3235 2897 ﬁnem
3279 2840 3465 2898 seaculi
3503 2856 3622 2898 ere-

1991 2937 1999 3003 '_
2026 2944 2181 2989 scere
2214 2945 2323 2989 non
2352 2931 2571 2988 desinit.
2617 2929 2928 3004 Resurgens
2952 2929 3098 2988 enim
3128 2931 3392 2989 Dominus
3416 2948 3448 2988 a
3476 2947 3624 2989 mor-

2026 3021 2152 3089 tuis,
2204 3022 2383 3094 primo
2430 3020 2657 3094 singulis
2705 3035 2767 3076 ac
2811 3021 2976 3089 binis,
3025 3035 3092 3077 ac
3128 3020 3323 3079 deinde
3351 3022 3620 3095 pluribus,

1968 3130 1975 3135 λ
2000 3112 2185 3170 modo
2212 3120 2444 3185 septem,
2471 3113 2632 3171 modo
2658 3113 2932 3181 undecim,
2963 3120 3019 3171 et
3045 3112 3332 3187 plusquam
3359 3114 3623 3189 quingen-

2026 3205 2098 3263 tis
2129 3204 2390 3263 fratribus
2419 3207 2621 3275 simul,
2674 3208 2741 3265 ad
2780 3206 3028 3265 ultimum
3059 3210 3338 3283 discipulis
3368 3213 3623 3271 omnibus

302 3300 383 3361 in
430 3304 724 3376 Scripturis
769 3304 1148 3377 reprehendit,
1195 3314 1256 3360 ut
1292 3315 1377 3361 est
1416 3305 1547 3361 illud
1589 3303 1917 3376 Sapientiae:
1948 3288 1999 3393 CA
2027 3299 2279 3393 apparuit
2306 3296 2360 3393 (ζ
2384 3294 2653 3393 pars“),
2704 3301 2899 3393 quibus
2945 3301 3249 3393 videntibus
3298 3318 3626 3363 ascensurus

326 3393 534 3454 Stultus
570 3408 628 3452 ut
663 3397 791 3454 luna
816 3409 1075 3472 mutatur,
1116 3398 1243 3470 quia
1284 3399 1363 3454 vir
1389 3399 1589 3471 duplici
1626 3401 1803 3455 animo
1832 3401 1918 3455 in-

327 3499 572 3544 constans
601 3499 675 3544 est
710 3490 765 3544 in
795 3490 1033 3544 omnibus
1061 3490 1156 3546 viis
1184 3489 1292 3545 suis
1321 3487 1455 3547 (Sir.
1481 3489 1675 3561 xxvu).
1728 3488 1835 3546 Sed
1866 3498 1921 3547 et

325 3578 430 3637 hoc
458 3580 788 3649 notandum,
832 3582 976 3652 quod
1019 3582 1145 3637 luna
1176 3591 1388 3653 tempus
1419 3581 1688 3654 paschalis
1718 3583 1923 3640 festivi-

327 3672 455 3728 tatis
483 3674 720 3727 maxima
752 3689 817 3727 ex
847 3683 1001 3743 parte
1029 3676 1265 3742 ordinat,
1297 3692 1416 3745 qua:
1445 3676 1762 3733 solemnitas
1795 3687 1923 3733 tunc

326 3763 566 3818 maxime
599 3761 926 3829 celebratur,
964 3778 1085 3818 cum
1117 3765 1246 3820 solis
1288 3765 1470 3822 lumen
1521 3766 1717 3822 animis
1754 3764 1922 3838 proﬁ-

325 3852 477 3908 ciens
526 3853 864 3909 incremen'to
906 3854 1141 3925 primam
1191 3854 1355 3912 sumit
1398 3856 1466 3913 de
1513 3858 1690 3913 noctis
1731 3859 1924 3915 umbra

325 3945 631 4001 victoriam.
685 3942 892 4003 Deinde
940 3964 1185 4004 mensem
1229 3948 1468 4020 primum
1515 3948 1684 4017 anni,
1734 3951 1828 4022 qui
1870 3959 1926 4008 et

325 4051 588 4091 novarum
621 4045 864 4105 vocatur,
894 4037 949 4093 in
983 4055 1091 4110 quo
1120 4036 1331 4095 Pascha
1362 4038 1720 4109 celebremus,
1751 4050 1926 4098 atten-

329 4122 525 4181 dimus.
583 4126 706 4199 Ipse
742 4136 924 4185 autem
956 4136 1039 4186 est
1066 4130 1291 4199 mensis,
1323 4132 1379 4187 in
1410 4148 1516 4204 quo
1554 4134 1785 4191 mundus
1818 4134 1924 4192 iste

304 4206 611 4287 iformatus,
641 4230 695 4276 et
723 4219 886 4277 homo
929 4229 1014 4277 est
1053 4223 1263 4293 primus
1308 4223 1364 4281 in
1406 4225 1642 4297 paradisi
1687 4226 1813 4284 sede
1842 4228 1921 4284 lo—

306 4315 480 4364 eatus
505 4327 517 4362 :
551 4310 677 4380 quia
705 4326 802 4381 per
827 4310 986 4381 hujus
1016 4314 1274 4385 mysteria
1302 4314 1662 4373 solemnitatis
1685 4317 1920 4390 primam

324 4414 426 4457 nos
452 4400 645 4456 stolam
671 4410 1009 4473 recepturos,
1034 4404 1268 4474 primum
1296 4423 1542 4478 superna:
1567 4409 1920 4470 beatitudinis

324 4505 574 4562 regnum,
599 4508 631 4546 a
657 4508 764 4562 quo
791 4493 844 4548 in
868 4494 1218 4567 longinquam
1244 4499 1521 4569 regionem
1547 4500 1916 4571 discessimus,

324 4595 424 4637 nos
452 4590 767 4655 recepturos
796 4600 915 4642 esse
944 4603 1245 4657 speramus.
1279 4574 1360 4646 De
1386 4587 1540 4661 cujus
1565 4590 1735 4664 gloria
1762 4594 1921 4667 regni

322 4671 518 4729 beatus
545 4674 837 4747 Apostolus
864 4674 1088 4746 Petrus,
1118 4679 1269 4737 caelos
1305 4690 1478 4737 autem
1514 4690 1694 4753 novos,
1721 4686 1917 4758 inquit,

324 4777 373 4821 et
402 4774 597 4821 terram
627 4782 818 4824 novam
847 4779 894 4824 et
925 4769 1136 4845 [juxta]
1166 4774 1425 4844 promissa
1454 4776 1619 4847 ipsius
1647 4788 1919 4848 exspecta-

323 4876 465 4927 mus,
499 4861 557 4917 in
583 4862 770 4933 quibus
792 4862 1006 4934 justitia
1041 4864 1243 4920 habitat
1274 4862 1362 4938 (II
1387 4864 1534 4922 Petr.
1561 4866 1667 4942 Ill).
1722 4868 1830 4926 Sed
1867 4876 1924 4926 et

325 4950 562 5010 Joannes
602 4955 657 5010 in
686 4952 1010 5029 Apocalypsi
1053 4974 1151 5015 sua
1178 4978 1190 5013 :
1230 4956 1295 5013 Et
1325 4958 1480 5028 dixit,
1510 4964 1599 5034 qui
1629 4962 1837 5018 sedebat
1864 4964 1921 5019 in

326 5043 515 5099 throno
538 5059 557 5098 :
586 5040 724 5102 Ecce
761 5047 901 5119 facio
938 5049 1114 5105 omnia
1151 5066 1283 5106 nova
1312 5049 1499 5123 (Apoc.
1528 5052 1664 5126 xxx).
1716 5050 1921 5110 Deinde

326 5140 493 5197 etiam
521 5144 740 5200 tertiam
767 5146 968 5203 mensis
989 5147 1228 5219 ejusdem
1252 5150 1609 5220 septimanam
1635 5151 1692 5207 in
1716 5153 1918 5223 pascha

327 5233 708 5303 observamus,
757 5239 903 5309 quod
949 5241 1365 5298 resurrectionis
1393 5244 1685 5301 Dominica:
1710 5247 1919 5319 gaudiis

328 5324 608 5395 aptissime
634 5330 884 5401 congruit
908 5349 922 5386 :
954 5333 1083 5402 quia
1110 5343 1165 5388 et
1212 5335 1402 5391 eodem
1428 5347 1773 5396 sacrosancta
1802 5339 1919 5411 ejus

326 5420 657 5477 resurrectio
686 5422 846 5477 tertia
888 5422 975 5479 die
1011 5422 1159 5480 facta
1194 5433 1315 5491 est,
1369 5436 1425 5482 et
1470 5429 1631 5485 tertio
1678 5437 1919 5500 tempore

325 5510 533 5578 muli,
555 5512 610 5568 id
635 5521 739 5581 est,
762 5530 884 5571 cum
916 5517 1100 5589 gratiae
1128 5512 1370 5574 caelestis
1401 5520 1633 5576 adventu
1663 5530 1775 5577 tota
1801 5522 1918 5593 ejus

327 5599 386 5659 in
424 5617 589 5659 carne
630 5600 996 5676 dispensatio,
1043 5623 1161 5679 qure
1207 5622 1302 5679 per
1333 5611 1751 5669 resurrectionis
1785 5629 1917 5670 con-

330 5698 600 5748 summata
629 5704 712 5751 est
742 5695 990 5767 gloriam,
1024 5699 1225 5755 mundo
1256 5701 1522 5772 apparuit.
1558 5700 1738 5758 Prima
1768 5721 1921 5760 nam-

332 5797 435 5853 que
465 5785 648 5841 saeculi
683 5795 927 5860 tempora
956 5788 1073 5860 lege
1104 5791 1334 5847 naturali
1372 5806 1471 5862 per
1504 5792 1712 5860 Patres,
1744 5794 1920 5850 media

332 5872 451 5947 lege
505 5876 727 5935 litterali
790 5893 888 5951 per
938 5877 1257 5950 Prophetas,
1293 5891 1539 5940 extrema
1592 5884 1920 5944 charismate

2026 3391 2081 3446 in
2114 3390 2311 3447 ctelum
2340 3387 2480 3464 (Act.
2509 3389 2571 3463 1),
2620 3392 2876 3464 praecepit
2915 3406 3010 3450 eos
3055 3406 3167 3450 Suae
3202 3392 3627 3466 dispensationis

1994 3490 2147 3540 'esse
2182 3490 2347 3538 testes
2385 3484 2439 3537 in
2475 3481 2810 3550 Jerusalem,
2852 3493 2909 3540 et
2947 3482 3004 3540 in
3040 3485 3189 3540 omni
3233 3480 3522 3554 Samaria,
3568 3494 3627 3544 et

2026 3586 2199 3643 usque
2228 3572 2297 3627 ad
2326 3572 2575 3629 ultimum
2602 3583 2783 3631 terrae.
2824 3574 2892 3631 Et
2924 3575 3062 3633 bene
3090 3574 3217 3632 luna
3244 3592 3371 3634 cum
3401 3590 3622 3636 nostros

2026 3663 2226 3719 crescit
2254 3662 2321 3720 ad
2351 3660 2839 3743 oculos,_paulatim
2866 3678 2897 3721 a
2921 3666 3035 3722 sole
3062 3667 3308 3723 recedit:
3338 3683 3464 3723 cum
3490 3682 3623 3726 vero

2028 3756 2097 3812 ad
2125 3756 2325 3823 ctelos,
2368 3757 2587 3828 paribus
2633 3760 2701 3814 ad
2750 3774 2873 3815 eum
2922 3759 3113 3831 spatiis
3153 3759 3316 3817 redit.
3376 3759 3491 3817 Hoc
3535 3768 3623 3817 est

2026 3848 2173 3901 enim
2216 3847 2357 3917 quod
2410 3848 2526 3918 ipse
2556 3848 2723 3904 dicit:
2778 3848 2935 3905 Exivi
2983 3869 3015 3905 a
3066 3848 3264 3920 Patre,
3314 3863 3363 3909 et
3415 3855 3530 3910 veni
3565 3854 3623 3908 in
3688 3896 3697 3907 .

2027 3939 2324 3995 mundum:
2355 3940 2545 3995 iterum
2578 3940 2813 4013 relinquo
2843 3943 3122 4012 mundum,
3164 3955 3213 4000 et
3252 3945 3387 4002 vado
3416 3946 3487 4001 ad
3515 3944 3626 4000 Pa-

2026 4040 2157 4087 trem
2189 4032 2373 4106 (Joan.
2404 4035 2544 4107 xvi).
2598 4033 2666 4089 Et
2712 4035 2855 4105 quod
2893 4035 2961 4092 de
3003 4034 3096 4093 illo
3133 4038 3383 4094 Psalmus
3412 4039 3530 4093 ait:
3577 4039 3624 4092 Α

2026 4141 2232 4181 summa
2261 4126 2387 4181 caelo
2415 4129 2641 4199 egressio
2672 4129 2810 4199 ejus,
2854 4137 2901 4184 et
2931 4146 3179 4187 occursus
3209 4131 3326 4204 ejus
3355 4147 3517 4203 usque
3553 4132 3623 4186 ad

2024 4236 2291 4275 summum
2320 4219 2433 4291 ejus
2464 4218 2634 4294 (Psal.
2666 4220 2841 4295 xvm).
2895 4221 3031 4291 Quia
3066 4240 3196 4298 ergo
3236 4223 3361 4280 luna
3404 4240 3470 4281 eo
3511 4240 3623 4281 suae

2022 4310 2160 4369 lucis
2186 4314 2541 4382 incremento,
2559 4315 2702 4387 quod
2723 4315 2911 4373 exiens
2938 4331 2968 4371 a
2996 4315 3109 4374 sole
3134 4317 3203 4373 ad
3231 4326 3449 4375 nostros
3473 4318 3622 4375 evol-

2023 4403 2102 4459 vit
2150 4406 2393 4473 obtutus,
2435 4404 2646 4462 Domini
2679 4405 2980 4463 Salvatoris
3008 4406 3065 4463 in
3095 4422 3294 4475 carne,
3337 4423 3509 4480 usque
3550 4409 3621 4464 ad

2025 4503 2271 4570 tempora
2296 4499 2586 4576 passionis,
2615 4501 2917 4558 doctrinam
2943 4502 3280 4576 virtutesque
3309 4502 3618 4575 signiﬁcat:

2026 4602 2091 4671 eo
2122 4592 2303 4644 autem
2322 4630 2336 4655 ,
2378 4605 2487 4660 quo
2516 4574 2583 4646 ad
2615 4591 2785 4648 solem
2814 4582 3054 4660 rediens,
3082 4574 3346 4665 paulatim
3376 4593 3444 4647 ad
3476 4592 3621 4647 invi-

2026 4678 2236 4735 sibilem
2268 4681 2425 4736 nobis
2452 4682 2577 4738 coeli
2614 4680 2814 4739 faciem
2854 4684 3154 4756 recolligit,
3202 4682 3621 4741 resurrectionis

2026 4770 2169 4827 illius
2199 4786 2264 4827 ac
2307 4764 2627 4843 posterioris
2681 4774 2865 4847 gloria:
2919 4774 3181 4829 miracula
3232 4773 3615 4830 demonstrat:

2024 4864 2219 4920 merito
2247 4880 2279 4920 a
2307 4865 2493 4937 quinta
2542 4864 2749 4922 decima
2778 4864 3049 4938 paschalis
3095 4881 3203 4921 non
3246 4865 3459 4938 gaudiis
3487 4872 3618 4939 apta

2024 4954 2369 5024 praedicatur.
2409 4954 2507 5013 His
2555 4956 2777 5028 quidem
2802 4956 3076 5028 paschalis
3106 4957 3368 5028 temporis
3406 4972 3437 5014 a
3477 4957 3617 5032 legis

2024 5046 2407 5104 observatione
2437 5050 2665 5121 sumptis
2708 5050 2921 5106 indiciis
2963 5050 3209 5107 haeredes
3249 5049 3387 5107 Novi
3417 5051 3614 5109 Testa-

2021 5141 2192 5203 menti
2213 5143 2376 5198 etiam
2405 5143 2548 5199 diem
2577 5143 2934 5209 Dominicam,
2959 5159 3119 5213 quam
3148 5143 3428 5217 Scriptura
3448 5161 3612 5203 unam

2022 5233 2135 5290 sive
2165 5233 2398 5306 primam
2430 5232 2652 5291 Sabbati
2680 5235 3061 5307 cognominat,
3092 5236 3450 5295 annectimus.
3501 5237 3615 5296 Nec

2021 5325 2315 5393 immerito,
2346 5343 2467 5398 quae
2500 5336 2555 5383 et
2601 5326 2910 5383 conditione
2946 5329 3233 5400 primitivaa
3265 5328 3403 5386 lucis
3437 5328 3616 5386 excel-

2022 5418 2158 5487 lens,
2190 5422 2243 5477 et
2273 5420 2549 5492 triumpho
2578 5420 2875 5477 Dominicze
2912 5423 3332 5481 resurrectionis
3362 5422 3610 5496 insignis,

2022 5519 2079 5569 et
2106 5518 2292 5569 nostra
2322 5524 2538 5591 quoque
2565 5510 2719 5568 nobis
2748 5516 3148 5570 resurrectiOne
3182 5516 3368 5572 manet
3397 5528 3615 5587 semper

2023 5600 2368 5677 cxoptabilis.
2426 5600 2645 5676 Septem
2684 5622 2897 5677 quoque
2936 5604 3053 5663 dies
3092 5609 3268 5674 lunae,
3316 5608 3370 5663 id
3415 5616 3532 5674 est,
3578 5623 3611 5664 a

2022 5699 2212 5768 quinta
2240 5698 2449 5755 decima
2468 5715 2640 5771 usque
2661 5698 2727 5757 ad
2748 5700 3060 5757 vicesimam
3083 5702 3333 5773 primam,
3354 5717 3454 5772 per
3473 5716 3610 5772 quos

2023 5804 2086 5843 ea
2102 5788 2381 5844 Dominica
2411 5790 2643 5845 naturali
2674 5790 2866 5848 ordine
2890 5791 3167 5859 discurrit,
3200 5792 3610 5848 universitatem

2023 5879 2299 5951 Ecclesiae,
2347 5898 2465 5953 quae
2502 5899 2599 5963 per
2638 5890 2810 5944 totum
2843 5887 3104 5945 mundum
3137 5884 3479 5957 paschalibus
3525 5892 3609 5941 est
