4074 6324
333 398 440 451 ‘37?

1295 403 1298 408 ·
1337 398 1424 453 ne
1465 381 1811 454 nutvsnso
1849 375 2025 454 uani
2061 392 2225 452 xxn.
2269 423 2337 433 -
2373 389 2500 452 LIB.
2545 393 2637 447 ix.

3501 397 3605 452 278

336 511 388 564 in
437 507 706 564 Psalterio
765 527 778 561 :
834 507 938 574 Qui
1002 510 1164 578 operit
1218 505 1401 566 castum
1460 488 1680 563 nubibus
1740 507 1995 588 (Psale
2024 503 2398 577 reus[arcus].
2438 504 2536 558 lris
2567 504 2690 557 huic
2724 517 2917 557 nomen
2949 506 3223 574 proprium
3264 516 3367 576 est,
3400 510 3609 574 etdici-

335 599 540 672 exnvr).

925 689 1153 747 CAPUT
1176 691 1317 747 XIX.

504 781 581 848 De
615 783 832 852 tonitru,
861 793 909 836 et
943 783 1167 856 fulgore,
1195 789 1254 844 ἐι
1277 785 1746 840 coruscationibus.

403 874 720 932 Tonitruum
749 875 975 941 dictum,
999 877 1140 945 quod
1176 891 1340 932 sonus
1387 878 1503 945 ejus
1529 885 1747 931 terreat.
1782 875 1917 948 Nam

331 978 489 1024 tonus
512 981 697 1036 sonus,
721 967 813 1044 qui
842 969 962 1022 ideo
985 969 1257 1022 interdum
1286 978 1394 1022 tam
1421 968 1660 1039 graviter
1682 969 1919 1034 concutit

329 1061 529 1126 omnia,
582 1060 657 1114 ita
685 1068 742 1113 ut
769 1059 964 1118 etelum
1006 1061 1284 1118 discidisse
1328 1060 1591 1127 videatur,
1624 1063 1748 1132 quia
1794 1078 1918 1116 cum

327 1154 577 1225 procella:
608 1156 1066 1214 vehementissimi
1091 1157 1236 1211 venti
1260 1158 1492 1218 nubibus
1519 1166 1810 1230 scrcpente
1837 1160 1921 1220 in-

326 1246 597 1310 miserint,
628 1248 846 1305 turbine
899 1248 1280 1316 invalescente,
1313 1251 1623 1324 exitumque
1646 1260 1920 1324 quaerente

325 1337 522 1394 nubem
551 1353 716 1409 quam
747 1339 1049 1405 excavavit,
1094 1340 1299 1410 impetu
1338 1358 1534 1416 magno
1565 1343 1823 1400 rescindit
1855 1358 1918 1406 ac

325 1427 402 1482 sic
429 1442 552 1485 cum
581 1428 851 1496 horrcndo
877 1429 1063 1486 labore
1085 1429 1341 1504 [fragore]
1376 1431 1617 1488 defertur
1648 1433 1713 1490 ad
1737 1447 1913 1492 aures.

324 1515 646 1574 Tonitruum
674 1519 962 1589 aliquando
1001 1522 1056 1584 in
1092 1520 1389 1591 Scripturis
1441 1523 1678 1586 divinam
1727 1539 1914 1580 vocem

313 1606 611 1676 signiﬁcat,
639 1617 698 1668 ut
719 1617 804 1666 est
837 1610 968 1668 illud
1001 1629 1012 1662 :
1048 1610 1284 1664 Intonuit
1313 1612 1376 1666 de
1416 1613 1540 1676 caan
1568 1614 1843 1682 Dominus,
1863 1623 1915 1672 et

321 1698 623 1756 Altissimus
648 1701 788 1756 dedit
815 1719 988 1770 vocem
1014 1721 1163 1760 suam
1189 1703 1359 1774 (Psal.
1391 1706 1524 1777 xxii)
1545 1748 1558 1773 ,
1603 1708 1800 1784 quippe
1821 1709 1912 1778 qui

317 1796 437 1860 erat
480 1790 711 1860 ingentia
767 1805 1106 1848 sacramenta
1164 1795 1484 1862 locuturus;
1532 1797 1608 1862 ait
1655 1798 1800 1855 enim
1855 1796 1911 1852 in

2025 607 2111 652 tur
2147 599 2260 662 iris,
2287 598 2440 667 quasi
2466 598 2630 664 aeris,
2655 596 2706 650 id
2738 606 2835 660 est,
2869 598 3010 666 quod
3059 612 3156 668 per
3198 613 3375 653 aerem
3405 601 3470 654 ad
3501 611 3610 664 ter-

2021 704 2138 745 ram
2162 685 2469 746 descendat.
2524 687 2622 743 Hic
2661 697 2839 742 autem
2887 702 2917 743 a
2969 689 3080 743 sole
3130 690 3451 759 resplendet,
3482 695 3607 747 dum

2021 795 2165 835 cava:
2211 781 2384 836 nubes
2445 795 2511 834 ex
2567 780 2794 834 adverso
2829 780 3038 835 radium
3069 781 3196 836 solis
3224 781 3515 850 accipiunt,
3559 791 3612 838 et

2022 887 2181 928 arcus
2215 873 2448 942 speciem
2487 873 2712 943 ﬁngunt.
2761 871 2857 927 Cui
2902 874 3085 928 varius
3133 874 3281 929 color
3328 883 3412 930 est
3445 875 3610 944 :quia

2021 983 2159 1044 aqua
2189 969 2384 1038 tenuis,
2425 983 2519 1024 aer
2559 967 2789 1036 lucidus,
2814 977 2868 1023 et
2910 971 3082 1024 nubes
3128 971 3426 1040 caligantes
3479 971 3613 1024 irra-

2021 1059 2268 1122 diattuilli
2295 1060 2475 1115 varios
2495 1069 2682 1115 creant
2707 1061 2932 1116 colores.
2959 1063 3133 1116 Arcus
3162 1074 3341 1118 autem
3371 1062 3613 1120 ccclesiis

2020 1157 2103 1205 est
2130 1151 2338 1220 signum
2374 1152 2704 1217 testamenti,
2731 1153 2872 1222 quod
2894 1153 3074 1224 posuit
3099 1154 3242 1208 Deus
3289 1155 3430 1208 inter
3473 1165 3614 1209 sect

2019 1242 2265 1297 homines
2301 1251 2462 1313 atque
2505 1258 2720 1298 omnem
2773 1244 3010 1300 animam
3050 1245 3250 1310 vivam,
3303 1263 3369 1301 ne
3421 1247 3613 1316 perdat

2020 1351 2138 1390 eam
2169 1336 2388 1390 diluvio.
2444 1336 2577 1390 Nam
2627 1338 2769 1408 quod
2821 1337 2908 1391 ille
2941 1349 3164 1410 apparet
3196 1341 3248 1394 in
3274 1342 3528 1407 nubibus,
3558 1350 3614 1396 et

2020 1444 2292 1497 nunquam
2318 1429 2423 1484 nisi
2450 1429 2514 1482 de
2562 1428 2672 1482 sole
2703 1429 3032 1498 resplendet,
3068 1430 3354 1500 significat,
3387 1432 3512 1501 quia
3539 1431 3614 1484 illi

2019 1535 2126 1576 non
2181 1527 2409 1589 pereunt
2458 1520 2677 1586 diluvio,
2711 1522 2800 1590 qui
2844 1521 2894 1574 in
2924 1522 3203 1594 prophetis
3259 1533 3314 1577 et
3364 1523 3616 1577 omnibus

2020 1608 2313 1679 Scripturis
2352 1609 2568 1675 divinis,
2627 1619 2878 1679 tanquam
2927 1609 3021 1666 Dei
3074 1613 3325 1678 nubibus,
3356 1613 3616 1665 virtutem

2018 1710 2319 1772 agnoscunt
2365 1699 2586 1755 Christi.
2639 1699 2771 1753 Nam
2805 1700 2945 1770 quod
2974 1703 3024 1755 in
3073 1703 3261 1757 eodem
3311 1719 3437 1755 arcu
3470 1703 3615 1756 color

2022 1806 2174 1862 aqua)
2198 1799 2249 1845 et
2280 1791 2418 1862 ignis
2463 1790 2618 1845 simul
2649 1793 2973 1856 ostenditur,
3003 1794 3127 1863 quia
3158 1809 3222 1846 ex
3251 1803 3405 1868 parte
3444 1809 3615 1847 etern-

319 1879 611 1951 Evangelio
638 1897 739 1938 vox
770 1885 1111 1954 omnipotens
1139 1885 1319 1942 Patris
1351 1906 1363 1940 :
1399 1887 1466 1940 Et
1523 1887 1831 1956 tlat'iﬁcat'i,
1868 1900 1914 1944 et
1946 1878 1993 1949 Β
2022 1881 2138 1936 lcus
2182 1890 2266 1936 est
2309 1893 2362 1936 ct
2416 1899 2480 1936 ex
2531 1893 2685 1954 parte
2742 1883 3072 1937 rubicundus
3100 1925 3114 1949 ,
3165 1893 3406 1954 apparet,
3472 1883 3614 1954 quod

317 1972 511 2027 iterum
535 1973 838 2043 clari/icabo
890 1976 1072 2047 (Joan.
1120 1980 1254 2049 xu);
1299 1980 1440 2034 unde
1469 1980 1618 2039 multi
1650 1980 1815 2052 (sicut
1850 1983 1920 2044 ibi

319 2062 538 2137 legitur)
568 2067 866 2122 tonitruum
895 2067 1060 2125 fuisse
1087 2069 1449 2125 crediderunt.
1490 2070 1801 2136 Altissimus
1825 2089 1921 2128 au-

319 2166 426 2216 tem
455 2160 602 2218 dedit
627 2177 816 2220 vocem
851 2177 1025 2230 suam,
1056 2167 1271 2234 quando
1302 2166 1504 2228 dictum
1556 2175 1639 2226 est
1669 2187 1680 2220 :
1715 2168 1818 2227 Ilir
1844 2177 1918 2223 est

316 2247 490 2311 Filius
544 2267 693 2306 meus
738 2252 975 2320 dilectus,
1011 2254 1065 2309 in
1109 2274 1217 2326 quo
1272 2259 1399 2312 mihi
1456 2260 1581 2314 bene
1627 2260 1920 2334 complacui

319 2337 534 2410 (Matth.
587 2357 672 2408 Ill,
734 2343 889 2415 xvu).
934 2343 1240 2416 Aliquando
1298 2363 1426 2402 vero
1475 2351 1917 2418 praedicationem

238 2489 253 2508 ,
317 2431 571 2503 designat
599 2435 898 2506 Evangelii,
922 2445 983 2492 ut
1011 2446 1094 2491 est
1121 2438 1249 2494 illud
1278 2458 1289 2492 :
1336 2438 1443 2494 Vox
1471 2443 1690 2496 tonitrui
1723 2445 1776 2497 in
1803 2454 1917 2499 rota

319 2520 495 2593 (Psal.
521 2525 725 2598 LXXVI).
759 2525 814 2580 In
848 2535 967 2581 rota
1007 2544 1156 2604 ergo,
1188 2530 1239 2585 id
1270 2538 1371 2597 est,
1406 2534 1606 2592 mundo
1634 2549 1738 2590 vox
1772 2539 1913 2591 toni-

318 2615 428 2667 trui
471 2613 588 2682 ejus
640 2631 860 2688 egressa
894 2628 996 2680 est,
1042 2621 1260 2688 quando
1299 2621 1682 2689 prmdicatores
1710 2623 1912 2686 Christi

317 2706 578 2762 circulum
601 2709 772 2766 totius
798 2710 946 2764 orbis
965 2711 1145 2774 verbis
1175 2713 1488 2774 tonantibus
1527 2715 1910 2786 impleverunt.

317 2796 453 2853 Cum
483 2799 720 2854 tonitruo
747 2808 928 2859 autem
959 2802 1117 2878 simul
1142 2813 1196 2878 et
1221 2803 1405 2874 fulgur
1432 2806 1772 2881 exprimitur,
1817 2809 1911 2878 sed

317 2886 449 2948 illud
474 2889 702 2946 celerius
728 2892 964 2958 videtur,
991 2894 1118 2962 quia
1159 2893 1365 2954 clarum
1404 2906 1487 2952 est
1523 2916 1534 2950 :
1573 2899 1676 2952 hoc
1702 2908 1907 2968 autem,

318 2977 374 3034 id
403 2988 509 3047 est,
533 2982 826 3042 tonitruum
857 2985 924 3042 ad
953 2970 1113 3044 aures
1159 2988 1369 3048 tardius
1405 2989 1670 3058 pervenit.
1709 2991 1911 3064 Fulgur

319 3077 376 3124 et
391 3069 592 3138 fulmen
610 3073 751 3130 ictus
779 3074 1014 3132 caelestis
1028 3073 1196 3143 jaculi
1221 3093 1250 3139 a
1273 3063 1515 3138 feriendo
1535 3079 1683 3146 dicti,
1703 3063 1908 3159 fulgere

319 3161 464 3222 enim
507 3163 670 3222 ferire
715 3176 797 3222 est
841 3175 1004 3238 atque
1051 3179 1376 3238 percutere,
1437 3171 1665 3228 fulmina
1723 3184 1906 3236 autem

2028 1972 2309 2041 utriusque
2334 1972 2519 2040 judicii
2555 1974 2705 2028 testis
2746 1975 2815 2028 sit
2842 1991 2852 2027 :
2880 1973 3038 2028 unius
3066 1974 3315 2029 videlicet
3360 1973 3614 2042 faciendi,

2025 2073 2081 2119 et
2127 2065 2353 2120 alterius
2389 2065 2535 2129 facti,
2571 2066 2623 2119 id
2675 2073 2776 2130 est,
2811 2067 2935 2135 quia
2984 2068 3213 2128 mundus
3257 2066 3447 2133 judicii
3496 2066 3616 2134 igne

2024 2157 2375 2219 cremabitur,
2403 2173 2507 2210 non
2534 2173 2673 2226 aqua
2700 2158 2881 2211 diluvii
2914 2158 3054 2211 ultra
3102 2158 3386 2213 delebitur.
3417 2158 3536 2230 lris,
3562 2157 3614 2216 id

2022 2255 2123 2315 est,
2159 2264 2334 2316 arcus,
2367 2248 2595 2302 duorum
2640 2249 2965 2319 judiciorum
2996 2251 3090 2306 Dei
3139 2251 3367 2321 ﬁguram
3417 2251 3617 2316 habere

2023 2340 2220 2395 dicitur
2245 2359 2256 2394 :
2283 2342 2386 2397 hoc
2409 2350 2511 2410 est,
2541 2342 2722 2411 primi,
2754 2343 2896 2413 quod
2926 2358 3022 2413 per
3045 2343 3338 2410 diluvium;
3366 2346 3613 2416 secundi,

2020 2433 2162 2501 quod
2194 2449 2291 2504 per
2319 2435 2518 2504 ignem,
2553 2441 2610 2489 ut
2640 2443 2722 2490 est
2761 2435 2891 2490 illud
2943 2437 2993 2490 in
3036 2436 3359 2507 Apocalypsi
3388 2456 3398 2490 :
3431 2437 3496 2490 Et
3520 2437 3614 2492 iris

2018 2524 2072 2576 in
2099 2524 2320 2576 circuitu
2355 2525 2468 2594 ejus
2518 2523 2700 2596 (Apoc.
2737 2524 2833 2597 ιν).
2866 2524 3146 2581 Serenitas
3177 2535 3254 2581 est
3282 2527 3614 2600 indulgentia

2019 2615 2336 2672 delictorum
2356 2631 2454 2696 per
2483 2617 2797 2687 sanguinem
2827 2616 2952 2671 Jesu
2983 2616 3181 2678 Christi
3206 2627 3330 2696 post
3362 2619 3613 2674 tenebras

2015 2704 2363 2779 peccatorum
2392 2711 2534 2774 data,
2569 2717 2625 2762 ut
2651 2718 2732 2764 est
2779 2709 2907 2762 illud
2968 2710 3018 2763 in
3075 2710 3365 2782 Evangelio
3397 2729 3408 2763 :
3439 2709 3611 2764 Facta

2013 2815 2217 2870 vespere
2259 2799 2477 2853 dicitis:
2510 2797 2759 2852 Serenum
2807 2799 2921 2864 erit,
2963 2799 3310 2852 rubicundum
3355 2808 3426 2853 est
3473 2801 3610 2853 enim

2013 2890 2196 2946 caelum
2222 2890 2436 2963 (Matth.
2471 2893 2605 2961 xw).

2609 2981 2836 3038 CAPUT
2915 2982 3054 3048 XXI.

2695 3075 2774 3132 De
2797 3079 2930 3148 igne.

2080 3165 2224 3238 Ignis
2253 3182 2403 3240 ergo,
2462 3169 2554 3240 qui
2587 3178 2837 3242 quartum
2885 3170 3069 3230 mundi
3125 3179 3207 3225 est
3261 3170 3608 3244 elementum,

319 3252 505 3308 collisa
556 3255 738 3313 nubila
790 3256 1013 3321 faciunt.
1051 3259 1182 3320 Nam
1221 3263 1461 3322 omnium
1488 3278 1670 3322 rerum
1700 3267 1909 3328 collisio
1937 3242 1986 3307 α
2011 3259 2304 3331 aliquando
2358 3262 2613 3332 exprimit
2643 3262 2814 3316 zelum
2859 3262 2978 3329 Dei,
3007 3262 3296 3334 aliquando
3347 3242 3608 3336 Spiritum

319 3343 499 3416 ignem
546 3358 716 3414 creat,
746 3357 807 3405 ut
835 3351 892 3410 in
930 3351 1195 3422 lapidibus
1245 3355 1540 3419 cernimus,
1590 3356 1675 3411 vel
1719 3358 1907 3416 attritu

319 3445 582 3504 rotarum,
607 3440 769 3498 simili
801 3442 959 3498 modo
988 3443 1042 3498 in
1063 3445 1296 3501 nubibus
1329 3446 1490 3518 ignis,
1519 3448 1663 3506 unde
1687 3449 1911 3518 etprius

321 3530 503 3583 nubila
532 3540 679 3597 sunt,
713 3534 906 3590 deinde
950 3537 1107 3605 ignes
1138 3554 1152 3604 ;
1198 3553 1262 3593 ex
1298 3547 1461 3594 vento
1493 3547 1672 3595 autem
1707 3549 1760 3596 et
1788 3539 1910 3612 igne

322 3619 547 3676 fulmina
574 3623 804 3693 (certum
835 3628 936 3696 est)
959 3628 1014 3680 in
1040 3630 1271 3684 nubibus
1296 3630 1416 3685 ﬁeri
1438 3640 1493 3686 et
1522 3634 1754 3702 impulsu
1782 3650 1912 3688 ven-

319 3720 503 3769 torum
527 3714 734 3778 emitti;
760 3715 880 3768 ideo
907 3706 1094 3772 autem
1149 3719 1387 3775 fulminis
1437 3722 1614 3789 ignem
1655 3725 1763 3777 vim
1810 3726 1908 3778 ha-

318 3805 450 3861 bere
476 3803 760 3873 majorem,
779 3807 903 3877 quia
928 3808 1299 3867 sMBori-bus
1317 3812 1600 3867 elementis
1633 3813 1807 3869 factus
1831 3823 1914 3870 est

299 3910 486 3966 quam
507 3904 713 3966 noster,
746 3899 801 3956 id
833 3909 942 3972 est,
967 3900 1059 3974 qui
1103 3903 1261 3964 nobis
1284 3903 1337 3964 in
1368 3920 1466 3974 usu
1497 3914 1597 3960 cst.
1635 3905 1757 3961 Tria
1786 3919 1911 3966 sunt

323 3995 502 4042 autem
526 3986 642 4056 ejus
671 3989 892 4054 nomina
924 4009 936 4044 :
967 3989 1299 4069 fulgurrquia
1345 3996 1548 4066 tangit;
1586 3995 1760 4069 fulgor
1788 4000 1913 4069 quia

323 4077 570 4136 incendit
609 4088 673 4152 et
717 4081 870 4146 urit;
921 4077 1124 4158 fulmen
1155 4085 1282 4160 quia
1311 4086 1466 4152 ﬁndit
1499 4105 1511 4140 :
1540 4088 1661 4144 ideo
1699 4098 1753 4144 et
1787 4099 1918 4146 cum

321 4173 491 4232 tamis
521 4173 688 4248 radiis
711 4174 970 4252 pingitur.

387 4262 628 4336 Fulgura
655 4273 837 4330 autem
867 4267 980 4338 sive
1001 4271 1410 4332 coruscationes
1453 4273 1679 4346 mystice
1703 4274 1913 4344 divinos

326 4352 383 4408 in
413 4351 716 4424 Seripturis
749 4358 1066 4434 exprimunt
1115 4369 1375 4438 terrores,
1408 4364 1504 4436 qui
1550 4364 1603 4434 in
1648 4363 1926 4426 miraculo

325 4448 732 4510 coruscantian
746 4451 888 4510 ﬁunt
909 4471 920 4506 :
948 4452 1030 4514 vel
1051 4456 1568 4529 conmunicationes
1590 4456 1911 4531 [commina—

325 4539 547 4613 tiones],
579 4556 697 4612 qua:
723 4544 936 4614 scriptae
962 4554 1086 4618 sunt
1109 4547 1161 4609 in
1187 4547 1307 4622 lege
1324 4549 1532 4616 divina,
1555 4557 1615 4606 ut
1636 4558 1715 4604 cst
1738 4550 1866 4608 illud
1894 4569 1906 4604 :

326 4633 626 4698 "luxerunt
651 4641 1034 4708 coruscationes
1183 4643 1294 4698 orbi
1320 4653 1474 4702 teme
1499 4661 1516 4698 :
1543 4645 1670 4710 cidit
1692 4655 1739 4698 et
1764 4661 1909 4700 com—

325 4738 731 4784 motaestterra
781 4730 952 4802 (Paul.
1003 4734 1210 4805 Lxxvi).
1265 4733 1681 4798 Coi-nscationes
1729 4737 1911 4802 divina

322 4814 592 4892 pmoepta
611 4822 747 4888 dicit
776 4823 1020 4881 veritatis
1055 4824 1254 4884 lumine
1290 4827 1579 4892 radiantia,
1612 4843 1731 4898 qum
1774 4837 1918 4896 tene-

291 4971 306 4980 _
327 4912 456 4974 bras
481 4912 757 4980 hominum
783 4929 883 4986 per
907 4924 1076 4972 totum
1101 4915 1360 4982 mundum
1391 4919 1616 4984 salutari
1645 4918 1917 4982 illuminas

326 5003 476 5070 tione
497 5004 841 5080 fugaverunt.
863 5007 928 5078 Et
958 5007 1156 5070 alibuta
1183 5007 1334 5081 [alibi
1363 5010 1461 5082 ita]
1493 5009 1690 5072 dicitur
1719 5030 1730 5065 :
1783 5003 1932 5074 Fel?

328 5110 459 5167 gnra
479 5096 861 5172 multiplicauit,
888 5107 938 5154 et
979 5101 1301 5173 conturbavit
1332 5119 1418 5156 eos
1456 5101 1629 5173 (Psal.
1666 5103 1830 5176 xvu);
1863 5104 1916 5178 id

329 5199 431 5257 est,
459 5192 724 5252 miracula
765 5192 933 5256 multa
984 5192 1137 5260 fecit,
1185 5210 1308 5267 quae
1365 5197 1447 5251 sic
1490 5196 1660 5254 corda
1704 5197 1918 5252 intuen-

329 5284 465 5342 tium
517 5296 936 5356 permoverunt,
989 5289 1440 5356 quemadmodum
1495 5290 1686 5350 crebra
1743 5289 1920 5346 solent

329 5373 541 5448 fulgura
573 5379 688 5434 visa
736 5388 959 5434 terrere.
1004 5379 1343 5444 Conturbavit
1374 5397 1467 5438 eos
1503 5401 1515 5436 :
1545 5383 1610 5438 de
1651 5383 1735 5438 bis
1764 5381 1917 5450 dicit,

330 5469 424 5539 qui
451 5478 576 5526 tunc
606 5472 914 5532 conutrbati
939 5480 1085 5539 sunt,
1111 5473 1328 5543 quando
1379 5490 1503 5529 eum
1560 5475 1918 5532 resurrexisse

330 5560 630 5620 manifestis
648 5563 1057 5634 probationibus
1079 5578 1430 5636 agnoverunt.
1492 5595 1495 5598 -

932 5678 1160 5736 CAPUT
1193 5679 1287 5734 XX
1301 5721 1314 5731 .

863 5749 939 5804 De
988 5769 1114 5804 arcu
1165 5750 1376 5806 calesti.

403 5833 581 5898 Arcus
617 5840 860 5912 caelestis
903 5841 1079 5900 dictus
1105 5857 1137 5898 a
1164 5842 1519 5912 similitudine
1558 5845 1769 5912 curvati
1819 5821 1950 5910 au-i

1939 4597 1992 4664 D

2014 3362 2280 3420 sanctum,
2310 3355 2602 3424 aliquando
2626 3355 2970 3422 charitatem,
3017 3355 3305 3428 aliquando
3342 3355 3610 3428 cupidita-

2015 3457 2148 3515 tem,
2211 3448 2500 3518 aliquando
2552 3446 2850 3514 malitiam,
2917 3448 3204 3518 aliquando
3251 3447 3611 3526 intellectum,

2016 3537 2305 3608 aliquando
2328 3539 2752 3606 tribulationem,
2789 3538 3079 3609 aliquando
3109 3539 3263 3602 iram,
3303 3523 3609 3607 aliquando

2016 3631 2364 3701 voluptatem.
2415 3631 2600 3692 Zelum
2652 3631 2796 3688 enim
2854 3631 2949 3686 Dei
2999 3631 3266 3685 sententia
3297 3637 3469 3695 notat,
3503 3643 3610 3698 qua

2018 3724 2217 3780 dicitur
2243 3743 2254 3776 ε
2278 3723 2421 3780 Deus
2461 3733 2634 3786 noster
2659 3727 2794 3796 ignis
2835 3741 3144 3788 consumens
3187 3734 3261 3782 est
3300 3723 3479 3794 (Deut.
3506 3709 3606 3792 iv),

2017 3815 2152 3894 Nam
2185 3813 2446 3884 Spiritqu
2479 3825 2722 3871 sanctum
2754 3818 3111 3883 demonstrat,
3141 3817 3231 3886 qni
3265 3817 3318 3870 in
3349 3816 3435 3870 die
3472 3814 3608 3870 Pen—

2018 3916 2254 3964 tecostes
2295 3909 2347 3971 in
2382 3908 2580 3980 linguis
2633 3908 2805 3980 igneis
2839 3924 3000 3986 super
3037 3909 3309 3980 apostolos
3338 3907 3618 3977 apparuit,

2019 4003 2111 4064 ubi
2138 4017 2234 4058 .eos
2273 4003 2393 4064 luce
2442 4002 2721 4077 sapientiae
2765 4001 3086 4056 illuminavit
3113 4009 3166 4056 et
3223 4003 3339 4068 zelo
3383 3998 3609 4064 iustitia:

2019 4093 2183 4154 corda
2214 4108 2402 4167 eorum
2433 4089 2698 4166 accendit.
2744 4091 3076 4146 Charitatem
3111 4099 3290 4163 autem
3317 4088 3612 4166 significat,

2020 4184 2111 4248 ubi
2161 4182 2430 4242 fervorem
2476 4182 2779 4238 dilectionis
2832 4183 3106 4252 exprimit,
3148 4192 3206 4238 ut
3237 4192 3320 4237 est
3374 4182 3503 4244 illud
3554 4182 3609 4246 in

2018 4275 2310 4347 Evangelio
2344 4293 2356 4329 :
2385 4272 2418 4338 ,1
2425 4291 2576 4344 gnem
2601 4275 2714 4328 veni
2740 4275 2942 4330 mittere
2966 4275 3019 4329 in
3050 4283 3190 4330 terra
3216 4291 3233 4330 :
3255 4275 3454 4344 etquid
3474 4272 3610 4352 polo,

2019 4369 2121 4422 nisi
2143 4377 2200 4421 ut
2227 4370 2407 4422 ardeat
2432 4368 2456 4420 ?
2478 4366 2630 4439 (Luc.
2656 4366 2776 4438 xu.)
2807 4365 3167 4438 Cupiditatcm
3200 4376 3376 4430 autem
3403 4365 3609 4444 signiﬁ-

2021 4467 2129 4522 cat,
2160 4457 2378 4527 quando
2403 4456 2750 4512 ambitionem
2781 4457 3004 4511 nimiam
3055 4469 3392 4513 terrenarum
3426 4473 3606 4528 rerum

1995 4550 2260 4604 =dcnotat.
2291 4549 2439 4606 Unde
2471 4551 2523 4605 in
2551 4550 2736 4606 Extido
2765 4553 3023 4612 Dominus
3050 4552 3297 4622 prcecipit
3331 4553 3394 4605 de
3419 4551 3626 4616 obser-,

2017 4643 2236 4706 vatione
2277 4641 2537 4702 Sabbati:
2574 4642 2697 4697 Non
2738 4646 3080 4711 succendetis,
3121 4646 3316 4714 inquit,
3353 4645 3624 4712 ignemin.

2021 4734 2257 4790 omnibus
2289 4733 2601 4788 habitaculis
2642 4735 2822 4787 vestris
2845 4752 2938 4811 per
2975 4736 3109 4796 diem
3143 4734 3360 4798 Sabbati
3409 4733 3628 4803 (Enqdn

2021 4827 2209 4897 xxxv).
2240 4823 2423 4896 Ignem
2447 4824 2760 4894 .cupiditatis
2785 4825 2973 4888 tamin
2999 4826 3315 4896 corporibus
3335 4825 3629 4896 humanis"

2023 4930 2185 4985 quam
2208 4915 2373 4978 etiam
2409 4914 2462 4972 in
2494 4916 2883 4972 conventiculis
2915 4915 3181 4980 universis
3231 4922 3376 4970 vetat
3425 4916 3628 4978 iaceo--

2025 5006 2173 5063 dere.
2223 5005 2480 5074 Malitiam
2522 5017 2702 5082 autem
2748 5008 3015 5082 signiﬁcat
3057 5006 3220 5080 ignis,
3253 5007 3468 5080 quando
3515 5021 3630 5084 con,

2023 5100 2227 5166 malum
2247 5101 2315 5174 ad
2351 5100 2608 5166 inferiora
2631 5116 2844 5173 semper
2885 5102 3224 5170 incurvatum
3252 5099 3606 5167 demonstrat,
3627 5143 3636 5166 .,

2022 5191 2100 5247 De
2125 5207 2231 5264 quo
2253 5194 2374 5267 igne
2393 5192 2596 5250 dicitur
2623 5211 2635 5248 :
2670 5192 2821 5264 Hunc
2852 5192 2991 5263 ignis
3015 5192 3387 5256 adversarium
3409 5206 3632 5260 consue,

2023 5287 2313 5356 met,_quia
2343 5287 2639 5358 pessimum
2684 5301 2781 5342 cor
2829 5301 2895 5339 ex
2952 5301 3047 5342 sua
3093 5285 3299 5340 malitia
3353 5285 3640 5362 tabescit.__,

2027 5378 2178 5435 Sicut
2223 5389 2404 5438 autem
2433 5380 2574 5450 ignis
2603 5378 2805 5434 amoris
2835 5388 3073 5444 mentem
3113 5378 3291 5448 erigit,
3346 5378 3422 5431 ita
3469 5376 3611 5448 ignis

2025 5472 2245 5527 malitiae
2287 5472 2526 5527 involvit.
2561 5471 2987 5528 Tribulationem
3021 5480 3201 5536 autem
3234 5470 3374 5541 ignis
3398 5467 3632 5538 signitig

2024 5573 2133 5630 cat,
2159 5574 2217 5620 ut
2242 5575 2323 5621 est
2367 5565 2496 5619 illud
2547 5563 2602 5620 in
2651 5564 2859 5635 psalmo
2906 5583 2918 5618 :
2963 5563 3092 5635 Igne
3131 5580 3226 5628 nos
3271 5561 3638 5630 exanimasti,

2022 5662 2154 5714 sicut
2199 5662 2316 5731 igne
2367 5660 2699 5712 examinatur
2724 5669 2997 5728 argentum
3024 5656 3196 5730 (Psal.
3257 5655 3405 5726 va).
3461 5653 3634 5708 Tunc.

2025 5760 2206 5805 autem
2252 5752 2390 5804 iram
2437 5750 2725 5822 signiﬁcat,
2755 5751 2970 5821 quando
3012 5749 3306 5818 vindictam
3337 5744 3642 5810 cmlcsteny

2024 5845 2282 5912 ostendit,
2313 5853 2372 5903 ut
2401 5854 2484 5903 est
2510 5844 2639 5901 illud
2672 5864 2682 5899 :
2717 5841 3036 5900 Consumam
3076 5857 3162 5898 eos
3194 5844 3311 5914 igne
3349 5839 3443 5893 ine
3467 5847 3597 5889 mea:
