4074 6324
420 320 527 400 ess

1056 339 1120 398 B.
1163 339 1417 398 MBAN]
1437 336 1674 399 insunt
1710 324 2027 400 menter.
2058 316 2378 401 nouum.
2402 336 2690 403 eranum
2728 347 2907 404 mas
2938 306 3003 405 ἐι.

3583 350 3693 415 28$

419 465 509 510 tur
980 453 1143 511 sibilo
1166 434 1319 512 cura:
1350 458 1539 514 tenuis
1568 474 1692 514 non
1730 470 1995 532 negatur:

2092 457 2367 514 -υοηιεκαα
2384 461 2765 533 nam
2782 464 3433 536 avius-rw”.
3450 468 3697 532 sum

417 547 545 617 quia
594 540 852 602 nimirum
897 560 1053 603 mens
1091 562 1215 602 cum
1250 547 1305 602 in
1335 551 1807 621 contemplationis
1835 551 2001 606 subii,

414 638 607 694 mitate
654 638 1035 709 suspenditur,
1087 639 1348 710 quidquid
1396 642 1636 710 perfecte
1687 644 2002 714 conspicere

411 729 702 803 prmvalet,
753 731 894 786 Deus
926 743 1038 788 non
1078 741 1163 787 est
1189 750 1203 787 :
1231 746 1354 787 cum
1388 748 1519 789 vero
1557 735 1753 791 subtile
1798 737 2000 808 aliquid
2032 762 2037 769 η

414 820 702 891 conspicit,
732 821 836 877 hoc
861 830 966 888 est,
992 823 1136 891 quod
1179 823 1246 879 de
1284 823 1818 894 incomprehensibili
1864 828 2000 882 sub-

415 910 614 965 stantia
636 911 1165 967 atemitstis‘audit.
1197 911 1362 980 Quasi
1390 914 1537 968 enim
1573 914 1789 971 sibilum
1819 918 2009 973 tennis:

415 1014 565 1057 aurae
612 1004 980 1075 percipimus,
1028 1018 1155 1060 cum
1213 1019 1463 1076 saporem
1517 1007 2001 1080 incircumscriptus

412 1094 666 1151 veritatis
694 1094 1151 1165 contemplatione
1189 1097 1369 1152 subita
1409 1097 1780 1170 degustamus.
1821 1100 2033 1156 Tranr

410 1185 652 1255 quillitas
697 1194 876 1242 autem
923 1188 1120 1258 pelagi,
1149 1203 1312 1257 quam
1354 1188 1594 1245 altarium
1642 1200 1870 1253 vocant.
1904 1208 2001 1263 pa-

411 1289 529 1329 cem
560 1276 816 1332 Ecclesiae
842 1278 1112 1349 signiﬁcat
1139 1280 1193 1334 in
1216 1280 1454 1337 mundo:
1481 1297 1601 1352 qua:
1617 1324 1631 1348 ,
1665 1300 1796 1339 aura
1823 1284 1997 1355 Spiri-

368 1378 381 1387 ‘
407 1375 494 1423 tus
518 1369 691 1424 sancti
720 1368 887 1425 ﬂante
908 1410 923 1436 ,
955 1382 1218 1443 prospero
1247 1388 1409 1429 cursu
1449 1383 1573 1444 post
1615 1383 1998 1446 tempestatem

413 1461 467 1516 in
499 1463 700 1518 mundo
730 1461 934 1519 factam
962 1466 1029 1520 ad
1057 1474 1299 1536 Optatum
1323 1475 1540 1523 auertite
1561 1468 1758 1538 quietis
1783 1479 1997 1540 portum

414 1556 599 1611 studet
642 1571 835 1612 secura
878 1559 1201 1627 pervenire:
1232 1560 1375 1616 sicut
1419 1560 1473 1615 in
1517 1560 1609 1615 illa
1652 1562 1998 1633 navigatione

416 1646 631 1704 Domini
668 1665 789 1705 cum
820 1651 1096 1725 discipulis
1124 1652 1178 1707 in
1210 1668 1368 1719 nave,
1393 1669 1517 1710 cum
1543 1654 1789 1710 navicula
1819 1656 1998 1726 operi-

408 1746 562 1801 retur
582 1737 854 1807 ﬂuctibus,
897 1760 1111 1814 surgens
1164 1743 1415 1800 Dominus
1461 1746 1733 1816 imperavit
1755 1749 1922 1803 ventis
1949 1756 1999 1802 et

2106 551 2302 620 quippe
2331 559 2437 617 est,
2474 553 2585 622 qui,
2617 562 2679 608 ut
2706 555 2759 609 in
2788 556 2966 611 medio
2992 555 3326 624 inhabitem,
3359 560 3541 616 venit:
3572 578 3697 621 cum

2088 628 2235 697 ivero
2256 658 2325 699 se
2342 657 2439 712 per
2468 653 2845 715 tempestatem
2868 654 2926 702 et
2948 646 3222 703 turbinem
3248 647 3508 717 insinuat,
3535 652 3696 708 nimi-

2103 750 2223 790 rum
2251 751 2371 807 qua:
2392 738 2564 808 tangit
2588 741 2752 795 corda
2772 781 2788 807 ,
2811 740 3093 809 perturbat
3127 750 3293 812 atque
3328 743 3395 798 ad
3425 746 3690 803 edoman-

2103 825 2225 880 dam
2246 826 2532 884 elationem
2558 844 2617 885 se
2638 831 2835 896 exerit,
2865 832 3080 901 quando
3098 839 3295 901 potens
3329 842 3386 891 et
3416 837 3682 898 terribilis

2056 950 2063 957 ι
2102 916 2408 975 innotescit.
2438 920 2575 978 Hinc
2594 923 2648 978 in
2668 922 2882 993 psalmo
2904 924 3169 994 scriptum
3190 934 3319 982 est:
3350 927 3693 1000 Persequeris

2099 1027 2187 1065 eos
2231 1013 2287 1066 in
2334 1022 2636 1084 tempestate
2670 1025 2782 1081 tua,
2818 1026 2876 1070 et
2913 1018 2971 1071 in
2998 1018 3084 1072 ira
3120 1028 3216 1073 tua
3238 1022 3575 1079 eonturbabis
3604 1042 3692 1081 eos

2102 1100 2122 1174 (
2131 1101 2275 1158 Psal.
2291 1105 2519 1179 ωιτη).
2535 1105 2593 1161 ln
2606 1114 2928 1177 tempestate
2942 1107 3097 1174 dicit,
3111 1110 3215 1165 hoc
3228 1120 3333 1177 eat,
3561 1124 3694 1191 tem-

2098 1210 2250 1266 pore.
2278 1197 2409 1252 item
2439 1206 2732 1269 tempestas
2760 1215 2993 1256 examen
3018 1202 3207 1271 judicii
3230 1205 3521 1275 signiﬁcat,
3551 1217 3612 1262 ut
3634 1208 3705 1281 in,

2098 1290 2307 1358 psalmo
2330 1306 2345 1345 :
2371 1290 2401 1344 Ι
2404 1308 2437 1345 u
2455 1292 2677 1346 circuitu
2693 1293 2810 1362 ejus
2823 1303 3097 1363 tempestas
3116 1293 3291 1350 valida
3307 1294 3483 1365 (Paul.
3503 1297 3683 1372 xux);

2099 1380 2244 1449 quod
2282 1383 2597 1452 tempestati
2645 1383 2840 1439 merito
2874 1393 3261 1455 comparatur:
3294 1386 3531 1457 primum
3560 1391 3691 1458 quia

2097 1469 2451 1541 improvisum
2473 1481 2595 1528 est:
2621 1473 2814 1531 deinde
2842 1474 2991 1544 quod
3013 1474 3192 1531 subito
3220 1474 3436 1547 fragore
3473 1468 3699 1537 contur-V

2096 1563 2230 1618 bat:
2257 1572 2313 1619 et
2333 1564 2510 1620 locum
2542 1548 2682 1629 tollit
2723 1565 2954 1623 consilio
2992 1567 3281 1637 repentina
3314 1568 3544 1647 periculi
3574 1554 3697 1627 ma:

2096 1654 2338 1726 gnitudo.
2371 1654 2689 1728 Tempestas
2716 1657 2860 1712 enim
2890 1657 3144 1715 imbrium
3164 1660 3315 1719 acris
3331 1667 3416 1723 est
3442 1662 3692 1733 quaedam

2096 1749 2369 1803 concitata
2426 1749 2655 1816 seditio,
2704 1749 2764 1804 in
2802 1766 2911 1821 qua
2956 1751 3306 1807 vehementer
3342 1754 3690 1820 terminatur,

406 1833 577 1897 muri,»
606 1842 653 1887 et
683 1833 827 1903 facta
865 1844 943 1890 est
980 1836 1339 1907 tranquillitas
1374 1855 1565 1909 magna
1613 1839 1827 1912 (Matth.
1851 1841 1994 1912 vni).
2025 1831 2076 1889 Β
2103 1841 2231 1896 dum
2262 1856 2525 1912 aquarum
2562 1842 2845 1899 nimietate
2883 1859 3167 1899 vexamur.
3202 1844 3499 1916 Sequitur:
3528 1846 3596 1900 Et
3630 1847 3695 1911 its

406 1919 762 1994 Tropnlogice
790 1934 975 1981 autem
1002 1934 1057 1982 et
1098 1941 1195 1982 nos
1228 1927 1423 1998 singuli
1468 1929 1737 1985 catholica
1773 1930 1878 1986 ﬁde
1913 1932 1996 1986 in.

406 2013 622 2078 structi,
651 2020 708 2068 et
733 2016 888 2085 signo
911 2015 1205 2073 Dominicae
1233 2019 1412 2074 crucis
1441 2018 1637 2076 imbuti
1658 2021 1788 2075 dum
1819 2036 1992 2077 saecu-

405 2102 520 2161 lum
569 2105 878 2178 relinquere
928 2108 1297 2179 disponimus,
1343 2127 1535 2168 navem
1586 2113 1830 2181 profecto
1869 2130 1993 2171 cum

405 2193 532 2259 ἔθευ
559 2201 993 2267 conscendimus,
1022 2217 1171 2259 mare
1200 2204 1437 2261 transire
1462 2221 1761 2261 conamur:
1786 2209 1881 2263 sed
1901 2209 1993 2278 qui

408 2304 517 2345 non
552 2291 863 2349 dormitavit
903 2309 1078 2364 neque
1121 2296 1426 2352 obdormiet
1469 2298 1636 2353 lsraei
1687 2300 1996 2358 custodiens

403 2391 644 2451 semper,
672 2383 827 2440 nobis
849 2392 1028 2442 tamen
1057 2402 1199 2458 szepe
1228 2388 1629 2459 navigantibus,
1667 2392 1822 2460 quasi
1850 2393 1996 2448 inter

406 2472 645 2542 sequaris
689 2472 938 2533 fremitus
976 2478 1277 2546 obdormit,
1313 2481 1559 2550 quando,
1614 2484 1995 2539 crebrescente

403 2562 550 2620 inter
585 2566 793 2622 medios
815 2568 1078 2626 virtutum
1107 2572 1260 2628 nisus
1299 2572 1385 2629 vel
1408 2574 1810 2632 immundorum
1837 2576 1999 2646 spiri-

408 2659 559 2709 tuum
607 2655 697 2710 vel
724 2657 1004 2714 hominum
1052 2675 1347 2729 pravorum
1389 2666 1474 2720 vel
1517 2667 1635 2737 ipso
1681 2677 1994 2723 nostrarum

410 2744 801 2815 cogitationum
842 2748 1044 2819 impetu
1065 2791 1078 2816 ,
1115 2751 1238 2808 ﬁdei
1280 2754 1536 2823 splendor
1556 2759 1992 2824 obtenebrescit,

401 2833 521 2904 spei
548 2835 814 2895 celsitudo
834 2841 1187 2909 contabescit,
1203 2845 1406 2900 amoris
1422 2843 1640 2900 ﬂamma
1665 2847 1990 2919 refrigescit.

408 2923 613 2981 Verum
647 2927 794 2984 inter
816 2930 1428 3005 huiusmodi‘procellas
1474 2937 1542 2991 ad
1574 2936 1725 2992 illum
1770 2954 1994 2995 necesse

404 3024 495 3072 est
534 3019 952 3088 gubernatorem
1009 3040 1323 3093 curramus,
1371 3027 1521 3083 illum
1570 3030 1758 3085 sedulo
1792 3031 1993 3085 excite-

403 3123 545 3174 mus,
571 3110 665 3181 qui
697 3128 805 3170 non
834 3117 1036 3172 serviat
1066 3120 1159 3173 sed
1190 3120 1425 3191 imperet
1463 3123 1660 3179 ventis.
1690 3123 1811 3179 Mox
1848 3132 1990 3179 tem-

2097 1933 2180 1987 ira
2204 1943 2294 1988 tua
2317 1934 2651 1989 conturbabis
2672 1951 2782 1988 eos.
2806 1933 2963 2006 Saepe
2979 1935 3092 2005 jam
3115 1936 3223 1990 dixi
3250 1938 3390 2011 iram
3406 1937 3695 2011 Divinitati

2096 2037 2204 2078 non
2235 2038 2394 2093 posse
2416 2038 2747 2093 congruere:
2776 2025 2870 2080 sed
2888 2026 2961 2080 ab
2983 2026 3292 2083 hominibus
3320 2036 3558 2083 tractum
3574 2036 3697 2103 est,

2097 2113 2189 2182 qui
2220 2112 2435 2183 quando
2464 2114 2759 2170 sceleratos
2776 2113 3057 2184 iudicant,
3085 2115 3299 2173 fervore
3339 2118 3508 2174 animi
3534 2135 3693 2187 conn,

2096 2211 2420 2258 moventur:
2452 2219 2555 2260 nec
2586 2205 2744 2260 aliter
2768 2207 2838 2261 ad
2875 2208 3242 2267 damnandum
3276 2209 3552 2265 hominem
3591 2225 3689 2285 ver

2096 2296 2271 2362 niunt,
2304 2296 2408 2351 nisi
2435 2297 2502 2351 de
2528 2299 2833 2355 commissis
2860 2314 3051 2355 eorum
3084 2301 3407 2357 criminibus
3445 2303 3690 2379 excitans

2096 2395 2205 2441 tur.
2260 2386 2702 2443 Persecutionem
2756 2398 2941 2446 autem
3002 2405 3300 2460 pravorum
3354 2392 3445 2459 ille
3497 2372 3689 2477 vgrsus

2096 2478 2366 2547 signiﬁcat
2384 2494 2452 2534 ex
2486 2493 2719 2549 persona
2748 2480 2961 2537 Domini
2991 2483 3273 2561 prolatus:
3308 2480 3439 2553 Veni
3470 2486 3535 2561 in
3566 2485 3691 2561 ulti:

2095 2572 2329 2626 tudinem
2351 2576 2537 2640 maris,
2552 2584 2599 2630 et
2613 2584 2891 2646 tempestas
2912 2558 3155 2635 demersit
3174 2595 3253 2632 me
3273 2575 3449 2650 (Psal.
3472 2558 3689 2683 inluniI

2092 2663 2218 2731 llle,
2244 2666 2337 2735 qui
2370 2681 2533 2738 super
2557 2668 2729 2722 maria
2765 2669 2888 2725 ﬁxis
2919 2670 3194 2740 gressibus
3230 2663 3687 2747 ambulavitlpqui

2094 2753 2256 2810 Petro
2285 2757 2564 2812 dexteram
2584 2798 2599 2824 ,
2630 2774 2700 2814 ne
2736 2768 3098 2831 mergeretur,
3125 2759 3400 2825 extendit,
3427 2761 3689 2843 quenter};

2092 2848 2313 2902 modum
2362 2863 2421 2902 se
2466 2858 2792 2920 tempestate
2837 2851 2969 2908 dicit
3025 2868 3147 2911 esse
3198 2851 3687 2933 demersa-alme

2092 2936 2318 2994 altitudo
2361 2940 2529 2996 maris
2572 2941 2794 3012 copiosa
2842 2942 3026 3014 populi
3062 2944 3407 3027 significatur
3440 2945 3681 3029 insania.»

2091 3029 2224 3084 Item
2280 3038 2575 3102 tempestas
2618 3042 2707 3091 est
2746 3033 2945 3093 seditio
2990 3034 3263 3090 concitata
3327 3026 3678 3093 dementiuni.

2092 3121 2213 3193 Ipsa
2255 3124 2400 3179 enim
2446 3124 2709 3183 demersit
2752 3124 3040 3182 Dominum
3074 3125 3446 3195 Salvatoretn,
3470 3114 3685 3207 quando

398 3209 643 3271 pestates
654 3207 1256 3275 compescet,-refundct
1277 3212 1748 3283 tranquillitatem,
1764 3222 1987 3287 portum
2017 3191 2062 3260 c
2093 3191 2219 3269 eum
2250 3216 2538 3286 pervenire
2560 3216 2691 3287 fecit
2711 3216 3054 3287 adycrucem.

402 3290 596 3353 Mittis
621 3294 941 3371 indulgebit.
1017 3328 1021 3335 ~
1070 3306 1073 3317 ‘

958 3391 1188 3452 CAPUT
1224 3395 1437 3455 XXVII.

1030 3485 1106 3542 De
1131 3488 1355 3544 turbine.

470 3567 655 3629 Turbo
677 3580 761 3629 est
786 3573 1098 3632 volubilitas
1122 3586 1406 3634 ventorum
1429 3620 1443 3647 ,
1471 3587 1525 3636 et
1557 3581 1717 3639 turbo
1748 3582 1926 3641 dictus
1957 3601 1989 3640 a
2026 3628 2037 3633 φ

396 3665 568 3729 terra,
614 3666 827 3735 quoties
852 3676 1065 3731 eventus
1094 3671 1374 3742 consurgit
1396 3681 1453 3729 et
1477 3682 1685 3731 terram
1710 3676 1767 3735 in
1798 3678 1989 3735 circui-

398 3759 515 3815 tum
544 3755 728 3819 mittit»
754 3757 937 3815 Turbo
975 3763 1414 3831 persecutionum
1448 3766 1533 3820 vel
1574 3767 1986 3827 tribulationum

397 3843 636 3917 impetus
669 3851 976 3929 signiﬁcat,
1007 3863 1068 3910 ut
1102 3858 1156 3911 in
1187 3855 1331 3913 Isaia
1359 3877 1370 3913 :
1403 3856 1601 3915 Factus
1627 3870 1703 3915 est
1733 3862 1988 3931 fortitudo

394 3940 665 4011 pauperis,
709 3957 825 4014 spes
859 3960 894 3999 a
918 3946 1128 4001 turbine
1174 3946 1309 4019 (Isa.
1337 3949 1488 4023 xxv).
1533 3951 1851 4022 Tempestas
1893 3961 1989 4009 aut

396 4040 500 4099 pro
529 4037 772 4102 tempore
798 4033 1020 4104 dicitur,
1046 4038 1189 4095 sicut
1224 4040 1422 4110 ubique
1452 4041 1877 4114 historiographi
1910 4044 1988 4099 lo.

393 4119 492 4189 qui
516 4121 711 4189 solent,
742 4125 870 4182 dum
895 4127 1082 4184 dicunt
1108 4144 1172 4187 ea
1207 4139 1561 4201 tempestate,
1595 4143 1688 4189 aut
1728 4135 1796 4189 ab
1843 4143 1987 4193 statu

397 4202 555 4277 ceu,
608 4212 736 4283 quia
778 4217 1148 4286 magnitudine
1186 4234 1283 4274 sua
1328 4221 1514 4277 multis
1557 4222 1747 4281 diebus
1782 4224 1984 4280 oritur.

397 4298 581 4361 Turbo
606 4306 752 4361 enim
787 4315 881 4362 aut
910 4308 1180 4380 ﬂagellum
1211 4312 1423 4368 Domini
1452 4313 1508 4367 in
1542 4314 1821 4371 hominem
1851 4317 1985 4373 mis-

396 4406 518 4451 sum
551 4393 829 4466 designat,
868 4406 963 4452 aut
994 4415 1283 4469 pravorum
1327 4402 1607 4460 hominum
1646 4408 1982 4477 persecutio-

391 4498 514 4541 nes.
545 4483 678 4542 Nam
700 4487 763 4547 in
788 4487 888 4545 Job
911 4489 1108 4563 legitur
1133 4511 1145 4547 :
1174 4492 1505 4565 Respondeas
1525 4507 1701 4553 autem
1724 4499 1983 4557 Dominus

391 4574 495 4632 ¹⁰⁶
517 4578 582 4637 δε
605 4580 812 4638 “me
837 4550 1152 4658 Mue».
1180 4550 1431 4662 nim).
1463 4550 1979 4662 sanatus;
2008 4550 2062 4618 θ

391 4671 521 4742 quia
540 4673 586 4729 si
614 4689 749 4731 sano
771 4686 935 4748 atque
960 4678 1218 4737 incolumi
1243 4681 1559 4753 loqueretur
1579 4701 1647 4741 ex
1678 4687 1985 4758 tranquilli-

392 4769 509 4819 tate
542 4764 826 4825 Dominica
874 4768 1079 4828 locutio
1120 4770 1259 4829 facta
1289 4773 1597 4831 diceretur:
1625 4778 1831 4836 scilicet
1858 4781 1987 4850 quia

388 4851 567 4910 fracto
590 4855 715 4912 ﬂatu
738 4858 1003 4941 loquitur,
1029 4863 1094 4918 de
1113 4865 1329 4921 turbine
1349 4865 1561 4923 locutus
1582 4867 1750 4925 fuisse
1779 4872 1986 4929 descri-

389 4945 558 5005 bitur.
583 4947 757 5007 Aliter
781 4953 928 5009 enim
945 4953 1209 5011 Dominus
1231 4958 1408 5013 servis
1431 4960 1545 5017 suis
1570 4960 1825 5033 loquitur,
1855 4982 1981 5027 cum

390 5050 488 5095 eos
518 5038 846 5098 intrinsecus
868 5059 968 5114 per
991 5047 1458 5117 compunctionem
1486 5054 1774 5120 provehit:
1805 5055 1981 5123 aliter,

390 5145 516 5187 cum
552 5145 652 5201 per
682 5129 1105 5201 districtionem,
1144 5150 1214 5190 ne
1243 5138 1596 5210 extollantur,
1630 5146 1846 5215 premit.
1877 5145 1984 5202 Per

389 5222 647 5282 blandam
693 5225 1025 5289 locutionem
1060 5231 1271 5289 Domini
1322 5240 1552 5294 amanda
1596 5239 1825 5297 dulcedo
1865 5241 1984 5312 ejus

388 5315 734 5377 ostenditur:
763 5331 863 5391 per
910 5320 1207 5379 terribilem
1251 5339 1382 5382 vero
1427 5335 1667 5397 potestas
1705 5327 1824 5397 ejus
1868 5343 1983 5385 me-

391 5408 591 5463 tuenda
641 5417 997 5469 monstratur.
1031 5413 1089 5470 In
1133 5414 1221 5471 illa
1260 5420 1620 5487 persuadetur
1660 5421 1884 5489 animai,
1923 5429 1986 5481 ut

403 5500 693 5587 proﬁciat:
722 5504 776 5560 in
804 5504 908 5563 ista
954 5509 1286 5580 reprimitur,
1335 5528 1456 5583 qum
1500 5512 1733 5582 proﬁcit.
1786 5515 1844 5569 lu
1892 5515 1984 5571 illa

402 5593 583 5662 discit,
609 5595 753 5666 quod
777 5606 996 5670 appetat
1022 5618 1033 5654 :
1064 5600 1118 5661 in
1145 5601 1267 5667 ista,
1292 5603 1436 5675 quod
1459 5612 1685 5660 metuat.
1710 5604 1814 5660 Per
1835 5606 1984 5663 illam

396 5685 530 5745 dicit
557 5705 570 5742 :
603 5685 788 5745 Gaude
811 5699 860 5747 et
888 5690 1098 5760 uetare,
1125 5691 1241 5762 ﬁlia
1267 5690 1397 5750 Sion
1415 5735 1430 5761 ,
1462 5697 1585 5767 quia
1613 5714 1729 5754 ecce
1763 5700 1911 5754 venio
1936 5709 1985 5761 et

394 5778 639 5850 gabitabo
677 5781 734 5839 in
772 5780 946 5839 medio
974 5782 1058 5867 tui
1096 5780 1268 5856 (Nah.
1292 5781 1366 5858 1);
1407 5799 1505 5858 per
1544 5787 1704 5844 istam
1747 5788 1982 5849 dicitur:

2119 3328 2125 3331 _
2251 3280 2270 3286 ’
2640 3285 2870 3347 CAPUT
2909 3286 3146 3345 XXVIII.
3198 3280 3201 3285 ⁴

2711 3356 2791 3413 De
2818 3356 3068 3427 procella.
3344 3378 3345 3381 η
3460 3386 3461 3389 η
3590 3354 3675 3397 uti

2164 3424 2421 3491 Procellae
2473 3427 2620 3489 enim
2667 3436 2762 3482 aut
2808 3424 2876 3483 de
2925 3426 3236 3485 fluminibus
3277 3436 3373 3484 aut
3411 3428 3481 3486 de
3512 3430 3688 3491 ventis

2093 3504 2248 3571 ﬁunt.
2276 3516 2424 3573 Nihil
2451 3527 2635 3574 autem
2674 3519 2915 3576 velocius
2956 3519 3155 3577 ventis.
3185 3520 3341 3579 Unde
3370 3529 3429 3577 et
3463 3529 3690 3592 propter

2093 3610 2427 3666 celeritatem
2464 3621 2575 3668 tam
2613 3622 2803 3669 ventos
2839 3628 3003 3684 quam
3041 3612 3267 3671 ﬁumina
3301 3615 3444 3671 alata
3481 3615 3689 3686 ﬁngunt

2088 3708 2285 3771 poetas,
2324 3711 2385 3757 ut
2420 3702 2566 3759 alata
2612 3707 2690 3758 vis
2733 3704 2934 3758 Austri.
2982 3704 3228 3762 Procella
3284 3707 3428 3762 enim
3470 3703 3689 3777 signiﬂr-

2091 3801 2182 3847 cat
2207 3799 2603 3865 tempestuosos
2632 3804 3047 3866 persecutorum
3082 3795 3329 3863 furores,
3370 3797 3465 3866 qui
3502 3795 3691 3851 Eccle-

2091 3884 2229 3939 siam
2278 3884 2480 3941 Christi
2535 3888 2735 3958 partim
2786 3888 2982 3955 minis,
3039 3889 3239 3959 partim
3295 3886 3480 3960 ﬂagris
3524 3895 3691 3958 atque

2091 3974 2379 4031 tormentis
2438 3974 2697 4031 afﬁciunt.
2759 3976 2870 4034 Sed
2934 3977 3225 4048 aliquando
3270 3978 3431 4049 ipsas
3500 3991 3689 4048 perse-

2088 4071 2336 4119 cutorum
2390 4074 2601 4122 mentes
2646 4067 2912 4124 Dominus
2961 4070 3015 4123 in
3051 4068 3246 4125 melius
3287 4070 3591 4136 convertit,
3628 4078 3690 4131 ut

2087 4167 2187 4223 per
2230 4155 2609 4225 paenitentiam
2668 4173 2701 4212 a
2748 4158 2997 4229 pristinis
3051 4160 3351 4217 sceleribus
3402 4176 3464 4216 se
3523 4175 3683 4221 mulir

2089 4246 2281 4303 dantes
2303 4249 2372 4305 ad
2398 4249 2572 4306 bonos
2602 4259 2758 4306 actus
2785 4260 3197 4308 convertantur.
3223 4252 3359 4308 Nam
3382 4256 3436 4308 in
3468 4253 3678 4323 psalmo

2087 4338 2348 4408 scriptum
2390 4349 2509 4395 est:
2536 4340 2686 4413 Ignis
2711 4382 2728 4409 ,
2769 4342 3003 4413 grando,
3039 4344 3165 4411 nix,
3209 4344 3435 4415 glacies,
3462 4344 3681 4415 spiritus

2086 4430 2459 4502 procellarum,
2488 4450 2607 4504 qua
2629 4435 2832 4504 faciunt
2860 4435 3071 4497 verbum
3093 4436 3208 4507 ejus
3233 4435 3406 4507 (Psal.
3429 4434 3675 4505 sxum).

2086 4520 2252 4592 Ignis,
2280 4524 2516 4595 grando,
2547 4524 2640 4580 nix
2657 4566 2672 4592 ,
2697 4525 2897 4601 glacies
2936 4542 3035 4601 per
3062 4527 3377 4599 allegoriam
3414 4527 3579 4599 (sicut
3603 4527 3687 4587 dl-

2092 4624 2240 4675 ctum
2262 4619 2366 4691 est)
2393 4620 2643 4675 homines
2674 4620 2976 4701 signiﬁcat,
3011 4622 3103 4692 qui
3143 4621 3197 4677 in
3233 4624 3339 4678 hoc
3380 4622 3595 4679 saeculo.
3616 4637 3683 4678 ex

2091 4708 2418 4766 turbulentis
2444 4718 2498 4767 et
2518 4709 2775 4783 pessimis
2814 4713 2882 4769 ad
2907 4713 3208 4773 devotionis
3239 4714 3687 4785 tranquillissima

2091 4801 2266 4856 studia
2294 4811 2681 4874 pervenerunt.
2722 4803 2823 4873 Qui
2863 4803 3074 4862 faciunt
3110 4806 3337 4861 verbum
3376 4804 3540 4878 ejus:
3574 4804 3685 4865 nisi

2090 4893 2185 4965 qui
2230 4907 2300 4948 ex
2346 4895 2728 4967 tempestuosis
2775 4903 2830 4951 et
2878 4896 3143 4969 improbis
3200 4898 3268 4956 ad
3326 4897 3689 4975 confessionis

2092 4984 2263 5063 ipsius
2304 4987 2537 5061 gratiam
2582 4989 2766 5046 venire
2802 4980 3165 5046 meruerunt?
3205 4988 3509 5065 Aliquando
3556 5004 3688 5047 vero

2089 5070 2218 5134 dum
2245 5079 2303 5133 in
2328 5079 2513 5151 pravis
2540 5080 2756 5145 actibus
2782 5091 3158 5159 perseverant,
3186 5092 3392 5140 aeterna
3410 5098 3506 5141 eos
3523 5096 3687 5154 penna

2087 5171 2376 5227 cruciabit.
2404 5173 2560 5231 Unde
2581 5175 2847 5249 scriptum
2873 5185 2959 5232 est
2985 5195 2996 5231 :
3034 5172 3183 5237 Pluit
3207 5194 3365 5248 super
3391 5184 3687 5249 peccatores

2087 5260 2300 5336 laqueos
2342 5266 2509 5338 ignis,
2536 5266 2765 5339 sulphur
2808 5278 2859 5323 et
2892 5269 3114 5341 spiritus
3158 5268 3533 5339 procellarum,
3560 5278 3687 5339 pars

2088 5352 2267 5415 colicis
2304 5372 2487 5411 eorum
2514 5346 2691 5430 (Psal.
2722 5358 2798 5429 x).
2831 5358 2976 5430 ignis
3001 5365 3119 5425 est,
3146 5358 3365 5429 quando
3401 5372 3495 5412 eos
3534 5356 3688 5413 llam-

2092 5460 2218 5506 luea
2245 5463 2379 5505 cura
2419 5449 2724 5523 consumit;
2763 5449 3016 5521 sulphur,
3052 5450 3179 5520 quia
3209 5448 3573 5520 cogitationes
3595 5462 3688 5504 eo-

2092 5554 2214 5594 rum
2258 5539 2565 5596 detestabili
2602 5541 2776 5597 fetore
2810 5541 3169 5597 sordescunt:
3205 5539 3435 5611 spiritus
3473 5538 3687 5612 procel-
3787 5542 3797 5551 '

2092 5630 2288 5698 larum,
2315 5634 2441 5688 dum
2472 5648 2531 5690 se
2562 5633 2891 5689 tumultuosa
2930 5642 3111 5689 mente
3144 5632 3523 5690 confundunt:
3560 5646 3686 5703 pars

2094 5724 2282 5785 calicis
2303 5740 2514 5795 eorum,
2544 5724 2601 5781 id
2627 5732 2736 5795 est,
2767 5739 3057 5796 mensura,
3088 5740 3201 5805 qua
3225 5724 3451 5803 pollutis
3473 5724 3688 5799 actibps

2094 5816 2390 5875 ebriantur.
