2037 3162
197 143 249 174 θοι
519 139 551 167 Β.
570 138 696 166 RABANI
715 137 826 172 MAURI
843 135 1179 173 ARCHIEP._,.MOGUNT.
1201 133 1344 164 OPERUM
1361 134 1452 162 PARS
1471 133 1502 161 ll.
1780 132 1835 163 θοῇ

192 200 253 229 aliis
265 197 441 235 occasionem
459 195 661 227 nanciscantur.
676 193 723 221 Est
736 197 826 220 autem
844 200 897 220 nox
921 192 985 220 solis
1000 194 1024 225 Α
1038 199 1125 217 coram
1140 199 1180 221 eo,
1196 194 1219 216 et
1235 198 1286 216 non
1297 197 1354 215 sum
1369 189 1487 222 deceptus
1504 187 1589 223 (Psal.
1604 186 1690 221 LVIII).
1707 187 1735 214 In
1751 188 1835 215 noctis

192 244 316 280 absentia
333 247 467 277 terrarum
489 241 584 268 umbra
602 239 720 271 condita,
739 239 823 265 donec
839 238 873 265 ab
888 245 986 265 occasu

193 292 286 321 redeat
299 290 334 319 ad
344 293 468 323 exortum
479 297 484 313 :
494 286 571 322 juxta
582 285 654 320 quod
664 288 790 312 naturam
801 283 860 319 ejus
869 288 897 311 et
909 286 987 318 poeta

193 335 350 366 describens
366 334 465 373 innuit,
480 331 622 367 inquiens,

727 390 772 408 ano
785 390 831 408 [ὶοΧ

727 390 740 408 a
785 390 831 408 nox

263 420 393 448 Involvens
405 419 490 444 umbra
501 424 588 449 magna
600 385 895 448 terratgqt‘iengolumque.

194 476 229 503 Et
248 474 375 502 Salomon
400 471 486 500 sacris
500 470 600 499 litteris
624 468 758 504 expressit.
778 476 784 493 :
803 466 855 498 Qui
873 465 990 500 pascitur

195 523 263 549 inter
277 520 344 553 lilia,
363 519 445 553 donec
470 517 565 552 (κρίνει
588 515 642 542 dies
667 519 690 541 et
711 513 868 540 inclinentur
892 511 990 538 umbrte

196 567 286 604 (Cant.
298 566 353 601 vr);
367 563 483 599 eleganti
495 562 587 596 utique
599 568 679 588 sensu
694 558 877 587 decessionem
891 557 989 590 noctis,

197 611 399 640 inclinationem
422 608 559 644 appellans
585 607 751 634 umbrarum.
774 604 841 631 Nam
864 603 992 638 quoniam

196 666 246 694 pro
260 655 459 685 conditionibus
474 654 622 690 plagarum,
643 652 740 687 quibus
755 651 819 678 solis
834 657 929 677 cursus
952 649 993 675 in-

198 702 330 738 tenditur,
351 705 379 729 et
400 699 571 735 splendorem
587 697 644 732 ejus
667 705 682 724 a
700 697 778 724 nobis
800 695 914 730 objectio
938 699 993 721 ter—

198 757 273 782 renae
292 747 372 776 molis
404 746 539 778 excludit,
562 743 725 772 inumbratio
745 743 801 776 illa,
827 750 886 777 qua:
907 741 994 768 noctis

199 799 298 823 natura
309 798 361 827 est,
376 793 413 821 ita
428 792 553 828 erigitur,
569 794 598 818 ut
616 790 650 818 ad
664 790 753 817 sidera
768 796 853 823 usque
869 787 995 815 videatur

198 839 307 874 extendi
319 848 325 866 ι
339 839 437 877 merito
453 836 590 865 contraria
605 835 801 866 vicissitudine,
818 834 844 861 id
861 837 913 865 est,
927 832 995 859 lucis

1016 234 1018 236 ’
1038 235 1146 262 nomine
1163 233 1252 261 mundi
1269 233 1345 260 istius
1369 231 1503 267 signiﬁcat
1517 231 1610 264 vitam,
1633 239 1693 265 qu;e
1710 232 1834 266 quamvis

1038 280 1125 308 lucem
1143 280 1243 306 habere
1257 279 1389 310 videatur,
1407 281 1578 312 peccatorum
1604 282 1694 304 tamen
1711 278 1833 306 obscuri-

1039 330 1094 353 tate
1108 326 1211 352 fuscata
1228 329 1278 351 est.
1294 324 1359 351 ltcm
1377 331 1424 358 per
1439 329 1537 350 noctem
1553 323 1717 358 signiﬁcavit
1736 324 1837 352 inferni

1038 370 1196 402 claustrum,
1219 377 1279 396 cum
1304 369 1390 395 dicit:
1409 367 1533 394 Forsitan
1559 368 1670 395 tenebrw
1696 369 1837 396 conculca-

1040 417 1102 443 bunt
1128 425 1182 449 me,
1205 422 1227 443 et
1253 425 1304 443 no.1;
1330 415 1487 442 illuminatio
1516 424 1573 442 mea
1597 417 1625 443 in
1648 416 1747 443 deliciis
1773 418 1838 445 meis

1041 460 1280 497 (Psal.cxxxvttt).
1304 460 1443 494 Quomodo
1467 468 1531 496 ergo
1553 466 1660 496 poterat
1680 470 1695 489 a
1717 464 1836 491 tenebris

1041 507 1205 539 conculcari,
1219 507 1262 533 cui
1280 511 1339 533 crat
1354 515 1407 533 nox
1423 506 1585 534 illuminatio
1601 508 1628 535 in
1643 507 1748 536 deliciis
1763 509 1837 537 suis?

1041 552 1159 580 ostendit
1171 553 1243 579 cnim
1257 558 1320 579 tunc
1336 552 1434 579 inferni
1449 553 1599 580 claustrum
1620 561 1715 581 revera
1739 554 1839 581 illumi-

1042 602 1146 631 natum,
1167 598 1273 632 quando
1296 602 1457 632 potestatem
1479 598 1578 625 diaboli
1594 598 1731 631 contrivit,
1750 603 1777 625 et
1795 600 1842 627 bo-

1043 645 1143 672 minem
1165 653 1212 671 sua
1227 645 1399 671 miseratione
1413 644 1549 671 liberavit.
1565 644 1621 672 Nox
1638 645 1692 671 vita
1709 652 1840 680 praesens,

1044 694 1073 717 [ιι
1096 690 1123 717 in
1149 690 1251 724 psalmo
1270 699 1275 716 :
1293 689 1327 716 In
1344 690 1460 715 noctibus
1485 689 1600 716 extollite
1625 698 1719 716 manus
1744 695 1841 717 vestras

1044 736 1071 763 in
1087 740 1177 763 sancta
1193 735 1279 771 (Psul.
1293 735 1418 770 cum”).
1435 735 1500 762 Itcm
1525 735 1581 762 ibi:
1598 734 1680 762 Nocte
1696 744 1784 762 coram
1800 744 1841 768 eo,

1045 787 1069 809 et
1080 790 1131 809 non
1152 790 1208 808 sum
1225 782 1347 815 deceptus
1369 780 1454 816 (I‘sul.
1469 780 1555 815 [ιι-ιιι).
1571 780 1628 807 Nox
1654 780 1773 807 futurum
1789 789 1840 808 Stc-

1046 827 1136 854 culum
1157 828 1188 854 de
1204 826 1393 861 peccatoribus
1417 826 1562 860 signiﬁcat,
1583 831 1611 852 ut
1629 826 1657 852 in
1675 825 1841 860 Evangelio:

198 871 296 918 exortu
309 874 421 912 umbras
446 882 586 914 inclinari,
606 886 714 909 noctem
737 879 863 908 videlicet
880 878 995 914 deprimi
1010 879 1035 909 Β
1053 872 1141 900 Veniet
1163 881 1224 905 nox,
1247 872 1351 907 quando
1370 880 1443 898 nemo
1467 876 1548 907 potest
1568 872 1671 906 operari
1688 871 1778 907 (Joan.
1793 871 1843 909 ix).

197 932 317 969 pellique
330 931 457 967 signavit.
472 930 559 964 Quam
573 929 698 957 videlicet
711 928 835 957 umbram
850 927 938 955 noctis
960 927 995 954 ad

199 979 272 1012 aeris
294 984 379 1013 usque
402 982 429 1005 et
443 977 551 1004 aetheris
572 975 719 1004 conﬁnium
734 974 887 1010 philosophi
902 973 996 1001 dicunt

200 1011 374 1058 exaltntiiet
396 1022 558 1051 acuminatis
581 1022 665 1049 instar
687 1021 858 1057 pyramidum
876 1011 1005 1046 tenebris

200 1069 310 1102 lunam,
333 1075 393 1104 quas
417 1067 509 1095 inﬁma
533 1067 704 1101 planetarum
729 1065 830 1098 currit,
852 1064 995 1100 aliquando

201 1114 321 1150 contingi
337 1118 426 1148 atque,
441 1112 594 1146 obscurari,
609 1111 766 1147 nullumque
779 1111 852 1138 aliud
868 1111 942 1138 sidus
958 1115 996 1137 ta-

200 1160 262 1188 liter
274 1151 398 1195 eclipsin,
412 1160 463 1187 hoc
478 1164 532 1192 est,
547 1158 682 1187 defectum
696 1159 737 1185 sui
752 1157 862 1185 luminis
881 1157 946 1192 pati,
964 1165 997 1185 eo

201 1206 273 1243 quod
288 1206 361 1233 circa
376 1205 444 1233 lines
462 1205 567 1233 telluris
588 1204 653 1232 solis
667 1204 794 1239 splendor
813 1203 906 1239 utique
920 1203 997 1231 diﬁ'u-

200 1260 247 1280 sus
264 1259 296 1279 ea
311 1251 406 1284 libere,
422 1259 483 1286 quae
502 1251 590 1278 telluri
605 1250 700 1286 procul
722 1251 841 1283 absunt,
862 1250 994 1285 aspiciat:

200 1298 317 1333 ideoque
326 1299 436 1326 aetheris
447 1306 508 1333 qua:
519 1298 589 1325 ultra
600 1298 693 1326 lunam
703 1303 767 1326 sunt
779 1299 879 1333 spatia,
892 1299 997 1326 diurna:

200 1343 270 1373 lucis
284 1344 364 1380 plena
377 1351 484 1378 semper
498 1343 605 1376 efﬁciat,
621 1344 663 1371 vel
682 1352 732 1372 suo
754 1344 889 1376 videlicet,
904 1344 947 1371 vel
961 1343 998 1371 si-

201 1389 297 1419 derum
325 1389 431 1417 radiata
456 1388 570 1424 fulgorc.
593 1388 642 1416 Est
669 1393 760 1416 autem
788 1389 876 1416 noctis
902 1388 999 1416 umbra

201 1436 360 1465 mortalibus
372 1436 407 1463 ad
418 1435 540 1471 requiem
553 1434 675 1469 corporis
685 1435 759 1467 data,
773 1441 807 1461 ne
817 1434 908 1469 operis
918 1433 997 1460 avida

200 1481 358 1512 continuato
371 1480 465 1508 labore
476 1479 604 1507 deﬁceret
616 1486 648 1506 ac
660 1479 763 1514 periret
777 1478 933 1506 humanitas
945 1486 952 1505 ε
971 1483 998 1506 et

202 1531 233 1556 ut
256 1526 440 1554 animantibus
462 1524 635 1559 quibusdam,
650 1532 710 1559 quae
734 1524 823 1552 lucem
845 1523 910 1551 solis
926 1523 998 1551 ferre

202 1576 357 1608 nequeunt,
380 1571 447 1607 ipsis
462 1571 544 1599 etiam
563 1571 669 1604 bestiis,
684 1578 745 1606 qua:
763 1570 938 1605 praesentiam
952 1577 998 1597 ve-

202 1622 296 1648 rentur
325 1617 493 1650 humanam,
520 1616 743 1652 discurrendique
769 1616 813 1644 ubi
837 1623 869 1643 ac
896 1615 998 1643 victum

200 1663 361 1699 quaeritandi
373 1663 450 1699 copia
463 1666 663 1698 suppeteretur,
672 1662 750 1697 juxta
762 1662 834 1697 quod
848 1662 875 1689 in
886 1661 935 1689 Dei
941 1661 998 1689 lau-

202 1709 280 1747 dibus
309 1708 453 1737 Psalmista
479 1709 633 1736 decantat;
660 1708 708 1736 Sol
734 1708 853 1743 cognovit
878 1715 999 1734 occasum

200 1762 297 1782 suum:
310 1755 421 1790 posuisti
436 1754 565 1787 tenebras,
576 1758 600 1782 et
616 1754 687 1789 facta
701 1758 739 1780 est
754 1761 816 1786 nox,
831 1754 859 1779 in
873 1754 931 1788 ipsa
943 1760 999 1787 per-

200 1800 349 1828 transibunt
370 1808 457 1828 omnes
482 1799 569 1829 bestiae
590 1798 725 1833 silvarum,
747 1803 800 1828 etc.
823 1798 911 1835 (Psal.
928 1797 997 1832 ctu).

201 1844 279 1873 Sicut
299 1845 372 1873 enim
388 1844 446 1872 dies
468 1844 556 1873 lucem
579 1836 642 1873 ﬁdei
667 1843 819 1879 ctjustitia:
842 1843 999 1878 aequitatem

200 1893 229 1918 et
243 1896 373 1926 prospera
388 1893 469 1924 atque
481 1890 570 1918 felicia
583 1891 611 1918 in
626 1889 775 1925 Scripturis
790 1889 904 1925 mystice
918 1888 1001 1925 signi-

200 1935 277 1969 tICat,
302 1936 341 1964 ita
359 1940 387 1965 et
409 1944 463 1965 nox
486 1935 647 1971 iniustitiam
666 1941 693 1964 et
714 1936 901 1964 inﬁdelitatem
918 1939 1002 1970 atque

201 1982 317 2011 adversa
345 1989 460 2017 quisque
483 1982 616 2018 designat.
641 1982 709 2010 Nam
731 1990 786 2010 nox
813 1981 1001 2009 inﬁdelitatem

201 2027 336 2063 signiﬁcat
360 2027 389 2055 in
403 2027 452 2055 illo
467 2027 588 2063 Apostoli
612 2027 778 2060 testimonio,
794 2034 848 2061 quo
863 2026 920 2054 ait:
938 2024 1001 2053 Non

199 2080 291 2100 sumus
305 2073 387 2101 noctis
402 2071 453 2107 ﬁlii
471 2081 553 2109 neque
567 2073 732 2100 tenebrarum
747 2072 772 2108 (I
789 2071 880 2099 Thess.
892 2072 931 2108 v).
948 2072 1002 2099 lni-

200 2119 291 2153 quitus
301 2123 392 2146 autem
402 2119 430 2146 in
439 2118 527 2146 noctis
537 2117 735 2153 signiﬁcatione
743 2117 906 2154 exprimitur
915 2117 942 2144 in
956 2117 1002 2144 illa

200 2164 337 2192 sententia
353 2164 427 2192 beati
444 2163 494 2191 Job
507 2173 514 2190 :
529 2163 624 2191 Pereat
639 2164 709 2197 dies,
728 2165 756 2191 in
772 2172 824 2200 qua
839 2169 918 2191 natur
931 2171 1001 2197 sum,

199 2214 224 2237 et
243 2217 295 2237 nos;
309 2209 336 2236 in
353 2217 404 2244 qua
418 2208 516 2235 dictum
531 2213 568 2235 est
582 2215 591 2234 :
609 2208 755 2244 Conceptus
774 2214 812 2236 est
826 2209 904 2236 homo
927 2208 999 2245 (Job.

200 2255 254 2291 ιιι).
269 2255 346 2283 Undc
367 2254 512 2282 Psalmista
524 2254 553 2282 in
576 2255 765 2290 iniquitatibus
787 2260 948 2290 conceptum
970 2262 1000 2282 se

200 2309 261 2330 esse
281 2305 309 2329 et
330 2301 359 2329 in
377 2300 483 2329 delictis
498 2305 591 2328 natum
613 2304 729 2329 testatur
751 2300 838 2336 (Paul.
853 2301 891 2336 L).
906 2301 999 2329 Perire

200 2355 265 2384 ergo
283 2351 358 2383 optat
371 2346 469 2375 beatus
481 2345 531 2374 Job
547 2354 623 2381 spem
644 2347 677 2374 ab
693 2351 817 2382 apostata
832 2346 926 2382 angelo
940 2346 1000 2374 illa-

200 2396 266 2425 tam,
290 2392 336 2427 qui
357 2392 428 2420 diem
451 2391 582 2421 simulans
596 2396 623 2419 et
644 2393 824 2428 promissione
847 2392 997 2420 divinitatis

200 2438 322 2471 emicuit,
335 2439 382 2466 sed
395 2443 501 2466 nectent
516 2445 546 2466 se
559 2438 691 2466 exhibens
703 2438 790 2466 lucem
805 2436 884 2465 nobis
896 2442 997 2465 nostra:

200 2483 414 2512 immortalitatis
438 2484 603 2512 obscuravit.
630 2483 726 2512 Pereat
751 2483 878 2517 antiquus
901 2482 998 2517 hostis,

200 2530 248 2567 qui
270 2529 358 2559 lucem
375 2531 564 2566 promissionis
577 2530 696 2558 ostendit
714 2536 721 2555 :
736 2529 783 2556 sed
797 2529 903 2563 peccati
927 2533 1000 2557 tene-

201 2574 265 2604 bras
278 2577 399 2610 contulit,
414 2577 460 2612 qui
473 2577 551 2612 quasi
564 2577 635 2604 diem
650 2574 861 2603 subblandiendo
873 2574 996 2608 innotuit,

202 2623 250 2650 sed
265 2630 350 2658 usque
364 2623 399 2650 ad
417 2623 586 2659 tenebrosam
601 2624 709 2648 noctem
723 2627 756 2647 ex
775 2619 906 2655 impressa
925 2627 999 2648 com-

202 2669 291 2697 modis
319 2670 440 2698 caacitate
466 2668 603 2704 perduxit.
628 2666 749 2694 Adversa
771 2673 836 2703 ergo
860 2667 887 2694 in
910 2667 1000 2696 noctis

203 2715 313 2743 nomine
326 2716 525 2752 exprimuntur,
538 2713 584 2742 ubi
599 2713 742 2742 Psalmista
757 2721 786 2742 se
805 2714 833 2741 in
854 2719 934 2743 nocte
948 2715 1000 2743 cla-

204 2769 279 2789 mare
295 2766 418 2794 testatur,
442 2761 494 2787 hoc
515 2763 567 2791 est,
586 2758 614 2786 in
638 2758 820 2794 tribulatione,
841 2768 892 2789 nec
909 2766 999 2789 tamen

204 2809 360 2837 exauditam
374 2815 444 2836 esse.
462 2805 530 2833 Item
543 2804 687 2833 Psalmista
705 2806 771 2834 dicit
784 2816 790 2833 :
806 2807 840 2834 In
856 2808 899 2834 die
916 2808 1000 2835 tribu-

199 2856 308 2891 lationis
323 2863 387 2883 meae
401 2852 543 2890 Dominum
565 2853 689 2888 exquisivi
704 2854 823 2882 manibus
840 2855 904 2883 meis
928 2860 1000 2883 nocte

1048 920 1105 948 Nox
1124 925 1166 947 est
1182 920 1233 946 vita
1251 924 1440 954 peccatorum,
1463 923 1490 944 ut
1512 919 1538 945 in
1556 918 1683 953 Apostolo
1697 927 1704 944 ε
1718 918 1769 951 Qui
1784 918 1846 945 dor-

1046 967 1140 998 miunt,
1163 971 1235 992 nocte
1255 965 1405 996 dormiunt;
1424 970 1447 991 et
1467 965 1510 999 qui
1526 964 1590 991 ebrii
1607 969 1676 996 sunt,
1693 971 1766 991 nocte
1781 965 1846 991 ebrii

1048 1012 1074 1048 (Ι
1088 1011 1178 1038 Thess.
1195 1010 1230 1046 ν).
1247 1010 1305 1038 Nox
1324 1011 1431 1037 ciccilas
1446 1010 1547 1042 cordis,
1562 1010 1603 1037 vel
1619 1018 1689 1036 vana
1703 1010 1845 1041 securitas,

1047 1061 1089 1085 est
1104 1057 1172 1084 sicut
1193 1056 1220 1083 in
1242 1055 1290 1083 Job
1308 1064 1355 1090 pro
1375 1056 1457 1090 impio
1472 1055 1570 1082 dicitur
1591 1062 1597 1081 :
1614 1054 1699 1081 Nocte
1720 1055 1846 1090 apprimet

1047 1110 1106 1129 eum
1126 1107 1262 1136 tempestas
1283 1101 1354 1136 (.lob.
1370 1101 1464 1136 xxvii).
1480 1101 1513 1127 Et
1526 1101 1553 1127 in
1569 1100 1734 1135 Evangelio:
1751 1100 1845 1133 Stulte,

1048 1149 1097 1176 hac
1121 1154 1194 1175 nocte
1212 1153 1322 1183 repetent
1347 1149 1463 1174 animam
1484 1152 1557 1173 litum
1582 1156 1597 1173 α
1620 1152 1659 1179 te,
1685 1156 1742 1183 qua:
1763 1151 1849 1173 autent

1049 1194 1159 1229 parasti,
1176 1193 1251 1227 cujus
1267 1194 1363 1219 erunt?
1380 1193 1455 1228 (Luc.
1469 1191 1530 1227 xu.)
1548 1191 1605 1219 Nox
1625 1191 1714 1218 futura
1738 1191 1850 1218 tribula-

1051 1239 1097 1271 tio,
1110 1243 1140 1265 ul.
1157 1239 1183 1265 in
1196 1237 1360 1272 Evangelii):
1378 1237 1411 1264 In
1424 1237 1470 1264 illo
1484 1243 1557 1264 nocte
1572 1238 1623 1263 duo
1636 1242 1711 1263 erunt
1725 1238 1751 1263 in
1767 1244 1849 1271 agro;

1050 1293 1117 1311 unus
1136 1289 1294 1315 nssumetur,
1309 1287 1335 1309 et
1347 1291 1416 1310 unus
1434 1282 1591 1317 relinquetur
1606 1281 1681 1317 (an.
1697 1281 1775 1316 xvii).
1788 1279 1849 1308 Nox

1052 1329 1189 1356 tribulatio
1212 1329 1273 1355 vitae
1295 1327 1437 1363 praesentis
1452 1327 1477 1354 in
1497 1331 1627 1361 tempore,
1643 1331 1672 1353 ut
1687 1327 1713 1353 in
1730 1326 1851 1360 Evange-

1051 1372 1105 1402 Iio:
1123 1375 1187 1406 Quis
1211 1380 1323 1401 vestrum
1343 1373 1446 1400 habebit
1470 1373 1591 1404 anticum,
1617 1378 1640 1398 et
1665 1373 1709 1398 ibit
1726 1373 1759 1398 ad
1776 1371 1851 1399 illum

1053 1417 1137 1447 media
1163 1426 1245 1451 nocte,
1270 1419 1332 1446 dicit
1353 1418 1393 1445 illi
1411 1427 1419 1444 .'
1435 1419 1534 1452 Amice,
1559 1419 1694 1445 commoda
1715 1418 1776 1445 nti/ti
1799 1423 1850 1446 tres

1051 1475 1131 1503 panes
1145 1466 1221 1501 (Luc.
1235 1465 1286 1501 x1),
1301 1466 1351 1492 hoc
1375 1469 1424 1496 est,
1440 1465 1581 1491 scientiam
1597 1464 1748 1491 Trinitatis.
1764 1464 1850 1491 Media

1052 1521 1106 1541 nox
1119 1513 1252 1541 occultum
1265 1512 1369 1539 Domini
1380 1511 1512 1545 judicium
1526 1510 1669 1546 signiﬁcat,
1683 1515 1711 1537 ttt
1725 1511 1752 1539 in
1765 1510 1851 1537 Evan-

1012 1553 1035 1585 C
1051 1559 1120 1595 gelio
1136 1568 1141 1585 :
1160 1559 1248 1585 Media
1264 1563 1336 1584 nocte
1360 1557 1460 1584 clamor
1479 1557 1564 1591 [actus
1581 1562 1618 1583 est
1632 1564 1639 1582 :
1656 1556 1723 1582 Ecce
1739 1564 1850 1590 sponsus

1051 1606 1118 1633 venit
1135 1605 1244 1641 (Matth.
1255 1605 1331 1639 xxv).
1348 1604 1435 1631 Media
1449 1611 1502 1630 nox
1516 1610 1588 1630 mors
1603 1611 1634 1631 ex
1650 1603 1795 1637 improviso
1808 1603 1853 1629 ad-

1054 1652 1177 1684 veniens,
1196 1652 1265 1678 sicut
1281 1652 1306 1677 in
1322 1651 1371 1678 Job
1385 1651 1417 1677 de
1434 1651 1574 1684 reprobis:
1589 1650 1622 1676 Et
1637 1651 1663 1676 in
1680 1650 1765 1676 media
1779 1654 1853 1677 nocte

1052 1698 1205 1732 aufereutur
1229 1697 1301 1732 (Job.
1316 1696 1420 1730 xxxiv).
1449 1695 1538 1722 Prima
1563 1694 1665 1730 vigilia,
1689 1695 1776 1730 prima
1801 1696 1851 1722 lto-

1051 1744 1155 1771 minum
1176 1748 1251 1775 ictas,
1267 1743 1292 1769 id
1306 1747 1358 1775 cst,
1381 1742 1493 1768 infantia
1509 1741 1565 1768 sive
1582 1741 1714 1775 pueritia;
1731 1741 1851 1769 secunda

1051 1788 1142 1824 vigilia
1165 1788 1345 1815 adolescentia
1365 1791 1392 1814 et
1408 1786 1553 1821 juventus;
1582 1786 1661 1813 tertia
1689 1786 1781 1821 vigilia
1806 1794 1850 1814 se-

1051 1841 1156 1869 nectus,
1174 1841 1202 1863 ut
1228 1836 1254 1863 in
1276 1834 1420 1869 Evangelio
1438 1843 1443 1860 :
1460 1834 1494 1860 Et
1509 1834 1531 1860 si
1552 1834 1579 1860 in
1603 1833 1679 1860 tertia
1699 1833 1787 1868 vigilia
1807 1841 1850 1861 ve-

1052 1883 1118 1909 nerit
1140 1887 1162 1909 ct
1183 1883 1219 1908 ita
1237 1890 1279 1908 eos
1296 1881 1430 1912 invenerit,
1452 1879 1519 1906 beati
1543 1876 1602 1906 sunt
1623 1879 1687 1905 servi
1712 1878 1751 1905 illi
1769 1877 1848 1914 (Luc.

1052 1935 1093 1956 ιιι
1102 1927 1123 1965 ).

1362 1970 1477 1999 CAPUT
1494 1969 1547 1998 VII.

1250 2018 1290 2046 De
1304 2023 1402 2054 septem
1421 2017 1540 2053 partibus
1561 2017 1655 2044 noctis.

1087 2062 1180 2093 Noctis
1195 2068 1287 2092 autem
1303 2067 1397 2099 partes
1421 2067 1524 2098 septem
1549 2066 1632 2090 sunt:
1649 2061 1849 2097 crepusculum,

1053 2111 1239 2143 conticinium,
1264 2111 1466 2145 intempestum,
1482 2108 1659 2145 gallicinium,
1676 2109 1851 2142 matutinum,

1053 2156 1210 2184 diluculum.
1225 2155 1422 2191 Crepusculum
1435 2159 1478 2182 est
1492 2154 1572 2182 dubia
1594 2152 1650 2181 lux.
1666 2154 1740 2181 'Nam
1754 2162 1851 2190 erepe-

1053 2210 1114 2229 rum
1132 2202 1243 2229 dubium
1261 2202 1388 2233 dicimus,
1409 2200 1461 2228 hoc
1484 2206 1541 2232 est,
1561 2199 1634 2228 inter
1655 2201 1742 2228 lucem
1766 2205 1794 2228 et
1811 2204 1852 2228 tc-

1014 2233 1041 2263 D
1053 2248 1161 2275 nebras.
1178 2247 1330 2282 Vesperum
1344 2255 1359 2273 a
1373 2246 1451 2274 stella
1463 2245 1625 2274 occidentali
1637 2250 1775 2280 vocatum,
1791 2254 1851 2281 qua:

1053 2293 1138 2321 solem
1153 2292 1294 2321 occiduum
1306 2293 1438 2327 sequitur,
1448 2297 1475 2321 et
1486 2293 1613 2322 tenebras
1624 2299 1768 2329 sequentes
1781 2301 1850 2329 pra:-

1055 2339 1137 2367 ccdit.
1156 2339 1193 2366 De
1208 2346 1260 2373 qua
1277 2338 1425 2373 Virgilius:

1117 2385 1181 2410 Ante
1194 2385 1260 2410 diem
1270 2385 1352 2410 clauso
1361 2388 1492 2417 componet
1500 2392 1591 2418 vesper
1602 2386 1716 2418 Olympo.

1054 2437 1236 2465 Conticinium
1259 2442 1311 2470 est,
1326 2438 1434 2473 quando
1448 2445 1543 2466 omnes
1556 2438 1645 2466 silent.
1660 2437 1852 2467 Conticeseero

1051 2483 1125 2512 enim
1137 2483 1217 2512 silere
1232 2489 1282 2511 est.
1305 2484 1499 2519 lntempcstum
1526 2488 1567 2512 est
1591 2484 1709 2513 medium
1725 2488 1753 2512 et
1775 2484 1850 2512 inae-

1053 2533 1159 2557 tuosum
1182 2529 1270 2557 noctis
1294 2534 1401 2565 tempus
1415 2530 1523 2573 quando
1549 2530 1592 2565 agi
1616 2530 1684 2558 nihil
1701 2534 1801 2566 potest,
1823 2534 1851 2558 et

1052 2575 1143 2602 omnia
1158 2583 1255 2611 sopore
1269 2576 1359 2611 quieta
1379 2580 1451 2603 sunt.
1472 2576 1539 2603 Nam
1558 2581 1664 2611 tempus
1682 2584 1732 2612 per
1752 2585 1783 2605 se
1797 2585 1851 2606 non

1052 2621 1219 2657 intelligitur,
1242 2621 1294 2649 nisi
1309 2629 1357 2657 per
1371 2626 1448 2650 actus
1462 2623 1605 2650 humanos.
1620 2622 1739 2651 Medium
1760 2628 1851 2651 autem

1052 2668 1141 2695 noctis
1156 2671 1218 2695 actu
1242 2672 1337 2695 caret:
1355 2676 1420 2704 ergo
1435 2673 1582 2704 tempestas
1605 2669 1755 2704 inactuosa,
1772 2669 1850 2705 quasi

1052 2714 1112 2743 sine
1131 2719 1263 2750 tempore,
1283 2715 1335 2743 hoc
1356 2720 1408 2749 est,
1423 2715 1482 2743 sine
1496 2721 1569 2750 actu,
1591 2724 1640 2752 per
1658 2724 1740 2752 quem
1755 2717 1851 2752 digno-

1053 2763 1146 2790 scitur.
1165 2762 1240 2790 Unde
1255 2766 1298 2790 est
1315 2772 1322 2789 :
1339 2763 1515 2797 intempestive
1536 2764 1628 2791 venisti
1644 2771 1655 2790 :
1670 2771 1735 2799 ergo
1749 2764 1849 2791 intem-

1052 2814 1128 2845 pesta
1142 2809 1250 2841 dicitur,
1265 2809 1327 2843 quia
1342 2814 1416 2837 caret
1437 2814 1569 2844 tempore,
1584 2812 1612 2839 id
1625 2815 1678 2844 est,
1694 2815 1766 2839 actu.
1789 2809 1851 2838 Gal—

1052 2855 1173 2883 licinium
1203 2858 1313 2890 propter
1337 2854 1422 2891 gallos
1446 2854 1514 2884 lucis
1543 2857 1711 2892 prtenuntios
1736 2857 1849 2886 dictum.
