4074 6324
373 323 488 394 eos
1083 337 1090 342 ·
1377 323 1468 395 ne
1506 327 2076 401 umvensouem
2116 347 2259 405 xxu
2297 382 2368 391 »-
2405 349 2532 408 ue.
2578 353 2646 410 it.
3549 362 3661 424 est

374 438 696 510 Haunimrm
723 461 827 520 est,
860 453 1003 509 inter
1032 454 1344 511 abscessum
1376 459 1720 514 tenebrarum
1775 471 1828 516 et
1865 478 1958 517 au-
1986 469 2038 528 Α
2060 464 2241 519 tutinis
2270 465 2643 536 interﬁciebam
2671 445 2846 526 attines
2871 477 3167 542 peccatbres
3194 484 3347 531 terra:
3379 475 3553 550 (-Psat.
3579 481 3653 554 c).

371 564 511 602 rom:
555 539 883 601 adventum:
922 555 974 600 et
1022 542 1226 601 dictum
1269 551 1618 617 matutinum,
1665 555 1806 622 quod
1858 555 1961 609 hoc
2064 550 2271 606 Aurora
2302 563 2388 608 est
2429 553 2693 623 Ecclesia.
2722 575 2786 612 00
2816 539 2957 629 (iliOd
2998 571 3121 630 Ροδι
3179 539 3428 622 tenebris
3465 539 3660 637 Ρεεοῖίσ

372 645 616 709 tempore
654 640 939 693 inchoante
966 655 1124 694 mane
1165 641 1253 695 sit.
1297 641 1624 710 Diluculum,
1660 647 1818 715 quasi
1847 648 1960 716 jam
2066 655 2240 700 torum
2271 647 2389 703 luce
2421 650 2540 704 fidei
2580 649 2846 708 illustrata
2891 654 2992 721 sit,
3032 664 3093 710 ut
3131 655 3184 710 in
3213 655 3312 713 Job
3341 678 3354 715 :
3389 660 3456 715 Et
3486 673 3658 718 osten‘

371 732 637 802 incipiens
677 731 842 800 parva
880 732 984 786 diei
1018 730 1102 785 lux
1132 751 1144 786 :
1180 733 1292 788 haec
1345 743 1400 788 et
1440 749 1659 803 aurora,
1689 747 1812 810 quae
1873 756 1959 795 so~
2061 737 2187 792 disti
2215 757 2423 795 aurora:
2449 741 2622 797 locum
2646 762 2800 799 suum
2826 745 2970 817 (Job.
2998 748 3250 822 xxxvnt).
3313 753 3316 760 ‘

371 822 476 878 lem
525 823 798 892 praecedit.
847 822 944 877 Est
984 832 1164 878 autem
1211 842 1406 880 aurora
1452 829 1558 882 diei
1608 830 1958 889 elarescentis
2656 857 2885 915 εΑΡῃΤ
2926 860 3035 916 um

367 915 669 979 exordium,
703 925 758 970 et
785 915 992 986 primus
1035 917 1291 986 splendor
1323 920 1481 984 aeris,
1521 922 1612 990 qui
1653 921 1842 979 Griece
1869 937 1955 980 eos

368 1007 579 1070 dicitur,
607 1024 768 1078 quam
802 1024 899 1065 nos
941 1025 1039 1080 per
1073 1011 1463 1068 derivationem
1500 1033 1752 1071 auroram
1785 1029 1952 1075 voca-4

366 1100 501 1161 titus,
535 1101 692 1168 quasi
724 1101 986 1154 curarant.
1018 1099 1169 1156 Unde
1191 1113 1273 1157 est
1299 1104 1428 1159 illud
1455 1124 1468 1158 :

925 1227 940 1242 .
978 1229 991 1242 .
1035 1230 1045 1240 .
1089 1228 1104 1244 .
1148 1193 1313 1246 Laetus
1342 1196 1462 1249 Eois

760 1253 920 1304 Eurus
956 1255 1114 1317 equis.
1160 1293 1174 1307 .
1231 1296 1242 1307 .
1287 1292 1300 1308 .

360 1313 464 1382 Εἰ.
766 1388 988 1450 ansque
1013 1391 1159 1440 acies.
1208 1423 1221 1441 .
1269 1427 1278 1437 .
1321 1424 1334 1438 .

359 1465 592 1545 Vcs-pera
629 1491 762 1548 ergo
783 1483 836 1532 et
875 1479 1086 1534 initium
1116 1482 1290 1536 noctis
1322 1478 1588 1554 signiﬁcat
1621 1485 1706 1538 vel
1733 1485 1945 1540 initium

354 1561 714 1624 tribulationis
750 1583 868 1638 qua-
911 1577 1034 1639 po'st
1079 1573 1493 1641 prosoeritatem
1542 1575 1723 1630 saeculi
1765 1578 1946 1647 sequi-

354 1665 440 1712 tur
465 1675 476 1709 :
518 1659 599 1712 vel
640 1661 920 1715 exordium
951 1664 1248 1719 aversionis
1278 1663 1608 1733 iniquorum,
1641 1669 1733 1736 qui
1762 1671 1944 1726 aversi

352 1763 381 1801 a
418 1747 535 1803 luce
578 1763 699 1804 vera
739 1753 1114 1808 mandatorum
1144 1754 1260 1818 Del,
1299 1746 1546 1809 incidunt
1583 1756 1638 1810 in
1691 1759 1943 1814 tenebras

2679 929 2752 983 De
2791 931 3033 985 tenebris.

2129 1017 2402 1073 Tenebras
2425 1027 2604 1074 autem
2635 1021 2829 1086 dictas,
2853 1023 2996 1092 quod
3027 1032 3247 1081 teneant
3273 1029 3512 1086 umbras.
3546 1017 3650 1087 Te-

2056 1109 2237 1167 nebrae
2293 1119 2472 1168 autem
2533 1113 2839 1184 significant
2891 1115 3180 1186 aliquando
3228 1122 3652 1191 profunditatem

2055 1199 2457 1271 Scripturarum
2509 1197 2815 1260 divinarum
2853 1225 2864 1260 :
2905 1208 3193 1277 aliquando
3247 1213 3606 1283 ignorantiam
3632 1233 3651 1270 τ

2052 1292 2341 1364 aliquando
2390 1296 2762 1353 infidelitatem
2813 1311 3203 1370 peccatorum:
3255 1312 3308 1359 et
3357 1307 3648 1377 aliquando

2049 1401 2266 1455 pinnam
2307 1389 2586 1458 gehennae.
2621 1390 3048 1450 Profunditatem
3087 1411 3215 1468 ergo
3243 1397 3650 1467 Scripturarum

2053 1475 2182 1531 illud
2211 1477 2482 1548 significat
2531 1481 2907 1549 propheticum
2963 1487 3352 1554 testimonium,
3397 1504 3503 1558 quo
3534 1489 3646 1545 ait:

2051 1566 2240 1622 Posuit
2266 1569 2502 1623 tenebras
2532 1569 2809 1626 latibulum
2830 1591 2984 1630 suum
3007 1575 3180 1648 (Psal.
3204 1577 3337 1650 xvn)
3365 1596 3378 1644 ;
3412 1587 3467 1634 et
3487 1579 3610 1634 alibi
3633 1598 3646 1635 :

2053 1659 2300 1715 Tenebra:
2345 1678 2449 1715 non
2487 1665 2909 1720 obscurabuntur
2936 1667 3028 1723 abs
3057 1679 3126 1735 te,
3159 1680 3206 1725 et
3245 1689 3349 1726 ηοω
3379 1672 3513 1727 sicut
3538 1673 3649 1728 dics

2045 1748 2470 1808 illuminabitur:
2523 1755 2657 1808 sicut
2686 1758 2908 1812 tenebrw
2949 1761 3082 1830 ejus,
3140 1764 3214 1815 ita
3256 1773 3302 1817 et
3335 1747 3508 1817 lumen
3531 1764 3647 1834 ejus

348 1853 708 1910 peccatorum,
739 1843 963 1911 Quando
993 1845 1136 1900 enim
1163 1847 1290 1914 quis
1319 1861 1351 1900 τι
1383 1848 1614 1902 veritate
1648 1857 1704 1902 et,
1726 1849 1941 1920 justilia
1970 1841 2016 1904 Β
2046 1837 2516 1916 (Ρδαιωχχινιιι).
2553 1846 2828 1903 Tenebras
2873 1850 3016 1906 enim
3067 1851 3201 1908 dicit
3242 1855 3472 1925 mystica
3503 1871 3647 1924 qum-

350 1932 567 1996 recedit,
599 1941 653 1986 et
699 1932 751 1988 in
798 1933 1054 1989 tenebras
1091 1949 1342 1990 errorum
1384 1946 1545 2006 atque
1590 1948 1945 2008 peccatorum

347 2023 572 2088 corruit,
621 2023 812 2077 merito
866 2025 1073 2095 vesperi
1124 2028 1342 2082 nomine
1394 2038 1641 2094 vocatur,
1674 2031 1798 2100 quia
1836 2032 1947 2086 An-

2051 1947 2158 2002 que
2178 1943 2240 2013 et
2257 1935 2522 2004 profunda
2553 1933 2959 2008 Scripturarum
2989 1941 3295 1997 divinarum
3319 1943 3474 2012 juxta
3516 1933 3649 2000 illud

2043 2024 2193 2092 quod
2224 2024 2455 2096 legimus
2484 2027 2539 2080 in
2569 2027 2919 2084 Proverbiis:
2958 2029 3212 2103 Intelligit
3259 2049 3461 2104 quoque
3488 2051 3649 2104 para-

349 2109 601 2178 t'iehristi,
634 2115 725 2184 qui
768 2113 971 2185 Vesper
1009 2117 1063 2171 in
1109 2113 1406 2188 scripturis
1449 2120 1770 2190 appellatur,
1816 2138 1948 2178 con-
2048 2116 2223 2170 bofam
2263 2129 2310 2171 et
2357 2119 2685 2172 tenebrosum
2712 2138 3004 2176 sermonem
3056 2121 3239 2194 (Prov.
3262 2125 3359 2191 γι).
3394 2124 3485 2180 Sic
3509 2134 3564 2180 et
3591 2125 3647 2180 in

344 2221 463 2262 sors
495 2201 742 2262 efficitur.
783 2209 1168 2282 intempestum
1215 2224 1420 2278 autem,
1449 2216 1554 2271 hoc
1583 2224 1666 2271 est
1704 2219 1943 2272 medium

341 2291 522 2352 nectis
550 2297 631 2351 vel
668 2298 1091 2368 profunditatem
1135 2316 1482 2373 peccatorum
1529 2307 1819 2377 significat,
1854 2310 1942 2364 vel

343 2403 619 2444 recessum
650 2406 679 2446 a
725 2392 1015 2450 mundanis
1067 2404 1121 2450 et
1167 2398 1236 2452 ad
1278 2399 1605 2454 laudandum
1653 2402 1940 2458 Dominum

340 2478 608 2534 bonorum
658 2473 940 2536 hominum
985 2487 1242 2542 studium.
1276 2487 1432 2543 Unde
1468 2489 1738 2558 Propheta
1764 2494 1841 2547 ait
1884 2495 1940 2549 in

338 2569 546 2639 psalmo
578 2591 592 2626 :
625 2571 803 2628 Media
848 2586 995 2631 nocte
1041 2580 1318 2649 surgebam
1345 2581 1416 2633 ad
1453 2582 1803 2648 conﬁtendum
1846 2587 1938 2639 tibi

337 2675 492 2730 super
527 2663 738 2732 judicia
780 2665 1006 2733 justitia:
1037 2676 1143 2721 tua:
1173 2665 1345 2738 (Psat.
1370 2671 1580 2740 exvm).
1625 2673 1744 2730 Non
1777 2684 1938 2730 vacat

337 2755 479 2824 quod
518 2755 720 2810 dicitur
754 2774 765 2808 :
799 2758 972 2812 media
1003 2770 1152 2816 nocte
1177 2765 1475 2831 surgebam.
1506 2764 1624 2820 Scit
1651 2771 1798 2823 enim
1829 2772 1933 2828 hoc

339 2853 582 2919 tempore
623 2852 983 2925 primogenita
1014 2854 1396 2927 Egyptiorum
1432 2859 1600 2917 fuisse
1632 2877 1888 2932 percussa
1915 2886 1928 2923 :

337 2942 438 2997 Scit
468 2945 633 2997 etiam
662 2956 725 3000 ea
754 2953 1096 3016 tempestate,
1125 2948 1296 3014 Petri,
1325 2950 1456 3005 Paul
1495 2962 1548 3007 et
1588 2954 1714 3010 Sila;
1739 2957 1794 3012 in
1821 2974 1934 3014 car-

339 3044 460 3087 cere
491 3035 792 3103 positorum
821 3037 1037 3092 vincula
1066 3039 1338 3105 resoluta;
1369 3043 1472 3098 scit
1501 3057 1724 3115 quoque
1763 3057 1929 3120 spon-

335 3141 458 3180 sum
505 3129 681 3182 media
736 3139 896 3186 nocte
927 3143 1052 3186 esse
1095 3142 1415 3200 venturum,
1464 3137 1692 3209 ideoque
1739 3144 1931 3197 eodem

2049 2209 2158 2264 alio
2194 2209 2404 2278 psalmo
2427 2209 2696 2282 legimus:
2732 2211 3024 2268 Tenebrosa
3053 2231 3190 2286 aqua
3217 2217 3270 2270 in
3297 2217 3519 2271 nubibus
3559 2234 3648 2272 ne-

2047 2301 2117 2354 ris
2141 2298 2316 2372 (Psat.
2341 2300 2517 2372 xvn);
2550 2317 2680 2371 ergo
2713 2303 2830 2358 ista:
2856 2303 3093 2359 tenebrae
3137 2322 3245 2361 non
3274 2308 3647 2364 obscurabun-

2045 2403 2150 2458 tur,
2207 2392 2300 2446 sed
2347 2393 2527 2462 potius
2575 2393 2948 2449 illuminantur
2985 2410 3018 2451 a
3069 2395 3298 2453 Domino
3329 2440 3348 2464 ,
3386 2401 3642 2469 quoniam

2041 2483 2358 2550 prmdicatio
2385 2485 2778 2553 prophetarum
2806 2486 2922 2554 ipso
2951 2485 3202 2542 veniente
3237 2488 3504 2568 completa
3536 2499 3640 2545 est.

2040 2574 2408 2645 ignorantiam
2459 2583 2644 2630 autem
2690 2575 3000 2646 significant
3041 2579 3278 2633 tenebrae
3308 2579 3364 2633 in
3396 2579 3484 2633 illa
3515 2596 3646 2650 apo-

2039 2666 2234 2721 stolica
2264 2668 2555 2734 sententia,-
2579 2683 2684 2736 qua
2714 2666 2845 2722 dicit
2869 2666 2936 2722 de
2955 2669 3364 2738 peccatoribus:
3398 2669 3644 2726 Tenebris

2039 2757 2374 2811 obscuratum
2403 2759 2647 2812 habentes
2675 2776 2766 2812 cor
2788 2759 3002 2830 (Ep/tes.
3025 2759 3120 2831 tv).
3147 2759 3522 2815 lniidelitatem
3547 2757 3645 2818 au?

2039 2857 2147 2903 tem
2178 2849 2487 2920 iniquorum
2514 2851 2606 2905 illa
2634 2850 2948 2921 evangelica
2987 2853 3253 2908 sententia
3280 2845 3519 2920 denotat,
3551 2856 3640 2912 ubi

2037 2941 2275 2997 dicitur:
2319 2942 2439 2996 Lux
2481 2943 2537 2997 in
2579 2943 2800 2998 tenebris
2831 2944 2990 3010 lucet,
3029 2955 3078 3000 et
3121 2945 3344 3001 tenebrte
3391 2963 3506 3002 eam
3534 2964 3638 3002 non

2038 3034 2541 3103 comprehenderunt
2564 3032 2746 3106 (Joan.
2771 3035 2836 3101 ι).
2867 3035 2982 3089 Lux
3012 3035 3210 3106 quippe
3231 3045 3314 3092 est
3354 3037 3635 3094 hominum

2038 3121 2310 3190 Christus,
2341 3140 2461 3194 quae
2487 3127 2670 3182 omnia
2709 3127 2800 3196 qui
2829 3127 3126 3182 illuminari
3168 3137 3448 3184 merentur
3477 3129 3640 3185 corda

335 3219 575 3286 tempore
623 3222 794 3292 surgit
841 3222 910 3276 ad
971 3221 1175 3288 gaudes,
1233 3241 1301 3280 ne
1344 3226 1485 3282 inter
1543 3229 1722 3286 famas
1762 3234 1929 3306 πνεῖ,
1957 3210 2003 3274 C
2035 3214 2316 3269 hominum
2347 3231 2458 3271 suae
2504 3217 2791 3286 praesentia
2836 3219 3162 3289 cognitionis
3188 3218 3642 3289 illustrat;tene-

331 3319 428 3362 nes
456 3301 620 3376 ianua
663 3311 846 3368 clausa
892 3323 1187 3370 remaneat.
1221 3316 1332 3371 Nec
1377 3329 1551 3384 vacat,
1584 3324 1728 3390 quod
1757 3301 1926 3380 dicit:

333 3401 608 3468 surgebam
648 3418 666 3457 :
702 3404 828 3473 quia
883 3417 1098 3476 semper
1141 3409 1402 3479 surgitur,
1433 3425 1558 3466 cum
1606 3415 1677 3469 ad
1717 3414 1930 3472 Domini

327 3495 597 3561 pneeonia
638 3492 943 3551 festinatur.
982 3498 1062 3552 Ad
1107 3496 1480 3568 conﬁtendum,
1519 3502 1609 3558 hic
1654 3505 1928 3575 significat

327 3587 394 3639 ad
435 3585 784 3654 laudandum,
814 3590 938 3659 quia
967 3592 1210 3660 sequitur
1236 3609 1248 3643 :
1278 3609 1435 3662 super
1465 3595 1677 3663 judicia
1699 3598 1926 3666 jastitiaa

332 3683 462 3730 tum.
497 3676 634 3730 Nam
681 3679 730 3732 si
758 3681 1087 3747 pmnitentiae
1113 3681 1510 3738 confessionem
1539 3687 1802 3743 voluisset
1844 3690 1926 3745 in-

327 3767 512 3837 telligi,
545 3783 704 3837 super
736 3769 1152 3823 misericorditm
1184 3780 1350 3834 utam,
1380 3773 1586 3827 diceret
1623 3792 1636 3827 :
1675 3783 1806 3841 non,
1835 3795 1926 3831 su-

323 3874 415 3928 per
441 3859 650 3928 judicia
687 3859 918 3929 justitim
939 3867 1064 3912 tute:
1102 3855 1445 3916 Gallicini“:
1489 3872 1668 3919 auwm
1707 3881 1925 3924 conver-

325 3951 538 4005 sionem
565 3955 913 4022 peccatorum
942 3952 1229 4025 significat
1263 3953 1414 4009 Unde
1443 3957 1635 4011 eodem
1683 3965 1924 4028 tempore

327 4041 538 4108 Petrus,
567 4044 662 4112 qui
685 4039 971 4098 Dominum
1010 4046 1254 4114 negando
1279 4045 1332 4099 in
1366 4047 1606 4103 tenebris
1628 4049 1918 4108 oblivionis

328 4137 550 4201 erravit,
580 4147 633 4191 et
682 4145 916 4207 speratae
951 4137 1062 4207 jam
1113 4137 1256 4192 lucis
1297 4143 1752 4198 rememoratione
1796 4160 1917 4200 cor-

330 4228 488 4295 rexit,
517 4237 569 4284 et
599 4227 840 4297 ejusdem
866 4243 1008 4284 verte
1053 4229 1190 4287 lucis
1217 4232 1408 4300 adepta
1447 4236 1736 4302 praesentia
1761 4238 1919 4307 plene

339 4325 538 4382 totum,
584 4319 844 4389 quidquid
901 4328 1236 4387 mutaverat,
1283 4323 1475 4379 erexit.
1525 4323 1680 4381 Hunc
1726 4328 1918 4398 opinor

327 4409 525 4480 gallum
557 4411 788 4481 aliquem
817 4413 1097 4468 doctorum
1138 4414 1564 4485 intelligendum,
1595 4419 1689 4488 qui
1717 4435 1812 4474 vos
1832 4419 1916 4490 ja-

328 4513 512 4559 ccntes
559 4508 802 4563 excitans
845 4518 900 4564 et
947 4509 1318 4566 somnolentos
1363 4511 1639 4582 increpat,
1683 4516 1909 4572 dicens:

323 4595 597 4667 Etvigilnte,
615 4601 766 4671 justi,
791 4612 839 4656 et
865 4602 1024 4657 nolite
1044 4619 1276 4674 peccare.
1308 4602 1634 4660 Matutinum-
1653 4621 1784 4678 ergo
1806 4608 1920 4662 sive

327 4686 619 4743 diluculmn
670 4694 1082 4747 resurrectionis
1118 4694 1413 4751 Dominieze
1451 4703 1663 4766 tempus
1708 4698 1917 4768 signifi-

323 4781 432 4838 cat,
462 4775 543 4828 vel
573 4775 811 4831 hominis
834 4787 866 4831 a
912 4779 1154 4848 peccatis
1195 4781 1264 4835 ad
1290 4780 1518 4849 iustitia:
1543 4782 1760 4852 plenam
1786 4799 1916 4838 con-

319 4866 642 4921 Versionem.
677 4865 828 4922 Unde
870 4867 1154 4924 Psalmista
1183 4871 1258 4924 ad.
1282 4870 1572 4925 Dominum
1597 4872 1674 4926 ait
1700 4889 1717 4922 :
1743 4873 1824 4926 Ad
1867 4882 1915 4930 te

320 4955 384 5010 de
413 4956 529 5010 luce
575 4958 728 5028 vigilo
753 4975 770 5013 :
798 4968 846 5013 et
873 4961 928 5013 in
955 4959 1227 5015 matutinis
1275 4962 1565 5015 meditabor
1603 4963 1659 5018 in
1688 4975 1756 5030 te,
1786 4967 1912 5036 quia

320 5045 492 5118 factus
525 5061 578 5102 es
621 5049 836 5119 adjutor
875 5063 1022 5104 meus
1066 5049 1237 5121 (Psal.
1262 5050 1420 5122 ωιιι).
1447 5054 1528 5108 Ad
1558 5054 1732 5123 ipsum
1778 5056 1914 5128 vigi-

317 5137 482 5205 latur,
531 5143 743 5211 quoties
786 5142 842 5195 in
892 5142 1076 5196 mundi
1107 5143 1402 5198 ambitione
1435 5143 1724 5200 dormitur.
1774 5145 1909 5201 Nam

321 5229 408 5284 illa
450 5231 530 5285 sic
577 5231 982 5304 consequimur,
1030 5233 1076 5287 si
1117 5233 1220 5288 ista
1269 5234 1518 5288 deserere
1569 5231 1903 5294 festinemus.

314 5319 461 5374 Bene
511 5327 693 5376 autem
742 5322 982 5390 adjecit:
1021 5322 1091 5376 In
1122 5324 1392 5377 matutinis
1426 5323 1715 5378 meditabor
1759 5325 1814 5380 in
1858 5335 1906 5379 te

319 5411 494 5486 (Pint.
517 5415 686 5493 cm);
732 5427 788 5470 et
828 5416 952 5471 alibi
996 5434 1010 5471 :
1051 5414 1352 5486 Exsurgens
1395 5407 1662 5483 diluculo;
1689 5419 1905 5487 quando

317 5507 530 5574 tempus
558 5506 852 5562 Dominicae
880 5507 1297 5562 resurrectionis
1326 5506 1515 5573 eluxit,
1545 5514 1598 5562 et
1629 5517 1760 5564 tunc
1787 5507 1902 5577 ejus

316 5581 511 5653 laudes
549 5606 832 5663 cerneret,
877 5600 1091 5668 quando
1125 5615 1292 5668 genus
1331 5599 1626 5653 humanum
1663 5601 1908 5672 exemplo

318 5705 428 5748 sine
459 5693 874 5750 resurrectionis
902 5694 1180 5749 animavit.
1215 5694 1530 5749 Matutinnm
1564 5696 1748 5764 judicii
1795 5697 1910 5752 dies

320 5787 433 5845 sive
462 5788 790 5848 resurrectio
827 5795 1186 5857 mortuorum,
1227 5797 1287 5846 ut
1325 5790 1383 5855 in
1412 5788 1662 5861 psalmo:
1695 5787 1766 5844 In
1790 5804 1906 5844 ma-

2032 3306 2148 3360 brte
2179 3316 2360 3361 autem
2407 3307 2556 3362 stulti
2599 3317 2728 3363 sunt
2768 3316 2823 3364 et
2850 3310 3043 3379 iniqui,
3075 3315 3305 3381 quorum
3337 3309 3478 3368 eirea
3501 3315 3640 3385 prte—

2034 3398 2220 3452 cordia
2262 3398 2353 3451 lux
2397 3407 2452 3454 et
2498 3415 2630 3456 erue
2662 3397 2922 3473 [aeternae]
2956 3403 3256 3472 sapientize,
3284 3389 3464 3476 qualia
3487 3405 3634 3480 .sint,

2031 3488 2319 3545 manifeste
2363 3491 2679 3561 cognoscit:
2733 3492 2984 3561 quamvis
3031 3492 3132 3561 ipsi
3187 3493 3368 3548 radios
3395 3485 3640 3564 ejusdem

2030 3581 2168 3636 lueis
2191 3595 2533 3649 nequaquam
2565 3595 2760 3650 capere
2805 3596 2903 3652 per
2943 3579 3354 3652 intelligentiam
3383 3583 3632 3652 possint:

2029 3673 2194 3727 veluti
2221 3672 2266 3727 si
2290 3671 2519 3741 quilibet
2545 3689 2720 3728 caicus
2737 3671 2932 3741 jubare
2977 3675 3106 3729 solis
3152 3673 3505 3742 obfundatur,
3535 3689 3636 3732 nec

2031 3772 2210 3818 tamen
2237 3764 2352 3833 ipse
2375 3763 2561 3827 solem,
2595 3765 2750 3834 cujus
2775 3764 2978 3820 lumine
2995 3763 3356 3836 perfunditur,
3381 3766 3630 3837 aspiciat.

2029 3852 2308 3916 Tenebrae,
2355 3852 2598 3907 diabolus
2645 3853 2731 3907 vel
2770 3855 3062 3920 daemones,
3109 3864 3170 3910 ut
3216 3857 3270 3911 in
3311 3853 3630 3928 Propheta:

2024 3945 2281 4001 Inimicos
2326 3946 2466 4015 ejus,
2494 3946 2548 3999 id
2597 3955 2701 4010 est,
2743 3947 3052 4013 Dominum,
3083 3959 3463 4019 persequuntur
3491 3958 3633 4002 tene-

2024 4036 2132 4089 brte
2159 4032 2326 4105 (Nati.
2352 4038 2412 4104 ι).
2444 4035 2612 4088 Ptena
2635 4043 2816 4088 autem
2838 4035 3096 4102 gehennae
3122 4035 3437 4118 intenebris
3462 4037 3631 4108 signi-

2021 4124 2218 4179 ﬁcatur
2248 4124 2305 4178 in
2333 4123 2426 4178 illa
2454 4124 2733 4196 Evangelii
2779 4125 3070 4192 sententia,
3102 4127 3192 4182 ubi
3231 4126 3299 4183 de
3337 4137 3626 4198 peccatore

2021 4219 2096 4273 ita
2124 4219 2357 4289 legitur:
2419 4215 2622 4290 Lig'atis
2667 4218 2909 4273 manibus
2935 4227 2984 4274 et
3011 4219 3228 4290 pedibus
3276 4221 3394 4289 ejus
3435 4221 3626 4276 mittite

2018 4329 2140 4367 eum
2166 4313 2221 4366 in
2259 4311 2498 4366 tenebras
2539 4314 2843 4377 exteriores,
2874 4313 2964 4366 ubi
3011 4314 3107 4367 erit
3151 4315 3308 4386 ﬂetus
3336 4322 3386 4368 et
3432 4314 3628 4368 stridor

2017 4404 2251 4458 dentiant
2285 4401 2502 4472 (Matth.
2529 4406 2686 4474 χχιι).
2741 4402 3060 4474 Quicunque
3109 4419 3238 4475 ergo
3287 4403 3342 4459 in
3371 4407 3638 4475 prtesenti'

2017 4496 2128 4549 vita
2153 4495 2482 4550 infidelitatis
2511 4503 2567 4550 et
2611 4504 2960 4566 peccatorum
3009 4495 3358 4552 interioribus
3385 4497 3626 4553 tenebris

2024 4589 2367 4653 obscuratur,
2401 4601 2623 4642 necesse
2669 4600 2771 4655 est,
2807 4589 2855 4644 si
2901 4591 2950 4644 ei
2998 4591 3264 4661 condigna
3301 4591 3622 4659 pmnitentia

2022 4696 2130 4736 non
2153 4679 2486 4744 subvenerit,
2510 4689 2569 4732 ut
2589 4680 2642 4732 in
2666 4680 2965 4735 exteriores
2987 4681 3238 4735 tenebras
3265 4687 3386 4748 post
3407 4680 3615 4732 exitum

2021 4772 2304 4842 praesentis
2329 4771 2452 4825 vita:
2473 4769 2740 4834 mittatur,
2771 4770 2860 4825 ubi
2885 4779 2970 4824 est
2991 4785 3153 4839 pcena
3179 4757 3374 4823 mortis
3403 4777 3457 4824 et
3477 4783 3620 4823 sem-

2019 4865 2270 4934 piternus
2295 4865 2488 4920 horror
2517 4863 2806 4918 inhabitat.
2851 4861 3057 4918 Umbra
3086 4875 3215 4931 ergo
3240 4859 3530 4930 aliquando
3558 4861 3615 4917 in

2016 4956 2179 5020 bono,
2209 4953 2498 5025 aliquando
2520 4954 2575 5008 in
2597 4953 2738 5008 malo
2761 4952 2999 5025 ponitur.
3031 4949 3183 5005 Tunc
3212 4965 3338 5006 vero
3367 4951 3423 5006 in
3449 4949 3613 5018 bono,

2019 5047 2234 5117 quando
2267 5046 2568 5102 custodiam
2594 5045 2691 5100 Dei
2718 5053 2775 5099 et
2801 5043 3192 5114 protectionem
3223 5038 3456 5112 Spiritus
3485 5041 3614 5096 san-

2018 5137 2090 5194 cti
2140 5137 2430 5209 significat,
2480 5145 2540 5190 ut
2589 5143 2674 5190 est
2715 5132 2842 5188 illud
2871 5133 2926 5187 in
2976 5130 3224 5201 psalmo:
3267 5127 3376 5185 Sub
3427 5130 3617 5185 umbra

2018 5231 2226 5284 alarum
2256 5239 2469 5283 tuarum
2504 5245 2680 5299 spero,
2710 5225 2873 5280 donec
2904 5234 3134 5280 transeat
3157 5223 3408 5296 iniquitas
3435 5219 3614 5296 (Psal.

2015 5322 2146 5393 LVI).
2171 5321 2239 5376 Et
2259 5320 2384 5375 alibi
2409 5336 2423 5373 :
2448 5318 2665 5375 Custodi
2688 5335 2784 5381 me,
2812 5313 3059 5385 Domine,
3083 5329 3139 5371 ut
3159 5311 3414 5388 pupillam
3437 5313 3613 5383 oculi;

2013 5417 2108 5472 sub
2158 5417 2345 5470 umbra
2389 5413 2598 5468 alarum
2641 5421 2853 5464 tuarum
2897 5421 3104 5483 protege
3154 5426 3235 5466 me
3273 5407 3444 5483 (Psaf.
3473 5409 3610 5483 XVI).

2012 5509 2307 5579 Aptissime
2339 5507 2521 5576 itaque
2545 5504 2681 5573 petit
2703 5504 2959 5559 cuStodiri
2984 5519 3064 5569 se,
3092 5511 3151 5556 ut
3169 5499 3427 5573 pupillam
3446 5498 3611 5569 oculi,

2012 5603 2230 5673 quando
2260 5609 2314 5655 et
2344 5615 2439 5670 per
2483 5601 2652 5670 ipsam
2683 5614 2769 5652 res
2801 5598 3036 5653 visuales
3072 5597 3448 5672 discernimus,
3476 5591 3626 5652 etin‘

2014 5705 2202 5752 nostro
2237 5709 2464 5764 corpore
2510 5692 2639 5746 nihil
2687 5693 3032 5762 prmstantius
3071 5691 3359 5745 invenitur.
3409 5687 3606 5755 Sequi-

2014 5799 2103 5847 tur
2126 5807 2138 5845 :
2175 5786 2282 5844 Sub
2310 5789 2496 5843 umbra
2515 5784 2724 5840 alarum
2746 5794 2956 5839 tuarum
2982 5793 3188 5856 protege
3215 5799 3314 5837 me.
3339 5779 3438 5836 Hic
3456 5775 3607 5834 aliud
