4074 6324
437 407 544 465 299

1015 459 1019 462 .
1070 403 1135 459 B.
1175 402 1432 460 RABANI
1469 402 1690 462 MAURI
1725 401 2040 460 ARClilEP.
2083 399 2398 459 MOGUNT.
2439 389 2721 458 OPERUM
2757 399 2936 456 PARS
2972 398 3038 455 il.

3594 379 3702 458 300

437 519 566 576 (alio
592 514 806 591 (Ibid.),
837 517 906 572 ad
949 515 1228 586 sequentia
1268 523 1511 586 tempora
1552 514 1772 585 respicit
1811 531 1823 568 :
1864 511 2019 583 cujus
2043 513 2100 580 Α
2122 510 2215 566 sed
2253 509 2443 582 majori
2481 511 2702 580 insuper
2739 505 3153 566 resurrectionis
3198 501 3369 578 gloria
3403 493 3706 569 cumulabi-

434 608 734 684 prophetia
765 607 1050 664 veritatem
1077 611 1133 664 et
1161 606 1388 662 historia
1423 613 1687 672 veterum,
1717 613 1774 660 et
1800 611 2017 681 nostro-

435 718 557 758 rum
583 689 852 772 hodieque
889 707 1193 770 temporum
1229 705 1462 754 testatur
1497 706 1741 754 eventus.
1815 695 2017 771 Octava

433 787 644 864 species
667 781 1022 849 hebdomadis
1050 789 1356 859 uniformis,
1387 797 1443 847 et
1481 791 1596 848 sola
1636 791 1754 847 sine
1786 789 2018 846 circuitu

434 882 785 944 revolutionis
821 895 1033 954 extans,
1083 885 1150 940 ad
1197 885 1425 956 ﬁguram
1465 898 1564 955 per
1605 874 1785 938 omnia
1827 881 2018 952 prima

431 983 786 1040 hebdomadis
811 982 1124 1038 labentibus
1155 979 1318 1051 hujus
1359 977 1540 1036 saculi
1568 977 1856 1034 conﬁcitur
1883 982 2014 1030 ata-

430 1077 598 1133 tibus.
627 1073 815 1131 Prima
842 1075 988 1130 enim
1019 1074 1107 1130 die
1152 1071 1297 1130 facta
1324 1080 1410 1128 est
1442 1073 1553 1139 lux,
1583 1081 1641 1127 et
1661 1071 1838 1141 prima
1858 1076 2018 1123 atate

428 1168 594 1224 homo
621 1165 678 1222 in
715 1153 964 1222 Paradisi
1000 1165 1312 1221 amoenitate
1353 1155 1561 1220 iocatur
1597 1181 1609 1217 :
1642 1161 1813 1217 divisa
1840 1159 1960 1216 luce
1985 1173 2018 1214 a

427 1259 670 1316 tenebris
697 1257 900 1320 factum
931 1269 1015 1317 est
1039 1275 1324 1340 vesperum
1343 1300 1358 1326 ,
1389 1265 1444 1314 et
1469 1253 1732 1328 separatis
1761 1252 1856 1308 Dei
1878 1249 2018 1323 {ﬁliis

429 1367 462 1408 a
494 1351 702 1408 semine
729 1365 984 1422 nequam,
1011 1367 1121 1407 non
1145 1351 1304 1423 longe
1351 1357 1474 1420 post
1505 1347 1654 1434 natis
1687 1342 2013 1416 gigantibus,

429 1452 684 1515 corrupta
731 1452 816 1500 est
865 1443 1042 1500 omnis
1070 1451 1245 1509 terra,
1293 1440 1466 1497 donec
1494 1429 1722 1495 Creator
1744 1434 2016 1507 paenitens

427 1549 488 1591 se
513 1529 789 1590 hominem
836 1523 1052 1600 fecisse,
1101 1532 1364 1589 mundum
1393 1529 1594 1586 diluvio
1637 1527 1866 1600 perdere
1901 1525 2014 1581 dis-

427 1635 672 1699 poneret.
713 1615 960 1683 Secunda
992 1625 1078 1682 die
1107 1623 1509 1680 firmamentum
1553 1621 1610 1676 in
1637 1617 1816 1675 medio
1853 1617 2017 1673 libra-

425 1720 516 1770 tur
545 1727 852 1786 aquarum:
884 1715 1122 1773 secunda
1165 1722 1323 1769 atate
1365 1729 1495 1768 arca
1545 1713 1599 1768 in
1641 1711 1818 1768 medio
1843 1707 2017 1766 fertur

425 1821 693 1877 aquarum
717 1847 734 1874 ,
794 1805 922 1862 hinc
953 1803 1100 1861 fonte
1135 1803 1314 1876 abyssi
1343 1811 1676 1876 supportata,
1711 1800 1859 1856 illinc
1887 1795 2012 1855 coeli

2120 612 2227 660 tur.
2251 603 2376 661 Hac
2402 613 2534 660 atas
2554 597 2862 660 hominibus
2888 611 3018 658 tunc
3041 600 3226 672 capit,
3255 601 3471 671 quando
3496 603 3704 673 primus

2117 705 2328 768 martyr
2351 693 2486 750 Abel
2513 711 2743 766 corpore
2783 693 3002 765 quidem
3053 678 3342 760 tumulum,
3372 688 3566 764 spiritu
3610 703 3706 753 au-

2121 798 2232 847 tem
2270 791 2549 847 sabbatum
2603 779 2878 862 perpetua
2906 791 3116 870 quietis
3151 790 3378 870 intravit
3409 811 3422 846 :
3457 781 3706 864 perlicie-

2123 891 2213 938 tur
2258 892 2458 950 autem,
2503 884 2717 954 quando
2769 867 3001 953 receptis
3051 867 3254 940 sanctis
3295 886 3616 957 corporibus
3648 887 3706 943 in

2121 982 2267 1029 terra
2319 989 2414 1029 sua
2446 973 2675 1044 duplicia
2725 961 3096 1042 possidebunt,
3145 973 3330 1030 latitia
3373 976 3706 1048 sempiterna

2119 1065 2226 1121 erit
2249 1064 2328 1119 eis
2353 1082 2366 1118 :
2393 1071 2449 1122 et
2474 1064 2590 1134 ipsa
2619 1071 2702 1120 est
2726 1075 2940 1132 octava,
2976 1081 3078 1138 pro
3105 1081 3214 1138 qua
3257 1073 3442 1122 sextus
3465 1066 3704 1137 psalmus

2119 1156 2460 1213 inscribitur:
2487 1157 2670 1242 credo,
2701 1157 2826 1228 quia
2855 1157 2909 1242 in
2936 1173 3030 1214 sex
3057 1157 3218 1228 hujus
3248 1159 3429 1242 saculi
3454 1159 3708 1218 atatibus

2117 1262 2218 1318 pro
2255 1239 2481 1318 septima
2512 1237 2595 1302 vel
2627 1255 2818 1303 octava
2853 1239 2998 1304 illius
3051 1249 3234 1305 saculi
3262 1237 3346 1308 est
3381 1260 3542 1308 atate
3580 1267 3707 1325 sup-

2118 1339 2448 1418 plicandum,
2501 1340 2556 1396 in
2604 1357 2710 1411 qua
2761 1341 2886 1412 quia
2916 1338 3049 1410 justi
3098 1343 3312 1415 gaudia,
3365 1345 3460 1400 sed
3490 1347 3706 1418 reprobi

2119 1439 2244 1486 sunt
2276 1416 2533 1502 supplicia
2558 1421 2888 1503 percepturi,
2929 1419 3178 1490 Psaimus
3213 1423 3341 1492 hinc
3371 1416 3576 1506 ingenti
3617 1453 3708 1509 pa-

2117 1535 2249 1577 vore
2284 1521 2495 1592 incipit,
2527 1509 2724 1604 currit,
2765 1513 2993 1580 ﬁnitur:
3021 1513 3258 1592 Domine,
3303 1515 3368 1582 ἀι
3403 1527 3461 1583 in
3489 1511 3574 1583 ira
3611 1538 3705 1586 tua

2119 1628 2313 1685 arguas
2331 1629 2430 1680 me,
2455 1620 2560 1670 etc.
2587 1607 2760 1686 (Psal.
2787 1605 2884 1688 v1).

2746 1729 2974 1788 CAPUT
3012 1731 3082 1788 Χ.

2713 1797 2792 1857 De
2820 1800 3102 1860 mensibus.

424 1875 716 1954 cataractis
745 1895 1017 1970 compluta
1045 1915 1058 1952 :
1091 1875 1219 1968 qua,
1241 1875 1432 1952 habuit
1464 1891 1765 1966 vesperam,
1794 1891 2010 1964 quando
2037 1892 2087 1954 B
2187 1887 2396 1946 Menses
2417 1875 2547 1946 dicti
2573 1907 2603 1947 a
2627 1907 2904 1960 mensura,
2941 1910 3046 1965 qua
3081 1894 3311 1968 quisque
3336 1885 3524 1954 eorum
3546 1887 3704 1956 men-

423 1987 520 2043 filii
559 1989 732 2044 Adam
777 1989 941 2058 pedes
981 1989 1048 2044 ab
1085 1985 1307 2044 Oriente
1347 1993 1642 2050 moventes,
1676 1984 1768 2056 qui
1794 1983 1849 2038 in
1878 1998 2010 2038 con-

422 2077 681 2134 struenda
713 2077 978 2148 superbia
999 2085 1148 2134 turre
1175 2089 1560 2142 convenerunt,
1593 2075 1902 2148 linguarum
1931 2074 2012 2129 di-

423 2168 634 2226 visione
660 2168 926 2235 mulctati,
959 2177 1015 2224 et
1049 2164 1116 2226 ab
1144 2167 1378 2224 invicem
1413 2165 1541 2224 sunt
1577 2167 1826 2238 dispersi.
1879 2165 2012 2221 Ter-

422 2258 498 2316 tia
527 2259 614 2315 die
645 2258 801 2329 aquis
837 2259 892 2314 in
941 2261 1419 2332 congregationem
1447 2275 1612 2315 unam
1641 2259 1874 2326 coactis,
1909 2274 2008 2330 ap~

418 2351 602 2424 paruit
647 2349 799 2408 arida
827 2391 843 2418 ,
895 2350 1044 2408 silvis
1093 2348 1388 2422 herbisque
1435 2353 1633 2409 decora
1689 2371 1702 2406 :
1743 2361 1798 2410 et
1851 2352 2012 2407 tertia

416 2447 600 2510 atate,
632 2439 910 2498 ﬁrmitatis
939 2441 1216 2516 [ﬁrmatis]
1257 2441 1311 2497 in
1339 2444 1488 2498 cultu
1511 2443 1728 2500 denium
1778 2443 2012 2516 [damo-

419 2531 575 2606 num]
605 2533 935 2598 nationibus,
973 2531 1248 2589 Abraham
1283 2535 1596 2606 patriarcha
1631 2535 2010 2606 cognationem

416 2623 766 2695 patriamque
793 2624 1048 2681 deserens
1076 2633 1387 2682 sanctorum
1428 2626 1635 2682 semine
1667 2625 2004 2682 fecundatur.

413 2709 652 2767 Advenit
699 2720 754 2766 et
806 2727 1030 2783 vespera
1059 2753 1075 2780 ,
1120 2716 1337 2784 quando
1389 2731 1522 2788 gens
1573 2715 1799 2772 Hebraa
1850 2713 2008 2771 malis

415 2811 606 2860 coacta
648 2805 1019 2876 prementibus
1065 2813 1252 2862 contra
1295 2807 1392 2863 Dei
1441 2809 1778 2864 voluntatem
1822 2824 2007 2881 regem

413 2893 520 2950 sibi
545 2895 738 2966 petiit:
767 2897 860 2966 qui
890 2904 1016 2953 mox
1057 2898 1338 2954 ordinatus
1370 2899 1547 2970 primo
1582 2899 1799 2956 Demini
1827 2916 2007 2957 sacer-

414 2985 573 3042 dotes
599 2989 998 3060 prophetasque
1038 2991 1315 3046 trucidat:
1347 2993 1691 3063 postmodum
1729 2995 1844 3066 ipse
1880 2983 2005 3051 cum

413 3079 527 3132 tota
564 3089 725 3148 gente
766 3079 942 3150 gladio
986 3081 1149 3152 periit
1195 3083 1610 3157 allophylorum.
1689 3087 1893 3156 Quarta
1917 3088 2006 3145 die

415 3167 613 3223 calum
639 3167 1000 3254 luminaribus
1030 3185 1257 3232 ornatur
1286 3195 1300 3232 :
1337 3185 1532 3248 quarta
1561 3170 1721 3237 atate
1749 3191 1878 3254 gens
1912 3181 2006 3238 illa’

413 3257 624 3316 calesti
652 3251 760 3316 ﬁde
789 3261 984 3336 inclyta
1003 3307 1018 3332 ,
1066 3281 1232 3338 regno
1269 3265 1440 3325 David
1475 3277 1530 3326 et
1555 3251 1860 3330 Salomonis
1888 3275 2005 3346 glo-

411 3351 579 3418 riosa‘,
613 3353 821 3427 Templi
851 3359 1012 3414 etiam
1044 3364 1372 3420 sanctissimi
1397 3363 1681 3424 altitudine
1706 3378 1876 3425 totum
1907 3386 2003 3427 no-

409 3439 658 3502 bilitatur
683 3448 734 3502 in
757 3449 944 3505 orbem
973 3467 986 3506 :
1016 3453 1111 3508 sed
1133 3457 1340 3526 accepit
1366 3467 1424 3513 et
1442 3473 1744 3530 vesperam,
1762 3461 1998 3534 quando,

413 3537 886 3596 crebrescentibus
915 3545 1154 3613 peccatis
1178 3586 1193 3612 ,
1231 3561 1455 3619 regnum
1499 3537 1631 3605 illud
1671 3555 1701 3607 a
1733 3539 2000 3611 Chaldaeis

413 3627 756 3698 dissipatum,
793 3635 1050 3704 templum
1087 3638 1358 3707 dirutum,
1391 3651 1446 3697 et
1485 3652 1596 3699 tota
1624 3662 1756 3718 gens
1787 3655 1870 3702 est
1897 3645 2000 3702 Ba-

411 3715 689 3788 byloniam
719 3723 998 3779 translata.
1038 3726 1234 3794 Quinta
1265 3731 1350 3786 die
1377 3734 1556 3804 pisces
1585 3715 1817 3806 avesque
1843 3740 2000 3809 aquis

412 3805 624 3862 educta
649 3827 662 3863 :
689 3812 742 3866 hi
766 3813 820 3867 in
843 3817 1040 3886 patriis
1059 3825 1471 3894 rnanentundis,
1490 3825 1595 3884 illa
1615 3844 1740 3885 aera
1769 3835 1998 3886 terram-

409 3911 517 3968 que
547 3901 874 3970 pervolant:
905 3909 1094 3978 quinta
1137 3921 1296 3970 atate
1333 3919 1703 3991 multiplicatis
1747 3923 1802 3978 in
1832 3923 1996 3980 Chal-

409 3992 524 4047 daa
563 3995 776 4065 populis
821 3997 1027 4071 lsrael,
1075 4019 1207 4076 pars
1257 4009 1559 4066 caelestium
1603 4013 1996 4071 desideriorum

404 4083 602 4152 pennis
629 4082 792 4153 fulta,
836 4082 1263 4168 Hierosolymam
1288 4101 1481 4170 petiit:
1514 4117 1644 4172 pars
1691 4104 1870 4159 volatu
1895 4106 1994 4161 de-

407 4175 598 4262 stituta
640 4181 938 4254 virtutum,
985 4188 1128 4244 inter
1166 4189 1472 4262 Babylonia
1521 4191 1721 4248 ﬂuenta
1770 4197 1989 4252 resedit.

404 4261 690 4327 Successit
731 4281 788 4330 et
833 4291 1089 4348 vespera,
1125 4261 1364 4349 quando,
1396 4283 1710 4339 imminente
1728 4284 1840 4355 jam
1871 4287 1991 4342 Sal-

401 4363 610 4420 Vltoris
638 4365 889 4435 adventu,
941 4381 1075 4441 gens
1103 4369 1286 4427 Judaa
1323 4383 1542 4445 propter
1577 4377 1840 4456 scelerum
1873 4397 1990 4437 ma-

401 4455 746 4528 gnitudinem
795 4455 1060 4518 Romanis
1109 4463 1397 4520 tributaria
1443 4455 1624 4536 facta,
1669 4470 1892 4542 insuper
1936 4483 1992 4529 et

402 4549 719 4624 alienigenis
750 4561 832 4608 est
854 4553 1074 4610 subacta
1100 4555 1341 4628 regibus.
1387 4555 1551 4617 Sexta
1579 4562 1664 4618 die
1703 4571 1847 4621 terra
1876 4568 2000 4624 suis

403 4644 770 4700 animantibus
795 4644 1066 4716 impletur,
1095 4657 1148 4704 et
1175 4652 1337 4708 homo
1369 4655 1576 4725 primus
1607 4657 1673 4711 ad
1698 4657 1990 4731 imaginem

401 4731 497 4786 Dei
522 4741 775 4801 creatur;
793 4750 1024 4808 moxque
1037 4754 1104 4794 ex
1121 4741 1238 4814 ejus
1255 4744 1426 4801 latere
1440 4745 1758 4805 dormientis
1773 4763 1988 4824 sumpta

400 4831 574 4891 costa,
618 4825 816 4884 femina
860 4829 1375 4896 fabricaturzsexta
1427 4850 1586 4899 atate
1625 4851 1989 4915 praconanti-

399 4915 501 4969 bus
541 4918 820 4988 prophetis
847 4919 1016 4979 Filius
1041 4923 1139 5004 Dei
1175 4928 1231 4982 in
1261 4947 1445 4998 carne,
1477 4935 1567 5004 qui
1603 4936 1876 4996 hominem
1917 4941 1987 4998 ad

399 5004 695 5077 imaginem
723 5007 819 5068 Dei
859 5023 1092 5084 crearat,
1147 5023 1432 5091 apparuit:
1465 5026 1558 5096 qui
1605 5028 1881 5086 dormiens
1929 5032 1983 5087 in

397 5111 562 5156 cruce
590 5106 913 5174 sanguinem
938 5114 992 5164 et
1015 5123 1213 5182 aquam
1241 5113 1310 5172 de
1339 5116 1530 5186 latere,
1562 5119 1706 5178 unde
1751 5123 1852 5178 sibi
1880 5124 1984 5180 Ec-

397 5189 621 5246 clesiatn
646 5201 1014 5268 consecraret,
1037 5207 1310 5262 emanavit
1335 5225 1348 5262 :
1374 5209 1532 5280 hujus
1555 5212 1732 5267 atatis
1754 5229 1980 5284 vespera

395 5282 610 5340 cateris
661 5287 944 5346 Obscurior
993 5287 1047 5349 in
1099 5295 1421 5356 Antichristi
1473 5303 1557 5358 est
1605 5282 1979 5373 persecutione

395 5381 642 5464 ventura.
683 5376 923 5448 Septima
954 5378 1065 5448 die,
1120 5390 1507 5446 consummatis
1545 5393 1800 5464 operibus
1841 5397 1974 5463 suis,

394 5463 540 5522 Deus
592 5469 858 5542 reqtﬁevit
895 5491 910 5530 :
949 5490 1178 5551 eamque
1245 5485 1621 5553 sanctiticans,
1685 5487 1975 5546 Sabbatum

393 5559 693 5631 nuncupari
735 5567 1022 5637 praecepit,
1063 5582 1183 5640 qua
1245 5585 1524 5644 vesperam
1571 5569 1826 5636 habuisse
1868 5598 1973 5639 non

393 5647 626 5722 legitur:
663 5658 890 5726 septima
929 5661 1075 5714 enim
1121 5667 1280 5716 atate
1317 5658 1587 5732 iustorum
1621 5671 1816 5726 anima
1855 5681 1978 5744 post

392 5745 625 5814 optimos
660 5748 820 5818 hujus
837 5751 962 5806 vita
1003 5749 1219 5810 labores
1254 5755 1306 5810 in
1335 5755 1437 5813 alia
1467 5760 1578 5816 vita
1604 5769 1863 5836 perpetuo
1891 5785 1978 5824 re-

393 5839 708 5909 quiescunt,
736 5857 855 5912 qua
882 5843 1028 5900 nulla
1055 5861 1328 5916 nunquam
1361 5853 1576 5910 tristitia
1598 5857 1972 5930 "iaculabitur,

2117 1991 2337 2040 suratur
2373 2001 2387 2038 :
2423 1983 2517 2039 sed
2561 1979 2756 2040 melius
2808 2001 2838 2041 a
2885 1983 3010 2042 luna
3034 2028 3050 2054 ,
3088 2003 3208 2058 qua
3241 2005 3414 2062 grano
3453 1997 3706 2048 sermone

2115 2088 2273 2130 mene
2315 2081 2562 2130 vocatur.
2608 2073 2744 2130 Nam
2777 2085 2830 2130 et
2857 2077 2996 2149 apud
3034 2075 3288 2136 Hebraos
3313 2121 3329 2148 ,
3373 2081 3704 2154 Hieronymo

2113 2172 2282 2236 teste,
2336 2165 2494 2234 luna,
2545 2183 2708 2238 quam
2745 2169 2866 2241 jarc
2910 2159 3225 2240 nominant,
3280 2164 3556 2230 mensibus
3600 2165 3700 2228 tio~

2111 2279 2236 2319 men
2281 2246 2446 2319 dedit.
2481 2263 2634 2320 Unde
2679 2273 2733 2321 et
2773 2264 2932 2322 Jesus
2962 2264 3102 2324 filius
3140 2259 3354 2336 Sirach,
3391 2272 3484 2342 qui
3519 2261 3706 2344 utique

2111 2353 2379 2412 ilebraice
2407 2357 2644 2428 scripsit,
2672 2359 2738 2414 de
2758 2358 2884 2414 luna
2906 2359 3130 2430 loquens
3159 2361 3234 2416 ait
3259 2380 3272 2416 :
3301 2361 3501 2420 Mensis
3520 2380 3704 2420 secun-

2111 2451 2235 2503 dum
2265 2467 2450 2504 nomen
2472 2461 2548 2506 est
2571 2451 2686 2523 ejus
2711 2447 2840 2525 (Sir.
2870 2451 3048 2523 xuii).
3073 2442 3296 2523 Antiqui
3315 2454 3461 2510 enim
3487 2470 3702 2512 menses

2111 2555 2238 2596 suos
2263 2555 2370 2596 non
2386 2556 2414 2594 a
2441 2541 2570 2597 solis
2591 2539 2689 2598 sed
2711 2541 2896 2598 aluna
2919 2559 3078 2599 cursu
3095 2533 3410 2616 computare
3432 2541 3699 2602 solebant.

2111 2632 2268 2691 Unde
2311 2631 2523 2706 quoties
2551 2637 2607 2692 in
2637 2635 2917 2710 Scriptura
2964 2654 3140 2706 sacra,
3179 2640 3292 2694 sive
3323 2640 3377 2694 in
3419 2636 3556 2712 iege,
3604 2654 3703 2697 seu

2110 2729 2238 2782 ante
2275 2726 2449 2798 legem
2467 2723 2498 2794 ,’
2518 2736 2681 2798 quota
2709 2729 2795 2785 die
2821 2729 3020 2785 mensis
3042 2728 3170 2802 quid
3203 2725 3405 2788 factum
3431 2727 3702 2787 dictumve

2109 2817 2200 2886 sit,
2229 2816 2518 2888 indicatur,
2543 2838 2651 2878 non
2677 2820 2822 2879 aliud
2847 2839 3002 2895 quam
3027 2823 3168 2880 luna
3189 2833 3318 2881 atas
3343 2824 3698 2897 significatur,

2108 2925 2140 2966 a
2167 2927 2273 2982 qua
2299 2909 2512 2984 semper
2531 2910 2764 2984 Hebrai,
2787 2915 2972 2986 quibus
2999 2915 3198 2972 credita
3218 2925 3340 2972 sunt
3369 2915 3574 2990 eloquia
3605 2905 3704 2974 Dei

2107 2995 2289 3074 (Rom.
2320 3003 2442 3077 ιιι),
2475 3007 2698 3078 antiquo
2725 3019 2945 3080 patrum
2977 3025 3129 3067 more
3165 3024 3381 3066 menses
3409 3011 3706 3068 observare

2105 3108 2218 3154 non
2246 3111 2530 3156 cessarunt
2569 3119 2584 3156 ε
2615 3093 2849 3173 primum
2877 3119 3121 3160 mensem
3150 3093 3414 3162 novorum
3432 3146 3447 3172 ,
3479 3105 3572 3178 qui
3601 3121 3702 3177 pa-

2108 3187 2254 3246 scha
2273 3193 2610 3251 caremoniis
2635 3203 2882 3253 sacratus
2911 3191 3014 3264 est,
3043 3197 3210 3254 Nisa'n
3235 3199 3590 3269 appellantes,
3605 3198 3700 3270 qui

2151 3244 2156 3245 ,
2213 3244 2248 3246 ἡ-
2635 3244 2881 3253 --,------
2915 3244 3014 3264 ---,
3043 3244 3210 3254 -..πμ
3235 3244 3700 3270 ,τμη-...υυμνη

2029 3244 2084 3324 c
2106 3273 2328 3353 propter
2372 3285 2722 3360 multivagum
2751 3287 2894 3346 luna
2930 3289 3254 3372 discursum,
3291 3309 3436 3350 nunc
3478 3293 3534 3348 in
3561 3292 3702 3350 Mar-

2107 3371 2245 3460 tium
2272 3389 2538 3442 mensem,
2567 3394 2712 3436 nunc
2736 3379 2926 3462 incidit
2954 3381 3007 3438 in
3030 3371 3292 3456 Aprilem,
3327 3400 3471 3442 nunc
3493 3385 3700 3457 aliquot

2105 3453 2220 3524 dies
2246 3462 2370 3524 Maii
2403 3471 2606 3526 mensis
2644 3453 2894 3546 occupat.
2933 3472 3040 3529 Sed
3069 3453 3274 3530 rectius
3315 3475 3486 3548 Aprili
3524 3453 3694 3547 depu-

2103 3549 2250 3613 tatur
2283 3578 2296 3614 :
2337 3563 2464 3631 quia
2509 3579 2724 3636 semper
2773 3565 2827 3620 in
2860 3567 2976 3638 ipso
3023 3566 3106 3623 vel
3147 3568 3340 3641 incipit
3375 3569 3460 3625 vel
3498 3569 3704 3641 desinit,

2100 3650 2186 3706 vel
2229 3660 2371 3710 totus
2403 3654 2724 3724 includitur,
2767 3673 2832 3714 ea
2877 3660 3142 3716 duntaxat
3190 3661 3410 3732 regula,
3452 3661 3606 3732 cujus
3637 3672 3696 3718 et

2099 3758 2262 3814 supra
2292 3747 2672 3814 meminimus,
2705 3749 3014 3819 observata,
3044 3760 3106 3808 ut
3139 3769 3260 3825 qua
3287 3754 3690 3824 quintadecima

2097 3843 2222 3904 post
2249 3837 2632 3908 aquinoctium
2659 3840 2787 3897 luna
2815 3844 3103 3910 exstiterit,
3137 3846 3374 3914 primum
3407 3849 3694 3917 sequentis

2099 3927 2227 3982 anni
2268 3944 2510 3985 mensem
2543 3930 2710 3988 faciat
2746 3953 2759 3988 :
2798 3951 2918 4006 qua:
2945 3952 3073 3992 vero
3101 3945 3294 4004 antea,
3336 3940 3694 4000 novissimum

2095 4021 2457 4102 praecedentis
2495 4038 2508 4072 :
2547 4023 2735 4094 sicque
2774 4042 2872 4096 per
2895 4029 3162 4086 ordinem.
3193 4031 3474 4090 Secundus
3500 4049 3692 4092 eorum

2095 4113 2300 4168 mensis
2337 4112 2425 4167 lar
2467 4109 2626 4182 Maio,
2671 4120 2862 4176 tertius
2896 4121 3058 4178 Sivan
3083 4121 3267 4190 iunio,
3299 4133 3528 4196 quartus
3551 4126 3694 4182 Tha-

2095 4201 2206 4255 mul
2225 4201 2388 4270 Julio,
2419 4205 2639 4274 quintus
2664 4207 2780 4264 Aab
2803 4210 3066 4284 Augusto,
3094 4223 3281 4272 sextus
3303 4215 3422 4272 Elui
3439 4216 3690 4288 Septem-

2092 4295 2198 4362 bri,
2215 4298 2478 4368 septimus
2495 4299 2719 4357 Tbeseri
2737 4303 2974 4372 Octobri,
2996 4322 3157 4378 quem
3179 4319 3404 4380 propter
3421 4310 3692 4369 collectio-

2091 4400 2216 4441 nem
2249 4386 2463 4461 frugum
2491 4402 2546 4448 et
2580 4393 2964 4451 celeberrimas
2991 4397 3047 4452 in
3083 4399 3202 4469 ipso
3233 4399 3557 4458 festivitates
3581 4416 3686 4460 no-

2091 4490 2220 4532 vum
2267 4494 2468 4563 annum
2506 4485 2780 4557 appellant
2822 4502 2838 4542 :
2869 4497 3094 4545 octavus
3126 4489 3413 4548 Maresuan
3451 4492 3684 4552 Novem-

2094 4565 2180 4622 bri
2212 4584 2226 4622 :
2257 4585 2434 4629 nonus
2471 4574 2674 4632 Casseu
2712 4577 2996 4634 Decembri
3032 4597 3046 4632 :
3088 4579 3331 4638 decimus
3360 4582 3564 4639 Tebeth
3597 4582 3688 4640 Ja-

2095 4665 2286 4722 nuario
2315 4682 2331 4722 :
2361 4669 2682 4728 undecimus
2722 4671 2892 4730 Sabat
2931 4673 3234 4730 Februario
3277 4693 3292 4730 :
3337 4677 3686 4736 duodecimae

2091 4757 2240 4816 Adar
2265 4763 2460 4821 Martio
2486 4767 2650 4822 simili
2691 4770 2902 4826 ratione
2929 4781 3298 4842 comparatur.
3326 4774 3476 4842 Quos
3497 4776 3686 4832 videli-

2094 4860 2180 4907 cet
2207 4867 2422 4910 menses
2445 4865 2670 4928 propter
2689 4858 2831 4916 luna
2853 4861 3136 4929 circulum,
3161 4863 3252 4934 qui
3279 4881 3410 4922 χχιι
3437 4875 3493 4921 et
3517 4867 3684 4922 semis

2089 4943 2277 4999 diebus
2315 4955 2547 5014 constat,
2587 4949 2812 5008 tricenis
2844 4953 3319 5026 undetricenisque
3369 4955 3558 5013 diebus
3605 4957 3684 5012 al-

2088 5040 2388 5104 ternantes,
2429 5041 2668 5096 secundo
2708 5042 2928 5099 demum
2969 5045 3054 5102 vel
3089 5046 3252 5103 tertio
3293 5062 3436 5106 anno
3468 5057 3679 5114 exacto,

2091 5141 2334 5202 mensem
2359 5130 2710 5202 superfluum,
2739 5137 2832 5206 qui
2875 5154 2944 5195 ex
2969 5141 3166 5198 annuis
3197 5141 3452 5199 undecim
3469 5152 3682 5214 epactao

2088 5233 2210 5274 rum
2234 5219 2424 5294 diebus
2445 5225 2639 5283 contici
2664 5228 2824 5297 solet,
2850 5231 3196 5310 intercalant.
3244 5233 3398 5291 Unde
3417 5235 3678 5292 nonnullo

2088 5324 2312 5366 moveor
2356 5317 2610 5386 scrupulo
2632 5359 2647 5386 ,
2696 5323 2970 5392 quomodo
3013 5322 3248 5394 majores
3293 5327 3464 5382 nostri
3505 5326 3674 5396 diem.

2086 5417 2194 5474 ‘iua
2221 5403 2306 5460 lex
2332 5406 2454 5462 data
2481 5418 2599 5478 est,
2629 5427 2750 5483 qua
2778 5425 2864 5472 est
2889 5416 3050 5472 tertia
3075 5418 3278 5474 mensis
3308 5416 3490 5484 tertii,
3517 5419 3678 5488 quin-

2085 5492 2451 5570 quagesimum
2479 5504 2546 5559 ab
2585 5505 2709 5576 agni
2747 5508 3024 5564 occisione
3045 5516 3378 5578 computent,
3411 5515 3677 5580 ponentes

2083 5589 2338 5648 videlicet
2378 5595 2540 5664 primi
2579 5599 2785 5655 mensis
2813 5601 3062 5656 residuos
3087 5601 3205 5658 dies
3235 5616 3464 5658 numero
3487 5601 3678 5657 decem

2083 5692 2140 5740 et
2163 5696 2370 5756 septem
2404 5705 2418 5743 :
2459 5691 2584 5760 quia
2616 5693 2876 5750 tredecim
2904 5694 3120 5764 priores
3160 5695 3381 5752 fuerant
3415 5703 3544 5752 ante
3573 5709 3673 5765 pa-

2083 5777 2214 5830 scha
2247 5780 2532 5848 transacti,
2564 5783 2784 5839 secundi
2821 5801 2953 5852 xxx,
2986 5787 3130 5842 tertii
3163 5794 3298 5855 tres,
3320 5787 3416 5859 qui
3436 5786 3670 5843 tiuntsi—

2083 5867 2193 5922 mul
2230 5869 2344 5927 dies
2383 5871 2817 5944 quinquaginta:
2849 5894 2976 5961 cum
3023 5889 3248 5939 constet
3279 5881 3416 5939 duos
3455 5892 3674 5938 menses
