4074 6324
386 420 557 485 304'

1387 418 1478 478 DE
1517 412 1869 479 UNIVERSO
1902 416 2084 477 LIBRI
2122 420 2284 477 XXII.
2324 450 2394 462 —-
2431 420 2560 478 LIB.
2601 421 2671 478 Χ.

3551 429 3658 488 502

391 539 610 593 lunares
632 550 740 591 non
762 549 854 602 ιι,
892 533 989 590 sed
1013 532 1404 607 quinquaginta
1430 549 1627 591 novem
1655 534 1845 591 diebus
1868 537 2059 601 ιον-Ἃ
2082 536 2306 591 sabbata
2342 530 2592 593 delicata.
2624 535 2730 605 Qui
2761 534 3125 595 sabbatismus
3144 530 3240 595 D‘ei
3267 540 3464 610 populo
3486 556 3664 598 reser-

392 628 588 685 minari
637 648 652 682 :
702 625 932 696 ideoque
980 625 1027 681 si
1069 624 1341 696 paschalis
1385 626 1589 682 mensis
1633 641 1745 680 xxx
1790 625 1980 682 diebus

392 726 734 791 computatus
758 731 872 772 xvn
896 716 980 772 sui
1000 730 1195 773 cursus
1222 717 1336 775 dies
1360 728 1484 789 post
1503 715 1712 773 Pascha
1742 717 1982 773 retinue-

393 814 487 881 rit,
532 811 827 869 secundum
849 808 963 879 jam
997 824 1240 866 mensem
1275 820 1385 866 non
1416 809 1660 882 triginta,
1692 800 1787 865 sed
1808 806 1981 863 unde-

393 909 617 981 triginta
673 906 863 964 diebus
909 904 1105 962 debere
1153 903 1401 962 concludi
1440 919 1459 961 :
1503 918 1569 960 ac
1615 916 1716 974 per
1771 900 1877 959 hoc
1922 901 1983 958 in

394 1006 605 1060 summa
659 997 920 1070 temporis
972 998 1261 1054 Memorati
1307 1013 1415 1053 non
1470 995 1757 1067 plusquam
1813 994 1982 1050 unde-

393 1093 786 1169 quinquaginta
813 1092 930 1148 dies
967 1090 1198 1149 inveniri
1230 1108 1244 1145 :
1268 1090 1371 1145 nisi
1401 1086 1543 1145 forte
1571 1089 1867 1161 putandum
1897 1096 1983 1143 est

391 1183 822 1259 synecdochicos
847 1182 991 1255 (quae
1014 1191 1100 1238 est
1120 1180 1307 1254 regula
1333 1188 1536 1238 sanctae
1563 1172 1856 1253 Scriptum
1874 1178 1983 1236 fre-

391 1279 792 1355 quentissima)
823 1292 854 1334 a
884 1282 1039 1348 parte
1070 1284 1242 1333 totum
1267 1272 1589 1348 computari.
1629 1273 1831 1332 Verum
1868 1274 1984 1330 haec

391 1382 664 1443 utcunque
704 1377 827 1426 acta
857 1368 943 1424 vel
977 1373 1288 1439 computata
1318 1365 1557 1435 fuerint,
1590 1362 1763 1424 claret
1797 1372 1984 1420 tamen

391 1462 648 1520 Hebraeos
693 1460 763 1517 ad
810 1456 951 1517 lunae
992 1472 1216 1517 cursum
1260 1474 1388 1516 suos
1432 1469 1650 1515 menses
1687 1452 1984 1514 obServare

391 1566 703 1612 consuesse.
740 1550 853 1608 Nec
894 1548 1057 1608 aliter
1095 1552 1153 1607 in
1194 1549 1393 1608 Genesi
1427 1556 1574 1607 recte
1616 1549 1981 1617 sentientium,

390 1647 483 1704 ubi
510 1644 624 1703 Noe
650 1659 774 1702 cum
795 1646 908 1703 suis
930 1644 1162 1717 septimo
1187 1646 1400 1700 decimo
1424 1640 1511 1700 die
1537 1642 1759 1700 secundi
1779 1641 1983 1700 mensis

392 1752 575 1797 arcam
597 1739 895 1812 ingressus,
913 1747 969 1796 et
984 1738 1242 1796 vicesima
1270 1738 1499 1808 septima
1515 1734 1760 1811 ejusdem
1777 1736 1983 1794 mensis

391 1830 477 1888 die
502 1838 626 1904 post
664 1831 924 1888 diluvium
953 1845 1204 1903 egressus
1236 1830 1496 1887 asseritur
1537 1849 1551 1885 :
1576 1844 1748 1907 quam
1779 1843 1983 1884 annum

393 1924 522 1981 solis
549 1925 840 1998 integrum,
872 1925 975 1980 hoc
995 1933 1101 1992 est,
1122 1932 1491 1980 trecentorum
1516 1922 1796 1994 sexaginta
1822 1918 1982 1992 quin-
2005 1912 2058 1976 B

394 2032 499 2089 que
536 2017 748 2074 dierum
782 2026 903 2074 esse
938 2016 1266 2087 descriptum
1310 2032 1324 2070 :
1368 2016 1495 2088 quia
1532 2009 1784 2071 videlicet
1828 2011 1976 2079 luna,

394 2122 513 2183 quin
546 2112 808 2183 przeSenti
847 2123 1023 2179 anno,
1052 2110 1202 2166 verbi
1231 2109 1402 2183 gratia
1423 2150 1438 2174 ,
1470 2114 1569 2180 per
1599 2106 1782 2163 Nonas
1809 2098 1981 2160 Maias

391 2201 623 2273 septima
651 2200 857 2257 decima
885 2201 1101 2267 existit,
1150 2212 1294 2255 anno
1332 2198 1581 2270 sequenti
1607 2193 1867 2251 vicesima
1900 2206 1979 2249 vn

392 2294 567 2367 pridie
591 2293 772 2351 Nonas
802 2288 969 2350 Maias
1003 2300 1274 2351 occurret.
1303 2288 1610 2348 Notandum
1642 2300 1774 2344 sane
1793 2328 1809 2355 ,
1836 2283 1981 2357 quod

393 2389 621 2445 nimium
657 2386 948 2457 fallantur,
982 2388 1072 2460 qui
1113 2392 1354 2443 mensem
1394 2381 1761 2440 deliniendam
1785 2378 1873 2435 vel
1910 2377 1980 2433 ab

396 2480 633 2550 antiquis
668 2480 950 2535 deﬁnitum
986 2486 1299 2546 autumant,
1344 2474 1583 2550 quandiu
1621 2473 1748 2529 luna
1785 2469 1981 2527 Zodia-

393 2590 519 2631 cum
541 2572 803 2631 circulum
823 2573 1056 2645 peragit,
1081 2588 1200 2643 quae
1219 2570 1471 2626 nimirum
1490 2567 1655 2641 (sicut
1674 2562 1981 2636 diligentior

398 2660 672 2735 inquisitio
730 2670 1054 2719 naturarum
1102 2662 1362 2731 edocuit)
1423 2660 1717 2716 Zodiacum
1763 2652 1981 2727 quidem

397 2767 601 2829 septem
621 2757 815 2830 viginti
844 2756 1054 2825 diebus,
1088 2765 1143 2814 et
1181 2766 1303 2812 octo
1325 2755 1496 2822 horis,
1527 2753 1610 2810 sui
1635 2767 1767 2808 vero
1791 2762 1982 2805 cursus

397 2851 641 2908 ordinem
688 2850 879 2923 viginti
924 2866 1120 2908 novem
1172 2850 1364 2907 diebus
1408 2856 1463 2905 et
1507 2842 1792 2905 duodecim
1832 2842 1983 2900 horis

397 2947 549 3004 salva
598 2947 684 3005 sui
716 2947 886 3005 saltus
928 2947 1142 3005 ratione
1194 2945 1412 3004 conﬁcit
1443 2964 1458 3001 :
1497 2944 1737 3025 ideoque.
1780 2938 1984 2996 rectius

399 3042 472 3098 ita
500 3042 883 3111 deﬁniendum,
931 3043 1077 3113 quod
1119 3041 1326 3098 mensis
1371 3039 1511 3096 lunae
1550 3040 1623 3094 sit
1658 3034 1880 3092 luminis
1904 3031 1986 3089 lu-

399 3132 547 3189 naris
582 3132 847 3190 circuitus
870 3140 935 3190 ac
963 3131 1352 3205 redintegratio
1380 3130 1446 3188 de
1484 3143 1625 3185 nova
1654 3126 1724 3182 ad
1752 3138 1981 3191 novam;

400 3222 592 3282 solaris
618 3235 799 3282 autem
847 3222 1052 3282 mensis
1098 3222 1362 3299 digressio
1395 3223 1468 3279 sit
1503 3221 1632 3279 solis
1661 3235 1761 3293 per
1785 3216 1987 3275 duode-

399 3318 596 3374 cimam
622 3328 835 3391 partem
858 3318 1079 3375 Zodiaci
1096 3358 1113 3387 ,
1140 3318 1195 3374 id
1222 3322 1326 3386 est,
1351 3313 1597 3391 signiferi
1623 3313 1834 3382 circuli,
1866 3328 1989 3385 qua:

402 3412 628 3483 triginta
665 3412 855 3470 diebus
886 3421 942 3467 et
984 3410 1172 3469 decem
1201 3408 1366 3469 semis
1402 3409 1552 3466 horis
1585 3406 1878 3479 impletur:
1908 3404 1989 3461 vi-

402 3504 535 3576 ginti
559 3504 767 3561 duabus
782 3505 1036 3561 videlicet
1054 3505 1226 3572 horis,
1251 3520 1316 3560 ac
1336 3496 1581 3569 dimidia,
1602 3490 1779 3559 lunari
1803 3514 1989 3558 mense

399 3593 749 3666 productior,
791 3609 824 3650 e
857 3595 1054 3666 quibus
1102 3595 1355 3651 undecim
1402 3604 1714 3665 epactarum
1764 3592 1881 3648 dies
1934 3597 1989 3647 et

403 3689 677 3759 quadrans
729 3688 1009 3741 annuatim
1069 3703 1416 3744 succrescere
1461 3688 1656 3744 solent.
1690 3678 1990 3742 Duodecies

399 3780 549 3834 enim
580 3776 757 3833 viceni
795 3770 852 3833 et
879 3770 992 3834 bini
1025 3774 1286 3833 ducentos
1320 3780 1599 3850 sexaginta
1647 3786 1880 3849 quatuor
1911 3777 1989 3834 fa-

403 3872 586 3939 ciunt,
623 3886 761 3942 quas
786 3885 908 3927 esse
935 3872 1098 3926 horas
1136 3869 1388 3926 undecim
1417 3869 1629 3925 dierum
1665 3868 1792 3926 hinc
1830 3869 1990 3928 facile

403 3970 557 4033 patet
601 3979 617 4016 :
662 3961 788 4033 quia
832 3961 1092 4019 undecies
1134 3959 1311 4017 viceni
1349 3968 1405 4017 et
1448 3959 1700 4031 quaterni
1745 3961 1992 4017 eamdem

407 4068 676 4111 summam
716 4053 1031 4111 conﬁciunt.
1073 4053 1245 4110 Porro
1270 4051 1562 4108 duodecies
1596 4050 1759 4108 semis
1797 4067 1892 4108 sex
1913 4046 1992 4107 fa-

2079 635 2261 694 vatur,
2279 633 2333 683 et
2354 631 2555 684 mensis
2579 629 2858 700 spiritalis,
2882 632 3100 702 quando
3125 647 3156 685 a
3182 642 3384 703 puncto
3406 650 3578 705 usque
3595 638 3664 691 ad

2080 730 2341 793 punctum
2372 721 2499 778 luna
2524 724 2912 795 complebitur,
2949 735 3005 782 et
3030 742 3130 781 suo
3158 725 3330 781 currit
3363 727 3573 793 ordine,
3603 738 3667 783 ut

2082 812 2278 870 efﬁciat
2304 816 2543 871 mensem
2574 815 2843 888 integrum
2868 817 3260 874 calendarium.
3297 814 3451 884 Quod
3482 825 3665 872 autem

2082 904 2240 972 luna,
2269 919 2387 976 quae
2410 922 2441 961 a
2471 905 2584 963 sole
2611 905 2963 975 illuminatur,
3005 908 3273 980 signiﬁcet
3302 906 3602 964 Ecclesiam
3633 924 3666 961 a

2082 997 2300 1054 Christo
2327 997 2684 1055 illuminatam
2718 1018 2732 1056 :
2759 1016 2867 1056 non
2893 1000 3101 1073 indiget
3125 1001 3429 1073 explanari,
3453 1009 3511 1058 et
3540 1001 3664 1057 sab-

2082 1085 2270 1143 batum
2321 1088 2564 1159 requiem
2616 1091 2904 1161 signiﬁcat.
2961 1090 3196 1150 Veniunt
3246 1094 3314 1147 ex’
3366 1091 3670 1149 neomeniis

2084 1186 2138 1235 et
2181 1179 2440 1248 sabbatis,
2491 1181 2584 1253 qui
2634 1190 2730 1238 sex
2774 1182 2982 1251 diebus,
3024 1182 3083 1239 in
3120 1181 3320 1254 quibus
3363 1179 3540 1239 factus
3583 1191 3670 1240 est

2083 1273 2334 1341 mundus,
2380 1276 2714 1333 transcensis
2753 1270 3011 1333 festinant
3055 1276 3122 1334 ad
3162 1278 3455 1349 septimum
3500 1272 3667 1346 diem,

2083 1359 2140 1420 id
2179 1370 2282 1431 est,
2327 1364 2641 1434 sabbatum,
2683 1366 2738 1422 in
2776 1382 2883 1438 quo
2907 1376 3037 1423 vera
3061 1374 3148 1424 est
3175 1368 3394 1438 requies
3432 1409 3446 1422 .
3489 1365 3669 1423 Veniet

2085 1458 2256 1513 omnis
2285 1475 2430 1527 caro,
2477 1466 2536 1515 ut
2571 1460 2754 1515 adoret
2782 1478 2960 1517 coram
2987 1460 3125 1532 facie
3152 1478 3287 1527 mea,
3332 1458 3468 1534 (Isa.
3497 1460 3667 1536 uri),

2084 1546 2216 1605 dicit
2236 1549 2513 1616 Dominus,
2538 1566 2645 1608 non
2665 1550 2897 1623 populus
2914 1550 3223 1609 Iudaeorum
3243 1554 3477 1617 tantum,
3496 1568 3597 1609 nec
3613 1552 3671 1607 in

2084 1641 2200 1700 sola
2230 1640 2570 1700 Hierusalem
2597 1684 2614 1712 ,
2645 1642 2742 1701 sed
2770 1659 2933 1701 omne
2959 1643 3256 1701 humanum
3281 1659 3451 1719 genus
3472 1643 3673 1713 ubique

2084 1735 2141 1792 in
2180 1743 2292 1793 toto
2337 1737 2470 1794 orbe
2518 1734 2706 1794 adoret
2735 1734 2957 1795 Patrem
3000 1735 3058 1794 in
3096 1736 3303 1811 Spiritu
3348 1742 3406 1793 et
3440 1732 3673 1793 veritate

2086 1826 2266 1903 (Joan.
2300 1827 2395 1903 ιν).

2685 1917 2915 1979 CAPUT
2968 1916 3061 1979 XI.

2307 2006 2383 2071 He
2408 2014 2853 2071 viciSsitudinibus
2881 2022 3169 2087 temporum
3199 2023 3445 2086 quatuor.

2155 2096 2483 2176 Temporutn
2535 2114 2717 2162 autem
2767 2105 3173 2162 vicissitudines
3219 2114 3452 2177 quatuor
3503 2114 3666 2163 sunt:

2082 2208 2200 2268 ver,
2244 2204 2442 2268 aestas,
2486 2209 2777 2255 autumnus
2820 2207 2871 2256 et
2912 2201 3104 2256 hiems.
3144 2199 3299 2256 Dicta
3332 2198 3457 2257 sunt
3490 2208 3671 2257 autem

2086 2300 2338 2365 tempora
2377 2309 2407 2349 a
2447 2292 2845 2350 communionis
2871 2300 3331 2364 temperamento,
3362 2292 3507 2365 quod
3534 2293 3671 2349 invi-

2083 2403 2201 2445 cem
2232 2404 2291 2445 se
2325 2389 2585 2457 humore,
2624 2388 2902 2455 siccitate,
2936 2384 3117 2443 calore
3152 2394 3207 2441 et
3237 2385 3437 2457 frigore
3469 2393 3672 2458 tempe-

2083 2488 2224 2540 rent.
2257 2480 2385 2539 Haec
2420 2489 2478 2539 et
2506 2480 2775 2537 curricula
2801 2480 3071 2546 dicuntur,
3104 2477 3227 2548 quia
3256 2493 3364 2534 non
3387 2484 3553 2544 stant,
3577 2476 3673 2534 sed

2084 2570 2327 2633 currunt.
2375 2572 2599 2631 Constat
2636 2582 2816 2630 autem
2844 2615 2860 2641 ,
2894 2581 3017 2643 post
3063 2570 3265 2628 factum
3306 2568 3563 2627 mundum
3603 2585 3674 2628 ex

2084 2668 2342 2739 qualitate
2361 2683 2555 2724 cursus
2571 2666 2701 2724 solis
2718 2675 2963 2738 tempora
2986 2665 3040 2721 in
3064 2674 3248 2722 ternos
3263 2678 3479 2721 menses
3506 2662 3674 2720 fuisse

2084 2758 2278 2828 divisa,
2301 2776 2530 2832 quorum
2552 2771 2853 2832 temporum
2877 2757 3040 2814 talem
3066 2766 3278 2814 veteres
3298 2755 3674 2813 discretionem

2084 2850 2315 2919 faciunt,
2337 2860 2397 2907 ut
2416 2852 2628 2924 primus
2650 2852 2853 2908 mensis
2874 2866 2972 2906 ver
2997 2866 3198 2906 novum
3226 2848 3455 2914 dicatur,
3484 2862 3676 2906 seCun-

2086 2945 2187 3002 dus
2219 2946 2455 3014 adultus,
2504 2947 2700 3002 tertius
2740 2960 3003 3017 praeceps.
3055 2941 3148 2999 Sic
3187 2948 3243 2997 et
3275 2951 3438 2997 aestas
3473 2940 3529 2995 in
3564 2940 3678 2996 suis

2087 3038 2262 3094 tribus
2304 3037 2583 3094 mensibus
2614 3052 2629 3092 :
2660 3053 2819 3105 nova,
2869 3034 3054 3092 adulta
3098 3041 3154 3090 et
3190 3047 3449 3104 praeceps.
3494 3027 3587 3087 Sic
3622 3036 3680 3085 et

2089 3144 2380 3189 autumnus
2410 3152 2421 3187 :
2453 3149 2644 3199 novus,
2681 3130 2899 3188 adultus
2921 3138 2976 3187 et
2999 3143 3261 3200 prteceps.
3291 3124 3425 3182 Item
3454 3124 3630 3180 hiems
3659 3137 3675 3177 :

2089 3242 2253 3294 nova,
2300 3223 2482 3281 adulta
2527 3234 2584 3281 et
2630 3239 2872 3295 pra:pr
2915 3223 3033 3279 sive
3078 3214 3344 3277 extrema.
3394 3212 3549 3273 Unde
3594 3221 3679 3271 est

2093 3318 2224 3375 illud
2247 3333 2261 3372 :
2280 3316 2549 3373 Extrema:
2565 3316 2665 3373 sub
2680 3331 2866 3372 casum
2890 3313 3106 3371 hiemis.
3124 3310 3235 3367 Ver
3254 3318 3436 3367 autem
3450 3307 3677 3374 dictum,

2093 3404 2238 3486 quod
2259 3411 2440 3467 viret:
2480 3418 2607 3467 tunc
2651 3409 2799 3466 enim
2828 3416 2954 3479 post
2986 3407 3225 3463 hiemem
3254 3402 3486 3460 vestitur
3523 3399 3681 3455 tellus

2092 3504 2309 3571 herbis,
2338 3514 2395 3562 et
2427 3503 2482 3559 in
2510 3504 2702 3559 liorem
2724 3510 2920 3559 cuncta
2946 3507 3291 3572 rumpuntur.
3322 3494 3512 3553 Estas
3539 3490 3677 3547 dici-

2095 3606 2205 3665 tur,
2231 3596 2386 3667 quasi
2414 3603 2568 3663 usta,
2600 3596 2655 3652 id
2679 3603 2795 3663 est,
2834 3602 3026 3651 exusta
3061 3600 3117 3648 et
3156 3590 3310 3647 arida
3335 3605 3351 3643 :
3380 3602 3509 3644 nam
3533 3580 3683 3641 calor

2094 3688 2282 3747 aridus
2308 3698 2410 3747 est.
2446 3684 2755 3747 Autumnus
2778 3704 2811 3745 a
2839 3695 3160 3761 tempestate
3190 3691 3433 3749 vocatus,
3466 3679 3680 3753 quando

2048 3808 2051 3811 ·
2094 3794 2151 3844 et
2201 3786 2332 3843 folia
2377 3785 2632 3843 arborum
2680 3785 2903 3853 cadunt,
2956 3791 3015 3840 et
3058 3780 3243 3839 omnia
3284 3783 3679 3836 maturescunt.

2096 3878 2343 3935 Hiemem
2380 3880 2521 3935 ratio
2570 3877 2922 3949 hemispherii
2962 3874 3329 3946 nuncupavit,
3374 3872 3502 3943 quia
3537 3879 3685 3924 .tunc

2095 3972 2335 4029 breviori
2380 3972 2462 4028 sol
2514 3971 2750 4027 volvitur
2785 3969 3009 4026 circulo.
3052 3966 3207 4023 Unde
3250 3974 3305 4023 et
3339 3965 3443 4020 hoc
3470 3972 3683 4030 tempus

2096 4066 2289 4123 bruma
2316 4065 2537 4132 dicitur,
2561 4064 2717 4134 quasi
2738 4062 2928 4118 braxin
2954 4056 3256 4134 [hrachys],
3281 4058 3451 4121 idest,
3468 4053 3679 4110 brevis:

406 4148 589 4214 ciunt,
650 4160 769 4219 qum
820 4163 1009 4203 annuae
1060 4154 1189 4203 sunt
1242 4146 1389 4202 horae
1446 4146 1741 4217 quadrans.
1813 4144 1987 4217 Siqui-

2097 4156 2184 4213 vel
2221 4173 2251 4212 a
2280 4156 2405 4212 cibo
2429 4198 2446 4223 ,
2479 4156 2623 4228 quod
2653 4153 2828 4233 major
2856 4154 2928 4209 sit
2950 4163 3079 4207 tunc
3100 4149 3352 4207 vescendi
3389 4146 3679 4220 appetitus.

409 4240 531 4297 dem
578 4240 703 4296 luna
742 4241 1023 4297 duodecim
1075 4256 1204 4296 suos
1247 4256 1463 4297 menses
1503 4240 1753 4297 undecim
1804 4239 1992 4297 diebus
2096 4250 2351 4306 Edacitas
2392 4250 2537 4304 enim
2584 4248 2772 4304 Graece
2819 4246 3010 4303 broma
3063 4234 3387 4316 appellatur.
3436 4237 3587 4296 Unde
3629 4243 3687 4292 et

411 4333 494 4404 (ut
526 4334 728 4390 dictum
766 4334 869 4407 est)
896 4346 950 4390 et
985 4332 1284 4406 quadrante
1318 4334 1596 4391 breviores
1635 4335 1861 4392 totidem
1898 4350 1991 4392 so-
2097 4340 2413 4397 imbrumati
2458 4340 2731 4404 dicuntur,
2763 4337 2959 4408 quibus
2983 4334 3263 4391 fastidium
3294 4341 3379 4389 est
3413 4331 3681 4392 ciborum.

410 4422 477 4479 lis
512 4426 787 4482 mensibus
826 4440 1012 4497 agens,
1053 4422 1110 4480 in
1137 4424 1327 4481 iisdem
1364 4424 1685 4499 peragendis
1728 4428 1991 4485 tredecics
2095 4429 2372 4488 Hibernus
2400 4440 2581 4487 autem
2611 4432 2754 4486 inter
2785 4431 3021 4487 hiemem
3044 4437 3099 4485 et
3125 4443 3354 4484 vernum
3379 4433 3484 4493 est,
3527 4423 3683 4497 quasi

410 4516 627 4574 Zodiaci
685 4516 950 4574 ambitum
1011 4516 1226 4574 lustrat.
1286 4517 1449 4574 Juxta
1503 4519 1813 4591 allegoriam
1864 4535 1993 4576 vero
2096 4519 2516 4591 bievernus,qui
2532 4521 2849 4591 plerumque
2870 4528 3072 4592 aparte
3086 4518 3503 4575 totambiemem
3520 4515 3686 4587 signi-

418 4612 648 4680 mcnsis,
671 4614 763 4685 qui
793 4629 824 4669 a
848 4612 978 4668 luna
1004 4626 1204 4668 nomen
1230 4619 1287 4667 et
1304 4612 1550 4670 ordinem
1571 4614 1801 4684 accepit,
1824 4614 1992 4686 signi—

413 4700 540 4758 ﬁcat
566 4710 766 4760 sanctae
787 4703 1045 4759 Ecclesiae
1065 4703 1514 4759 coadunationem
1533 4705 1647 4762 sive
1666 4705 1989 4777 profectum.

414 4795 567 4851 Unde
595 4794 695 4853 Job
724 4798 801 4853 ait
830 4816 844 4853 :
875 4798 1006 4865 Quis
1030 4798 1159 4853 mihi
1190 4800 1420 4865 tribuat,
1451 4809 1506 4853 ut
1534 4800 1634 4855 sim
1656 4801 1818 4872 juxta
1844 4819 1990 4858 men—

413 4904 494 4942 ses
529 4889 813 4957 pristinos?
859 4887 1001 4961 (Job.
1041 4889 1214 4962 xxiv.)
1242 4890 1381 4957 Quid
1405 4892 1623 4946 nomine
1647 4892 1824 4965 signat
1853 4910 1996 4949 men-

415 4980 584 5045 sium,
622 4979 727 5035 nisi
776 4978 1122 5035 collectiones
1174 4980 1497 5047 animarum,
1546 4982 1659 5037 sive
1707 4970 1995 5054 aliquando

414 5070 617 5127 mensis
644 5087 744 5143 pro
776 5071 1144 5143 perfectione?
1174 5070 1572 5129 Reminiscatur
1606 5090 1737 5149 ergo
1770 5087 1869 5146 per
1897 5091 1992 5132 vo-

415 5174 531 5217 cem
567 5158 669 5217 Job
715 5156 957 5219 Ecclesia
1001 5161 1348 5235 perfectionis
1373 5165 1640 5236 pristinae,
1675 5176 1732 5222 et
1770 5168 1997 5224 reducat

416 5252 485 5307 ad
531 5254 871 5317 memoriam,
913 5262 1115 5325 quanta
1145 5253 1407 5325 perfectio
1440 5256 1843 5326 praedicationis
1884 5274 1995 5315 sua:

418 5344 658 5402 collectis
695 5346 977 5402 animabus
1013 5348 1322 5416 reportabat
1348 5346 1516 5407 lucra.
1548 5347 1758 5406 Menses
1788 5352 1993 5407 duode-

338 5460 341 5463 ·
417 5436 523 5493 cim
548 5434 790 5507 ejusdem
816 5432 1024 5494 numeri
1052 5424 1177 5493 sunt
1196 5430 1461 5508 Apostoli,
1490 5448 1550 5494 ut
1582 5440 1633 5495 in
1660 5424 1949 5514 Ayiocalysi
1977 5460 1991 5497 :

419 5523 525 5582 Per
548 5525 781 5597 singulos
812 5544 1009 5582 menses
1044 5526 1316 5581 reddentia
1346 5528 1577 5598 fructum
1610 5545 1765 5583 suum
1787 5530 1989 5602 (Apoc.

414 5630 531 5672 xxn
543 5614 587 5689 ).
600 5617 733 5674 Item
754 5618 977 5687 mensis,
994 5620 1134 5675 sicut
1146 5628 1201 5674 et
1213 5619 1494 5676 sabbatum
1506 5662 1519 5685 ,
1534 5637 1633 5691 pro
1650 5623 1836 5694 requie
1849 5639 1996 5680 sem-

415 5708 628 5779 piterna
657 5712 831 5784 posita
858 5711 1225 5780 inveniuntur,
1248 5722 1307 5768 ut
1327 5723 1411 5770 est
1430 5714 1559 5771 illud
1580 5716 1733 5773 Isaiae
1762 5734 1775 5771 :
1802 5716 1874 5772 Et
1894 5719 1995 5774 erit

415 5801 608 5855 inermis
640 5819 707 5858 ea:
743 5820 915 5858 mense
942 5813 990 5858 et
1015 5803 1286 5858 sabbatum
1314 5821 1380 5860 ea:
1407 5806 1620 5862 sabbato
1643 5807 1788 5880 (Isa.
1820 5809 1993 5883 uvn),

416 5896 480 5950 tu
496 5889 884 5954 deserentibus
906 5897 1143 5956 sabbatis
1165 5897 1553 5970 mensibusque
1575 5900 1707 5956 ﬁant
1726 5901 1994 5970 spiritalia

2017 4661 2075 4725 D

2099 4608 2247 4666 ﬁcat.
2306 4611 2435 4670 Haec
2491 4621 2730 4683 tempora
2782 4612 3010 4683 singulis
3057 4612 3222 4666 etiam
3262 4608 3385 4664 caeli
3440 4605 3686 4676 partibus

2101 4702 2465 4757 ascribuntur.
2510 4702 2619 4757 Ver
2664 4703 2863 4773 quippe
2908 4701 3116 4779 Orienti
3157 4700 3348 4763 datur,
3397 4696 3522 4765 quia
3558 4702 3688 4751 tunc

2099 4808 2168 4849 ex
2197 4792 2359 4848 terris
2392 4792 2576 4847 omnia
2609 4792 2879 4847 oriuntur.
2910 4790 3099 4846 Estas
3130 4803 3260 4844 vero
3292 4785 3586 4841 Meridiano
3619 4798 3705 4842 eo-

2098 4870 2243 4958 quod
2267 4902 2393 4956 pars
2422 4884 2542 4957 ejus
2567 4884 2748 4941 calore
2777 4882 3088 4957 ﬂagrantior
3111 4881 3202 4938 sit.
3251 4879 3435 4935 Hiems
3461 4872 3711 4951 Septew‘

2098 4980 2286 5047 trioni,
2312 4981 2457 5051 quod
2483 4976 2776 5052 frigoribus
2796 4988 2851 5036 et
2873 4987 3136 5051 perpetuo
3157 4976 3281 5049 gelu
3311 4984 3543 5047 torpeat.
3565 4974 3680 5032 Διι-

2100 5080 2321 5129 tumnus
2341 5072 2578 5128 Occiduo
2598 5081 2819 5142 propter
2839 5085 3031 5141 graves
3057 5068 3297 5136 morbos,
3321 5083 3457 5139 quos
3482 5067 3682 5125 habet:

2104 5164 2249 5220 unde
2267 5171 2322 5219 et
2349 5171 2479 5219 tunc
2499 5163 2742 5218 omnium
2770 5161 2896 5216 folia
2922 5162 3179 5216 arborum
3207 5159 3465 5216 deﬂuunt.
3490 5157 3561 5214 Ut
3590 5174 3686 5214 au-

2106 5264 2218 5312 tem
2244 5265 2538 5312 autumnus
2561 5256 2802 5311 abundet
2829 5254 3053 5321 morbis,
3092 5251 3225 5309 facit
3251 5254 3355 5310 hoc
3389 5251 3685 5308 conﬁnium

2107 5348 2329 5419 frigoris
2348 5358 2403 5405 et
2428 5349 2646 5417 caloris,
2675 5357 2733 5404 et
2755 5347 3171 5420 compugnantia
3208 5347 3351 5402 intra
3376 5362 3434 5402 se
3464 5353 3683 5403 contra-

2108 5440 2314 5494 riarum
2353 5455 2553 5495 rerum.
2593 5439 2817 5511 Mystice
2842 5448 3022 5495 autem
3052 5454 3151 5494 ver
3182 5436 3444 5509 Baptismi
3478 5438 3686 5492 novita—

2108 5540 2218 5587 tem
2238 5532 2524 5604 signiﬁcat,
2550 5541 2641 5588 aut
2670 5534 3073 5589 renovationem
3097 5532 3222 5587 vita:
3252 5538 3374 5602 post
3400 5528 3574 5602 frigus
3597 5529 3686 5584 in-

2104 5622 2405 5694 ﬁdelitatis,
2429 5633 2484 5682 ct
2501 5625 2734 5697 pigritia
2750 5633 3024 5698 torporem
3048 5638 3064 5678 :
3090 5623 3205 5680 sive
3233 5621 3688 5679 resurrectionem

2104 5734 2393 5791 corporum
2438 5726 2563 5793 post
2606 5721 2797 5778 mortis
2837 5719 3163 5776 occubitum.
3221 5714 3376 5773 Unde
3427 5712 3687 5769 Dominus

2101 5809 2365 5882 praecepit
2387 5808 2442 5865 in
2466 5808 2584 5883 lege
2604 5825 2848 5868 mensem
2869 5823 3132 5866 novarum
3148 5806 3439 5863 observare
3458 5810 3514 5858 et
3531 5800 3685 5855 verni

2102 5903 2448 5977 principium,
2487 5906 2704 5977 quando
2740 5903 2926 5961 eduxit
2953 5901 3212 5960 Dominus
3249 5898 3389 5954 ﬁlios
3424 5891 3590 5951 israei
3616 5891 3685 5949 de

2304 6056 2347 6070 ραι
2356 6054 2377 6073 ιιι
