4074 6324
406 379 519 438 505

410 468 559 552 terra
585 491 806 566 Egypti
834 506 932 563 per
955 506 1106 547 mare
1138 491 1405 558 Rubrum,
1430 492 1485 546 in
1507 506 1616 562 quo
1640 499 1696 546 et
1721 470 1998 545 celebrare

408 578 612 659 pascha
632 586 796 658 jussit
820 583 1014 657 (Exod.
1040 580 1189 654 'xiv);
1221 599 1327 655 quo
1355 586 1520 639 etiam
1548 592 1790 653 tempore
1809 580 1996 637 Salva-
2026 594 2033 609 ν

408 688 498 735 ιοι·
530 684 653 748 post
678 674 987 749 passionem
1025 689 1057 728 a
1084 682 1259 729 morte
1284 674 1539 739 surrexit,
1574 680 1631 728 et
1662 686 1815 742 spem
1840 670 1997 725 nobis
2082 730 2087 731 ί

408 767 826 826 resurrectionis
853 766 1063 822 tribuit.
1104 762 1292 821 Estas
1321 773 1503 821 autem
1532 772 1774 819 ventura:
1800 759 1995 829 jucun-

406 860 593 918 ditatis
621 856 987 930 prmﬁguratio
1022 863 1125 922 est,
1168 852 1239 911 et
1269 854 1538 912 fervorem
1582 854 1865 911 cbaritatis
1902 866 1997 908 cx-

394 946 612 1027 primit.
674 952 828 1010 Unde
888 961 973 1008 est
1033 951 1163 1006 illud
1212 951 1267 1005 in
1319 951 1529 1022 psalmo
1570 948 1880 1003 :Afstatem
1947 950 1995 999 et

406 1064 494 1102 ver
519 1054 577 1100 tu
602 1040 772 1116 fecisti
793 1061 855 1098 ea
878 1041 1049 1115 (Psal.
1074 1038 1290 1112 Lxxm).
1320 1039 1391 1095 Et
1411 1040 1467 1095 in
1494 1036 1787 1095 Salomone
1817 1054 1829 1090 :
1868 1034 1993 1089 Jam

413 1139 554 1194 enim
584 1136 748 1209 hiems
782 1136 992 1191 transiit
1019 1143 1066 1190 et
1092 1133 1301 1189 recessit
1329 1146 1347 1184 :
1376 1134 1534 1202 ﬂores
1562 1136 1917 1200 apparuerunt
1943 1125 1997 1180 in

412 1242 556 1287 terra
579 1228 758 1304 (Cant.
802 1228 885 1300 ιι).
912 1227 1098 1289 Ᾱζειδε
1121 1226 1301 1282 futura
1337 1223 1636 1289 beatitudo,
1669 1229 1728 1276 ul
1756 1221 1814 1275 in
1844 1218 1998 1273 Salo-

409 1336 571 1377 mone
598 1316 617 1375 ;⁴
644 1318 871 1389 Propter
897 1319 1065 1389 frigus
1088 1319 1234 1389 piger
1258 1332 1414 1371 arare
1447 1314 1614 1369 noluit
1638 1327 1656 1365 :
1680 1310 1996 1366 mendicabit

404 1420 612 1478 xstate,
646 1418 695 1465 et
731 1427 835 1464 non
873 1410 1085 1463 dabitur
1122 1411 1171 1463 ei
1208 1406 1392 1481 (Prov.
1437 1405 1553 1478 xx).
1597 1404 1702 1461 Per
1732 1405 1848 1459 haec
1889 1403 1995 1459 duo

402 1512 648 1574 tempora
682 1500 954 1574 signiﬁcat
990 1499 1175 1556 ﬁdeles
1212 1499 1431 1555 diversa
1466 1513 1679 1553 morum
1734 1495 1996 1567 qualitate

1058 328 1118 433 B.
1159 377 1415 435 ιιΑιιΑΝιί
1436 374 1666 465 suum
1701 373 2001 463 meumr

2098 359 2369 431 lOGUNT.
2406 368 2699 467 ornauit
2736 328 2917 427 rans
2952 371 3019 426 ιι.

3578 370 3685 427 304

3596 438 3675 467 νηΐ

2692 482 2922 541 CAPUT
2958 481 3084 553 xu.

2686 594 2692 601 -
2751 573 2831 629 De
2859 584 3017 628 anno.
3342 594 3345 599 ·
3396 584 3441 643 ’ἐπ
3492 569 3515 597 ⁵
3562 570 3676 607 ἠμί

2174 670 2364 727 Annus
2394 669 2482 726 vel
2504 664 2572 724 ab
2597 666 2904 723 innovand'o
2933 668 3303 737 cuncta,"quae
3333 664 3567 722 naturali
3603 678 3693 723 or:-

2096 762 2228 818 dine
2261 761 2617 826 transierant,
2646 758 2733 815 vel
2768 774 2801 814 a
2830 758 3066 814 circuitu
3092 758 3695 830 tetuporis‘nomen*ae-

2098 854 2241 926 cepit
2271 868 2288 908 :
2321 853 2448 925 quia
2484 861 2698 907 veteres
2723 866 2925 907 annum
2954 864 3051 921 per
3082 848 3290 906 circum
3314 842 3522 921 ponere
3548 851 3693 908 solet-

2096 946 2251 1011 bant,
2273 952 2338 999 ut
2364 941 2498 999 Cato
2513 941 2645 998 dicit
2662 942 2717 995 in
2739 936 3106 1011 Originalibus
3122 949 3427 997 oratorum.
3450 940 3688 1008 Annum;

2098 1034 2153 1092 id
2195 1042 2312 1097 est,
2354 1033 2594 1099 circum,
2636 1033 2929 1088 terminum
2963 1049 2975 1086 :
3009 1040 3066 1087 et
3096 1032 3304 1087 ambire
3353 1032 3554 1088 dicitur
3582 1040 3691 1103 pro

2098 1125 2406 1181 circumire.
2440 1125 2539 1180 Est
2565 1132 2747 1179 autem
2790 1139 2964 1179 annus
2989 1123 3219 1190 lunaris,
3254 1130 3341 1178 est
3379 1130 3434 1179 et
3474 1116 3688 1190 solaris,

2097 1224 2184 1273 est
2204 1224 2260 1273 et
2279 1216 2581 1273 errantium
2596 1216 2864 1272 discretus
2894 1213 3175 1270 stellarum
3207 1231 3221 1269 :
3260 1222 3344 1271 est
3369 1222 3426 1269 et
3448 1214 3691 1269 omnium

2096 1308 2443 1380 planetarum
2478 1322 2643 1373 unus,
2678 1320 2841 1377 quem
2864 1321 3129 1378 magnum.
3144 1306 3455 1376 specialiter
3477 1312 3689 1360 nuncu-

2084 1390 2248 1471 pant.
2281 1380 2388 1455 Sed
2410 1399 2618 1455 lunaris
2635 1412 2808 1454 annus
2821 1398 3153 1469 quadrifarie
3167 1398 3450 1469 accipitur.
3477 1392 3693 1454 Primus

2104 1500 2189 1549 est
2211 1490 2469 1562 namque,
2501 1506 2624 1547 eum
2640 1486 2775 1545 luna
2797 1502 2946 1545 xxvu
2971 1491 3163 1546 diebus
3188 1498 3244 1545 et
3267 1497 3389 1546 octo
3420 1490 3573 1545 horis
3589 1489 3693 1545 zo.

399 1597 686 1667 pollentes.
715 1594 823 1650 Alii
846 1595 991 1651 enim
1018 1602 1142 1650 sunt
1166 1600 1427 1664 tanquam
1453 1598 1633 1658 testas,
1667 1590 1790 1646 ﬁdei
1814 1589 1996 1645 calore
2088 1574 2315 1643 'diacum
2358 1596 2686 1657 percurrens
2708 1623 2722 1648 ,
2765 1585 2836 1639 ad
2867 1583 2921 1639 id
2966 1584 3205 1655 signum,
3246 1597 3314 1638 ex
3350 1598 3458 1654 quo
3477 1580 3692 1654 egreSsa

399 1687 675 1743 ferventes
706 1685 775 1759 ad
812 1682 1138 1757 martyrium
1178 1700 1352 1753 usque
1389 1683 1636 1753 perducti
1669 1700 1681 1735 :
1715 1679 1805 1735 alii
1844 1696 1997 1734 mau-
2048 1684 2207 1743 Vest,
2250 1677 2566 1732 reVertitur.
2590 1672 2896 1731 Secundus
2923 1675 3129 1730 duobus
3163 1674 3355 1731 diebus
3381 1681 3441 1730 et
3458 1679 3693 1745 quatuor

398 1778 685 1837 suetudine
704 1780 1015 1849 temperati,
1050 1788 1310 1848 tanquam
1337 1770 1454 1843 ver,
1484 1774 1737 1847 mquabili
1766 1764 1994 1829 Domino
2103 1766 2256 1823 horis
2306 1766 2612 1837 prolixior,
2665 1766 2760 1837 qui
2814 1775 3072 1823 consuete
3115 1769 3320 1824 mensis
3372 1769 3689 1840 appellatur,

397 1877 686 1934 devotione
720 1875 1065 1932 famulantes.
1112 1875 1309 1933 Omnia
1349 1874 1494 1930 enim
1537 1881 1593 1927 et
1640 1872 1745 1927 ista
1792 1880 1848 1925 et
1890 1866 2002 1923 alia

2117 1876 2240 1917 cum
2274 1856 2455 1916 soiem’
2484 1877 2515 1914 a
2542 1856 2649 1931 quo
2687 1874 2825 1915 nova
2861 1862 3103 1931 digressa
3126 1854 3236 1929 est,
3272 1870 3402 1918 xxix
3431 1864 3618 1919 diebus
3640 1864 3695 1918 (ἐι

541 1965 693 2028 fecit.
724 1964 880 2036 cuius
899 1960 1432 2039 gratia’conceditur,
1454 1962 1597 2035 quod
1627 1963 1683 2017 in
1709 1960 1991 2016 hominum
2012 1932 2047 1982 δί
2094 1955 2378 2011 duodecim
2404 1955 2554 2009 horis
2582 1956 2810 2019 exactis,
2834 1953 2948 2025 jam
2970 1953 3180 2041 deiecia
3203 1957 3417 2025 repet“
3456 1954 3689 2041 huius."

396 2063 538 2119 bona
557 2060 837 2118 voluntate
864 2068 1235 2133 monstratur.
1256 2059 1565 2114 Autumnus
1585 2056 1772 2121 etiam,
1801 2053 1856 2107 in
1882 2064 1991 2121 quo

394 2151 722 2223 colliguntur
735 2149 938 2223 fruges,
956 2159 1169 2221 tempus
1181 2158 1266 2205 est
1280 2148 1473 2205 messis
1500 2155 1661 2218 atque
1679 2142 1988 2209 vindemiae,

394 2253 608 2314 tempus
650 2242 972 2299 universalis
993 2241 1186 2314 judicii
1239 2239 1543 2312 signiﬁcat,
1573 2236 1791 2310 quando
1822 2248 1992 2289 unus-

392 2337 626 2406 quisque
659 2336 841 2407 operis
872 2334 1176 2392 mercedem
1214 2333 1462 2404 recipiet,
1493 2340 1550 2388 et
1572 2338 1739 2386 metet
1757 2327 1992 2383 fructum

395 2427 602 2484 laboris
634 2427 751 2495 sui,
776 2424 931 2497 juxta
960 2425 1092 2482 illud
1123 2424 1411 2497 Apostoli:
1439 2422 1633 2479 Omnes
1661 2439 1755 2477 nos
1790 2428 1993 2491 oportet

389 2530 531 2576 stare
558 2529 680 2578 ante
728 2520 962 2576 tribunal
1002 2516 1242 2586 Christi,
1286 2526 1341 2573 ut
1384 2517 1601 2589 recipiat
1638 2512 1994 2584 unusquisque

391 2614 608 2683 propria
641 2614 873 2684 corporis
895 2653 910 2678 ,
942 2622 1096 2683 prout
1125 2612 1305 2683 gessit,
1347 2611 1453 2665 sive
1488 2606 1701 2673 bonum,
1742 2606 1847 2661 sive
1873 2618 1991 2657 ma-

392 2705 502 2760 lum
545 2723 563 2760 :
602 2705 854 2776 quoniam
898 2704 988 2775 qui
1016 2703 1239 2758 seminat
1284 2704 1341 2756 in
1374 2718 1530 2756 carne
1570 2717 1691 2765 sua,
1736 2699 1800 2752 de
1839 2713 1996 2751 carne

399 2806 556 2851 metet
587 2796 974 2865 corruptionem
999 2811 1018 2849 :
1043 2795 1135 2865 qui
1166 2804 1342 2848 autem
1370 2793 1591 2847 seminat
1616 2794 1671 2845 in
1696 2780 1997 2862 spiritu,'de

391 2890 583 2961 spiritu
630 2896 784 2944 metet
826 2890 986 2944 vitam
1031 2900 1284 2943 aeternam
1320 2884 1406 2957 (ΙΙ
1464 2882 1585 2938 Cor.
1624 2899 1678 2947 v,
1735 2880 1857 2936 Gal.
1895 2878 1994 2951 vi).

396 2980 490 3036 Sic
529 2980 678 3035 enim
728 2979 990 3036 Dominus
1031 2976 1087 3033 in
1127 2974 1422 3048 Evangelio
1477 2975 1553 3030 ait
1592 2988 1607 3028 :
1639 2971 1827 3028 Messis
1876 2986 1994 3026 vero

396 3071 780 3127 consummatio
818 3069 1002 3125 stt-culi
1037 3077 1138 3135 est,
1186 3085 1439 3125 messores
1480 3075 1654 3122 autem
1698 3063 1870 3136 angeli
1900 3063 1999 3118 Dei

398 3160 618 3232 (Matth.
649 3159 795 3227 xm).
823 3158 892 3213 Et
919 3158 1049 3215 alibi
1080 3178 1093 3214 :
1122 3158 1216 3217 Sic
1243 3168 1319 3215 est
1350 3174 1567 3231 regnum
1598 3156 1716 3223 Dei,
1742 3155 1996 3227 quemad-

401 3224 619 3307 modum
663 3251 709 3305 si
747 3224 902 3305 ltomo
933 3251 1109 3322 jaciat
1151 3224 1428 3307 sementem
1464 3252 1520 3305 in
1541 3224 1764 3315 terram,
1805 3257 1852 3302 et
1876 3224 2072 3339 dor:C

402 3340 555 3408 miat,
596 3350 646 3397 et
682 3351 932 3413 exsurgat
971 3353 1121 3397 nocte
1155 3360 1219 3397 ac
1247 3344 1351 3409 die,
1375 3351 1423 3397 et
1458 3357 1635 3397 semen
1659 3340 1909 3413 germinet
1950 3350 2000 3395 et

398 3431 683 3498 increscat,
732 3433 858 3486 dum
899 3434 1062 3489 nescit
1113 3432 1202 3488 ille
1242 3418 1452 3507 (Marc.
1500 3430 1599 3506 tv).
1647 3430 1802 3489 Ultro
1853 3431 1999 3486 enim

404 3531 557 3580 terra
600 3523 935 3592 fructiﬁcat,
973 3527 1215 3597 primum
1248 3526 1497 3592 herbam,
1540 3525 1735 3581 deinde
1770 3526 1997 3596 Spicam,

402 3616 599 3673 deinde
616 3612 834 3690 plenum
854 3616 1189 3673 frumentum
1215 3618 1268 3671 in
1296 3619 1521 3689 spicam.
1544 3617 1615 3673 Et
1639 3634 1763 3674 cum
1785 3633 1843 3673 se
1868 3632 1998 3688 pro-

374 3772 379 3783 ν
405 3709 625 3765 duxerit
647 3710 883 3778 fructus,
914 3695 1102 3766 statim
1130 3710 1310 3765 mittat
1332 3709 1544 3777 falcem,
1565 3711 1821 3781 quoniam
1847 3708 2002 3767 adest

401 3810 631 3872 tempus
668 3801 881 3859 messis.
932 3800 1081 3857 Tunc
1136 3802 1275 3857 enim
1322 3804 1491 3858 mittet
1546 3801 1722 3857 Filius
1772 3801 1998 3856 hominis

401 3894 616 3965 angelos
635 3912 759 3950 suos
782 3904 833 3949 et
857 3886 1182 3966 colligent'de
1202 3912 1359 3967 regno
1385 3896 1500 3966 ejus
1522 3896 1697 3950 omnia
1720 3893 1997 3960 scandala,

380 3984 732 4057 .alligantque
768 3985 979 4040 zizania
1009 3982 1278 4055 fasciculis
1310 3986 1379 4041 ad
1412 3986 1818 4041 comburendum
1853 4001 1871 4038 :
1904 3983 1999 4036 tri-

417 4078 579 4131 ticum
614 4087 789 4132 autem
824 4085 1141 4149 congregant
1179 4079 1237 4132 in
1260 4078 1449 4132 horrea
1471 4095 1568 4132 sua
1595 4075 1809 4149 (Matth.
1850 4070 1994 4145 xm).

417 4168 555 4225 Item
579 4177 877 4225 autumnus
902 4169 1191 4239 aliquando
1228 4178 1505 4225 transacta
1537 4167 1727 4224 salutis
1751 4176 1997 4238 tempora

415 4259 715 4331 signiﬁcat,
744 4270 804 4316 ut
833 4259 890 4315 in
922 4259 1130 4314 Michea
1162 4276 1175 4311 :
1214 4257 1305 4314 Vw
1337 4260 1497 4323 mihi,
1529 4259 1652 4331 quia
1680 4258 1850 4328 factus
1879 4274 1997 4314 sum

407 4353 549 4407 sicut
604 4352 693 4421 qui
734 4348 933 4421 colligit
972 4366 1205 4404 racemos
1236 4350 1292 4402 in
1333 4358 1583 4403 autumno
1630 4348 1817 4422 (Mich.
1872 4349 1992 4424 vn).

407 4442 597 4497 iliems
638 4454 773 4497 vero
823 4438 1228 4496 tribulationem
1266 4438 1533 4509 signiﬁcat
1576 4439 1662 4495 vel
1701 4442 1995 4497 terminum

2094 2047 2187 2116 qui
2232 2059 2311 2100 xu
2345 2044 2628 2101 mensibus
2663 2040 3013 2116 huiusmodi,
3041 2044 3096 2101 id
3136 2038 3242 2112 est,
3280 2046 3469 2101 diebus
3496 2038 3692 2105 'cccuv

2094 2136 2364 2209 expletur,
2411 2145 2466 2192 et
2503 2145 2731 2193 vocatur
2774 2137 3100 2204 wmmunis,
3155 2153 3219 2193 eo
3259 2138 3401 2208 quod
3444 2126 3551 2192 duo
3592 2152 3693 2194 saa-

2094 2226 2318 2301 pissime
2365 2228 2505 2283 tales
2541 2228 2751 2298 pariter
2787 2237 3033 2284 currant.
3072 2227 3311 2295 Quartus
3338 2229 3430 2299 qui
3471 2228 3695 2284 emboli-

2097 2334 2249 2377 smus
2284 2319 2472 2376 Graece
2497 2319 2719 2387 dicitur,
2748 2320 2801 2377 id
2824 2328 2929 2387 est,
2959 2328 3490 2392 superaugmentum,
3518 2332 3574 2378 et
3597 2320 3692 2378 ha-

2096 2412 2191 2470 bet
2211 2430 2309 2468 xm
2342 2427 2575 2478 menses,
2616 2412 2674 2468 id
2708 2418 2814 2480 est,
2865 2413 2981 2469 dies
3015 2426 3298 2469 cccxxxiv.
3324 2412 3434 2491 (Qui
3466 2416 3693 2485 uterque

2097 2505 2239 2575 apud
2273 2503 2528 2561 Hebraeos
2561 2519 2593 2561 a
2633 2503 2901 2576 principio
2930 2506 3133 2560 mensis
3166 2505 3439 2575 paschalis
3478 2506 3690 2576 incipit,

2080 2592 2408 2665 ibidemque
2426 2594 2616 2649 ﬁnitur
2651 2613 2665 2649 :
2692 2594 2834 2664 apud
2856 2593 3129 2650 Romanos
3150 2611 3280 2651 vero
3304 2596 3372 2651 ab
3397 2595 3692 2664 incipiente

2098 2688 2227 2745 luna
2271 2689 2477 2746 mensis
2513 2688 2759 2745 Januarii
2803 2691 2968 2747 sumit
3012 2689 3249 2756 initium,
3289 2689 3470 2761 ibique
3513 2691 3697 2747 termi-

2094 2770 2279 2838 natur.
2329 2780 2462 2837 Item
2517 2776 2647 2836 solis
2699 2791 2783 2837 eSt
2838 2778 3032 2847 annus,
3083 2796 3206 2836 cum
3247 2782 3316 2836 ad
3351 2781 3541 2837 eadem
3574 2781 3693 2838 io’ca

2101 2873 2338 2928 siderum
2382 2872 2524 2929 redit
2550 2874 2791 2944 peractis
2830 2873 3088 2929 trecentis
3124 2873 3412 2945 sexaginta
3453 2873 3693 2943 quinque

2094 2954 2292 3020 diebus
2324 2971 2378 3020 et
2408 2979 2504 3020 sex
2535 2965 2721 3032 horis,
2760 2960 2815 3021 id
2853 2972 2975 3032 est,
3020 2962 3322 3034 quadrante
3345 2964 3512 3019 totius
3537 2964 3641 3020 diei
3674 2983 3688 3017 :

2101 3072 2222 3129 quce
2260 3074 2388 3129 pars
2416 3066 2611 3128 quater
2640 3059 2799 3114 ducta
2828 3058 2972 3129 cogit
3001 3057 3274 3130 interpOui
3304 3074 3471 3116 unum
3494 3059 3636 3116 diem
3673 3078 3687 3115 :

2102 3166 2264 3221 quem
2289 3148 2519 3207 Romani
2548 3151 2851 3207 bissextum
2881 3146 3109 3215 vocant;
3129 3158 3191 3206 ut
3213 3151 3281 3206 ad
3309 3152 3556 3208 eumdem
3584 3152 3694 3207 cir-

2094 3228 2307 3300 cuitum
2359 3245 2643 3326 redeatur.
2678 3243 2920 3312 Quartus
2965 3243 3164 3301 solaris
3205 3245 3325 3317 gyri
3366 3260 3539 3300 annus
3584 3244 3695 3302 bis-

2104 3338 2314 3393 sextilis
2342 3342 2471 3410 (est,
2503 3338 2719 3394 caeteris
2750 3339 2925 3413 tribus
2973 3354 3082 3401 uno
3125 3334 3217 3395 die
3262 3338 3537 3410 prolixior,
3587 3354 3695 3408 quo

2098 3428 2350 3509 confecto
2412 3430 2494 3487 sol
2561 3431 2631 3486 ad
2696 3428 2921 3486 cuncta~
2964 3429 3241 3502 signorum
3309 3429 3425 3487 loca
3489 3430 3692 3501 eisdem

2103 3522 2311 3595 dierum
2359 3522 2750 3594 noctiumque,
2800 3524 3001 3593 quibus
3065 3532 3190 3579 ante
3241 3514 3689 3596 quadriennium,

2104 3614 2397 3671 revertitur
2416 3615 2587 3671 horis.
2609 3614 2804 3679 Annus
2824 3617 3126 3671 errantium
3150 3617 3425 3672 stellarum
3455 3624 3561 3683 est,
3586 3630 3696 3686 quo

2079 3708 2321 3795 “illarum
2349 3704 2576 3781 quaeque
2598 3709 2821 3765 Zodiaci
2846 3708 3113 3765 ambitum
3140 3710 3454 3798 perlustrat,
3492 3711 3558 3766 de
3586 3700 3697 3780 quo

2098 3790 2263 3870 supra
2290 3800 2544 3856 diximus.
2570 3800 2758 3857 Annus
2785 3818 3013 3874 magnus
3039 3809 3146 3869 est,
3177 3794 3297 3859 cum
3322 3802 3502 3859 omnia
3530 3800 3696 3858 simul

2100 3892 2343 3946 errantia
2384 3892 2566 3948 sidera
2614 3893 2682 3947 ad
2727 3909 2823 3949 sua
2875 3886 3101 3969 quaeque
3148 3895 3287 3969 loca
3315 3894 3555 3950 habuere
3612 3907 3699 3949 re-

2100 3991 2329 4037 currunt
2376 3980 2730 4057 [recursum],
2752 3999 2913 4054 quem
2964 3985 3127 4040 etiam
3175 3982 3412 4040 circulus
3459 3974 3694 4071 magnus

2099 4074 2315 4143 paschae
2340 4074 2597 4130 ostendit.
2635 4073 2884 4133 Circulus
2928 4076 3143 4148 paschae
3196 4092 3425 4150 magnus
3469 4087 3577 4144 est,
3598 4080 3692 4149 qui

2099 4164 2454 4236 multiplicato
2482 4181 2579 4238 per
2629 4164 2861 4224 invicem
2882 4167 3047 4224 solari
3075 4185 3139 4225 ac
3164 4168 3342 4224 lunari
3364 4168 3515 4243 cyclo
3536 4169 3695 4245 quiu-

2099 4256 2274 4329 gentis
2305 4257 2528 4329 triginta
2579 4257 2788 4316 duobus
2835 4260 3121 4317 conﬁcitur
3170 4261 3345 4317 anuis.
3392 4260 3517 4317 Sive
3546 4262 3691 4316 enim

2100 4350 2281 4407 decies
2296 4352 2484 4409 novies
2506 4354 2681 4411 viceni
2702 4363 2757 4410 et
2776 4354 2981 4423 octoni,
2998 4371 3089 4413 seu
3103 4354 3270 4412 vicies
3288 4357 3458 4412 octies
3480 4355 3602 4411 deni
3627 4352 3692 4410 ac

2100 4443 2295 4499 noveui
2343 4444 2807 4516 multiplicentur:
2843 4448 3261 4519 quingentorum
3292 4466 3443 4509 xxxii
3474 4465 3690 4525 nume-

406 4532 655 4591 mortalis
679 4534 825 4589 vitm.
871 4532 1025 4590 Unde
1050 4532 1312 4589 Dominus
1338 4533 1595 4604 praecepit
1619 4534 1675 4589 in
1701 4534 1996 4609 Evangelio
2020 4569 2081 4630 Β
2105 4550 2223 4617 rum
2248 4529 2541 4607 complent,
2562 4538 2705 4593 unde
2732 4538 2813 4605 ﬁt,
2837 4548 2895 4592 ut
2914 4538 3053 4605 idem
3070 4538 3314 4623 circulus
3336 4532 3565 4612 magnus
3584 4530 3691 4629 "de-

407 4625 711 4698 discipulis,
757 4625 947 4682 dicens
988 4644 1001 4682 :
1041 4624 1225 4694 Orate,
1274 4635 1332 4679 ut
1380 4641 1485 4681 non
1520 4625 1617 4697 ﬁat
1658 4627 1785 4700 fuga
1827 4624 2029 4697 vestra:

408 4714 693 4775 Itieme'vel
741 4717 956 4773 sabbato
1002 4716 1218 4790 (Matth.
1250 4716 1426 4789 xxxv).
1471 4715 1530 4773 Si
1570 4718 1637 4775 de
1683 4720 1998 4791 captivitate

410 4810 749 4866 Hierusalem
789 4812 930 4867 hanc
968 4812 1292 4868 sententiam
1342 4810 1679 4867 voluerimus
1726 4813 1994 4885 accipere,

412 4903 629 4973 quando
671 4915 701 4955 a
731 4901 855 4958 Tito
891 4911 947 4957 et
982 4900 1316 4974 Vespasiano
1354 4911 1512 4974 capta
1552 4910 1678 4971 est,
1717 4919 1878 4962 orare
1907 4908 2002 4963 de-

372 5062 381 5075 .
410 4996 564 5059 bent,
604 5006 673 5048 ne
711 4990 836 5064 fuga
862 5009 1051 5049 mrum
1095 4993 1276 5050 hieme
1316 4995 1402 5049 vel
1432 4995 1657 5054 sabbato
1690 4996 1786 5053 ﬁat
1825 5016 1839 5053 :
1871 4998 1999 5070 quia

414 5087 471 5143 in
522 5085 695 5141 altero
744 5084 945 5140 duritia
992 5086 1210 5159 frigoris
1253 5087 1508 5158 prohibet
1546 5088 1616 5144 ad
1648 5089 1995 5146 solitudinem

414 5191 662 5252 pergere,
708 5184 763 5231 et
811 5174 867 5230 in
917 5177 1189 5232 montibus
1238 5177 1576 5251 desertisque
1624 5179 1845 5236 latitare
1883 5196 1898 5235 :
1940 5180 1998 5236 in

416 5270 588 5325 altero
616 5276 798 5324 autem
833 5266 1193 5336 transgressio
1222 5267 1355 5340 legis
1387 5278 1489 5338 est,
1526 5271 1571 5325 si
1599 5270 1788 5343 fugere
1808 5268 1998 5326 volue-

417 5359 549 5426 rint,
590 5365 685 5413 aut
714 5372 863 5413 mors
892 5356 1200 5424 imminens,
1240 5358 1285 5414 si
1314 5361 1698 5416 remanserint.
1727 5359 1783 5415 Si
1813 5369 1997 5417 autem

421 5454 489 5509 de
509 5452 974 5509 consummatione
1001 5451 1185 5508 mundi
1212 5454 1547 5527 intelligitur,
1591 5458 1693 5512 hoc
1717 5458 1995 5528 przeccpit,

420 5552 480 5600 ut
507 5559 613 5600 non
642 5540 961 5615 refrigescat
983 5544 1116 5621 ﬁdes
1141 5555 1327 5601 nostra
1345 5589 1359 5615 ,
1391 5555 1446 5603 et
1469 5547 1524 5603 in
1548 5546 1826 5603 Christum
1856 5548 1999 5603 cari-

422 5645 541 5691 tas:
573 5649 746 5702 neque
776 5644 832 5690 ut
865 5636 1024 5691 otiosi
1066 5636 1120 5691 in
1148 5652 1312 5708 opere
1352 5636 1448 5692 Dei
1477 5645 1791 5707 torpeamus
1831 5638 2003 5695 virtu—

422 5738 536 5785 tum
564 5729 806 5786 sabbato.

2103 4629 2520 4686 cennovennalis
2546 4628 2685 4687 lunae
2720 4630 2956 4687 circulus
2992 4620 3180 4703 viginti
3230 4642 3352 4689 octo
3377 4674 3411 4703 ,,
3441 4620 3693 4715 solis'au-
3741 4656 3752 4666 -

2088 4727 2235 4787 .tem,
2260 4719 2353 4791 qui
2377 4719 2581 4775 vicenis
2609 4721 2927 4790 octonisque
2950 4720 3315 4778 consummari
3348 4721 3483 4777 solet
3509 4721 3691 4793 annis,

2104 4811 2291 4869 decem
2318 4819 2374 4867 et
2397 4826 2587 4867 novem
2613 4810 2811 4897 habeat
2840 4812 3075 4903 circulus
3096 4792 3371 4869 lbissextos
3392 4813 3571 4889 decies
3598 4802 3689 4903 uo-

2068 4903 2223 4961 .nies
2266 4911 2538 4976 septenos,
2577 4902 2633 4961 id
2669 4890 2781 4977 est,
2802 4913 3017 4960 centum
3040 4890 3292 4987 J'trig'inta
3322 4914 3433 4989 tres
3475 4890 3691 4989 menses

2103 4993 2307 5051 solares
2343 4994 2510 5051 vicies
2548 4996 2718 5051 octies
2745 4995 3015 5077 ducentos
3032 4995 3221 5077 viginti
3254 4982 3308 5063 et
3328 4982 3553 5077 octo,'id
3583 4982 3693 5077 est,

2104 5092 2231 5142 octo
2252 5085 2422 5141 millia
2456 5087 2718 5143 ducentos
2743 5072 3017 5158 octoginta
3056 5066 3562 5169 quatuoraMenses
3597 5066 3694 5169 au~

2105 5186 2214 5234 tem
2245 5177 2465 5236 lunares
2498 5179 2665 5236 vicies
2686 5179 2856 5236 octies
2886 5195 3116 5248 ccxxxv,
3147 5160 3201 5235 id
3227 5188 3340 5251 est,
3380 5160 3687 5261 sexmillia

2106 5284 2281 5325 anxx
2314 5270 2467 5337 dies,
2522 5269 2763 5341 exceptis
2817 5269 3101 5339 hissextis,
3152 5268 3686 5351 vicies‘octiesquu,

2108 5376 2401 5426 nccccxxv,
2452 5359 2507 5415 id
2560 5340 2691 5429 est,
2728 5375 3146 5428 cxcxvu,ct.xxx.
3198 5340 3691 5437 Appositis'aiitcui

2108 5452 2361 5511 bissenis
2394 5466 2834 5531 cxcnvu,cccxtn,
2881 5451 2973 5525 qui
3017 5452 3104 5509 ubi
3137 5436 3495 5531 memoratam
3518 5432 3694 5531 exilir-

2107 5543 2247 5623 dine'
2297 5542 2566 5599 mensium
2624 5524 2949 5627 dierumque
2988 5558 3257 5601 summam
3308 5514 3689 5641 pomplevetqi‘t,

2107 5612 2247 5690 mox.
2277 5634 2332 5689 in
2350 5649 2409 5690 se
2434 5634 2610 5704 ipsum
2637 5612 2915 5691 revolutus
2944 5620 3139 5691 cuncta
3162 5675 3176 5702 ,
3208 5612 3337 5711 quiia
3360 5612 3690 5711 advsolil's'vel

2107 5723 2247 5778 luna:
2273 5739 2491 5779 cursum
2546 5724 2840 5793 pertinent,
2871 5723 3097 5791 eodem,
3142 5739 3252 5795 quo
3276 5706 3690 5795 praeteriéFahi,

2111 5831 2324 5886 semper
2361 5824 2544 5871 tenore
2597 5824 2884 5871 restaurat.
2941 5815 3173 5871 Tantum
3221 5814 3349 5871 anni
3398 5812 3689 5871 Dominicae
