4074 6324
1082 397 1090 438 ι
1107 435 1110 438 .

392 405 503 517 iis

393 677 450 734 et
467 717 469 730 ,
485 666 826 736 indictiones,
855 680 1078 748 quoquo
1093 663 1337 719 ferantur
1359 663 1413 720 in
1436 653 1625 718 Ordine
1646 661 1722 732 nil
1743 662 1980 730 siderum

396 766 828 829 cursum,,atque
849 746 968 818 ideo
989 756 1064 812 nil
1084 755 1355 827 paschalis
1383 753 1572 812 calculi
1593 754 1839 810 ordinem
1871 746 1986 826 mo?

395 858 540 916 vent.
569 849 714 918 Anni
751 850 896 914 enim
918 849 1072 921 juxta
1107 849 1419 920 allegoriam
1453 849 1744 919 aliquando
1769 849 1983 905 aeterni-

395 950 579 1006 tatem,
619 939 908 1010 aliquando
937 939 1259 998 brevitatem
1293 940 1544 996 humanae
1591 939 1716 994 vitae
1772 938 1982 1010 signiﬁ-

392 1040 556 1093 cant:
587 1031 643 1088 in
673 1030 768 1092 illo
792 1030 937 1085 enim
960 1031 1297 1100 prophetico,
1328 1031 1420 1085 ubi
1446 1032 1512 1084 ad
1534 1031 1701 1085 Deum
1745 1029 1980 1102 dicitur:

396 1121 474 1178 Tu
497 1131 673 1174 autem
693 1120 831 1174 idem
850 1121 958 1190 ipse
983 1138 1037 1174 es
1053 1160 1067 1185 ,
1102 1129 1150 1174 et
1179 1121 1304 1174 anni
1329 1121 1406 1176 tui
1429 1136 1533 1174 non
1553 1115 1982 1190 deﬁcient(Psal.

389 1212 464 1282 .cn)
486 1252 502 1276 ,
532 1219 727 1268 natura
755 1210 872 1281 ejus
905 1211 1006 1266 sub
1040 1210 1304 1266 brevitate
1325 1211 1669 1267 declaratur:
1705 1213 1833 1282 quia
1871 1211 1987 1281 ipse

393 1304 541 1360 solus
565 1303 716 1358 novit
748 1317 889 1368 esse,
916 1301 1008 1372 qui
1035 1309 1096 1356 ut
1120 1302 1213 1369 sit,
1240 1302 1346 1358 alio
1366 1317 1476 1357 non
1508 1310 1692 1372 egeret
1716 1302 1984 1371 adjutore.

391 1395 534 1454 Alibi
569 1401 775 1458 autem,
802 1392 892 1448 ubi
947 1393 1209 1462 scriptum
1258 1393 1378 1448 est:
1418 1393 1558 1447 Anni
1589 1393 1790 1457 nostri,
1852 1393 1988 1446 sicut

393 1503 612 1551 aranea,
653 1484 1048 1538 meditabantur
1088 1481 1264 1555 (Psal.
1304 1483 1564 1556 Lxxxtx);
1596 1483 1987 1552 malignitatem

392 1582 520 1651 vitae
564 1586 766 1636 nostrae
795 1579 972 1650 posita
1023 1579 1319 1634 similitudo
1363 1579 1620 1634 declarat.
1650 1579 1865 1633 Aranea
1905 1586 1992 1634 est

391 1676 536 1744 enim
588 1672 794 1728 animal
831 1672 1010 1730 debile
1052 1687 1117 1728 ac
1169 1672 1566 1734 tenuissimum,
1611 1670 1756 1740 quod
1805 1678 1987 1726 trans-

393 1767 644 1822 euntibus
666 1765 871 1820 muscis
893 1764 960 1818 ad
981 1779 1163 1820 escam
1189 1763 1291 1818 sibi
1318 1763 1715 1834 procurandain
1742 1762 1991 1832 quaedam

387 1859 528 1928 .retia
559 1857 743 1913 dolosa
766 1855 1023 1912 contexit.
1067 1855 1158 1911 Sic
1188 1856 1316 1926 anni
1344 1871 1553 1921 eorum,
1593 1855 1684 1924 qui
1709 1854 2018 1915 sceleratis:

1169 527 1172 532 _
1231 541 1234 546 _
1275 533 1278 538 ν
1320 413 1325 424 ’
1403 429 1492 509 οε
1530 404 2092 511 υΝιῩΕιὶεόἰίΒιιί
2130 415 2293 508 xxu.
2329 405 2402 494 ί-
2439 404 2678 509 Lina.

393 571 788 632 Incarnationis
821 585 918 626 suo
949 579 1098 626 certo
1130 572 1343 630 tramite
1373 568 1659 638 proﬁciunt
1687 568 1740 622 in
1767 567 1976 638 majus:
2007 583 2063 642 Α

3565 448 3668 503 ’506

2681 564 2906 622 CAPUT
2944 563 3079 618 XIII.

2715 656 2793 710 De
2826 652 3037 709 sa’culo.

2157 751 2365 808 Saecula
2389 751 2826 824 generationibus
2871 755 3149 814 constant,
3183 754 3239 802 et
3297 745 3417 800 inde
3455 743 3673 812 saecula,

2085 846 2230 915 quod
2263 861 2323 901 se
2350 851 2662 915 sequantur.
2719 841 3056 897 Abeuntibus
3096 837 3240 892 enim
3273 833 3392 888 aliis
3421 833 3513 888 alii
3561 848 3678 887 suc—

2085 935 2303 992 cedunt.
2337 936 2475 991 Hinc
2508 935 2725 1006 quidam
2752 930 3255 1003 quinquagesimum
3284 941 3484 981 annum
3509 941 3680 980 saecu-

2085 1026 2197 1081 lum
2240 1027 2473 1100 dicunt,
2528 1041 2689 1096 quem
2738 1023 2952 1080 Hebraei
3002 1020 3284 1076 Jubilaeum
3323 1025 3537 1073 vocant.
3595 1015 3677 1071 Ob

2087 1117 2228 1173 hanc
2254 1133 2471 1174 causam
2518 1126 2573 1172 et
2611 1116 2701 1171 ille
2732 1115 3010 1179 Hebraeus,
3044 1113 3136 1183 qui
3181 1119 3401 1182 pr0pter
3446 1122 3675 1164 uxorem

2089 1218 2145 1264 et
2195 1209 2393 1266 liberos
2450 1223 2637 1263 amans
2689 1206 2968 1262 dominum
3029 1219 3222 1268 suum,
3274 1217 3404 1255 aure
3459 1207 3678 1270 pertusa

2089 1302 2310 1360 servitio
2333 1301 2669 1372 subjugatur,
2701 1298 2908 1355 servire
2939 1295 3161 1366 jubetur
3185 1296 3241 1349 in
3277 1292 3553 1356 saeculum,
3578 1290 3681 1344 hoc

2089 1403 2193 1457 est,
2224 1407 2397 1464 usque
2425 1393 2490 1448 ad
2517 1407 2716 1448 annum
2758 1388 3260 1461 quinquagesimum
3291 1383 3488 1455 (Exod.
3537 1381 3678 1452 χχι).

2088 1484 2394 1554 Aliquando
2439 1499 2538 1552 pro
2576 1482 2829 1552 praesenti
2879 1481 2989 1534 vita
3039 1478 3274 1549 positum
3312 1481 3430 1539 est,
3485 1481 3545 1526 ut
3599 1481 3682 1526 est

2091 1575 2222 1631 illud
2248 1593 2260 1629 :
2297 1574 2632 1644 Con/itemini
2656 1571 2906 1637 Domino,
2939 1571 3187 1641 quoniam
3209 1568 3373 1621 bonus
3392 1606 3406 1629 ,
3431 1564 3679 1635 quoniam

2089 1668 2146 1722 in
2186 1667 2436 1722 saeculum
2461 1665 2824 1721 misericordia
2877 1665 2992 1732 ejus
3039 1657 3210 1730 (Psal.
3246 1656 3468 1727 cxxxv).
3502 1654 3682 1709 Saecu-

2089 1759 2226 1824 lum,
2257 1759 2416 1828 liujus
2440 1758 2564 1812 vitae
2607 1754 2873 1825 signiﬁcat
2905 1767 3150 1816 cursum,
3196 1749 3286 1803 ubi
3317 1745 3500 1801 miseri
3558 1751 3684 1797 sunt

2093 1852 2399 1922 quicunque
2453 1847 2772 1917 delinquunt
2807 1862 2820 1898 :
2855 1843 2946 1898 ubi
3003 1841 3086 1896 fas
3142 1849 3228 1896 est
3279 1839 3441 1892 corda
3497 1844 3683 1890 nostra

394 1950 646 2022 operibus
675 1948 842 2004 dediti
865 1957 1011 2014 sunt,
1047 1948 1102 2002 in
1130 1947 1338 2004 artibus
1359 1955 1415 2002 et
1438 1946 1677 2002 subdolis
1707 1947 1986 2002 machina-
2017 1944 2065 2002 B
2093 1944 2354 2010 converti,
2386 1951 2442 1997 et
2461 1939 2887 1996 misericordiam
2931 1935 3210 2006 postulari.
3239 1932 3314 1987 lbi
3344 1930 3489 1985 enim
3535 1929 3684 1982 dam-

399 2043 631 2098 tionibus
667 2048 1024 2110 occupantur.
1054 2039 1210 2107 Quod
1231 2047 1414 2095 autem
1442 2041 1837 2110 subsequenter
1860 2040 1997 2095 dici-

397 2145 518 2189 tur:
543 2132 668 2186 Dies
696 2148 957 2188 anno-rum
1001 2140 1303 2186 nostrorum
1350 2132 1406 2186 in
1435 2132 1563 2202 ipsis
1611 2147 1717 2187 Lxx
1751 2131 1917 2185 anni:
1949 2128 1995 2185 si

395 2237 571 2282 autem
601 2227 658 2280 in
698 2224 1069 2296 potentatibus,
1095 2240 1242 2280 Lxxx
1288 2225 1415 2280 anni
1446 2232 1498 2281 et
1545 2231 1740 2279 caetera
1769 2241 1780 2277 :
1819 2223 1863 2278 si
1894 2237 1996 2276 an-

395 2334 496 2386 nos
519 2318 652 2374 istos
681 2317 751 2373 ad
781 2316 1024 2378 litteram
1052 2315 1285 2373 velimus
1333 2317 1644 2382 advertere,
1670 2313 1870 2369 multos
1901 2312 1999 2369 ho-

396 2412 604 2486 mitium
628 2407 1116 2480 etnonagenarios
1158 2408 1299 2465 bene
1341 2408 1590 2463 viventes
1647 2405 1910 2468 invenies,
1944 2411 1999 2458 et

398 2503 595 2558 iterum
620 2501 850 2561 necdum
884 2500 1325 2571 septuagenarios
1361 2498 1640 2554 debilitate
1669 2495 1951 2552 confectos
1981 2513 1993 2548 :

398 2601 480 2660 ut,
510 2591 653 2661 quod
702 2590 791 2646 hic
829 2590 1048 2656 dicitur,
1081 2597 1331 2644 constare
1370 2587 1595 2642 minime
1630 2601 1791 2656 posse
1818 2585 2001 2638 videa-

401 2693 487 2748 tur
517 2701 530 2736 :
565 2683 682 2762 sed
704 2696 990 2737 numerum
1045 2679 1520 2751 septuagenarium
1566 2677 1672 2749 legi
1703 2676 1882 2745 potius
1911 2675 2003 2729 dc-

403 2783 590 2850 center
612 2781 880 2844 aptamus,
914 2785 1021 2840 quo
1055 2770 1266 2825 sabbati
1296 2770 1440 2824 diem
1461 2765 1862 2822 observandum
1882 2778 2003 2819 esse

402 2865 660 2936 prmeepit
696 2881 710 2917 :
762 2861 1172 2932 octogenarium
1232 2874 1363 2914 vero
1398 2927 1404 2936 ι,
1433 2856 1629 2929 populo
1695 2855 2002 2911 Christiano

404 2959 680 3032 aptissime
708 2956 1049 3027 deputamus,
1091 2954 1183 3025 qui
1210 2961 1462 3008 octavum
1491 2951 1633 3007 diem
1657 2949 2003 3006 resurrectio-

408 3051 490 3106 nis
522 3048 817 3116 Dominica:
869 3056 1054 3103 sancta
1096 3045 1394 3102 festivitate
1432 3050 1742 3099 veneratur.
1771 3040 2002 3111 Octoge-

406 3141 614 3196 narium
641 3154 772 3195 vero
800 3138 1006 3194 addidit
1049 3137 1102 3192 in
1132 3135 1534 3206 potentatibus:
1566 3133 1694 3204 quia
1742 3140 1873 3186 tunc
1908 3145 2000 3185 re-

406 3246 532 3287 vera
560 3232 825 3302 coepimus
871 3228 1071 3284 habere
1095 3227 1416 3298 potentiam,
1451 3223 1666 3294 quando
1700 3220 1857 3277 nobis
1905 3219 2038 3284 Do-,

2095 2037 2244 2091 natio
2273 2045 2356 2090 est
2381 2033 2626 2090 conﬁteri
2671 2039 2979 2101 peccatum,
3004 2027 3096 2082 tibi
3122 2031 3334 2081 constat
3371 2035 3491 2075 esse
3537 2018 3686 2089 judi-

2097 2129 2260 2183 cium.
2316 2126 2618 2196 Aliquando
2671 2140 2769 2194 pro
2823 2121 3122 2176 aeternitate
3176 2116 3433 2187 ponitur,
3491 2121 3552 2166 ut
3604 2118 3689 2166 est

2099 2219 2230 2274 illud
2257 2237 2270 2272 :
2303 2219 2508 2272 Memor
2538 2216 2638 2286 fuit
2675 2215 2729 2267 in
2758 2211 3011 2267 saeculum
3043 2206 3358 2262 Testamenti
3395 2206 3478 2258 sui
3510 2200 3682 2274 (Psal.

2098 2311 2238 2384 ClV);
2275 2313 2399 2381 quia
2451 2307 2711 2380 quidquid
2763 2305 3024 2359 Dominus
3075 2300 3359 2372 promisit,
3413 2312 3512 2368 per
3561 2307 3695 2348 eum

2102 2399 2372 2476 [perenni]
2405 2398 2660 2452 ﬁrmitate
2702 2406 3019 2450 mansurum
3054 2397 3157 2446 est.
3199 2386 3504 2458 Aliquando
3551 2400 3689 2454 prin-

2100 2473 2322 2550 teritum
2369 2499 2582 2559 tempus
2628 2485 2916 2558 signiﬁcat,
2941 2490 2998 2537 ut
3018 2490 3102 2536 est
3124 2479 3294 2534 illud:
3325 2473 3692 2531 Misericordia

2101 2583 2314 2640 Domini
2342 2601 2374 2637 a
2402 2580 2594 2637 swculo
2625 2578 2797 2652 (Psal.
2831 2575 2920 2646 xi.)
2948 2617 2962 2641 ,
3016 2575 3120 2629 hoc
3155 2582 3259 2638 est,
3317 2587 3346 2625 a
3393 2565 3692 2640 primordio

2102 2677 2290 2734 mundi
2320 2675 2588 2730 declarata
2618 2680 2702 2728 est
2735 2671 2789 2725 in
2847 2667 3094 2723 ﬁdelibus
3133 2665 3282 2719 suis:
3326 2661 3396 2715 Et
3431 2675 3590 2730 usque
3635 2657 3691 2710 in

2104 2771 2354 2826 swculum
2384 2767 2584 2832 sazcult',
2614 2767 2717 2821 hoc
2743 2771 2828 2820 est
2852 2802 2868 2828 ,
2906 2762 2959 2816 in
2997 2755 3248 2828 praesenti
3299 2762 3354 2809 et
3407 2753 3464 2807 in
3510 2749 3694 2805 futuro

2105 2861 2319 2917 saeculo.
2349 2859 2439 2915 Sic
2471 2875 2599 2929 ergo
2628 2866 2712 2911 ter
2741 2854 2832 2910 hic
2863 2851 3099 2923 positum
3128 2846 3384 2903 saaculum
3422 2841 3693 2897 aeternita-

2108 2963 2217 3009 tem
2241 2952 2452 3008 Domini
2481 2949 2724 3006 absolute
2757 2947 3002 3017 designat
3028 2962 3040 2997 :
3073 2939 3329 3013 quoniam
3359 2944 3415 2991 et
3455 2933 3544 2989 ille
3569 2941 3694 2986 ante

2107 3043 2384 3108 saeculum,
2423 3051 2478 3096 et
2501 3042 2556 3096 in
2590 3038 2802 3101 saeculo,
2832 3044 2888 3091 et
2911 3041 3032 3105 post
3070 3031 3216 3087 istud
3250 3027 3504 3084 saeculum
3533 3023 3696 3078 misc-

2108 3137 2280 3192 rioors
2329 3147 2449 3189 esse
2477 3137 2831 3187 monstratur.
2872 3124 3050 3180 Etas'
3069 3122 3389 3192 plerumque
3415 3114 3611 3171 dicitur
3641 3120 3697 3174 et

2108 3245 2208 3302 pro
2232 3244 2339 3284 uno
2372 3241 2514 3281 anno
2561 3234 2622 3279 ut
2658 3225 2711 3278 in
2763 3220 3082 3277 annalibus:
3140 3224 3196 3271 et
3231 3229 3330 3284 pro
3367 3218 3597 3281 septem,
3638 3215 3698 3261 ut

410 3324 590 3396 minus,
610 3321 874 3398 Salvator
903 3318 1173 3390 apparuit.
1204 3316 1297 3372 Isti
1343 3330 1476 3386 ergo
1521 3322 1646 3369 sunt
1692 3313 1809 3368 dies
1838 3327 2002 3366 anno-
2027 3311 2074 3376 C
2106 3297 2342 3377 immanis
2369 3337 2381 3371 ε
2414 3333 2514 3387 ρπο
2545 3324 2782 3380 centum,
2813 3319 2873 3367 ut
2909 3326 3009 3381 pro
3038 3305 3228 3378 quovis
3257 3313 3514 3373 tempore.
3541 3297 3698 3355 Unde

389 3431 549 3490 rum,
575 3416 667 3485 qui
699 3413 852 3468 nobis
881 3410 1177 3483 probabilis
1199 3409 1324 3464 vita:
1351 3406 1638 3464 conferunt
1667 3405 1991 3460 claritatem.

407 3508 597 3584 Annus
622 3506 883 3561 Dominus
907 3501 1066 3558 Jesus
1101 3501 1352 3556 Christus
1395 3515 1427 3554 a
1471 3498 1794 3568 quihusdam
1845 3504 1998 3565 puta-

383 3608 518 3672 tur,
556 3605 616 3650 ut
654 3597 708 3650 in
734 3593 981 3666 psalmo:
1015 3591 1296 3646 Benedices
1330 3604 1576 3643 coronam
1601 3586 1726 3640 anni
1764 3584 2001 3654 benigni-

409 3679 534 3744 tatis
577 3697 700 3750 tuw,
727 3695 775 3740 et
811 3685 981 3754 campi
1025 3684 1102 3736 tui
1155 3683 1488 3752 replebantur
1534 3682 1768 3734 ubertate
1811 3675 1994 3749 (Psal.

411 3778 583 3850 inv).
613 3778 836 3841 Annus,
865 3788 1103 3846 praesens
1141 3781 1352 3844 tempus
1399 3773 1466 3826 ab
1513 3771 1744 3825 adventu
1783 3765 2000 3822 Domini

385 3861 583 3941 usque
613 3865 665 3924 in
697 3859 858 3924 ﬁnem
896 3864 1102 3931 mundi,
1129 3863 1184 3918 in
1219 3878 1326 3933 quo
1350 3860 1669 3934 paenitentia
1698 3867 1754 3913 et
1804 3855 2002 3911 remis-

415 3963 494 4016 sio
522 3968 868 4033 peccatorum
923 3955 1250 4028 praadicatur
1273 3995 1288 4020 ,
1323 3962 1383 4007 ut
1427 3959 1508 4007 est
1555 3949 1684 4006 illud
1739 3947 1794 4003 in
1824 3945 1960 4001 Isaia
1985 3984 2000 4011 ,

390 4129 392 4134 _
417 4053 719 4130 Prwdi’care
745 4039 942 4106 annum
966 4047 1276 4121 placabilem
1309 4046 1553 4110 Domino,
1589 4053 1639 4098 et
1692 4043 1828 4096 diem
1850 4039 2006 4095 retri-

389 4131 799 4215 :butionisUsa.
829 4142 962 4212 LXI).
1004 4139 1139 4195 Hinc
1164 4137 1292 4193 etin
1336 4135 1626 4207 Evangelio
1656 4132 1891 4203 agricola
1935 4131 2004 4185 ad

418 4223 703 4292 Dominum
735 4248 892 4288 suum
925 4231 1003 4285 ait
1043 4246 1058 4284 :
1102 4227 1318 4283 Dimitte
1344 4225 1493 4279 illam
1531 4235 1578 4279 ct
1622 4224 1717 4277 hoc
1740 4237 1880 4276 anno
1919 4235 2007 4273 us-

407 4321 642 4400 quedum
685 4326 886 4396 fodiam
924 4324 1063 4378 circa
1118 4320 1329 4398 illam,
1367 4327 1415 4372 et
1460 4317 1663 4370 mittam
1724 4312 2003 4383 cophinum

418 4395 657 4495 stercoris
686 4404 996 4495 (Luc.xm).
1027 4411 1169 4466 Anni
1199 4395 1408 4475 sex,de
1437 4406 1630 4475 quibus
1651 4403 1705 4458 in
1732 4402 1848 4473 lege
1867 4415 2006 4472 prte-

412 4493 617 4589 _cipitur
643 4491 840 4582 (Exod.
867 4503 1006 4577 xxi),
1035 4509 1094 4558 ut
1120 4503 1163 4557 si
1192 4515 1328 4572 puer
1353 4499 1611 4554 Hebraeus
1638 4503 1852 4563 emptus
1877 4505 2005 4563 pre-

2099 3423 2154 3470 et
2183 3422 2313 3467 aetas
2351 3423 2580 3479 tempus,
2611 3407 2754 3477 quod
2783 3405 2849 3460 de
2901 3401 3085 3458 multis
3126 3395 3338 3454 saeculis
3368 3390 3652 3449 instruitur
3677 3407 3692 3442 :

2101 3513 2156 3560 et
2194 3503 2336 3559 dicta
2380 3509 2535 3565 mtas,
2559 3497 2715 3568 quasi
2745 3495 2952 3560 aevitas,
2984 3491 3038 3546 id
3075 3497 3160 3546 est
3186 3529 3201 3554 ,
3250 3482 3545 3542 similitudo
3572 3480 3694 3537 aevi.

2103 3593 2237 3648 Nam
2256 3606 2429 3647 aevum
2452 3599 2535 3645 est
2553 3597 2686 3643 aetas
2705 3592 2986 3658 perpetua,
3003 3582 3157 3652 cujus
3170 3593 3345 3649 neque
3367 3574 3582 3630 initium
3607 3585 3700 3626 ne-

2103 3699 2208 3755 que
2229 3691 2532 3739 extremum
2556 3681 2804 3737 noscitur
2841 3697 2854 3732 :
2891 3675 3036 3747 quod
3057 3672 3232 3729 Graeci
3263 3660 3460 3725 vocant
3485 3680 3652 3722 conas
3683 3682 3695 3717 :

2107 3781 2252 3850 quod
2276 3777 2572 3847 aliquando
2608 3774 2749 3847 apud
2783 3789 2878 3830 eos
2904 3786 3004 3844 pro
3035 3767 3253 3834 saeculo,
3286 3761 3574 3835 aliquando
3599 3773 3701 3830 pro

2108 3879 2310 3925 aeterno
2338 3867 2580 3938 ponitur.
2611 3866 2764 3922 Unde
2792 3873 2846 3920 et
2869 3863 3008 3934 apud
3030 3861 3226 3916 latinos
3256 3865 3341 3913 est
3366 3854 3693 3912 derivatum.

2109 3957 2269 4014 [Etas
2301 3964 2480 4012 autem
2534 3970 2702 4026 prope
2726 3953 2936 4009 duobus
2965 3951 3144 4007 modis
3193 3947 3406 4004 dicitur.
3462 3943 3571 3996 Aut
3619 3947 3704 3996 cat

2109 4052 2254 4109 enim
2279 4050 2534 4114 hominis,
2551 4048 2694 4104 sicut
2719 4045 2970 4108 infantia,
2987 4042 3268 4111 juventus,
3297 4043 3582 4092 senectus:
3609 4041 3704 4087 aut

2108 4144 2327 4211 mundi,
2373 4142 2526 4213 cujus
2556 4141 2731 4213 prima
2779 4147 2910 4193 tetas
2963 4143 3046 4191 est
3096 4134 3162 4187 ab
3198 4130 3371 4186 Adam
3429 4141 3602 4196 usque
3633 4126 3702 4181 ad

2107 4237 2258 4295 Noe:
2289 4237 2524 4294 secunda
2559 4251 2590 4290 a
2624 4233 2737 4289 Noe
2763 4245 2936 4302 usque
2984 4230 3052 4285 ad
3091 4227 3364 4282 Abraham
3396 4242 3409 4278 :
3444 4221 3606 4282 tertia
3634 4221 3703 4276 ab

2106 4328 2383 4385 Abraham
2418 4339 2590 4396 usque
2618 4324 2683 4379 ad
2716 4321 2884 4376 David
2909 4338 2921 4374 :
2956 4325 3148 4389 quarta
3175 4331 3208 4370 a
3234 4311 3404 4370 David
3431 4324 3601 4380 usque
3631 4309 3702 4364 ad

2108 4421 2489 4493 migrationem
2546 4415 2683 4473 Juda
2735 4415 2790 4470 in
2844 4408 3234 4482 Babyloniam:
3287 4405 3474 4476 quinta
3511 4399 3705 4457 deinde

2112 4529 2282 4584 usque
2311 4512 2379 4566 ad
2401 4511 2692 4565 adventum
2728 4504 3026 4562 Salvatoris
3057 4503 3111 4557 in
3136 4513 3301 4556 carne
3326 4516 3340 4551 :
3371 4503 3545 4561 sexta,
3583 4507 3705 4563 quae

401 4585 496 4686 Vitio
525 4601 690 4678 fuerit
713 4599 930 4656 domino
967 4610 1064 4651 suo
1085 4593 1301 4686 serviat,
1332 4598 1387 4645 et
1415 4590 1466 4643 in
1487 4587 1714 4656 septimo
1741 4585 1805 4686 ad
1846 4583 2014 4640 liber4.
2114 4583 2259 4660 ηηηο
2286 4603 2486 4673 θείων,
2516 4614 2687 4670 usque
2721 4613 2829 4669 quo
2864 4596 3098 4652 mundus
3152 4594 3255 4648 ίειθ
3313 4589 3552 4644 ﬁniatur.
3609 4583 3703 4640 Sic

422 4705 589 4752 tatem
622 4700 795 4755 exeat,
822 4703 1061 4761 prasens
1085 4683 1393 4756 signiﬁcant
1415 4689 1627 4749 tempus
1657 4695 1670 4731 :
1701 4675 1826 4745 quia
1853 4689 2010 4729 mun-
2033 4665 2089 4725 D
2112 4715 2242 4770 ergo
2271 4665 2450 4769 p6,“,
2473 4665 2664 4750 mun'di
2689 4665 2820 4750 aias
2846 4692 2914 4748 ad
2963 4685 3371 4747 simﬂimdinem
3393 4680 3495 4736 ωνί
3525 4676 3703 4734 δοηη,

388 4783 521 4844 'dus
560 4801 656 4843 sex
693 4784 883 4840 diebus
916 4781 1091 4836 factus
1118 4784 1221 4832 est.
1247 4769 1503 4829 Jubilaeus
1527 4770 1908 4838 interpretatur
1930 4780 2012 4820 re-

412 4857 915 4937 (r'iii'ssionis'annus,
960 4878 1045 4927 est
1088 4869 1234 4925 enim
1267 4863 1567 4921 Hebraicus
1596 4874 1799 4924 sermo,
1827 4865 1883 4913 et
1912 4871 2012 4912 nu-

387 4957 627 5040 '.inerus,
655 4967 746 5038 qui
795 4963 1030 5036 septenis
1055 4971 1322 5015 annorum
1365 4951 1811 5017 hebdomadibus,
1838 4948 1892 5003 id
1929 4941 2014 5004 est

417 5049 549 5116 'xttx
600 5058 755 5114 annis
800 5053 1022 5117 texitur,
1054 5053 1108 5106 in
1165 5065 1273 5119 quo
1327 5044 1714 5117 clangebantur
1768 5042 1928 5107 tubae,
1960 5049 2015 5096 et

428 5152 494 5206 ad
517 5139 707 5206 omnes
742 5141 1111 5202 revertebatur
1140 5140 1362 5210 antiqua
1396 5135 1689 5206 possessio,
1708 5132 1888 5188 debita
1915 5133 2010 5187 ab-

393 5229 399 5246 λ
429 5232 804 5318 solvebantur,"
822 5234 1281 5293 conﬁrmabantur
1309 5227 1607 5283 libertates.
1641 5223 1796 5279 Hunc
1818 5239 2008 5280 nume-

413 5351 551 5412 rum
576 5317 744 5410 etiam
786 5331 850 5412 in.
870 5327 1056 5385 diebus
1073 5324 1420 5380 Pentecostes
1447 5328 1504 5376 et
1545 5319 1646 5390 ipsi
1678 5318 2011 5374 celebramus

393 5405 554 5502 'jpolst
599 5405 822 5502 Domini
845 5407 1320 5502 resurrectionem,
1348 5411 1577 5467 remissa
1615 5408 1789 5478 culpa,
1822 5418 1878 5463 et
1926 5417 2011 5462 to-

420 5495 540 5572 ltius
559 5499 723 5571 debiti
748 5497 1114 5584 eliirogra'pho
1159 5512 1438 5570 evacuato,
1466 5502 1534 5556 ab
1562 5500 1707 5555 omni
1758 5511 1896 5553 nexu
1944 5497 2012 5552 li-

431 5591 571 5676 beri,
604 5608 958 5679 suscipientes
982 5603 1354 5660 advenientem
1395 5599 1450 5654 in
1499 5611 1598 5652 nos
1635 5593 1872 5666 gratiam
1902 5591 2017 5649 Soi-

433 5705 574 5790 ritus
603 5691 805 5786 sancti.
1087 5689 1090 5694 ’
1257 5689 1260 5692 ’
1331 5691 1334 5696 ’
1488 5685 1490 5688 ’

2113 4791 2199 4847 nis
2223 4786 2546 4857 comparari.

2699 4871 2927 4932 CAPUT
2967 4868 3108 4926 XIV.

2548 4965 2626 5022 De
2662 4981 2755 5021 sea:
2793 4961 3033 5020 aetatibus
3059 4958 3259 5016 saculi.

2189 5065 2266 5119 De
2297 5077 2394 5121 sex
2423 5060 2582 5132 hujus
2602 5059 2788 5115 mundi
2809 5057 3059 5114 aetatibus
3083 5069 3115 5108 a
3148 5050 3381 5124 septima
3405 5047 3494 5104 vel
3513 5055 3706 5103 octava

2115 5155 2314 5227 quietis
2351 5154 2584 5224 vitaeque
2610 5148 2848 5206 caelestis
2880 5155 2938 5203 et
2985 5159 3150 5216 supra
3198 5143 3256 5199 in
3299 5139 3708 5212 comparatione

2115 5251 2304 5322 prima:
2332 5244 2685 5304 hebdomadis
2712 5284 2728 5309 ,
2781 5242 2840 5297 in
2887 5255 2996 5310 qua
3041 5237 3276 5294 mundus
3331 5240 3557 5291 ornatus
3599 5241 3705 5297 est,

2119 5339 2398 5410 aliquanta
2422 5333 2878 5407 perstrinximus:
2917 5337 2972 5385 et
3023 5343 3168 5384 nunc
3219 5328 3273 5382 in
3299 5323 3708 5396 comparatione

2119 5432 2218 5488 aevi
2253 5430 2412 5485 unius
2455 5425 2710 5490 hominis,
2741 5423 2833 5494 qui
2874 5423 3241 5477 microcosmos
3265 5417 3452 5474 Graece
3478 5432 3509 5471 a
3533 5415 3710 5486 philo-

2121 5524 2326 5596 sophis,
2351 5521 2455 5576 hoc
2489 5526 2592 5583 est,
2623 5518 2796 5572 minor
2841 5514 3068 5569 mundus
3111 5511 3246 5568 solet
3291 5507 3612 5579 nuncupari,
3644 5505 3711 5560 de

2122 5616 2327 5672 eisdem
2362 5611 2636 5681 aliquanto
2689 5609 2848 5664 latius
2875 5619 3224 5678 exponemus.
3256 5601 3437 5658 Prima
3467 5608 3552 5655 est
3578 5612 3709 5668 ergo

2122 5704 2310 5762 mundi
2340 5687 2500 5770 hujus
2523 5710 2656 5756 aetas
2692 5700 2762 5756 ab
2787 5698 2960 5753 Adam
2987 5711 3158 5766 usque
3187 5694 3254 5750 ad
3271 5692 3402 5758 Noe,
3427 5687 3711 5745 continens

2123 5808 2313 5859 annos,
2344 5793 2500 5862 juxta
2524 5789 2845 5846 Hebraicam
2878 5788 3192 5851 veritatem,
3216 5771 3382 5837 mille
3422 5781 3710 5834 sexcentos

2127 5885 2514 5958 quinquaginta
2550 5899 2646 5950 vn,
2693 5883 2847 5953 juxta
2873 5878 3018 5936 LXX
3069 5879 3417 5945 interpretes,
3462 5881 3629 5932 uacci
3654 5871 3711 5918 θι
