4074 6324
400 384 502 445 507

1060 378 1120 433 Β.
1164 376 1418 436 ΒΑΒΑΝΙ
1456 379 1679 451 MAURI
1715 378 2041 455 ARCHIEP,
2085 381 2397 453 MOGUNT.
2439 382 2725 459 OPERUM
2763 381 2946 440 PARS
2978 383 3044 440 II.

3579 379 3685 451 sua

399 498 944 573 nn,generationes,
961 497 1116 568 juxta
1133 499 1745 579 utramquejeditionem,
1764 514 1992 555 numero
2016 507 2070 591 4
2094 500 2179 557 cio
2210 502 2382 577 magis
2413 502 2661 574 apparuit
2688 501 2995 557 adorandus
3038 518 3053 557 :
3082 501 3225 573 quod
3245 501 3349 559 fuit
3379 504 3552 578 ﬁgura
3578 510 3688 579 pri.

400 596 588 650 decem
618 613 630 648 :
661 608 782 664 qum
812 591 1104 649 universali
1148 600 1233 648 est
1254 591 1430 648 deleta
1460 592 1684 659 diluvio,
1709 591 1850 649 sicut
1875 592 1988 663 pri-

398 701 544 747 mam
579 686 841 759 cujusque
882 684 1117 741 hominis
1137 683 1338 739 oblivio
1368 684 1685 759 demergere
1708 683 1990 742 consuevit

398 786 634 837 aetatem.
669 777 875 847 Quotus
903 775 1052 833 enim
1093 775 1323 847 quisque
1342 782 1451 844 est,
1475 777 1569 850 qui
1619 791 1772 831 suam
1801 790 1986 832 recor—

304 890 313 895 ’
399 872 555 927 detur
612 870 938 927 infantiam?
997 868 1243 924 Secunda
1281 876 1414 924 aetas
1468 884 1499 923 a
1540 868 1655 924 Noe
1698 884 1870 940 usque
1921 865 1990 922 ad

396 964 690 1029 Abraham,
732 962 1108 1036 generationes
1152 959 1305 1037 juxta
1339 960 1661 1016 Hebraicam
1689 960 1987 1016 auctorita-

395 1064 508 1114 tem
554 1058 831 1128 complexa
870 1057 1089 1122 decem,
1146 1070 1314 1109 annos
1372 1061 1549 1113 autem
1596 1071 1796 1123 ccxxn,
1826 1068 1988 1127 porro

390 1148 548 1223 juxta
576 1150 903 1220 interpretes
929 1148 1053 1203 anni
1084 1146 1231 1202 mille
1258 1159 1429 1212 Lxxtt,
1458 1149 1838 1221 generationes
1859 1163 1989 1203 vero

395 1260 473 1299 χι.
506 1242 630 1297 Hmc
671 1241 823 1311 quasi
870 1239 1105 1310 pueritia
1162 1238 1261 1293 fuit
1293 1239 1508 1313 generis
1562 1240 1744 1311 populi
1789 1239 1906 1309 Dei,
1937 1246 1991 1311 et

395 1336 516 1397 ideo
546 1335 601 1389 in
628 1334 805 1406 lingua
833 1333 1053 1389 inventa
1084 1338 1187 1397 est,
1216 1332 1270 1386 id
1298 1341 1400 1399 est,
1419 1330 1663 1387 Hebraea.
1691 1332 1735 1386 A
1756 1334 1989 1405 pueritia

395 1445 630 1502 namque
660 1431 821 1485 homo
877 1428 1070 1498 incipit
1099 1441 1262 1483 nosse
1313 1426 1462 1496 loqui
1506 1434 1631 1496 post
1682 1425 1986 1495 infantiam,

393 1538 515 1595 quae
535 1522 664 1578 hinc
684 1519 952 1593 appellata
972 1527 1074 1587 est,
1104 1518 1247 1589 quod
1279 1518 1381 1573 tari
1426 1534 1536 1572 non
1557 1525 1755 1590 potest.
1806 1516 1988 1584 Tertia

395 1616 464 1672 ab
499 1613 778 1671 Abraham
832 1626 1005 1682 usque
1050 1610 1119 1664 ad
1149 1609 1349 1677 David,
1405 1610 1781 1680 generationes
1831 1607 1987 1679 juxta

392 1716 682 1778 utramque
730 1705 1108 1762 auctoritatem
1165 1718 1279 1770 XIV,
1320 1718 1493 1760 annos
1534 1718 1664 1761 vero
1709 1718 1987 1759 DCCCCXLII

393 1801 775 1871 complectens.
824 1796 952 1853 Haec
994 1795 1240 1871 quaedam
1288 1794 1437 1851 velut
1473 1793 1836 1851 adolescentia
1884 1794 1988 1850 fuit

2090 595 2256 650 miliae
2308 594 2641 651 credentium
2708 593 2969 666 gentium.
3045 592 3164 661 Quo
3210 594 3299 651 die
3347 594 3689 659 Dominieum

2091 684 2438 754 Baptismatis
2462 684 2879 741 Sacramentum
2901 692 2956 739 et
2978 693 3298 763 permutata:
3337 704 3493 760 aquae
3519 693 3574 748 in
3603 696 3687 752 vi-

2091 792 2219 831 num
2250 777 2517 853 {actorum
2547 793 2647 848 per
2673 777 2961 833 Dominum
2988 777 3269 852 signorum
3296 783 3563 857 principia
3588 801 3690 844 ex-

2092 871 2337 929 titerunt.
2368 872 2498 926 Duae
2519 880 2647 927 sunt
2672 879 2851 928 autem
2889 871 3205 943 Epiphaniae
3229 891 3242 927 :
3278 876 3474 946 prima,
3501 879 3556 933 in
3582 896 3689 959 qua

2092 973 2251 1022 natus
2283 964 2533 1023 Christus
2575 965 2883 1039 pastoribus
2912 963 3286 1032 llebrmorum,
3321 971 3515 1043 angelo
3544 990 3688 1029 nun-

2091 1058 2282 1135 tiante,
2311 1058 2602 1130 apparuit:
2646 1060 2901 1126 secunda,
2950 1058 3004 1114 in
3038 1075 3145 1129 qua
3188 1075 3255 1117 ex
3296 1066 3537 1135 gentium
3594 1084 3691 1139 p0-

2090 1149 2238 1223 pulo,
2284 1149 2440 1205 stella
2494 1149 2704 1219 indice,
2761 1151 2829 1205 ad
2878 1152 3141 1223 praesepis
3190 1154 3459 1212 cunabula
3502 1175 3689 1231 magos

2092 1241 2411 1311 adoraturos
2462 1241 2728 1296 exhibuit.
2806 1240 3144 1316 Scenopegia
3196 1244 3518 1315 solemnitas
3584 1249 3689 1306 He-

2090 1335 2360 1392 braeorum
2390 1334 2458 1391 de
2479 1333 2669 1391 Graeco
2698 1335 2752 1390 in
2776 1335 3028 1397 Latinum
3071 1338 3547 1411 tabernaculorum
3598 1344 3689 1399 dc-

2092 1426 2289 1487 dicatio
2312 1426 2718 1503 interpretatur,
2753 1442 2873 1499 qua:
2922 1428 3304 1499 celebrabatur
3347 1447 3379 1486 a
3406 1430 3607 1499 Judaeis
3634 1436 3688 1490 in

2090 1522 2409 1577 memoriam
2445 1521 2821 1592 expeditionis,
2849 1537 2970 1577 cum
3014 1523 3080 1578 ab
3106 1522 3342 1601 AEgypto
3364 1528 3601 1599 promoti
3631 1528 3687 1583 in

2091 1614 2462 1672 tabernaculis
2521 1615 2777 1687 agebant,
2807 1623 2863 1671 et
2890 1632 2957 1672 ex
3000 1631 3065 1672 eo
3115 1610 3468 1693 Scenopegia.
3514 1614 3688 1677 Scena

2091 1704 2234 1762 enim
2262 1704 2449 1761 Graece
2488 1705 2895 1761 tabernaculum
2936 1706 3174 1773 dicitur:
3206 1723 3327 1779 quae
3370 1708 3687 1775 solemnitas

2092 1798 2234 1873 apud
2262 1797 2519 1855 Hebraeos
2548 1798 2855 1869 Septembri
2915 1814 3102 1857 mense
3165 1800 3494 1865 celebratur.
3544 1802 3687 1861 Neo-

390 1893 573 1965 populi
597 1894 713 1957 Dei,
740 1909 767 1947 a
795 1906 902 1961 qua
929 1896 1088 1946 aetate
1114 1889 1242 1961 quia
1276 1889 1464 1959 incipit
1514 1890 1676 1945 homo
1703 1904 1862 1960 posse
1889 1905 1985 1961 ge-
2015 1887 2062 1951 Β
2088 1891 2271 1957 menia
2322 1892 2462 1964 apud
2521 1908 2622 1947 nos
2671 1890 2920 1957 Calendae
2949 1933 2964 1959 ,
3013 1896 3154 1963 apud
3201 1892 3454 1952 Hebrmos
3505 1904 3687 1953 autem

391 2001 610 2053 nerare,
636 1992 929 2056 prepterea
982 1981 1264 2041 Matthaeus
1302 1981 1633 2055 evangelista
1684 1982 1987 2055 generatio-

391 2098 523 2141 num
547 2096 617 2136 ex
638 2079 912 2137 Abraham
940 2078 1171 2149 sumpsit
1199 2076 1504 2142 exordium,
1532 2076 1622 2147 qui
1647 2058 1808 2133 etiam
1832 2082 1987 2147 pater

391 2172 635 2246 gentium
685 2170 1014 2233 constitutus
1043 2176 1164 2233 est,
1204 2168 1418 2239 quando
1471 2175 1740 2225 mutatum
1789 2181 1987 2235 nomen

392 2264 606 2336 accepit
642 2260 793 2336 (Gen.
829 2260 984 2332 πίνη).
1019 2259 1222 2327 Quarta
1245 2274 1277 2314 a
1305 2258 1475 2313 David
1516 2274 1688 2329 usque
1717 2258 1785 2314 ad
1810 2266 1987 2327 trans-

390 2356 770 2425 migrationem
826 2351 1140 2425 Babylonis,
1177 2366 1350 2409 annos
1403 2351 1629 2415 habens,
1696 2351 1849 2422 juxta
1882 2350 1989 2417 lle-

388 2447 631 2506 braicam
669 2446 979 2509 veritatem,
1004 2458 1336 2510 ccccnxxm;
1374 2443 1529 2514 juxta
1564 2439 1710 2511 LXX
1752 2443 1986 2501 transla-

390 2540 594 2596 tionem
615 2537 899 2595 duodecim
930 2536 1162 2608 amplius
1190 2554 1203 2591 :
1228 2536 1609 2607 generationes
1630 2535 1785 2607 juxta
1814 2545 1989 2592 utros-

390 2647 498 2704 que
516 2631 736 2689 codices
754 2646 908 2695 xvur,
933 2644 1068 2698 quas
1113 2636 1296 2683 tamen
1345 2628 1679 2701 evangelista
1705 2626 1987 2687 Matthams

392 2723 530 2781 eerti
565 2719 809 2791 mysterii
836 2718 1013 2791 gratia
1040 2734 1128 2773 xlv
1173 2719 1349 2789 ponit,
1375 2734 1406 2775 a
1439 2735 1568 2790 qua,
1596 2717 1987 2788 vclntjuvenili

389 2821 573 2879 aetate,
600 2813 655 2871 in
687 2811 884 2883 populo
911 2810 1007 2866 Dei
1036 2826 1225 2882 regum
1249 2819 1495 2881 tempora
1532 2819 1829 2880 eruperunt.
1861 2810 1989 2879 Haec

388 2920 624 2977 namque
664 2906 722 2963 in
750 2903 1064 2971 hominibus
1101 2911 1233 2963 mtas
1281 2911 1405 2977 apta
1461 2903 1813 2976 gubernando
1853 2902 1988 2959 solet

387 3001 625 3056 existere
653 3013 841 3069 regno.
865 2997 1086 3065 Quinta,
1116 2996 1271 3068 quasi
1296 2996 1482 3054 senilis
1508 3004 1640 3053 tetas
1662 3036 1677 3063 ,
1728 3012 1760 3057 a
1809 3004 1986 3061 trans-

388 3092 618 3164 migrari
650 3088 1173 3164 [transmigratione]
1224 3088 1511 3161 Babylonis
1552 3103 1725 3159 usque
1771 3088 1839 3145 ad
1887 3088 1984 3144 ad-o

388 3193 615 3245 ventum
652 3184 865 3247 Domini
903 3181 1201 3243 Salvatoris
1246 3181 1304 3241 in
1332 3196 1518 3249 carne,
1550 3180 1987 3255 generationibus

2089 1987 2215 2061 quia
2260 1985 2556 2055 secundum
2604 1986 2848 2043 lunarem
2876 2002 3095 2043 cursum
3120 2003 3334 2047 menses
3384 1980 3689 2065 supputan?

2089 2087 2198 2146 tur,
2230 2086 2285 2135 ct
2311 2078 2499 2136 Graece
2528 2093 2684 2145 mene
2710 2079 2836 2145 luna
2860 2078 3163 2150 appellatur
3187 2098 3201 2136 :
3228 2080 3353 2136 inde
3378 2084 3683 2151 neomenia,

2090 2172 2144 2233 id
2175 2180 2279 2239 est,
2310 2187 2450 2227 nova
2490 2170 2636 2238 luna.
2687 2171 2855 2239 Erant
2895 2172 3039 2226 cnim
3090 2172 3231 2245 apud
3278 2172 3534 2245 Hebraeos
3584 2175 3688 2250 ipsi

2090 2266 2206 2323 dies
2231 2264 2581 2327 calendarum
2611 2277 2677 2320 ex
2709 2264 2866 2337 legali
2913 2266 3251 2329 institutione
3283 2267 3551 2331 solemnes
3574 2309 3588 2335 ,
3622 2268 3691 2325 de

2090 2358 2289 2431 quibus
2314 2356 2368 2412 in
2396 2355 2653 2429 psalterio
2680 2356 2879 2419 dicitur
2910 2374 2923 2411 :
2960 2355 3142 2423 Canite
3192 2359 3247 2429 in
3304 2358 3454 2417 initio
3498 2358 3691 2413 mensis

2090 2452 2239 2517 tuba,
2279 2450 2333 2504 in
2362 2449 2448 2504 die
2479 2449 2701 2521 insignis
2726 2448 3071 2513 solemnitatie
3094 2457 3274 2513 vestra:
3296 2448 3469 2524 ,(Ρεαι.
3498 2450 3685 2524 Lxxx).

2088 2543 2363 2610 Encaenia,
2392 2558 2530 2598 nova
2561 2541 2745 2614 templi
2773 2540 3060 2605 dedicatio.
3090 2540 3275 2607 Grtece
3304 2542 3451 2598 enim
3485 2542 3688 2603 kainon

2088 2636 2291 2697 dicitur
2308 2651 2527 2701 novum.
2546 2634 2771 2703 Quando
2788 2635 2931 2693 enim
2954 2634 3154 2705 aliquid
3168 2649 3368 2697 novum
3383 2634 3685 2703 dedicatur,

2088 2727 2329 2791 enemiiia
2361 2726 2580 2787 dicitur.
2608 2726 2761 2789 Hanc
2791 2726 3143 2789 dedicationis
3163 2726 3348 2803 templi
3375 2727 3690 2787 solemnita-

2093 2823 2199 2873 tem
2243 2815 2414 2875 δυαωὶ
2446 2816 2668 2873 Octobri
2708 2832 2893 2877 mense
2926 2816 3192 2888 colebant.
3224 2816 3352 2874 Dies
3386 2818 3689 2889 palmarum

2092 2905 2215 2964 ideo
2229 2906 2446 2973 dicitur,
2461 2922 2526 2964 eo
2538 2906 2686 2979 quod
2702 2909 2761 2967 in
2774 2923 2841 2965 eo
2861 2909 3119 2975 Dominus
3142 2916 3197 2965 et
3217 2908 3468 2979 Salvator
3481 2918 3684 2978 noster,

2092 2998 2235 3059 sicut
2268 3000 2535 3073 propheta
2562 3001 2767 3065 cecinit
2811 2998 2999 3074 (Zach.
3030 3000 3131 3074 ix),
3182 3001 3520 3071 Hierusaleut
3556 2992 3684 3059 ten-

2092 3090 2226 3151 dens
2253 3130 2270 3158 ,
2316 3090 2543 3153 asellum
2602 3090 2809 3157 sedisse
2863 3092 3223 3169 perhibetur:
3253 3100 3387 3161 tunc
3432 3092 3688 3165 gradiens

2090 3198 2218 3243 smn
2242 3183 2411 3243 ramis
2456 3182 2763 3256 palmarum
2790 3176 3078 3243 multitudo
3115 3183 3353 3255 plebium
3393 3184 3607 3246 obviam
3638 3184 3688 3240 ei

386 3287 448 3336 et
480 3279 599 3349 ipsa
643 3293 793 3343 xxiv,
823 3292 986 3348 porro
1013 3277 1173 3343 annis
1209 3290 1448 3333 oLxxxnt
1487 3280 1728 3331 extenta.
1767 3273 1827 3333 In
1858 3288 1987 3344 qua,
2014 3260 2062 3335 C
2088 3277 2469 3337 .clamaverunt
2497 3292 2512 3341 ;
2550 3275 2829 3345 Humana,
2860 3278 3185 3347 benedictus,
3216 3278 3311 3351 qui
3348 3280 3483 3334 venit
3509 3280 3569 3335 in
3595 3294 3691 3335 no-

388 3382 455 3429 ut
480 3373 634 3444 gravi
660 3382 938 3429 senectute
975 3370 1118 3431 fessa
1144 3410 1161 3437 ,
1213 3368 1370 3426 malis
1422 3367 1792 3431 crebrioribus
1838 3367 1990 3441 plebs

386 3463 620 3522 Hebraea
666 3472 976 3535 quassatur.
1028 3462 1362 3532 Sexta,quae
1392 3476 1539 3521 nunc
1589 3461 1805 3534 agitur,
1854 3468 1989 3519 aetas

391 3558 539 3616 nulla
554 3559 964 3631 generatiouum
987 3556 1073 3621 vel
1094 3564 1398 3627 temporum
1423 3555 1568 3613 serie
1578 3563 1731 3611 certa
1756 3570 1771 3608 :
1794 3554 1914 3623 sed,
1930 3562 1989 3611 ut

394 3659 528 3708 aetas
547 3650 825 3722 decrepita
844 3650 982 3721 ipsa,
999 3650 1166 3717 totius
1197 3648 1380 3709 muli
1403 3656 1578 3709 morte
1600 3649 1983 3713 renuntianda.

392 3744 507 3803 Has
517 3744 1167 3815 aerumnosas,me
1180 3743 1991 3816 uberibusmundimtatesqui-

386 3850 498 3907 que
522 3835 662 3892 felici
678 3837 1130 3904 morteaicerunt,
1142 3834 1499 3907 septimaiam
1513 3837 1722 3899 sabbati
1736 3836 1991 3907 perennis

393 3938 555 3986 aetate
578 3930 1094 4003 suseeptioetavam
1115 3933 1290 3989 beatae
1310 3930 1723 3997 resurrectionis
1747 3938 1984 3998 mum,

386 4026 447 4084 in
474 4042 581 4098 qua
605 4041 821 4097 semper
836 4027 1210 4089 dumDumin
1230 4035 1457 4100 regnent
1474 4067 1490 4092 ,
1514 4031 1859 4089 umectant»

1005 4138 1233 4195 CAPUT
1268 4137 1388 4193 XV.

927 4211 1005 4266 Bc
1055 4208 1447 4278 festivitatibus.

460 4304 751 4361 Festivites
778 4301 921 4358 dicta
948 4315 982 4355 a
1016 4301 1171 4356 festis
1194 4299 1407 4365 diebus,
1432 4296 1589 4367 quasi
1611 4296 1890 4367 fastiditae,
1923 4310 1989 4362 eo

384 4396 607 4467 quodin
632 4396 714 4450 eis
750 4392 861 4451 sola
882 4407 981 4447 res
998 4389 1292 4456 divinam,
1324 4390 1521 4460 quitus
1561 4388 1820 4449 contrarii
1856 4397 1989 4449 sunt

388 4488 538 4553 fasti,
558 4488 624 4543 ~in
651 4486 850 4558 quibus
888 4486 978 4557 jus
1000 4484 1166 4551 fatur,
1190 4484 1250 4540 id
1278 4492 1381 4551 est,
1406 4484 1627 4545 dicitur.
1658 4482 1988 4549 Solemnitas

388 4597 423 4639 ι
452 4583 622 4640 sacris
649 4580 973 4648 diciturﬁta
1000 4588 1283 4649 suscepta,
1302 4585 1370 4641 ιιι
1420 4578 1622 4637 mutari
1660 4579 1733 4639 ob
1762 4578 1984 4649 religio-
2010 4594 2073 4649 _"

389 4690 516 4733 nem
553 4676 756 4733 Christi
924 4642 1231 4741 {labem-ti
1268 4642 1408 4740 solo,
1452 4672 1509 4731 id
1542 4680 1655 4740 est,
1684 4642 1978 4735 ﬁrmo'at-
2010 4642 2064 4707 θ

387 4785 495 4840 que
544 4771 716 4826 solido
771 4768 1071 4826 nominata.
1122 4766 1419 4824 Cclebritas
1477 4775 1658 4825 autem
1713 4776 1938 4831 vocatur
1962 4810 1977 4834 ,

316 4846 331 4858 θ
386 4862 532 4934 quod
558 4878 665 4917 non
692 4861 766 4916 ibi
800 4871 1033 4926 terrena,
1059 4861 1158 4917 sed
1182 4859 1423 4916 cdestia
1473 4868 1679 4915 tantum
1725 4868 1977 4931 aguntur.

310 4962 319 4968 '
386 4936 611 5022 Paschae
648 4953 1000 5009 festivitetum
1052 4953 1295 5007 omnium
1340 4953 1518 5022 prim
1566 4959 1677 5017 est,
1724 4953 1789 5008 de
1828 4953 1983 5024 cujus

382 5043 651 5100 vocabulo
668 5042 781 5112 jam
806 5043 1275 5113 superdusdietum
1292 5048 1399 5098 est.
1431 5041 1985 5110 Peutecostmimicut

386 5147 443 5196 et
464 5138 686 5209 pascha,
704 5137 845 5208 apud
866 5136 1123 5193 llebrmos
1142 5134 1377 5192 celebris
1397 5135 1516 5192 dies
1539 5145 1676 5204 erat,
1692 5138 1837 5209 quod
1854 5147 1979 5207 post

387 5229 630 5301 quinque
659 5228 891 5284 decadas
918 5228 1136 5296 pascha
1174 5227 1513 5295 celebratur,
1548 5230 1693 5285 unde
1738 5241 1794 5287 et
1816 5245 1975 5287 voea-

384 5318 575 5376 bulum
602 5319 856 5390 sumpsit.
889 5317 1058 5373 Ponte
1097 5318 1243 5372 enim
1276 5317 1466 5376 Gmce
1490 5323 1751 5393 quirtque.
1778 5320 1836 5376 in
1866 5337 1974 5391 quo

390 5408 477 5465 die
504 5410 800 5466 secundum
846 5409 1022 5481 legem
1071 5423 1241 5480 panes
1288 5413 1673 5484 propositionis
1709 5414 1778 5469 de
1820 5414 1975 5470 novis

382 5496 635 5570 frugibus
684 5498 1051 5557 oﬂerebantur
1086 5502 1286 5574 :eujus
1326 5504 1566 5576 ﬁguram
1603 5520 1777 5561 annus
1824 5502 1975 5573 iubi-

384 5590 518 5646 ius
552 5591 608 5646 in
638 5592 986 5649 Testamento
1016 5595 1197 5651 Veteri
1231 5597 1422 5668 gessit,
1453 5612 1575 5667 que
1610 5613 1757 5653 nunc
1782 5598 1980 5656 iterum

384 5698 488 5757 per
515 5683 743 5758 ﬁguram
777 5689 1215 5759 repromissionis
1258 5699 1518 5747 aeternam
1551 5691 1796 5761 requiem
1842 5706 1981 5760 prai-

390 5776 607 5849 iigurat.
636 5779 936 5852 Epiphania
956 5784 1168 5853 Grece,
1190 5785 1389 5841 Latine
1412 5784 1681 5856 apparitio
1708 5786 1828 5847 sive
1866 5800 1983 5843 ma-

394 5869 670 5934 uifestatio
696 5884 936 5937 vocatur.
960 5879 1040 5938 Eo
1060 5881 1208 5939 enim
1238 5880 1327 5939 die
1349 5878 1601 5941 Christus
1626 5880 1826 5940 sideris
1842 5881 1981 5946 iudi-

2092 3374 2231 3429 mine
2259 3372 2494 3440 Domini,
2526 3388 2620 3433 res
2647 3370 2819 3429 Israel
2850 3370 3065 3445 (Matth.
3100 3370 3237 3441 xxi).
3268 3371 3470 3443 Vulgus
3503 3379 3687 3433 autem

2086 3464 2213 3522 ideo
2246 3465 2393 3523 hunc
2418 3465 2567 3523 diem
2593 3464 2948 3538 capitilatu'um
2997 3473 3175 3530 vocat,
3202 3464 3333 3541 quia
3361 3471 3491 3525 tunc
3516 3463 3688 3531 moris

2090 3564 2173 3613 est
2193 3557 2408 3615 lavandi
2429 3559 2607 3629 capita
2630 3558 2939 3623 infantium,
2954 3559 3047 3628 qui
3072 3558 3302 3629 ιιιιεβιιάἱ
3324 3564 3471 3625 sunt,
3492 3573 3561 3619 ne
3582 3552 3693 3617 obJ

2090 3652 2402 3729 servatione
2462 3650 2891 3721 quadragesimae
2939 3650 3213 3714 sordidata
3264 3640 3335 3707 ad
3379 3650 3687 3707 unctionem

2088 3744 2433 3803 accederent.
2462 3743 2576 3803 Hoc
2604 3750 2785 3805 autem
2809 3743 2895 3800 die
2924 3743 3225 3814 symbolum
3254 3741 3697 3816 conipetentihus‘

2092 3840 2343 3906 traditur,
2380 3848 2602 3909 propter
2624 3837 2897 3901 confinem
2922 3836 3214 3903 Dominicae
3240 3836 3455 3908 puclla:
3492 3835 3697 3893 solem;

2084 3933 2338 3997 nitatem,
2355 3940 2414 3987 ut
2436 3932 2528 4000 qui
2538 3930 2651 4001 jam
2669 3931 2737 3986 ad
2752 3930 2847 3985 Dei
2862 3927 3091 4001 gratiam
3106 3918 3508 3998 percipiendam
3520 3922 3695 3983 'festia

2088 4034 2243 4088 ηαυίν
2268 4022 2629 4091 Μαυνίίυίιηὶ
2646 4020 3029 4086 conﬁteantur,
3050 4016 3367 4103 agnoscant.
3388 4016 3570 4077 Coena
3593 4004 3697 4074 do:

2086 4114 2292 4171 minica
2319 4110 2463 4175 dicta
2489 4119 2574 4169 est
2596 4125 2667 4171 eo
2691 4113 2836 4182 quod
2874 4111 2929 4167 in
2970 4122 3043 4173 eo
3087 4106 3173 4167 die
3200 4106 3465 4169 Salvator
3472 4104 3687 4185 pascha

2088 4224 2216 4263 eum
2238 4205 2353 4262 suis
2374 4205 2653 4275 discipulis
2676 4204 2890 4264 [θοωὶι.
2922 4203 3078 4272 Quod
3103 4213 3163 4263 et
3206 4203 3502 4274 hodieque,
3539 4202 3687 4261 sicut

2088 4310 2175 4359 est
2202 4301 2481 4365 traditum,
2508 4299 2838 4365 celebratur.
2862 4304 3222 4369 sanctumque
3251 4298 3309 4359 in
3336 4311 3401 4355 eo
3432 4296 3529 4353 die
3547 4294 3693 4353 euri;

2091 4409 2208 4452 sma
2231 4394 2549 4460 coniicitur,
2586 4400 2752 4464 atque
2778 4392 2990 4451 initium
3022 4390 3162 4453 Novi
3196 4389 3579 4458 Testamenti,’
3624 4384 3697 4447 ev

2088 4490 2306 4549 Veteris
2334 4489 2668 4546 Testamenti
2703 4487 2937 4545 cessatio
2963 4485 3293 4547 declaratur,
3502 4484 3507 4515 ἑ
3544 4482 3569 4509 μ

2688 4600 2914 4659 CAPUT
2945 4599 3083 4657 XVI.

2709 4675 2786 4729 De
2821 4673 3061 4729 sabbato.

2163 4768 2460 4827 Sabhatum
2482 4767 2552 4824 ab
2570 4767 2814 4823 Hebraeis
2843 4781 2911 4822 ex
2955 4762 3399 4835 interpretatione
3422 4758 3695 4821 vocabuli

2090 4863 2173 4919 sui
2201 4863 2421 4933 requies
2444 4859 2760 4916 ominatur
2786 4877 2799 4912 :
2844 4857 2990 4926 quod
3019 4857 3161 4912 Deus
3184 4855 3240 4911 in
3270 4854 3418 4926 ipso,
3442 4852 3701 4923 perfecto"

2088 4951 2312 5018 mundo,
2336 4948 2717 5020 requievisset.
2762 4946 3045 5018 Siquidem
3074 4947 3131 5003 in
3172 4959 3242 5001 eo
3286 4944 3373 5000 die
3415 4938 3697 5021 requievit1

2084 5044 2351 5100 Dominus
2399 5043 2455 5098 in
2490 5041 2775 5111 sepulcro,
2819 5048 2882 5094 ut
2932 5038 3132 5111 quietis
3176 5037 3321 5093 illius
3357 5022 3697 5108 mysterium“

2086 5139 2452 5205 conﬁrmaret,
2496 5137 2642 5207 quod
2689 5132 2891 5193 Judmis
2939 5133 3337 5191 observandum
3387 5131 3444 5188 in
3489 5129 3697 5186 umbra

2085 5230 2253 5288 futuri
2278 5238 2605 5302 praeceptum
2632 5235 2716 5283 est
2744 5242 2759 5282 ε
2789 5226 2884 5283 sed
2904 5232 3193 5298 postquam
3214 5223 3471 5279 Christus
3508 5220 3699 5275 inse-4‘

2078 5324 2273 5396 pulcro
2300 5337 2399 5379 suo
2428 5321 2548 5394 ejus
2570 5321 2805 5392 ﬁguram
2850 5317 3184 5391 edimplerit,
3224 5313 3531 5373 observatio
3559 5311 3680 5383 ejus

2086 5416 2305 5488 quievit.

2662 5504 2898 5564 CAPUT
2935 5501 3100 5560 XVI.

2616 5598 2695 5654 De
2734 5598 3010 5654 ﬂaminica
3034 5597 3140 5653 die.

2158 5692 2469 5750 Dominieus
2485 5691 2600 5747 dies
2632 5693 2863 5762 proinde
2888 5700 3144 5759 vocatur,
3167 5691 3296 5762 quia
3320 5688 3381 5747 in
3408 5702 3475 5747 eo
3502 5698 3684 5745 resur-

2087 5786 2256 5843 rectio
2282 5784 2493 5839 Domini
2524 5784 2697 5839 nostri
2736 5783 3013 5842 declarata
3040 5793 3143 5841 est.
3176 5782 3276 5851 Qui
3302 5780 3420 5836 dies
3449 5793 3557 5833 non
3583 5775 3683 5831 Ju-

2088 5882 2238 5957 dmis,
2265 5879 2362 5942 sed
2393 5878 2721 5939 Christianis
2773 5879 2825 5938 in
2885 5878 3291 5941 resurrectione
3338 5872 3557 5937 Domini
3587 5869 3688 5939 d0-
