4074 6324
1342 406 1467 473 ’ΒΕ
1501 405 1853 468 UNNERSO
1884 405 2069 473 LIBRI
2104 407 2357 479 XXll.-
2391 408 2522 471 LIB.
2560 408 2651 469 XI.

3538 409 3649 475 δίε)
3692 421 3698 425 ‘

372 525 612 599 plantas
626 533 803 596 est,_et
820 518 992 595 exilia
1008 524 1210 593 habere
1228 527 1394 609 capit
1411 525 1765 586 festivitatem
1783 542 1958 584 suam.
1988 531 2043 603 Α
2066 541 2175 585 non
2207 537 2534 591 moreretur.
2584 525 2879 598 Postquam
2904 531 3085 591 autem
3118 524 3264 591 fama
3288 533 3373 591 est
3394 526 3518 593 talis
3552 542 3645 585 re-

371 616 485 677 lllis
532 618 680 675 enim
722 618 896 675 solum
940 617 1321 675 celebrandum
1366 619 1649 675 sabbatum
1701 618 1957 691 traditum

376 721 462 771 est
488 730 503 767 :
525 710 649 782 quia
665 718 789 767 erat
811 718 971 777 antea
985 712 1203 783 requies
1220 720 1567 777 mortuorum
1592 730 1606 767 :
1631 710 1960 768 resurrectio

376 810 559 861 autem
630 802 831 861 nullius
893 811 1058 875 erat,
1109 806 1206 878 qui
1264 820 1561 878 resurgens
1630 819 1664 860 a
1729 803 1958 859 mortuis

2063 621 2401 679 surrectioin
2419 635 2648 693 corpore
2659 620 2891 688 Domini,
2912 629 2970 676 ut
2982 620 3202 691 »τεθῆναι
3217 621 3274 685 in
3287 622 3482 692 We:
3500 621 3649 694 (ιυοά

2065 727 2260 785 corpus
2270 713 2528 777 Ecclesia
2538 722 2785 786 speraret
2802 715 2859 771 in
2885 713 2992 779 line
3009 729 3024 770 :
3041 712 3157 784 jam
3166 713 3287 778 dies
3310 712 3643 782 William.

2063 803 2121 863 id
2164 815 2264 874 est,
2295 812 2541 875 octavus,
2579 806 2673 877 qui
2699 812 2756 863 et
2772 806 2999 877 primus.
3026 804 3292 869 celebrari
3314 804 3501 877 ω.

380 968 3642 997 ———————-————_—-——————————-———-—_—-—1

1506 1099 1808 1182 LIBER
1865 1102 2501 1186 UNDECIMUS.

1646 1313 2388 1343 Μ

887 1427 1114 1485 CAPUT
1143 1402 1434 1488 parum.

806 1520 887 1575 De
924 1522 1224 1583 diversitate
1252 1541 1529 1596 aquarum.

442 1613 718 1683 Aquarum
741 1620 947 1669 natura
972 1614 1257 1672 diversitas
1286 1615 1452 1673 multa
1499 1623 1600 1672 est.
1628 1615 1762 1672 Alia
1814 1617 1960 1673 enim

371 1705 521 1772 salis,
551 1706 667 1761 alia
702 1707 853 1772 nitri,
887 1706 1005 1761 alia
1030 1706 1304 1775 aluminis,
1335 1707 1453 1764 alia
1491 1709 1797 1781 sulphuris,
1840 1710 1961 1765 alia

2067 1446 2198 1489 vero
2220 1430 2279 1489 in
2298 1429 2486 1487 multis
2522 1428 2658 1487 locis
2684 1443 2839 1502 aqua
2860 1437 3085 1501 manant
3107 1429 3398 1504 perpetim,
3432 1428 3654 1493 ferven-

2069 1533 2149 1582 tes
2186 1532 2398 1581 tantum
2442 1530 2503 1579 ut
2552 1521 2749 1579 balnea
2788 1520 3131 1579 calefaciunt.
3182 1521 3440 1593 Quadam
3491 1533 3656 1581 terra

2069 1624 2215 1683 sunt,
2257 1632 2376 1688 qua
2421 1615 2649 1672 multum
2700 1614 2975 1687 sulphuris
3021 1623 3076 1671 et
3124 1614 3379 1673 aluminis
3429 1616 3651 1675 habent.

2066 1709 2253 1782 Itaque
2297 1724 2419 1763 cum
2446 1723 2545 1781 per
2574 1722 2742 1763 venas
2779 1706 3018 1764 calentes
3064 1724 3205 1779 aqua
3236 1708 3432 1785 frigida
3485 1709 3655 1777 venit,

369 1801 676 1866 bituminis,
718 1800 837 1855 aliae
881 1816 1068 1856 curam
1124 1801 1434 1858 morborum
1483 1802 1840 1859 adhibentes:
1893 1804 1961 1859 de
1991 1835 2039 1896 Β
2067 1802 2245 1857 vicino
2284 1801 2557 1873 sulphuris
2599 1800 2779 1857 calore
2826 1808 3077 1863 contacta
3119 1801 3467 1865 excandescit
3504 1819 3519 1856 :
3553 1817 3658 1859 nec

372 1912 480 1967 quo
508 1895 751 1952 historici
799 1894 953 1983 plura
1004 1911 1255 1951 narrasse
1282 1897 1642 1977 reperiuntur.
1675 1896 1808 1953 Nam
1835 1895 1964 1968 (l'er-

374 1988 483 2061 tur)
510 1987 664 2058 juxta
689 1986 918 2057 Romam
948 1986 1153 2044 Albula
1177 2004 1331 2061 aqua
1381 1988 1699 2045 vulneribus
1745 1991 1966 2045 meden-

373 2087 479 2136 tur.
540 2078 601 2135 ln
663 2079 816 2134 Italia
876 2079 999 2137 fons
1057 2080 1336 2138 Ciceronis
1398 2082 1676 2138 oculorum
1739 2082 1965 2139 vulnera

371 2180 548 2229 curat.
587 2170 648 2228 ln
703 2170 988 2247 IEthiOpia
1043 2173 1194 2230 locus
1239 2182 1358 2241 est,
1410 2190 1516 2246 quo
1571 2173 1791 2247 perfusa
1841 2191 1963 2231 cor-

370 2282 507 2340 pora
531 2267 679 2324 velut
704 2267 825 2323 oleo
855 2268 1146 2325 nitescunt.
1184 2269 1364 2325 Zama
1411 2269 1530 2325 fons
1572 2270 1626 2325 in
1670 2268 1852 2325 Africa
1878 2284 1967 2325 ca-

372 2376 539 2418 noras
600 2376 762 2418 voces
811 2361 962 2418 facit.
1015 2362 1100 2423 Ex
1144 2362 1397 2431 Clitorio,
1448 2364 1569 2421 lacu
1621 2364 1819 2430 Italia,
1874 2364 1968 2435 qui

375 2453 654 2521 biberint,
694 2454 805 2509 vini
838 2455 1058 2525 tadium
1105 2455 1326 2517 habent.
1362 2455 1425 2511 In
1457 2456 1593 2511 Chio
1634 2456 1807 2512 insula
1846 2456 1967 2512 lon-

376 2554 489 2604 tem
551 2562 673 2604 esse
728 2545 978 2625 [aiunt],
1037 2564 1146 2621 quo
1206 2549 1429 2615 hebetes
1482 2550 1636 2617 ﬁant.
1696 2549 1757 2607 In
1806 2548 1969 2611 Emo-

374 2638 452 2695 tia
506 2640 613 2696 duo
671 2639 879 2709 fontes,
952 2641 1091 2697 alter
1134 2643 1494 2712 memoriam,
1546 2642 1682 2703 alter
1738 2643 1969 2709 oblivio-

372 2748 501 2790 nem
528 2731 700 2789 aﬂ'ert.
720 2733 905 2809 Cyzici
928 2733 1052 2799 [ous
1078 2752 1322 2795 amorem
1353 2738 1580 2803 Veneris
1616 2739 1773 2803 tollit.
1808 2739 1970 2805 Baso-

375 2829 466 2885 tia
513 2829 666 2899 lacus
691 2829 903 2899 furialis
939 2840 1051 2914 est;
1100 2832 1171 2895 de
1210 2848 1318 2905 quo
1364 2834 1459 2906 qui
1498 2835 1733 2903 biberit,
1772 2836 1972 2892 ardore

376 2918 617 2978 libidinis
658 2923 983 2979 exardescit.
1032 2922 1091 2987 ln
1123 2924 1420 2997 Campania
1463 2935 1591 2985 sunt
1642 2943 1822 2998 aqua,
1852 2942 1974 2999 qua

378 3011 717 3068 sterilitatem
756 3011 1104 3082 feminarum,
1146 3023 1201 3072 et
1244 3017 1486 3073 virorum
1540 3016 1808 3075 insaniam
1837 3018 1971 3075 abo-

380 3103 491 3161 lere
532 3106 804 3165 dicuntur.
850 3106 908 3163 ln
938 3106 1238 3180 Ethiopia
1262 3108 1413 3167 fonte
1441 3111 1607 3168 rubro
1631 3112 1724 3181 qui
1749 3111 1970 3178 biberit,

2068 1897 2190 1951 talis
2216 1896 2284 1950 ab
2312 1896 2521 1967 origine
2550 1894 2738 1963 ellluit,
2781 1896 2877 1953 sed
2916 1903 3275 1966 permutatur,
3327 1897 3456 1953 dum
3482 1896 3653 1953 venit.

2067 1987 2390 2059 Sulphurem
2420 1987 2741 2059 alumenque
2770 2002 2953 2043 secum
2978 1987 3160 2044 ferunt
3178 2002 3335 2059 aqua
3362 1996 3657 2058 utramQue

2066 2080 2350 2136 materiem
2378 2078 2507 2152 igne
2536 2080 2772 2150 plenam,
2804 2080 3153 2152 minimisque
3185 2079 3423 2145 motibus
3452 2079 3657 2140 incale-

2068 2180 2329 2229 scentem.
2380 2172 2619 2228 Diversa
2663 2173 2810 2227 enim
2851 2173 3061 2244 species
3113 2189 3377 2247 aquarum
3412 2173 3663 2243 diversos

2067 2263 2290 2323 cll‘ectus
2317 2264 2600 2332 habentes,
2633 2278 2901 2335 congruas
2928 2262 3355 2339 signiﬁcationes
3382 2265 3437 2321 in
3471 2264 3649 2337 Scrip‘

2070 2359 2230 2427 turis,
2256 2358 2350 2414 ubi
2383 2372 2606 2413 necesse
2650 2365 2753 2424 est,
2798 2356 3111 2428 exprimere
3156 2365 3405 2431 possunt.
3438 2357 3661 2423 Illarum

2069 2453 2214 2509 enim
2251 2467 2456 2520 rerum,
2481 2467 2599 2522 qua
2641 2451 2697 2506 in
2725 2447 3022 2520 Scripturis
3063 2450 3433 2513 inveniuntur,
3464 2464 3662 2508 conve-

2070 2545 2168 2610 nit,
2204 2552 2266 2600 ut
2313 2543 2735 2619 signiﬁcationes
2777 2542 3062 2615 diligenter
3102 2542 3459 2613 exquirantur
3492 2558 3506 2596 :
3539 2555 3664 2611 qua

2071 2645 2255 2693 autem
2285 2636 2439 2702 alias,
2472 2651 2579 2690 non
2606 2643 2687 2691 est
2711 2649 2932 2690 necesse
2953 2633 3176 2705 exponi.
3199 2632 3371 2704 Aqua
3391 2633 3447 2688 in
3474 2630 3661 2703 Scrip-

2072 2738 2194 2786 tura
2241 2744 2398 2786 sacra
2430 2727 2721 2798 aliqnando
2750 2726 3011 2797 Spiritum
3064 2733 3338 2793 sanctum,
3370 2723 3663 2795 aliquando

2066 2822 2358 2899 scientiam
2388 2836 2623 2887 sacram,
2656 2819 2947 2892 aliquando
2976 2819 3260 2877 scientiam
3291 2833 3536 2890 pravam,
3570 2816 3666 2877 all-

2072 2918 2290 2991 quando
2320 2915 2746 2981 tribulationem,
2778 2914 3069 2989 aliquando
3093 2912 3391 2971 deﬂuentes
3414 2911 3661 2983 populos,

2076 3012 2363 3083 aliquando
2390 3020 2603 3067 mentes
2628 3009 2788 3066 ﬁdem
2816 3010 3157 3081 sequentium
3180 3007 3557 3063 demonstrare
3577 3021 3667 3063 so-

2075 3104 2206 3160 lent.
2236 3103 2340 3159 Per
2361 3118 2557 3174 aquam
2589 3102 2786 3175 quippe
2826 3102 2997 3158 sancti
3030 3100 3265 3172 Spiritus
3291 3098 3491 3159 inlusio
3518 3095 3666 3153 desi-

378 3193 737 3269 lympbaticus
766 3198 847 3255 lit.
874 3196 1124 3259 Lechnus
1163 3200 1286 3258 fons
1312 3202 1561 3261 Arcadia
1599 3204 1823 3261 abortus
1853 3204 1974 3263 ﬁeri
2001 3209 2048 3275 C
2080 3204 2296 3270 gnaiur,
2323 3197 2466 3251 sicut
2488 3197 2544 3251 in
2571 3195 2865 3268 Evangelio
2887 3195 3088 3250 dicitur
3119 3212 3132 3248 ε
3165 3192 3271 3259 Ωιιὶ
3302 3190 3463 3253 credit
3486 3191 3543 3253 in
3564 3205 3669 3255 me.

378 3304 486 3345 non
508 3291 734 3362 patitur.
771 3292 827 3351 ln
854 3291 1036 3353 Sicilia
1060 3294 1239 3353 fontes
1265 3306 1395 3355 sunt
1420 3298 1549 3366 duo,
1574 3314 1808 3369 quorum
1833 3315 1974 3355 unus
2000 3327 2014 3338 -

382 3382 623 3445 sterilem
649 3381 928 3457 (ecundat,
957 3386 1095 3444 alter
1121 3380 1411 3449 fecundam
1435 3391 1679 3449 sterilem
1716 3391 1866 3449 facit.
1914 3391 1976 3457 lu

381 3473 662 3537 Thessalia
689 3478 795 3539 duo
826 3476 1073 3549 ﬂumina,
1111 3495 1179 3541 ex
1206 3496 1316 3539 uno
1359 3482 1611 3545 bibentes
1634 3499 1764 3543 oves
1789 3486 1976 3557 nigras

380 3564 497 3621 ﬁeri
513 3565 720 3637 ferunt,
736 3583 802 3624 ex
820 3568 992 3631 altera
1013 3569 1185 3641 albas,
1198 3586 1270 3635 ex
1285 3578 1514 3644 utroque
1529 3574 1729 3637 varias.
1749 3573 1977 3635 Clitum-

379 3669 482 3711 nus
504 3655 655 3712 laeus
681 3657 738 3719 in
761 3656 988 3717 Umbria
1022 3660 1290 3718 maximos
1314 3661 1481 3721 boves
1506 3663 1699 3736 gignit.
1726 3663 1976 3722 Reatinis

374 3747 666 3820 paludibus
673 3746 1046 3819 iumentorum
1064 3751 1293 3831 ungulas
1307 3752 1549 3813 iudurari
1574 3754 1783 3813 dicunt.
1798 3755 1857 3811 In
1871 3757 1977 3819 As-

376 3841 623 3916 phaltide
649 3842 769 3909 lacu
784 3841 989 3907 Iudaea
1009 3844 1145 3903 nihil
1168 3846 1340 3919 mergi
1361 3853 1558 3916 potest,
1573 3848 1838 3921 quidquid
1858 3850 1980 3913 ani-

382 3950 527 3993 mam
549 3934 734 3995 habet.
763 3935 822 4003 In
847 3936 1015 4005 ludiis
1040 3937 1209 4003 Siden
1233 3947 1462 3996 vocatur
1485 3948 1763 4015 stagnum,
1783 3942 1839 4007 in
1864 3958 1979 4013 quo

382 4024 521 4081 nihil
554 4025 798 4099 innatat,
839 4026 937 4093 sed
968 4028 1151 4085 omnia
1190 4036 1529 4102 merguntur.
1575 4030 1648 4095 At
1684 4040 1875 4099 contra
1922 4034 1979 4093 in

382 4114 581 4179 Africa
613 4115 733 4177 lacu
755 4115 1123 4189 Apuscidamo
1144 4121 1329 4187 omnia
1352 4120 1587 4188 ﬂuitant,
1616 4122 1753 4180 nihil
1781 4125 1982 4199 mergi-

384 4216 491 4264 tur.
524 4207 775 4279 Marsida
801 4210 924 4277 fons
948 4211 1002 4268 in
1030 4210 1264 4289 Phrygia
1297 4228 1431 4271 saxa
1463 4215 1742 4286 egerit,;in
1774 4216 1979 4275 Achaia

386 4315 529 4372 aqua
550 4300 770 4374 proﬂuit
785 4318 815 4359 e
831 4303 998 4360 saxis.
1018 4301 1151 4376 Styx
1165 4304 1450 4378 appellata,
1477 4306 1622 4377 quod
1638 4306 1785 4364 illico
1795 4317 1980 4380 potata

385 4392 664 4450 interficit.
715 4394 1000 4452 Gelonium
1054 4406 1306 4475 stagnum
1357 4396 1558 4456 Sicilia
1611 4409 1753 4465 ιβιτο
1807 4403 1978 4460 odore

388 4486 554 4561 abigit
574 4489 963 4560 proximantes.
986 4488 1127 4548 Fons
1147 4492 1306 4549 estin
1326 4489 1513 4549 Africa
1541 4495 1689 4552 circa
1715 4496 1975 4569 templum

2081 3290 2221 3347 sicut
2251 3290 2382 3345 dicit
2425 3287 2706 3361 Scriptura
2739 3287 2921 3360 (Joan.
2964 3286 3089 3358 vn),
3140 3285 3365 3359 ﬂumina
3392 3284 3457 3340 de
3494 3291 3671 3339 ventre

2072 3382 2257 3454 ﬂuent’
2282 3398 2433 3453 aqua:
2463 3382 2605 3436 vivw.
2658 3379 2761 3436 Ubi
2789 3378 3135 3452 Evangelista
3183 3392 3342 3434 secus
3377 3374 3668 3447 adiunxit:

2080 3470 2197 3526 Hoc
2226 3481 2399 3526 autem
2427 3471 2561 3526 dixit
2577 3471 2643 3527 de
2665 3469 2890 3543 Spiritu,
2915 3486 3068 3542 quem
3098 3468 3361 3542 accepturi
3384 3474 3533 3525 erant
3560 3479 3674 3520 cre-

2079 3566 2255 3621 dentes
2296 3565 2352 3619 in
2391 3581 2509 3619 eum
2562 3562 2775 3636 (Ibid.).
2827 3562 3065 3621 Rursum
3114 3576 3215 3639 per
3243 3573 3441 3630 aquam
3480 3562 3672 3613 sancta

2078 3659 2308 3719 scientia
2344 3658 2678 3733 designatur,
2708 3658 2851 3714 sicut
2897 3656 3098 3721 dicitur
3154 3674 3165 3711 :
3217 3656 3367 3726 Aqua
3397 3652 3672 3726 sapientia

2080 3752 2331 3809 salutaris
2369 3754 2560 3820 potavit
2602 3768 2686 3807 eos
2742 3748 2873 3824 (Sir.
2908 3749 3021 3827 xv).
3070 3747 3175 3806 Per
3221 3762 3419 3821 aquam
3457 3759 3673 3825 quoque

2079 3863 2245 3918 prava
2270 3846 2496 3901 scientia
2520 3845 2779 3919 appellari
2804 3844 2961 3915 solet,
2989 3844 3129 3907 sicut
3154 3842 3296 3919 apud
3322 3841 3672 3899 Salomonem

2079 3939 2292 4003 mulier,
2318 3954 2439 4009 qua
2486 3947 2670 4009 typum
2701 3939 2974 3993 hareseos
3007 3946 3175 4003 tenet,
3218 3936 3426 3992 callidis
3463 3934 3673 3990 suasio-

2081 4029 2241 4084 nibus
2282 4028 2577 4095 blanditur,
2637 4028 2824 4083 dieens
2868 4045 2883 4082 :
2938 4028 3104 4099 Aqua:
3153 4028 3362 4097 furtiva:
3409 4025 3671 4081 dulciores

2080 4131 2201 4177 sunt
2232 4119 2415 4193 (Prov.
2473 4119 2573 4192 rx).
2625 4120 2905 4191 Aquarum
2930 4134 3064 4191 ergo
3104 4118 3322 4175 nomine
3369 4131 3478 4173 non
3528 4132 3669 4173 nun-

2074 4230 2245 4288 quam
2274 4214 2449 4273 solent
2478 4213 2858 4279 tribulationes
2904 4211 3155 4287 intelligi,
3178 4211 3326 4273 sicut
3373 4226 3472 4284 per
3521 4209 3671 4275 Psal-

2080 4310 2301 4371 mistam
2333 4308 2533 4375 dicitur
2586 4326 2600 4362 :
2652 4306 2871 4365 Salvum
2914 4324 2994 4367 me
3043 4306 3152 4379 fac,
3201 4305 3367 4379 Deus,
3419 4306 3672 4380 quem

2078 4404 2407 4461 intraverunt
2461 4417 2614 4473 aqua:
2662 4417 2822 4473 usque
2870 4401 2942 4456 ad
3001 4400 3236 4457 animum
3292 4415 3462 4457 meum
3490 4394 3669 4467 (Ptol.

2080 4492 2298 4565 vam).
2349 4491 2456 4547 Per
2493 4506 2692 4563 aquam
2736 4490 2920 4563 pepuli
2976 4490 3348 4563 designantur,
3392 4488 3540 4559 sicut
3568 4504 3672 4560 per

388 4579 684 4647 Ammonis,
740 4583 834 4655 qui
867 4584 1115 4640 humoris
1146 4585 1382 4653 nexibus
1429 4587 1655 4645 humum
1710 4591 1932 4665 stringit
1958 4611 1971 4648 :
2002 4582 2055 4643 D
2080 4587 2342 4655 Joannem
2362 4587 2599 4645 dicitur:
2623 4586 2788 4658 Aquae
2807 4603 2924 4642 vero
2951 4595 3075 4643 sunt
3097 4584 3278 4657 populi
3301 4583 3484 4656 (Apoc.
3513 4581 3669 4654 xvn).

389 4671 599 4729 favillas
628 4676 791 4730 etiam
824 4676 879 4732 in
918 4678 1181 4749 cespitem
1221 4678 1437 4739 solidat.
1469 4680 1615 4739 Fons
1646 4680 1750 4741 Job
1776 4684 1831 4741 in
1858 4684 1981 4741 ldu-

389 4783 523 4825 maa
546 4778 742 4843 quater
766 4771 824 4828 in
849 4787 992 4833 anno
1017 4772 1255 4833 colorem
1285 4782 1503 4831 mutare
1544 4774 1765 4842 dicitur,
1796 4776 1853 4832 id
1875 4786 1977 4845 est,

387 4860 843 4933 pulverulentum,
907 4865 1281 4937 sanguineum,
1347 4863 1599 4930 viridem.
1675 4865 1976 4941 limpidum,

390 4954 558 5010 ternis
582 4956 859 5019 mensibus
884 4956 940 5013 in
962 4972 1105 5014 anno
1135 4965 1322 5013 tenens
1349 4972 1418 5012 ex
1442 4956 1530 5014 his
1546 4972 1715 5013 unum
1743 4958 1982 5021 colorem

387 5042 447 5101 In
479 5044 822 5119 Troglodytis
852 5047 1003 5104 lacus
1057 5056 1161 5114 est,
1224 5055 1308 5107 ter
1348 5047 1407 5105 in
1445 5048 1533 5107 die
1556 5048 1620 5109 ﬁt
1658 5064 1902 5117 amarus,
1927 5058 1984 5106 et

391 5136 583 5193 deinde
624 5138 786 5197 toties
812 5139 1007 5197 dulcis.
1035 5138 1181 5199 Fons
1210 5138 1357 5201 Siloa
1404 5141 1473 5199 ad
1502 5141 1745 5199 radicem
1781 5144 1983 5205 montis

392 5227 521 5289 Sion
550 5248 657 5288 non
679 5232 900 5304 jugibus
944 5233 1119 5305 aquis,
1160 5236 1257 5290 sed
1309 5234 1364 5293 in
1390 5235 1555 5292 certis
1586 5236 1735 5292 boris
1764 5236 1983 5301 diebus-

391 5340 496 5396 quc
523 5324 729 5381 ebullit.
756 5326 817 5382 ln
840 5324 1033 5385 Judaa
1054 5329 1331 5398 quondam
1352 5328 1504 5387 rivus
1524 5329 1772 5389 sabbatis
1798 5329 1945 5389 omni
1960 5359 1977 5369 -

391 5415 491 5472 bus
518 5416 846 5477 siccabatur.
874 5416 934 5475 1n
963 5417 1213 5481 Sardinia
1260 5417 1438 5479 fontes
1470 5419 1635 5477 .calidi
1664 5420 1840 5481 oculis
1868 5435 1982 5476 me-

394 5508 612 5577 dentur,
625 5509 774 5567 fures
794 5518 1029 5582 arguunt
1054 5528 1067 5567 :
1097 5527 1224 5571 nam
1240 5512 1488 5569 cacitate
1504 5513 1774 5585 detegitur
1792 5529 1981 5573 eorum

391 5598 622 5659 facinus.
654 5602 713 5659 ln
742 5602 906 5675 Epiro
936 5619 1056 5661 esse
1086 5603 1310 5679 (lerunt)
1344 5604 1573 5675 fontem,
1601 5606 1659 5662 in
1695 5622 1805 5677 quo
1832 5606 1983 5665 luces

392 5694 783 5767 extinguuntur
807 5710 1069 5765 accensae.
1128 5697 1501 5757 accenduntur
1524 5698 1801 5761 estinota.
1823 5699 1983 5771 Apud

395 5784 983 5857 Garamantaslontem
1008 5804 1130 5851 ossa
1148 5787 1369 5863 (aiunt),
1392 5790 1467 5849 ita
1487 5790 1759 5863 algentem
1783 5792 1890 5859 die,
1923 5799 1983 5851 ut

781 5884 863 5958 ita
878 5884 1551 5959 πάειιιθωηοοωρμιηρη
1564 5892 1838 5963 tangant.
1858 5883 1983 5951 lam

2086 4682 2191 4745 Per
2219 4696 2415 4755 aquam
2445 4696 2661 4752 quoque
2705 4694 2814 4739 non
2855 4680 3034 4737 solum
3062 4678 3242 4739 ﬂuxus
3264 4676 3674 4739 decurrentium

2083 4773 2428 4845 populorum,
2456 4770 2556 4831 sed
2591 4770 2758 4826 etiam
2780 4771 3049 4826 bonorum
3078 4776 3292 4825 mentes
3326 4764 3453 4827 ﬁdei
3480 4763 3673 4837 pradi-

2082 4874 2335 4927 camenta
2391 4864 2734 4937 sequentium
2785 4862 3158 4934 designantur,
3215 4859 3357 4921 sicut
3406 4858 3674 4930 propheta

2082 4962 2161 5023 ait
2191 4979 2205 5015 :
2236 4959 2389 5015 Beati
2441 4960 2531 5031 qui
2571 4958 2841 5017 seminatis
2875 4973 3031 5031 super
3090 4970 3267 5011 omnes
3321 4969 3490 5026 aqua:
3532 4948 3671 5024 (lu.
3737 4956 3743 4964 '

2084 5052 2279 5125 xxxu).
2333 5052 2400 5109 Et
2454 5066 2553 5125 per
2596 5049 2944 5107 Psalmistam
2979 5047 3179 5104 dicitur
3225 5064 3240 5100 :
3307 5043 3418 5103 Vo:
3457 5042 3675 5103 Domini

2082 5160 2241 5216 super
2292 5160 2457 5217 aquas
2504 5139 2680 5215 (Psal.
2734 5138 2950 5213 xxvnt).
2998 5139 3169 5210 Aqua
3192 5146 3327 5198 sunt
3373 5136 3572 5210 angeli,
3615 5144 3681 5197 ut.

2084 5236 2308 5307 quidam
2354 5235 2563 5302 volunt,
2618 5244 2678 5290 ut
2705 5242 2791 5289 est
2827 5232 2961 5289 illud
2982 5232 3176 5304 psalmi
3203 5255 3217 5287 ;
3245 5230 3523 5302 Etoqw,
3554 5245 3676 5300 qua

2078 5344 2240 5399 (super
2287 5325 2441 5382 calas
2491 5335 2633 5394 sunt,
2690 5324 2906 5380 laudent
2966 5340 3159 5383 nomen
3184 5374 3197 5387 ,
3228 5322 3446 5379 Domini
3498 5318 3671 5394 (Psal.

2084 5418 2330 5491 CXLVIII).
2361 5417 2529 5488 Aqua
2547 5425 2737 5490 gentes
2764 5424 2910 5489 sunt,
2934 5425 2995 5473 ut
3015 5416 3070 5472 in
3090 5414 3452 5488 Apocalypsi;
3475 5413 3639 5485 Aqua?
3657 5450 3676 5478 ν

2083 5529 2215 5584 quas
2246 5510 2442 5578 uidisti,
2468 5509 2649 5581 populi
2676 5518 2797 5565 sunt
2824 5518 2872 5565 et
2896 5517 3072 5582 gentes
3100 5507 3287 5583 (Apoc.
3312 5506 3472 5580 xm).
3494 5505 3674 5578 AqttI,

2086 5602 2349 5663 Dominus
2376 5600 2534 5661 Jesus
2563 5601 2814 5671 Christus
2846 5619 2912 5660 eo
2948 5601 3093 5677 quod
3124 5601 3343 5661 sordida
3383 5598 3591 5665 abluat,
3618 5605 3676 5657 et

2086 5697 2295 5755 reﬁciat
2334 5684 2609 5766 isitiemes,
2660 5707 2721 5755 ut
2762 5698 2818 5763 in
2843 5696 3082 5755 Jeremia
3117 5714 3131 5752 :
3175 5694 3264 5750 He
3285 5691 3678 5764 dereliquerat

2086 5789 2282 5863 {autem
2341 5806 2492 5863 aqua
2534 5791 2662 5849 vivat
2702 5790 2838 5864 (lar.
2895 5789 2983 5862 ιι).
3029 5788 3102 5844 Et
3141 5784 3473 5858 inpsalmo:
3523 5778 3678 5837 Sicut

2040 5929 2050 5936 .
2080 5899 2250 5962 aqua.
2300 5884 2502 5961 olim
2529 5901 2651 5943 sum
2700 5881 2878 5963 (Ptol.
2914 5880 3053 5959 ut).
3080 5880 3263 5955 Aqua,
3296 5877 3497 5945 ﬂuenta
3530 5870 3677 5935 divi-
