4074 6324
435 536 502 584 ιιι
537 534 629 582 est
671 522 804 582 illud
855 524 913 580 in
959 521 1489 594 peahnoz-Abgssus
1531 521 1776 592 abyssum
1806 520 2094 585 ίηοεαιλ

432 615 610 693 (Ruri.
641 617 790 691 xm);
812 617 872 672 id
899 625 1004 684 est,
1037 615 1204 672 Vetus
1231 615 1636 673 Testamentum
1664 613 1873 671 Novum
1919 629 2017 670 an—

433 711 671 777 nuntiat,
711 715 766 765 et
795 707 1004 766 Novam
1045 709 1216 765 ’t'etus
1249 708 1305 765 ia
1338 709 1700 765 testimonium
1726 715 1885 765 vocat
1909 725 1923 762 :
1950 705 2020 762 In

433 819 556 860 sese
573 809 967 860 cateraaarnm
991 810 1206 856 tuarum
1227 800 1437 873 (Ibid),
1467 802 1572 857 hoc
1597 809 1701 868 est,
1723 801 1782 856 in
1823 798 2020 870 praedi-

433 895 652 952 catione
683 901 1015 949 sanciet-tim.
1043 891 1177 948 item
1217 891 1450 963 abyssus
1479 907 1634 961 aqua:
1681 889 2019 947 immensitas

437 987 706 1053 est,utia
729 985 926 1042 Genesi
952 984 1150 1056 legitur
1181 1001 1194 1038 :
1229 983 1292 1038 Et
1323 984 1465 1053 rupti
1495 991 1615 1037 sunt
1639 983 1810 1052 fontes
1844 981 2021 1051 abyssi

435 1096 641 1152 magna
669 1075 823 1145 (Gen.
863 1079 986 1149 vn).
1027 1077 1161 1134 Item
1209 1076 1438 1148 abyssus
1475 1073 1766 1132 inetlabilia
1813 1073 2018 1144 judicia

436 1169 532 1224 Dei
560 1169 828 1238 designat,
857 1175 919 1224 ut
939 1175 1030 1224 est
1054 1169 1158 1224 hoc
1185 1185 1200 1221 :
1226 1166 1446 1222 Iudicia
1474 1176 1565 1222 tua
1603 1167 1821 1238 abyssus
1849 1167 2018 1220 multa

436 1257 611 1332 (Psal.
643 1247 832 1332 xxxv).
871 1259 1013 1316 item
1046 1260 1274 1331 abyssus
1304 1256 1576 1312 infernum
1624 1255 1916 1327 signiﬁcat,
1956 1263 2020 1310 ut

433 1349 723 1422 Apostolus
764 1351 883 1406 ait:
917 1349 1022 1404 Aut
1069 1352 1188 1422 quis
1227 1349 1492 1404 descendit
1525 1349 1583 1403 in
1638 1347 1924 1417 abyssum?
1959 1345 2018 1400 id

431 1455 528 1511 est,
573 1443 839 1499 Christum
884 1461 918 1498 α
963 1445 1186 1499 mortuis
1233 1443 1479 1498 reducere
1529 1440 1706 1512 (Rom.
1751 1439 1830 1512 ι).
1875 1439 2017 1495 'ltem

431 1537 661 1608 abyssus
703 1537 868 1592 corda
912 1536 1187 1592 hominum
1233 1537 1455 1591 denotat
1495 1533 1829 1588 facinoribus
1865 1543 2016 1588 tene-

421 1625 616 1692 brosa,
643 1633 703 1680 ut
732 1634 818 1682 est
844 1625 971 1682 illud
999 1626 1144 1681 beati
1169 1624 1270 1682 Job
1295 1644 1309 1679 :
1336 1625 1564 1696 Abyssus
1587 1624 1754 1678 dicet:
1788 1621 1910 1679 Non
1940 1632 2016 1678 est

430 1716 488 1770 in
544 1733 645 1783 me,
690 1727 739 1772 et
779 1733 926 1772 mare
960 1717 1203 1790 loquetur
1249 1734 1268 1772 :
1326 1714 1451 1771 Non
1505 1725 1580 1771 est
1621 1733 1824 1771 mecum
1869 1717 2013 1789 (Job.

432 1810 650 1880 xxvm).
685 1810 798 1866 Nec
841 1826 948 1866 non
1001 1819 1059 1866 et
1100 1812 1328 1883 abyssus
1393 1809 1788 1879 superstitiosis
1853 1816 2016 1878 atque

429 1905 874 1974 persecutoribus
917 1903 1161 1960 ecclesiae
1211 1910 1560 1974 comparatur
1607 1921 1620 1957 :

432 1995 657 2067 pallium
672 1995 912 2064 subjecta
940 1997 1205 2068 cooperit,
1233 1997 1309 2052 ita
1331 1995 1407 2051 illi
1434 1997 1696 2052 mundum
1717 1995 2014 2052 foedissima

429 2091 818 2161 superstitione
869 2098 1124 2147 texerunt
1182 2109 1196 2145 :
1253 2100 1311 2146 ut
1355 2106 1461 2146 non
1497 2089 1669 2146 solum
1714 2089 2016 2145 mediocres

428 2180 702 2250 homines,
734 2185 828 2239 sed
852 2183 905 2239 in
933 2184 1229 2254 perniciem
1261 2199 1420 2238 suam
1465 2183 1612 2254 ipsos
1638 2197 1851 2254 quoque
1887 2197 2012 2237 san-

428 2285 546 2333 ctos
583 2278 729 2333 viros
774 2286 935 2349 atque
975 2277 1436 2333 eminentissimos
1495 2276 1780 2332 tormentis
1829 2289 2016 2346 corpo-

427 2385 548 2425 rum
601 2369 833 2426 obruere
881 2370 1216 2435 viderentur,
1263 2377 1326 2424 ut
1373 2375 1458 2424 est
1487 2367 1618 2423 illud
1665 2368 1720 2422 in
1750 2366 1967 2422 Psalmo
1995 2383 2009 2399 ·

427 2460 659 2532 Abyssus
689 2463 824 2517 sicut
864 2461 1086 2530 pallium
1134 2462 1358 2516 amictus
1379 2462 1532 2532 ejus;
1577 2471 1626 2515 et
1646 2462 1780 2515 sicut
1811 2470 2014 2516 mortles

427 2552 640 2607 stabunt
662 2569 814 2624 aqua:
842 2549 1014 2625 (Psal.
1045 2551 1186 2625 cm).
1213 2553 1346 2607 item
1373 2553 1599 2624 abyssus
1629 2553 1792 2607 corda
1833 2552 2012 2607 homi-

426 2661 558 2700 num
613 2645 942 2700 facinoribus
989 2646 1298 2708 tenebrosa,
1333 2653 1393 2699 ut
1429 2644 1486 2699 in
1528 2645 1756 2720 Amos:
1797 2642 2014 2698 Vocavit

426 2739 688 2810 iudicium
741 2739 1020 2804 Dominus,
1072 2750 1120 2794 et
1181 2740 1445 2794 devoravit
1501 2741 1746 2813 abyssum
1791 2739 2013 2794 multam

433 2832 638 2904 (Amos.
687 2830 808 2904 vn).
844 2831 1089 2903 Abyssus
1119 2831 1396 2885 damnatio
1439 2839 1787 2901 peccatorum
1812 2831 2010 2900 sempi—

426 2932 600 2987 terna,
625 2933 685 2978 ut
712 2925 764 2978 in
787 2922 887 2980 10b
919 2942 931 2978 :
969 2923 1273 2978 Estimavit
1300 2924 1546 2992 abyssum
1569 2924 1720 2995 quasi
1743 2939 2014 2977 senescen-

426 3025 528 3070 tem
570 3015 716 3086 (Job.
750 3016 898 3084 xu);
936 3015 990 3069 id
1021 3023 1126 3080 est,
1172 3013 1421 3070 diabolus
1446 3031 1546 3085 per
1582 3014 1861 3068 ministros
1885 3027 2013 3068 suos

425 3107 640 3182 putabit
689 3107 833 3178 quod
881 3121 1038 3178 pinna
1079 3107 1368 3178 impiorum
1424 3107 1584 3161 finem
1616 3107 1866 3162 habitura
1915 3105 2008 3160 sit.

425 3199 672 3272 Abyssus
704 3185 970 3264 infernus,
1010 3198 1148 3254 utin
1177 3198 1466 3270 Evangelio
1499 3218 1512 3252 :
1561 3198 1630 3252 Et
1665 3197 2011 3270 deprecaban-

427 3267 527 3348 turv
563 3309 682 3347 eum
728 3293 966 3364 spiritus,
1021 3292 1076 3346 id
1124 3301 1227 3358 est,
1259 3267 1549 3359 daemones,
1579 3307 1643 3345 ne
1666 3267 1740 3344 in-
1765 3267 2012 3360 abyssum
2041 3267 2085 3331 Ο

427 3396 514 3435 eos
544 3379 763 3434 mitteret
794 3377 1010 3466 (Matth.
1043 3381 1186 3448 vm).

1027 3511 1261 3578 CAPUT
1297 3512 1410 3576 νη.

910 3628 990 3684 De
1019 3629 1232 3684 testibus
1251 3627 1332 3684 oet
1358 3627 1528 3699 fretis.

499 3741 690 3800 Estus
723 3741 790 3813 ad
811 3743 1084 3798 Oceanum
1115 3742 1374 3813 pertinet,
1406 3740 1604 3796 fretum
1631 3740 1699 3797 ad
1723 3748 2016 3812 utrumque

429 3853 602 3895 mare.
632 3835 767 3892 Nam
814 3845 980 3892 aestus
1021 3843 1106 3891 est
1141 3835 1308 3891 maris
1336 3849 1590 3891 accessus
1625 3833 1714 3890 vel
1742 3849 2013 3900 secessus,

428 3931 484 3988 id
511 3939 614 3998 est,
642 3929 958 4002 inquietudo
988 3947 1002 3984 :
1025 3928 1167 3984 unde
1193 3928 1447 3984 mstuaria
1473 3926 1746 3995 dicuntur,
1770 3942 1868 3997 per
1895 3941 2018 3998 qua:

429 4040 584 4082 mare
625 4023 868 4082 vicissim
911 4032 1022 4078 tam
1069 4021 1278 4078 accedit
1321 4036 1489 4092 quam.
1527 4020 1752 4077 recedit.
1791 4019 2016 4075 Fretum

429 4125 613 4172 autem
661 4113 1008 4193 appellatum,
1059 4115 1205 4186 quod
1234 4113 1307 4168 ibi
1347 4127 1564 4183 semper
1599 4126 1752 4166 mare
1787 4109 2015 4166 ferveat.

426 4207 563 4266 Nam
607 4207 804 4268 fretum
839 4219 924 4264 est
967 4216 1256 4278 angustum
1295 4211 1350 4260 et
1376 4205 1534 4278 quasi
1579 4203 1796 4260 fervens
1845 4219 2016 4272 mare,

430 4303 498 4358 ab
525 4303 793 4360 undarum
837 4300 1052 4355 fervore
1085 4297 1441 4354 nominatum.
1489 4293 1650 4350 Juxta
1705 4295 2018 4368 allegoriam

427 4401 622 4448 aestuat
659 4391 891 4446 mundus
929 4387 1089 4444 undis
1139 4388 1610 4459 persecutionum,
1659 4395 1716 4443 et
1747 4403 1845 4457 per
1869 4388 2018 4443 varia

430 4483 549 4539 loca
580 4491 674 4537 aut
705 4481 914 4536 accedit
948 4489 1043 4536 aut
1072 4480 1306 4548 recedit,
1349 4479 1520 4536 fervet
1556 4481 1720 4536 etiam
1751 4481 1920 4546 odiis,
1964 4489 2019 4536 et

434 4576 696 4632 tumultus
731 4575 954 4640 excitat,
998 4587 1097 4631 nec
1147 4589 1384 4644 unquam
1423 4571 1678 4644 perfectae
1711 4573 2014 4643 tranquilli-

1073 407 1135 462 B.
1177 404 1433 462 MBAN!
1465 403 1686 461 tum
1720 399 2036 460 AMBIEP.
2067 397 2386 460 IOGUNT.
2423 397 2708 460 OPIRUII
2743 398 2924 456 PARS
2954 399 3017 456 ll.

2693 514 2930 576 CAP"!
2965 514 3098 572 Illi.

2633 609 2712 666 De
2731 609 2864 668 locis
2885 617 2938 665 st
2961 608 3182 680 stagnis.

2179 701 2330 759 Sunt
2357 710 2546 760 autem
2587 709 2646 759 et
2669 703 2919 774 quaedam
2945 703 3138 769 maria,
3169 719 3292 776 qua;
3317 719 3429 763 non
3447 707 3698 766 decen-

2113 803 2208 850 sur
2221 793 2427 851 Oceani
2451 794 2708 851 ﬂuctibus
2733 803 2826 853 aut
2849 797 2986 851 mari
3007 796 3220 869 lagae,
3249 805 3309 854 et
3333 799 3596 858 dicuntur
3613 804 3700 861 ia-

2119 899 2216 942 ces
2243 893 2300 942 et
2322 894 2532 958 stagna.
2573 886 2750 944 Lacus
2771 895 2858 943 est
2885 889 3308 960 receptaculum,
3340 891 3395 947 in
3421 907 3531 963 quo
3555 907 3700 966 aqua

2107 979 2504 1035 retineturnec
2523 979 2786 1036 miscetur
2805 977 3076 1045 ﬂuctibus,
3095 988 3156 1036 ut
3174 982 3326 1038 lacus
3348 975 3616 1056 Asphalti,
3639 997 3701 1046 ut

2113 1069 2268 1125 lacus
2292 1071 2554 1138 Benacus,
2577 1078 2633 1127 et
2657 1073 2860 1138 ceteri,
2885 1086 3022 1143 quos
3047 1069 3223 1129 Graeci
3241 1073 3492 1143 limenas,
3517 1076 3571 1133 id
3593 1087 3698 1147 est,

2117 1167 2310 1233 stagna
2337 1169 2556 1218 vocant.
2590 1161 2724 1217 Nam
2761 1161 2938 1220 fontes
2966 1163 3224 1219 labuntur
3255 1165 3312 1222 in
3347 1164 3572 1236 ﬂuvios,
3597 1169 3702 1224 lu-

2113 1253 2261 1313 mina
2301 1253 2358 1308 in
2406 1253 2546 1308 freta
2589 1254 2920 1310 discurrunt.
2973 1254 3152 1311 Lacus
3197 1263 3310 1312 stat
3329 1257 3558 1322 inloco,
3599 1275 3704 1317 nec

2115 1343 2356 1417 proﬂuit,
2403 1353 2461 1401 et
2499 1346 2676 1402 dictus
2705 1346 2880 1412 lacus,
2923 1347 3081 1417 quasi
3119 1362 3276 1418 aqua:
3299 1348 3472 1406 lusus.
3519 1350 3701 1408 Lacus

2113 1445 2298 1492 autem
2333 1438 2478 1493 idem
2502 1445 2558 1492 et
2583 1446 2855 1510 stagnum,
2903 1439 2994 1494 ubi
3025 1438 3292 1497 immensa
3325 1457 3468 1514 aqua
3496 1457 3698 1500 conve-

2111 1529 2217 1584 nit.
2243 1527 2380 1586 Nam
2415 1529 2621 1585 dictum
2641 1539 2728 1586 est
2753 1539 3004 1602 stagnum
3032 1531 3102 1588 ab
3131 1545 3199 1588 eo
3231 1535 3378 1606 quod
3422 1535 3531 1592 illic
3559 1517 3698 1608 aqua

2115 1629 2246 1687 stet,
2304 1636 2406 1676 nec
2449 1623 2722 1677 decurrat.
2771 1621 2946 1679 Lacus
2994 1623 3205 1689 Asfalti,
3259 1627 3402 1681 idem
3445 1637 3502 1682 et
3551 1643 3701 1684 mare

2114 1710 2388 1766 llos-tuum
2435 1719 2706 1776 vocatum,
2759 1721 2982 1783 propter
3027 1715 3172 1785 quod
3219 1716 3353 1770 nihil
3384 1717 3567 1772 vivum
3613 1719 3698 1788 gi-

2119 1807 2256 1878 gnit,
2301 1807 2435 1862 nihil
2462 1807 2654 1877 recipit
2679 1822 2746 1862 ex
2777 1824 2974 1880 genere
2999 1810 3314 1866 viventium.
3361 1811 3496 1867 Nam
3523 1827 3702 1883 neque

1675 1902 1802 1974 quia
1873 1901 2090 1960 sicuti!
2116 1899 2292 1970 pisces
2341 1899 2523 1965 habet,
2570 1913 2744 1970 neque
2773 1909 3021 1958 assuetas
3070 1903 3225 1974 aquis
3270 1912 3325 1958 et
3373 1904 3524 1960 laetas
3557 1921 3700 1962 mer-

2117 1991 2278 2061 gendi
2320 2006 2421 2045 usu
2449 1991 2654 2061 patitur
2679 2005 2808 2048 aves
2835 2009 2852 2046 :
2876 1993 2970 2049 sed
3009 2002 3068 2049 et
3100 2009 3435 2066 quaecunque
3463 1995 3699 2051 viventia

2117 2084 2410 2153 mergenda
2463 2085 2834 2154 temptaveris,
2892 2101 3217 2159 quacunque
3261 2097 3378 2143 arte
3427 2086 3696 2156 demersa,

2117 2175 2299 2230 statim
2334 2175 2614 2244 resiliunt;
2644 2185 2700 2234 et
2725 2180 2974 2252 quamvis
2999 2179 3350 2236 vehementer
3379 2179 3539 2256 illisa,
3565 2195 3697 2236 con-

2116 2267 2298 2324 testim
2327 2271 2702 2339 excutiuntur;
2749 2274 2844 2329 sed
2871 2289 3049 2345 neque
3075 2273 3252 2330 ventis
3295 2283 3563 2341 movetur,
3603 2289 3692 2328 re-

2116 2359 2342 2414 sistente
2383 2361 2686 2418 turbinibus
2727 2363 3013 2432 bitumine,
3057 2381 3166 2436 quo
3195 2380 3336 2437 aqua
3383 2364 3561 2420 omnis
3592 2372 3704 2420 sta-

2119 2461 2315 2523 gnatur
2346 2471 2358 2507 :
2385 2469 2559 2525 neque
2595 2458 2954 2530 navigationis
2983 2458 3194 2528 patiens
3221 2467 3306 2514 est
3325 2500 3339 2526 ,
3366 2457 3492 2528 quia
3517 2458 3703 2512 omnia

2115 2545 2228 2600 vita
2257 2548 2501 2605 carentia
2535 2549 2588 2604 in
2625 2549 2952 2620 profundum
2993 2561 3353 2622 merguntur:
3386 2565 3487 2606 nec
3529 2558 3705 2607 mate-

2115 2635 2252 2692 riem
2277 2638 2443 2694 ullam
2471 2642 2720 2708 sustinet,
2761 2643 2866 2698 nisi
2905 2657 3026 2714 quae
3051 2643 3312 2698 bitumine
3337 2641 3652 2697 illustratur
3681 2659 3697 2696 :

2115 2727 2392 2802 lucernam
2448 2747 2733 2790 accensam
2781 2733 2964 2790 ferunt
3013 2743 3404 2804 supernatare,
3459 2733 3702 2788 extincto

2114 2821 2354 2892 demergi
2371 2823 2590 2882 lumine.
2617 2826 2731 2883 Hoc
2750 2837 2804 2884 et
2825 2843 2974 2884 mare
3001 2828 3312 2884 Salinarum
3343 2827 3562 2893 dicitur,
3589 2827 3703 2882 sive

2115 2915 2264 2974 lacus
2291 2919 2556 2992 Asphalti,
2582 2924 2634 2978 id
2655 2933 2758 2991 est,
2787 2925 3104 2991 bituminis;
3141 2934 3300 2982 etest
3327 2926 3381 2980 in
3403 2921 3586 2980 Iudaea
3615 2925 3701 2984 in-

2118 3019 2201 3066 ter
2254 3011 2511 3070 lliericho
2541 3025 2598 3072 et
2630 3017 2842 3071 Zoaran
2876 3035 2888 3071 :
2921 3017 3200 3090 longitudo
3249 3015 3367 3089 ejus
3412 3031 3582 3093 usque
3635 3017 3700 3071 ad

2115 3101 2318 3157 Zoaras
2366 3104 2580 3160 Arabiae
2633 3107 2884 3178 dirigitur
2946 3109 3135 3164 stadiis
3194 3109 3502 3180 quingentis
3554 3115 3708 3162 octo-

2114 3191 2283 3268 ginta,
2308 3193 2534 3250 latitudo
2557 3197 2748 3252 stadiis
2776 3207 2996 3252 centum
3021 3199 3411 3280 quinquaginta
3439 3214 3609 3270 usque
3635 3197 3704 3254 ad

2117 3284 2375 3340 viciniam
2421 3286 2800 3344 Sodomorum.
2851 3288 3053 3363 Stagna
3104 3290 3498 3362 philosophiam
3541 3290 3700 3361 hujus

2118 3376 2304 3431 mundi
2350 3377 2682 3450 signiﬁcant,
2725 3380 2870 3436 utin
2919 3381 3057 3436 lsaia
3093 3399 3106 3436 :
3137 3379 3342 3438 Ponant
3383 3382 3606 3451 ﬂumina
3650 3379 3708 3434 iu

2115 3466 2342 3536 insulas,
2382 3481 2430 3526 et
2456 3481 2646 3543 stagna
2673 3473 2961 3545 arefaciam
2988 3473 3136 3549 (Elea.
3164 3491 3274 3532 xui
3291 3475 3332 3548 ).
3360 3473 3582 3548 Mystice
3610 3487 3709 3527 au-

2119 3567 2231 3617 tem
2270 3577 2421 3618 mare
2457 3563 2750 3632 Mortuum,
2795 3568 2938 3638 quod
2966 3567 3099 3623 nihil
3129 3567 3300 3640 gignit
3340 3569 3542 3634 vivum,
3569 3565 3706 3620 nihil

2117 3653 2313 3724 recipit
2355 3669 2423 3710 ex
2468 3669 2666 3726 genere
2710 3640 3005 3714 viventium
3046 3677 3060 3714 :
3095 3659 3192 3715 sed
3229 3656 3409 3720 omnia
3461 3656 3571 3712 vita
3617 3671 3709 3712 ca-

2120 3745 2294 3802 rentia
2338 3747 2392 3802 in
2419 3748 2744 3823 profundum
2793 3753 3012 3824 mergit,
3054 3759 3110 3808 et
3144 3760 3305 3810 terra:
3349 3750 3708 3808 Sodomorum

2120 3845 2282 3916 atque
2321 3837 2644 3910 gomorrhaa
2682 3843 2929 3902 imminet
2956 3844 3112 3918 (quas
3141 3845 3408 3909 civitates,
3441 3842 3619 3918 ignem
3655 3849 3711 3897 et
3734 3825 3747 3837 ’

2122 3925 2347 4012 sulphur
2371 3929 2437 3984 de
2462 3931 2602 3988 caelo
2629 3931 2841 4006 pineus,
2876 3935 3133 3989 Dominus
3174 3929 3471 4006 subvertit)
3495 3930 3708 4002 signiti-

2120 4028 2210 4083 cat
2238 4022 2517 4092 praesentis
2553 4023 2735 4080 Steculi
2783 4026 3196 4096 perversitatem
3237 4023 3334 4080 ubi
3365 4023 3614 4080 diabolus
3648 4023 3705 4079 in

2121 4114 2347 4185 perditis
2375 4128 2582 4187 regnat,
2611 4125 2664 4174 et
2705 4133 2828 4174 cum
2854 4120 2959 4188 his,
2996 4120 3088 4190 qui
3129 4119 3182 4178 in
3208 4118 3322 4176 Deo
3350 4118 3462 4174 vita
3491 4117 3699 4183 vivunt,

2123 4205 2268 4262 nullo
2297 4209 2571 4266 consortio
2601 4210 2848 4282 jungitur
2891 4227 2905 4266 :
2942 4212 3034 4268 sed
3059 4227 3187 4266 vera
3225 4212 3335 4266 vita
3374 4217 3620 4266 carentes
3648 4209 3705 4264 in

2121 4297 2450 4367 profundum
2475 4303 2672 4372 mergit
2694 4301 2911 4359 inferni.
2945 4303 3002 4358 in
3029 4303 3288 4376 sulphure
3317 4301 3458 4359 fetor
3496 4303 3702 4372 carnis,

2121 4395 2176 4443 et
2217 4401 2317 4458 per
2362 4390 2539 4460 ignem
2585 4392 2747 4447 ardor
2786 4393 3042 4451 desiderii
3085 4393 3322 4449 carnalis
3363 4392 3703 4464 exprimitur.

2123 4479 2365 4552 Sulphur
2391 4483 2590 4555 quippe
2637 4483 2864 4540 fetorem
2894 4487 3080 4552 habet,
3119 4485 3260 4560 ignis
3300 4485 3572 4541 ardorem.
3603 4484 3705 4561 Qui

2124 4571 2306 4640 itaque
2329 4573 2395 4627 ad
2423 4589 2678 4644 perversa
2724 4575 2990 4631 desideria
3015 4591 3080 4631 ex
3104 4573 3286 4631 carnis
3333 4574 3509 4631 fetore
3551 4588 3706 4628 arse-

431 4670 558 4724 tatis
587 4669 640 4723 in
664 4667 836 4723 altero
861 4665 1017 4740 [alto]
1048 4666 1193 4724 valet
1215 4633 1664 4721 h-abere'statum.
1695 4633 1867 4722 Unde'
1885 4666 2015 4722 etin
2042 4633 2097 4696 Β
2123 4671 2264 4728 rant,
2320 4633 2539 4736 dignum
2579 4666 2704 4734 fuit,
2754 4676 2812 4722 ut
2860 4668 3023 4723 simul
3059 4668 3317 4738 sulphure
3365 4667 3610 4738 perirent
3655 4673 3711 4722 et

431 4762 727 4834 Evsngelio
758 4761 952 4831 legitur
981 4757 1186 4831 (Marc.
1222 4758 1331 4828 vt),
1371 4758 1582 4814 misisse
1610 4759 1897 4814 Dominum
1931 4774 2017 4814 as-

433 4851 666 4906 cendere
711 4851 1004 4922 discipulos
1035 4865 1163 4905 suos
1190 4849 1242 4904 in
1265 4849 1592 4918 naviculam,
1627 4859 1681 4904 et
1709 4850 2018 4920 praecedere

433 4958 558 4998 eum
593 4950 742 4996 trans
772 4941 998 5006 fretum,
1041 4941 1211 4994 donec
1239 4939 1535 4995 dimitteret
1579 4939 1797 5006 turbas,
1847 4939 2020 5013 ipsos-

435 5052 542 5106 que
592 5035 906 5104 remigando
951 5034 1198 5089 laborare
1236 5041 1460 5103 propter
1505 5033 1837 5089 contrarium
1885 5051 2016 5090 ven-

436 5137 572 5184 tum.
622 5125 775 5194 Quod
801 5127 1027 5198 mystice
1069 5126 1282 5186 labores
1321 5126 1500 5182 varios
1525 5127 1779 5183 Ecclesia:
1816 5138 2018 5184 sanctae

435 5221 704 5290 designat,
727 5232 848 5288 quae
873 5219 1016 5274 inter
1042 5220 1212 5274 undas
1240 5217 1419 5274 saeculi
1463 5220 1814 5277 adversantes
1839 5231 1894 5276 et
1918 5222 2020 5276 im-

437 5312 763 5368 mundorum
809 5311 967 5365 ﬂatus
993 5311 1278 5382 spirituum
1309 5311 1376 5366 ad
1404 5313 1638 5382 quietem
1682 5315 1874 5384 patriae
1909 5329 2020 5369 cm-

435 5404 615 5468 lestis,
654 5403 809 5475 quasi
847 5403 914 5457 ad
953 5401 1112 5459 fidam
1151 5401 1348 5461 littoris
1382 5405 1704 5473 stationem,
1734 5407 2018 5478 pervenire

436 5506 688 5556 conatur.
722 5496 829 5552 Sed
856 5497 1007 5570 prius
1032 5511 1136 5550 non
1167 5507 1346 5554 cessat
1371 5510 1588 5564 ventus,
1631 5515 1792 5570 quam
1826 5498 2014 5554 Salva-

441 5603 524 5648 tor
568 5592 814 5648 asceudit
850 5593 903 5647 in
939 5606 1129 5645 navem
1159 5609 1172 5645 :
1205 5592 1330 5662 quia
1384 5593 1436 5647 in
1489 5608 1811 5665 quocunque
1851 5593 2018 5655 corde

440 5683 586 5740 Deus
627 5701 722 5756 per
753 5684 979 5758 gratiam
1013 5683 1094 5737 sui
1135 5683 1289 5739 adest
1315 5684 1546 5750 amoris,
1589 5699 1711 5738 mox
1756 5685 2019 5739 immensa

442 5779 693 5834 vitiorum
719 5787 775 5833 et
801 5776 1139 5835 adversantis
1162 5777 1347 5832 mundi
1377 5777 1492 5832 sive
1525 5777 1815 5850 spirituum
1857 5776 2018 5834 mali-

437 5887 668 5952 gnarum
687 5871 826 5933 bella
851 5887 1164 5948 compressa
1189 5871 1494 5946 quiescunt.

2121 4757 2276 4827 igne,
2333 4769 2601 4832 quatenus
2661 4777 2728 4817 ex
2774 4761 2918 4832 justa
2972 4775 3134 4831 pmna
3189 4760 3462 4817 discerent
3510 4759 3709 4830 injuste

2120 4849 2387 4905 desiderio
2434 4852 2564 4921 quid
2614 4852 2886 4907 fecissent.
2937 4852 3114 4908 Lacus
3151 4850 3460 4906 Tiberiadis
3499 4851 3566 4904 ab
3607 4863 3707 4919 op-

2119 4944 2243 5014 pido
2271 4945 2573 5000 'Tiheriade
2610 4957 2853 5014 vocatus,
2895 4949 3038 5018 quod
3073 4947 3342 5018 quondam
3376 4944 3615 5000 Herodes
3647 4945 3703 4998 in

2120 5037 2379 5094 honorem
2403 5038 2605 5096 Tiberii
2639 5040 2868 5096 Caesaris
2895 5041 3154 5096 condidit.
3188 5039 3284 5094 Est
3320 5046 3498 5100 autem
3527 5037 3582 5092 in
3613 5034 3705 5090 Ju-

2120 5129 2235 5184 dtea
2278 5130 2528 5186 omnibus
2555 5130 2688 5188 lacis
2718 5131 2986 5188 salubrior
3011 5137 3065 5186 et
3094 5131 3161 5185 ad
3191 5129 3480 5189 sanitatem
3516 5142 3709 5200 corpo-

2119 5237 2239 5275 rum
2285 5223 2518 5294 quodam
2558 5225 2718 5280 modo
2767 5223 3058 5280 eﬂicacior.
3109 5221 3356 5280 Genesar
3399 5221 3550 5276 lacus
3597 5235 3712 5273 am-

2120 5314 2397 5385 plissimus
2425 5315 2476 5370 in
2507 5314 2712 5383 Judma,
2743 5316 3077 5387 longitudine
3100 5323 3320 5370 centum
3351 5310 3711 5387 quadraginta

2121 5409 2432 5463 extenditur
2467 5409 2676 5476 stadiis,
2729 5409 3016 5464 latitudine
3057 5405 3417 5480 quadraginta
3457 5400 3712 5465 din‘uudi-

2125 5511 2234 5565 tur,
2265 5501 2628 5573 crispantibus
2656 5503 2812 5574 aquis
2841 5518 3027 5557 auram
3059 5517 3166 5556 non
3199 5499 3397 5566 ventis,
3433 5496 3529 5552 sed
3559 5496 3626 5552 de
3654 5509 3714 5552 se

2127 5595 2244 5667 ipso
2269 5595 2366 5650 sibi
2390 5611 2666 5652 excreans.
2690 5595 2844 5651 Unde
2871 5603 2924 5651 et
2943 5595 3187 5652 Genesar
3207 5593 3404 5650 dicitur
3424 5606 3600 5666 graeco
3622 5604 3716 5645 vo-

2126 5685 2338 5752 cabulo,
2361 5689 2514 5758 quasi
2531 5703 2796 5760 generans
2817 5687 2916 5746 sibi
2941 5702 3150 5743 auram.
3175 5687 3422 5758 Denique
3438 5701 3534 5759 per
3553 5680 3715 5739 ditiu-

2121 5779 2270 5846 siora
2321 5781 2494 5850 spatia
2549 5780 2695 5839 lacus
2751 5780 3127 5854 frequentibus
3172 5780 3321 5846 auris
3377 5777 3715 5852 spirantibus

2130 5873 2384 5948 agitatur,
2415 5873 2558 5932 unde
2588 5883 2646 5932 et
2681 5873 2870 5952 purior
2908 5874 3135 5934 haustus
3168 5873 3308 5951 ejus,
3337 5880 3397 5930 et
3429 5871 3501 5929 ad
3521 5875 3716 5951 potan-
3745 5902 3756 5908 υ
