2037 3162
237 194 307 236 559,
360 226 363 229 .
542 231 543 234 η
555 194 588 233 Β.⁴
605 194 736 234 munivi
751 194 860 231 Μᾼυιιι
879 194 1040 219 Αιωιιιιςιι.
1061 194 1070 239 ι

240 251 354 279 Flumen
368 250 415 279 Dei
433 250 561 285 repletum
572 254 609 277 est
621 258 690 285 aqua
705 248 799 285 (Paul.
814 248 902 285 LXIV).
926 246 1029 275 Simili-

240 301 283 325 ter
302 300 331 322 et
345 295 409 323 illud
429 294 591 327 Psalmistze,
609 294 657 322 ubi
670 294 707 323 ait
723 303 729 321 :
746 293 858 322 Excelsa
877 298 924 321 tua
942 298 965 320 et
978 294 1030 329 ﬂu-

240 341 358 374 ctuanti
371 349 449 376 super
465 349 505 368 me
522 340 691 374 transierunt,
704 338 795 376 (Paul.
820 339 891 376 xu).
919 339 1031 368 Excelsa

240 394 307 415 vero
330 390 359 415 et
380 386 477 417 ﬂuctus
502 386 538 414 ad
559 385 826 422 Scripturassacras
849 389 1032 421 competenter

243 436 378 468 aptamus.
388 432 458 467 ipsa:
472 436 536 461 sunt
548 432 631 466 enim,
644 440 713 468 quas
727 432 854 468 superius
863 432 975 467 abyssos
984 440 1033 460 vo-

242 477 324 510 cavit,
338 477 384 510 ubi
399 481 427 506 et
437 477 754 513 parabolarum‘quidem
765 476 864 505 ﬂuctus
880 476 987 510 alludit,
1004 480 1033 505 et

243 522 305 559 [ut]
331 522 443 552 altitudo
463 529 592 551 sensuum
610 522 654 558 pia
677 522 893 558 perscrutatione
918 522 1033 557 grande-

242 573 310 597 scat.
326 567 389 597 Haec
401 576 466 605 ergo
478 576 560 604 supra
573 575 603 595 se
620 567 686 596 dicit
708 568 838 596 transisse
856 567 957 602 justus,
970 567 1033 602 quia

243 615 271 642 in
291 621 385 642 eorum
405 614 501 642 notitia
515 614 609 642 avidus
623 621 653 641 se
673 618 858 649 perscrutator
871 613 1031 642 immiserat.

242 659 393 695 Aliquando
408 663 498 686 autem
510 658 623 687 ﬂumina
637 658 792 695 signiﬁcant
806 659 991 698 apostolorum
1005 663 1033 687 et

241 704 470 739 cvangelistarum
489 704 638 732 doctrinam
661 712 723 732 cum
745 704 824 733 bonis
843 705 980 740 operibus,
1004 709 1035 733 ut

242 755 284 778 est
310 750 374 779 illud
392 760 399 778 ι
419 749 592 778 Elevuverunt
615 750 727 785 ﬂumina
748 758 821 777 uoces
842 759 904 778 suas
933 749 1033 787 (Paul.

242 797 329 832 xc");
347 801 374 825 et
398 796 548 825 :Flumina
565 797 691 832 plaudent
717 797 838 825 munibus
865 798 893 828 in
920 797 1035 833 idipsum

243 842 335 880 (Psal.
351 851 423 870 xcvu
433 843 454 878 ).
468 842 536 871 Item
554 843 638 878 Isaias
655 852 662 869 :
678 842 780 870 Ponant
794 843 905 878 ﬂumina
920 843 948 871 in
959 844 1034 872 insu-

241 887 281 914 tus
295 887 372 922 (Ira.
400 895 454 916 XLII
502 887 531 916 In
543 888 708 916 contrariam
721 896 786 916 vero
799 892 904 923 partem
922 887 1035 916 ﬂumina

542 192 588 234 sn,
604 190 736 234 RABANI
751 167 860 231 nium
873 168 1040 219 sucinae.
1056 159 1368 234 libamentum
1388 188 1478 217 rans
1499 189 1530 216 Il.

1081 239 1189 281 Ganges
1208 236 1413 280 ﬂuviumquem
1431 244 1532 272 Phison
1550 249 1644 273 sancta
1668 235 1810 281 scriptura

1082 291 1228 327 gnominat,
1248 290 1341 319 exiens
1361 291 1394 318 de
1413 288 1553 323 Paradiso,
1577 290 1666 327 pergit
1683 291 1718 318 ad
1733 291 1815 320 India:
1831 291 1873 321 rei

1082 340 1185 380 giones.
1217 339 1310 367 Dictus
1338 343 1428 366 autem
1452 337 1572 372 Phison,
1604 339 1631 366 id
1653 343 1715 373 est,
1746 345 1891 380 catervas

1083 378 1146 423 quia
1157 386 1310 421 quindecim
1323 384 1479 412 ﬂuminibus
1494 385 1600 420 magnis
1611 384 1662 413 sibi
1674 383 1808 421 adiunctis
1820 387 1872 415 im-

1082 432 1170 467 pletur
1190 436 1218 460 et
1245 431 1358 460 edicitur
1383 438 1464 459 unus.
1482 424 1589 466 Ganges
1609 435 1699 459 autem
1724 436 1836 461 vocatus
1859 425 1874 461 a

1083 479 1176 515 Gange
1184 485 1246 514 rege
1256 478 1351 511 India);
1363 477 1450 506 fertur
1463 482 1553 506 autem
1560 477 1615 506 Nili
1623 478 1703 509 modo
1712 471 1834 512 exaltari
1847 483 1875 511 et

1084 532 1164 560 super
1174 522 1292 551 Orientis
1308 518 1395 551 terras
1407 529 1558 558 erumpere.
1575 521 1664 558 Tigris
1677 522 1775 551 ﬂuvius
1789 522 1875 551 Meso-

1083 570 1209 604 potamia:
1228 570 1261 597 de
1286 569 1416 597 Paradiso
1441 569 1577 602 exoriens,
1596 572 1624 596 et
1644 576 1760 606 pergens
1780 573 1874 609 contra

1084 615 1221 651 Asyrios,
1232 619 1260 642 et
1271 619 1333 650 post
1347 614 1447 645 multos
1459 616 1589 643 circuitus
1601 616 1630 644 in
1645 623 1720 644 mare
1737 615 1874 644 Mortuum

1084 660 1208 690 inﬂuens.
1222 660 1339 689 Vocatus
1348 665 1437 689 autem
1448 661 1500 690 hoc
1511 662 1620 689 nomine
1629 667 1741 698 propter
1748 662 1884 700 velocitag

1086 711 1151 739 tem,
1173 707 1260 735 instar
1285 706 1379 734 bestia
1394 707 1502 743 tigridis
1526 708 1610 735 nimia
1632 708 1793 744 pernicitate
1815 716 1877 736 cur-

1084 751 1180 780 rentis.
1192 751 1343 787 Euphrates
1357 751 1454 779 ﬂuvius
1465 752 1676 788 Mesopotamiae,
1699 753 1733 781 de
1747 754 1877 783 Paradiso

1084 797 1225 830 exoriens,
1249 798 1450 833 copiosissimus
1471 799 1603 833 gemmis,
1624 800 1669 835 qui
1694 807 1744 835 per
1758 800 1877 829 mediam

1085 841 1260 877 Babyloniam
1274 841 1373 869 inﬂuit.
1401 841 1450 869 llic
1469 843 1619 879 al‘rugibus
1636 843 1678 871 vel
1699 844 1733 872 ab
1753 845 1878 872 ubertate

1058 909 1074 924 ,,
1087 893 1185 915 nomen
1202 887 1316 921 accepit.
1337 886 1405 914 Nam
1425 886 1559 916 Hebraice
1582 888 1710 923 euphrata
1723 909 1730 921 ,
1755 888 1878 924 fertilitas

242 918 390 968 ponuntur,
406 918 514 969 quando
526 934 618 963 szeculi
637 934 716 962 istius
734 918 870 964 turbidum
883 941 992 963 cursum
1006 937 1035 962 et
1049 918 1073 962 Ε
1087 918 1290 968 interpretatur.
1314 932 1427 969 Mysrice
1446 938 1536 962 autem
1560 934 1589 962 hi
1606 918 1728 969 quatuor.
1744 918 1818 962 ﬂuvii
1833 921 1880 971 (ut

242 984 416 1015 peccatorum
436 980 640 1008 inundationem
657 980 821 1016 signiﬁcant,
847 985 874 1007 ut
889 984 931 1008 est
946 980 1013 1007 illud
1027 988 1035 1006 :

242 1024 326 1062 Super
347 1026 459 1061 ﬂumina
484 1026 638 1062 Babylonis,
665 1025 721 1054 illic
741 1026 856 1055 sedimus
875 1031 899 1054 et
914 1027 1035 1061 ﬂeuimus

243 1069 339 1107 (Psal.
353 1079 451 1099 cum
463 1072 483 1108 ).
508 1071 752 1107 Contemplandum
769 1076 870 1105 autem,
893 1072 1036 1108 quodnon

242 1117 317 1150 dicit,
344 1118 372 1145 in
395 1118 558 1153 ﬂuminibus,
581 1118 638 1151 sed,
663 1127 742 1154 super
765 1119 887 1154 ﬂumina.
903 1118 974 1147 Nam
990 1119 1037 1154 qui

242 1163 331 1192 adhuc
344 1163 372 1192 in
386 1163 542 1192 ﬂuminibus
562 1164 623 1192 istis
642 1169 715 1197 sunt,
735 1169 909 1200 peccatorum
922 1165 1038 1193 inunda-

242 1209 316 1237 tione
336 1210 495 1245 rapiuntur;
509 1210 556 1245 qui
576 1217 642 1238 vero
666 1217 748 1245 super
761 1210 833 1246 ripas
849 1210 917 1237 salvi
929 1210 1037 1244 sedent,

240 1254 298 1293 jam
312 1255 346 1282 ab
368 1255 421 1282 illis
438 1254 566 1283 ﬂuctibus
589 1255 682 1284 divino
704 1263 818 1286 munere
841 1260 906 1284 sunt
918 1256 1035 1284 liberati.

244 1301 320 1329 Unde
335 1302 369 1329 de
392 1301 500 1330 Sanctis
514 1302 579 1330 alibi
598 1303 664 1330 dicit
676 1312 683 1330 :
695 1302 824 1330 Flumina
843 1303 1037 1337 pertransibunt

241 1345 413 1382 pede(Psal.
441 1346 530 1382 va),
555 1348 607 1375 hoc
621 1352 681 1381 est,
707 1349 800 1377 mundi
825 1348 905 1383 hujus
932 1348 1038 1376 turbida

243 1391 343 1420 ﬂuenta
365 1399 414 1428 per
434 1393 548 1429 gratiam
571 1393 670 1422 Christi
686 1400 783 1421 securo
799 1394 931 1422 virtutum
949 1398 1037 1422 trans-

243 1438 320 1467 ibunt
335 1446 431 1474 gressu
452 1439 486 1468 ad
505 1439 623 1468 futuram
636 1440 768 1475 patriam,
785 1439 830 1467 ubi
847 1440 938 1476 gaudii
951 1440 1038 1470 nostri

242 1490 285 1514 est
296 1490 324 1514 et
336 1486 430 1520 salutis
443 1490 551 1516 aeternae
569 1487 646 1521 origo
659 1490 822 1522 pneparata.
844 1486 970 1515 Flumina
984 1486 1037 1513 im-

244 1536 321 1566 petus
340 1533 536 1568 persecutionis
559 1533 586 1560 in
607 1532 727 1561 Canticis
747 1532 916 1564 canticorum
934 1541 940 1561 :
955 1531 1038 1567 Aqua

244 1577 333 1605 multae
347 1586 399 1605 non
411 1583 552 1613 potuerunt
566 1579 717 1614 extinguere
737 1579 902 1611 charitutem,
927 1587 973 1606 nec
986 1579 1038 1615 [lu—
1053 1591 1057 1593 ν

244 1624 316 1651 mina
335 1601 445 1652 obrue;
562 1601 757 1661 (ἓῷξῖῖῶ
770 1601 902 1656 lin—men,
918 1601 1038 1661 phildso-
1051 1601 1073 1644 ό

244 1669 307 1704 pliia
321 1669 402 1705 hujus
416 1671 510 1699 mundi
528 1671 568 1699 vel
582 1671 680 1708 dogma
694 1671 884 1700 hereticorum
892 1672 924 1705 in
937 1671 1039 1700 Psalte-

245 1714 285 1742 rio
299 1723 305 1740 :
321 1714 359 1741 Tu
372 1716 509 1743 exsiccain
521 1716 633 1751 ﬂumina
646 1716 736 1743 Ethan
756 1715 847 1751 (Psal.
862 1716 976 1752 tum),
991 1717 1038 1752 qui

244 1760 449 1795 interpretatur,
474 1761 571 1796 fortis,
599 1762 626 1789 id
649 1766 701 1795 est,
724 1762 858 1795 diabolus,
880 1763 913 1791 de
934 1770 987 1797 quo
1011 1763 1038 1793 in

244 1806 395 1842 Evangelio.
420 1807 540 1836 dicitur:
561 1807 627 1835 Cum
664 1808 740 1842 [ortis
772 1813 890 1837 armatus
925 1808 1039 1837 custodit

245 1853 342 1879 atrium
365 1861 452 1885 suum,
470 1857 522 1881 etc.
553 1853 638 1889 (Luc.
657 1853 716 1890 χι).
746 1853 813 1881 Item
837 1854 890 1881 alio
914 1854 994 1882 modo
1012 1854 1039 1882 in

244 1897 294 1925 Job
308 1907 314 1924 :
327 1896 478 1926 Absorbebit
492 1900 611 1934 ﬂuvium,
629 1905 652 1927 et
667 1908 719 1927 non
734 1901 888 1933 mirabitur,
911 1905 935 1928 et
958 1900 1036 1928 habe-

244 1943 280 1969 bit
287 1943 423 1977 ﬁduciam,
430 1945 500 1979 quod
510 1945 604 1980 inﬂuat
616 1944 744 1973 Iordanis
757 1947 785 1972 in
794 1954 823 1973 os
837 1947 895 1981 ejus
907 1946 1038 1982 (Job.xi.).

244 1988 331 2016 Fluvii
356 1985 598 2019 nominc‘huma'ni
623 1992 730 2027 generis
755 1993 880 2020 decursio
904 1992 1037 2027 signatur,

244 2042 304 2070 quae
319 2034 391 2064 velut
414 2043 430 2063 a
449 2035 532 2064 fontis
555 2037 596 2064 sui
618 2038 722 2073 origine
740 2038 876 2065 nascendo
895 2038 992 2074 surgit,
1012 2043 1040 2067 et

243 2081 278 2120 ad
291 2081 346 2109 ima
363 2081 484 2110 deﬂuens
507 2082 648 2110 moriendo
670 2083 826 2117 pertransit.
851 2083 978 2112 Iordanis
994 2092 1040 2122 att-

246 2132 300 2155 tem
315 2127 493 2162 appellatione
520 2128 649 2163 baptizati
672 2128 856 2163 designantur.
879 2129 960 2162 Quasi
976 2137 1041 2167 ergo

244 2167 347 2200 diceret
361 2181 367 2199 :
382 2172 452 2200 Ante
470 2173 566 2201 mundi
581 2172 791 2208 Redemptorem
807 2175 937 2202 mundum
951 2174 1040 2203 Vehe-

242 2215 320 2259 inoth
335 2225 389 2245 non
401 2218 515 2246 miratus
529 2220 689 2247 absorbuit:
704 2220 751 2248 sed
767 2220 855 2256 (quod
870 2225 912 2249 est
930 2210 1041 2258 acrius)

241 2263 326 2306 etiam
348 2267 408 2300 post
430 2262 619 2300 Redemptoris
643 2265 802 2303 adventum,
831 2267 973 2301 quosdam,
993 2268 1039 2302 qui

244 2308 373 2351 baptizati
398 2314 470 2343 sunt,
487 2309 619 2347 deglutire
638 2319 667 2339 se
683 2320 762 2347 posse
784 2312 905 2341 conﬁdit.
923 2313 1038 2349 Quidam

244 2360 335 2383 autem
350 2355 492 2384 ﬂuviorum
511 2357 627 2392 propriis
645 2365 679 2389 ex
690 2358 779 2386 causis
795 2359 906 2386 nomina
926 2366 1038 2394 accepe-

244 2404 317 2427 runt.
334 2399 373 2428 Ex
387 2401 483 2437 quibus
496 2402 617 2429 nonnulli
631 2403 742 2430 notandi
759 2407 833 2436 sunt,
850 2403 896 2439 qui
913 2404 938 2430 in
953 2403 1038 2431 histo-

245 2445 293 2487 riis
307 2446 428 2475 celebres
448 2453 644 2475 memorantur.
659 2447 735 2476 Geon
749 2448 845 2477 ﬂuvius
862 2449 895 2477 de
907 2449 1038 2478 Paradiso

245 2492 348 2524 exiens.
364 2497 445 2529 atque
465 2494 618 2521 universam
640 2492 808 2535 Ethiopian]
820 2494 939 2530 cingens,
957 2503 1038 2523 voca-

245 2544 288 2567 tus
302 2539 352 2566 hoc
366 2539 483 2571 nomine,
505 2539 576 2574 quod
593 2539 759 2567 incremento
776 2532 831 2568 suae
849 2541 1039 2569 exundationis

245 2590 346 2613 terram
367 2584 476 2621 Egypti
500 2585 604 2620 irriget.
628 2584 666 2612 Ge
688 2586 760 2613 enim
782 2591 882 2614 terram
904 2585 1040 2622 signiﬁcat

245 2628 356 2659 Graecis.
376 2631 460 2658 Porro
475 2631 545 2667 apud
560 2629 701 2667 Egyptios
715 2631 792 2660 Nilus
803 2636 915 2660 vocatur
927 2637 1039 2667 propter

245 2676 349 2710 limum,
366 2684 447 2712 quem
461 2672 553 2709 trahit,
569 2677 615 2712 qui
634 2676 716 2705 clﬁcit
740 2676 944 2705 fecunditatem.
962 2676 1039 2705 Unde

245 2717 273 2750 et
281 2722 357 2749 Nilus
367 2722 455 2762 dictus
467 2726 516 2756 est,
529 2723 607 2758 quasi
618 2731 687 2751 nean
700 2732 716 2759 y
727 2723 771 2751 Ien
783 2723 903 2750 trahens.
914 2721 981 2749 Nam
989 2731 1037 2751 an-

247 2773 290 2797 tea
305 2768 382 2797 Nilus
396 2768 492 2808 Latine
512 2769 580 2797 Melo
591 2770 740 2798 dicebatur.
760 2769 880 2806 Apparet
900 2774 990 2798 autem
1009 2768 1038 2799 in

245 2815 334 2843 Nilide
354 2815 429 2848 lacu,
455 2816 488 2844 de
507 2824 560 2852 quo
581 2816 608 2844 in
628 2816 770 2844 meridiem
786 2824 880 2844 versus
903 2816 1037 2852 excipitur

245 2860 373 2901 gilgypto,
381 2864 426 2891 ubi
434 2863 567 2900 aquilonis
575 2863 684 2890 ﬂatibus
693 2869 868 2902 repercussus
876 2862 953 2899 aquis
963 2866 1037 2890 retro

240 2902 411 2939 ‘luctantibus
421 2906 576 2938 intumescit
586 2914 613 2937 et
624 2901 828 2938 inundationem
838 2907 947 2945 (Egypti
962 2906 1036 2936 facit.

1088 986 1169 1014 supra
1191 979 1293 1008 dictum
1316 979 1377 1015 est)
1403 984 1519 1015 quatuor
1543 979 1687 1015 Evangelia
1712 980 1876 1016 signiﬁcant,

1087 1032 1148 1059 quae
1161 1028 1277 1059 quatuor
1289 1024 1467 1060 Evangelista:
1480 1026 1708 1061 conscripserunt.
1722 1025 1790 1052 Nam
1801 1025 1877 1053 Geon

1088 1068 1184 1097 ﬂuvius
1197 1090 1206 1102 ,
1231 1070 1275 1104 qui
1296 1070 1491 1105 interpretatur
1513 1076 1615 1106 pectus,
1631 1071 1688 1098 sive
1704 1075 1877 1106 praeruptum,

1088 1115 1222 1151 signiﬁcat
1245 1116 1419 1152 Evangelium
1438 1116 1559 1151 Matthei,
1579 1118 1652 1152 quod
1673 1118 1790 1152 primum
1813 1126 1880 1145 con-

1087 1161 1218 1196 scriptum
1232 1166 1275 1189 est
1294 1162 1328 1190 ab
1343 1162 1401 1197 ipso
1417 1167 1528 1191 auctore
1548 1162 1680 1191 Hebraica
1700 1163 1800 1198 lingua,
1823 1167 1851 1190 et
1865 1170 1881 1190 a

1088 1207 1252 1242 genealogiis
1264 1207 1414 1236 Salvator-is
1426 1208 1569 1244 incipiens,
1580 1208 1700 1236 breviter
1710 1208 1881 1235 nativitatem

1088 1251 1194 1279 Domini
1219 1257 1305 1285 notat,
1334 1262 1545 1288 magnorumque
1568 1254 1712 1280 adventum
1736 1253 1770 1281 ad
1793 1253 1882 1288 ipsum

1089 1295 1269 1330 Salvatorem,
1285 1302 1312 1324 ct
1324 1298 1496 1332 parvulorum
1518 1299 1551 1325 ab
1575 1298 1679 1325 Herode
1705 1293 1881 1331 occisionem,

1088 1346 1181 1376 postea
1196 1342 1358 1378 baptismum
1372 1343 1431 1382 ejus
1444 1351 1670 1377 commemorans,
1692 1347 1719 1369 et
1734 1343 1761 1369 in
1777 1342 1883 1370 deserto

1086 1384 1217 1422 jejunium
1237 1392 1318 1423 atque
1341 1389 1512 1422 tentationes,
1527 1389 1627 1425 quibus
1641 1397 1657 1416 a
1672 1388 1780 1417 diabolo
1796 1393 1884 1416 tenta-

1089 1438 1132 1461 tus
1145 1438 1195 1466 est,
1211 1442 1275 1462 mox
1289 1435 1323 1462 ad
1343 1436 1564 1471 priedicationem
1584 1435 1740 1471 Evangelii,
1756 1441 1783 1464 et
1796 1428 1881 1464 mira-

1090 1479 1212 1508 culorum
1226 1480 1359 1509 facturam
1371 1482 1487 1515 transit;
1509 1482 1602 1518 sicque
1613 1482 1646 1509 ad
1657 1483 1812 1518 passionem
1823 1482 1881 1516 ejus

1089 1526 1260 1561 perveniens,
1274 1528 1455 1555 rcsurrexisse
1471 1535 1533 1555 eum
1548 1535 1564 1555 a
1583 1529 1698 1557 mortuis
1710 1527 1836 1561 ostendit,
1855 1532 1882 1556 et

1091 1572 1228 1608 discipulis
1245 1573 1273 1601 in
1292 1572 1402 1602 Galilasa
1423 1574 1591 1609 apparuisse,
1615 1578 1643 1602 et
1663 1574 1697 1601 ad
1712 1574 1882 1609 praedicatio-

1089 1626 1152 1648 nem
1172 1618 1310 1654 Evangelii
1329 1627 1375 1648 eos
1395 1619 1520 1648 misisse:
1535 1625 1563 1648 et
1575 1625 1675 1648 terram
1691 1619 1836 1656 tEthiopire
1856 1624 1883 1647 et

1090 1664 1226 1700 spiritales
1237 1664 1349 1701 ngypti
1361 1669 1478 1700 quatuor
1487 1664 1595 1693 ﬂuentis
1606 1666 1762 1701 dogmatum
1776 1664 1882 1700 irrigat,

1089 1718 1144 1746 qua
1170 1710 1290 1739 fructum
1318 1710 1381 1739 ﬁdei
1404 1715 1432 1739 et
1456 1710 1589 1740 bonorum
1614 1718 1727 1750 operum
1752 1710 1882 1746 proferat.

1091 1756 1169 1785 Unde
1184 1761 1212 1785 et
1236 1758 1293 1793 ipse
1309 1757 1480 1793 Evangelista
1505 1757 1534 1784 in
1558 1757 1742 1785 ecclesiastica
1769 1756 1884 1784 historia

1089 1802 1253 1840 describitur
1265 1803 1293 1831 in
1307 1801 1455 1836 [Ethiopiae
1466 1802 1590 1838 partibus
1602 1802 1691 1838 ipsum
1707 1801 1884 1838 Evangelium

1089 1839 1297 1884 praidicasse‘et
1315 1840 1449 1883 martyrio
1467 1852 1669 1876 consummatus
1693 1855 1762 1876 esse.
1779 1845 1884 1882 Ganges

1090 1901 1169 1927 vero,
1191 1893 1243 1922 hoc
1267 1898 1307 1921 est
1330 1893 1446 1927 Phison,
1472 1894 1518 1929 qui
1547 1895 1741 1929 interpretatur
1767 1899 1881 1933 caterva,

1090 1941 1148 1967 sive
1186 1939 1240 1967 oris
1273 1940 1384 1967 mutatio
1410 1939 1545 1975 signiﬁcat
1575 1939 1749 1975 Evangelium
1779 1939 1884 1973 Marci,

1091 1986 1163 2022 quod
1186 1985 1220 2012 de
1242 1985 1400 2020 genealogis
1425 1984 1574 2013 Salvatoris
1598 1985 1746 2013 secundum
1773 1992 1884 2013 carnem

1090 2039 1186 2066 parum
1208 2035 1301 2058 narrat
1315 2039 1322 2057 ι
1335 2031 1368 2058 de
1392 2030 1584 2066 pricdicalione
1607 2035 1697 2058 autem
1722 2030 1791 2064 ejus,
1810 2031 1885 2059 etde

1091 2076 1229 2104 miraculis
1262 2078 1444 2110 catervatim,
1482 2085 1541 2112 qum
1575 2077 1666 2105 caeteri
1705 2077 1884 2111 Evangelista:

1091 2123 1196 2159 plenius
1227 2128 1357 2155 narrant,
1387 2124 1415 2151 in
1442 2131 1526 2151 unum
1562 2124 1683 2151 codicem
1711 2122 1812 2158 colligit
1833 2132 1838 2149 :
1858 2127 1886 2150 ct

1091 2170 1131 2198 sic
1153 2170 1187 2197 ad
1208 2169 1362 2206 passionem
1387 2169 1488 2197 Christi
1511 2170 1681 2205 perveniens,
1706 2168 1885 2196 resurrectio-

1091 2223 1208 2252 nemque
1232 2224 1248 2243 a
1265 2216 1391 2250 mortuis,
1421 2216 1449 2243 in
1465 2214 1564 2243 caelum
1583 2223 1646 2243 eum
1666 2215 1829 2248 ascendisse,
1858 2207 1886 2261 (ξι

1092 2263 1228 2299 apostolos
1252 2268 1312 2299 post
1328 2263 1513 2290 ascensionem
1528 2260 1586 2296 ejus
1600 2261 1701 2289 mundo
1723 2261 1886 2297 praedicasse

1091 2311 1268 2339 demonstrat.
1296 2311 1386 2346 Tigris
1404 2318 1512 2346 quoque
1536 2310 1605 2337 bene.
1628 2314 1718 2346 potest
1742 2308 1887 2337 convenire

1091 2356 1234 2393 Evangelio
1249 2356 1337 2390 Luem,
1350 2356 1396 2391 qui
1409 2356 1526 2392 primum
1538 2362 1554 2382 a
1570 2355 1723 2382 sacerdotio
1736 2347 1886 2387 Zachariae,

1090 2406 1117 2429 ct
1134 2402 1166 2430 de
1190 2402 1330 2429 nativitate
1351 2400 1463 2428 Joannis
1482 2400 1625 2436 incipiens,
1653 2400 1886 2439 annuntiationem

1090 2446 1178 2481 angeli
1201 2445 1235 2474 ad
1255 2444 1368 2473 Mariam
1382 2445 1525 2481 virginem,
1553 2448 1581 2473 ct
1603 2445 1773 2484 nativitatem
1793 2444 1887 2474 Salva-

1089 2492 1156 2520 toris
1183 2496 1380 2527 c0nsequenter
1406 2492 1549 2525 enuntiat;
1575 2492 1668 2527 sicque
1704 2485 1888 2528 genealogiam

1090 2539 1148 2574 ejus
1167 2539 1239 2566 circa
1262 2538 1434 2575 baptismatis
1457 2537 1644 2566 narrationem
1670 2544 1888 2566 commemorans

1092 2585 1190 2612 transit
1205 2584 1239 2612 ad
1253 2584 1442 2619 exponendum
1460 2579 1684 2620 praedicationem
1695 2582 1764 2618 ejus,
1789 2580 1817 2610 et
1837 2582 1889 2610 mi-

1092 2631 1243 2659 raculorum
1258 2630 1391 2658 {acturam
1406 2638 1414 2656 :
1429 2634 1458 2658 et
1473 2629 1603 2658 velociter
1618 2621 1808 2668 transcurrens
1826 2635 1887 2668 om-

1091 2676 1147 2709 nia,
1163 2680 1244 2711 atque
1262 2669 1415 2710 passionem
1431 2673 1538 2703 Domini
1553 2678 1582 2701 et
1596 2666 1825 2702 resurrectionem
1836 2672 1887 2700 'de-

1094 2721 1228 2755 scribens,
1254 2730 1317 2750 eum
1338 2720 1493 2750 ascendisse
1517 2721 1551 2748 ad
1569 2720 1661 2753 cados,
1687 2712 1889 2754 discipulosque

1093 2768 1235 2796 Dominum
1255 2764 1423 2796 cellaudasse
1442 2767 1473 2794 in
1492 2762 1605 2802 templo,
1632 2765 1754 2794 breviter
1778 2769 1890 2806 etvs‘uc-

1093 2816 1181 2843 cincte
1197 2814 1286 2842 omnia
1299 2809 1685 2850 comprehendit.’Euphrat'e‘s
1699 2811 1773 2840 enim
1790 2807 1890 2838 ﬂuvius

1093 2861 1138 2898 qui
1164 2861 1359 2898 interpretatur
1386 2857 1508 2895 frugifer,
1537 2859 1595 2888 sive
1628 2853 1760 2892 crescens,
1787 2853 1891 2892 optime

1092 2906 1217 2935 convenit
1233 2901 1378 2941 Evangelio
1397 2904 1519 2940 Joannis,
1542 2905 1592 2941 ‘qui
1611 2905 1646 2933 de
1662 2902 1753 2933 divina
1777 2900 1891 2939 genera-
