4074 6324
448 368 558 441 523

451 493 717 553 venerant
746 492 1213 566 comprehendere
1247 491 1454 550 Iesum.
1511 492 1649 549 Nam
1688 494 1903 552 torrens
1944 490 2125 562 dum}:

449 580 571 646 vius
596 586 837 644 hibernis
864 586 1127 643 imbribus
1156 587 1459 643 concitatur
1491 586 1668 644 subito
1700 607 1713 642 :
1742 584 1835 659 qui
1864 580 1920 644 ei
1952 592 2039 643 ra-

448 682 610 756 pidus
647 681 991 754 cognoscitur
1027 687 1083 739 et
1110 680 1384 748 caenosus,
1423 680 1545 752 quia
1587 698 1693 736 non
1723 688 1859 753 puro
1888 680 2038 737 fonte

448 770 814 848 profunditur,
865 775 959 831 sed
1014 775 1245 831 terrenis
1282 770 1659 830 infectionlbus
1706 768 2034 831 sordidatur.

451 856 592 923 Huic
627 868 823 924 merito
869 873 1215 938 comparatur
1243 866 1424 923 saeculi
1455 866 1610 922 istius
1643 860 1887 923 turbidus
1915 864 2038 921 ebri-

449 976 565 1027 sus,
615 962 707 1031 qui
737 960 885 1016 nullo
916 960 1164 1016 veritatis
1194 954 1342 1016 fonte
1386 958 1591 1029 deﬂuit,
1638 961 1730 1017 sed
1769 958 2038 1017 malorum

449 1048 691 1108 omnium
739 1058 1055 1123 tempestate
1089 1051 1364 1107 coalescit.
1418 1040 1572 1107 Unde
1613 1051 1853 1107 dicitur:
1907 1049 2038 1106 Tor-

449 1142 647 1199 rentem
702 1143 1035 1213 pertransivit
1098 1142 1276 1198 anima
1341 1144 1523 1197 nostra
1577 1139 1749 1214 (Psal.
1815 1138 2032 1212 Citam)”.

447 1234 517 1293 Et
568 1235 698 1291 item
732 1254 746 1289 :
778 1233 857 1289 De
896 1240 1122 1289 torrente
1156 1234 1212 1289 in
1250 1228 1332 1288 vict
1377 1224 1523 1301 bibit,
1575 1244 1847 1306 propterea
1889 1230 2036 1290 ecca!-

448 1329 575 1383 tavit
602 1334 758 1399 caput
797 1319 988 1401 (Paul.
1039 1320 1173 1401 clx).
1232 1314 1425 1381 Merito
1465 1342 1594 1399 ergo
1635 1333 1693 1382 et
1737 1322 1901 1384 Israel
1949 1324 2034 1397 ip-

445 1434 564 1477 sum
591 1419 951 1490 pertransisse
982 1432 1041 1476 se
1071 1416 1321 1490 perhibet
1348 1438 1363 1474 :
1409 1418 1552 1475 unde
1579 1420 1740 1491 caput
1765 1416 1885 1491 ejus
1927 1416 2031 1491 po-

444 1520 590 1570 tasse
628 1510 974 1583 praedicatum
1018 1517 1122 1568 est.
1162 1509 1273 1567 Sed
1302 1508 1356 1567 in
1396 1512 1482 1568 his
1510 1506 1765 1568 omnibus
1817 1528 1925 1568 una
1951 1512 2037 1569 est

443 1604 574 1660 vera
598 1603 887 1668 confessio,
928 1602 1187 1674 quoniam
1211 1602 1277 1657 de
1300 1598 1468 1657 tantis
1497 1602 1755 1672 perieulis
1786 1603 1899 1659 sola
1930 1603 2035 1659 Do-

443 1695 576 1751 mini
600 1692 947 1750 miseratione
972 1693 1285 1749 liberamur.
1339 1692 1470 1748 ltem
1509 1698 1745 1761 torrens,
1787 1688 2033 1751 doctrina

442 1790 731 1856 pravorum
785 1783 839 1839 in
868 1778 1167 1839 Psa‘lterio:
1199 1776 1279 1838 Tu
1305 1783 1579 1855 disrupisti
1632 1786 1801 1857 fontes
1839 1796 1887 1841 et
1925 1795 2033 1841 tor—

1080 372 1143 436 n.
1181 374 1440 437 mare
1476 356 1698 439 nsum
1732 360 2053 438 Attumne;
2089 362 2405 438 uocum.
2447 357 2735 437 oration
2766 368 2950 435 rans
2982 370 3049 434 ιι.

3620 364 3727 439 sit

2743 484 2973 549 CAPUT
3008 486 3124 547 XII.

2769 574 2845 639 De
2889 582 3077 655 puteis.

2206 666 2409 732 Puteus
2445 678 2530 732 est
2553 676 2705 732 lacus
2728 668 2995 742 defossus,
3049 686 3115 731 ex
3146 674 3252 747 quo
3279 677 3536 734 hauritur
3564 668 3732 752 aqua,

2138 783 2171 824 a
2199 768 2479 838 potatione
2501 769 2719 824 dictus:
2767 769 2861 838 qui
2885 773 2941 823 et
2967 768 3022 823 in
3048 768 3242 825 bonam
3280 764 3733 843 significationem

2136 859 2347 930 positus
2409 856 2643 929 intelligi
2693 867 2891 929 potest,
2936 867 2993 914 et
3034 857 3088 915 in
3131 860 3480 917 contrariam.
3534 854 3737 918 Potens

2130 950 2446 1022 juramenti,
2477 960 2639 1023 quem
2678 946 2814 1008 fodit
2847 950 3127 1008 Abralt‘arn
3174 950 3326 1026 (Gen.
3362 953 3502 1028 ιω),
3537 956 3593 1011 id
3625 962 3729 1027 est,

2136 1039 2409 1097 Bersabee
2446 1040 2502 1096 in
2543 1034 2766 1113 regione
2800 1033 3123 1098 Geraritiea.
3154 1032 3356 1099 Potens
3378 1044 3605 1101 visionis
3650 1058 3736 1104 est

2134 1133 2191 1189 in
2236 1134 2450 1190 deserto
2504 1135 2644 1204 apud
2694 1144 2855 1205 quem
2911 1132 3173 1190 habitavit
3202 1132 3370 1192 Isaac.
3420 1136 3622 1196 Puteus
3650 1136 3735 1211 Iu-

2137 1222 2271 1281 dicii
2316 1234 2402 1282 est
2419 1236 2590 1297 utique
2623 1225 2679 1281 in
2703 1224 3025 1296 praesentem
3063 1224 3207 1281 diem
3236 1227 3293 1282 in‘
3319 1229 3539 1300 regione
3566 1229 3735 1287 Gera-

2135 1320 2314 1376 ritiea.
2377 1316 2614 1375 Rursum
2664 1324 2858 1391 puteus
2906 1319 3222 1389 juramenti,
3280 1320 3735 1390 ubrj‘ura‘verunt

2133 1410 2286 1468 Isaac
2304 1419 2358 1465 et
2376 1408 2713 1477 Abimelech,‘
2734 1414 3066 1483 vocaturque
3087 1412 3285 1483 oppida
3295 1424 3343 1468 tn
3371 1400 3547 1471 isaac;
3563 1436 3567 1441 ·
3586 1416 3734 1474 Sunt

2133 1508 2189 1560 et
2206 1503 2299 1558 alii
2334 1503 2514 1574 plures
2541 1502 2689 1574 putei
2759 1503 2816 1559 in
2849 1503 3392 1576 sanctis‘Sct‘ipturis,
3441 1502 3623 1579 quiin

2133 1597 2293 1668 gione
2345 1590 2665 1660 Geraritica,
2713 1602 2771 1651 et
2804 1595 2959 1668 juxta
2997 1593 3317 1652 Ascalonem
3359 1592 3735 1655 demonstran-

2133 1697 2244 1744 tur.
2299 1686 2356 1742 lu
2389 1689 2586 1743 benam
2617 1703 2748 1759 ergo
2781 1684 3237 1759 signiﬁcationem
3272 1678 3403 1744 illud
3433 1688 3604 1761 accipi
3636 1692 3732 1762 pd-

2133 1787 2255 1846 test,
2277 1779 2420 1851 quod
2442 1779 2498 1834 in
2516 1774 2711 1834 Genesi
2742 1778 2940 1849 legitur
2970 1774 3120 1835 Isaae
3147 1768 3334 1836 fodere
3356 1782 3547 1851 puteos
3577 1780 3728 1855 (Gen.

443 1878 611 1930 rentes
668 1872 852 1947 (Psal.
901 1874 1126 1946 Lxxm).
1181 1866 1416 1930 Rursum
1477 1883 1720 1943 torrens,
1776 1878 2028 1932 tentatio—
2062 1871 2314 1947 Bxxvr),
2361 1887 2495 1942 quos
2544 1869 2798 1926 foderunt
2857 1872 3011 1943 pueri
3046 1870 3216 1944 patris
3264 1872 3380 1945 ejus
3413 1872 3727 1932 Abraham:

443 1966 530 2022 nis
580 1966 814 2036 impetus
870 1964 925 2020 in
969 1960 1233 2020 Psalterio
1275 1981 1288 2018 :
1331 1962 1399 2018 Et
1438 1966 1695 2021 torrentes
1741 1966 2034 2039 iniquitatis

445 2055 883 2133 conturbauerunt
922 2066 1005 2111 nte
1043 2054 1227 2129 (;Psal.
1268 2053 1436 2130 ινιι).
1490 2056 1770 2113 Invenitur
1818 2064 1873 2114 et
1921 2067 2034 2115 tor-

443 2165 570 2208 rens
606 2150 812 2221 positus
853 2149 909 2204 in
937 2148 1136 2205 bonam
1172 2154 1406 2220 partem,
1460 2160 1520 2205 ut
1558 2156 1642 2206 est
1692 2148 1822 2206 illud
1862 2164 1877 2205 :
1907 2144 2037 2205 Tor-

444 2252 587 2299 rente
650 2242 931 2314 voluptatis
995 2251 1100 2297 tua:
1155 2243 1358 2313 potabis
1418 2260 1505 2297 eos
1570 2238 1760 2314 (Psal.
1822 2254 1966 2298 xxxv
1991 2242 2031 2317 ).

443 2332 760 2394 Torrentem
796 2344 927 2392 vero
967 2335 1204 2391 diximus
1231 2352 1353 2392 esse
1384 2332 1605 2392 ﬂuvium
1638 2336 1903 2405 velocem,
1943 2332 2036 2410 qui

442 2429 618 2486 subita
667 2429 970 2499 pluviarum
1019 2426 1372 2485 inundatione
1409 2428 1707 2495 descendit,
1757 2424 1843 2486 cui
1900 2431 2039 2486 bene

443 2522 788 2596 comparatur
837 2524 1100 2595 sapientia
1145 2516 1348 2581 Christi
1390 2542 1405 2580 :
1445 2518 1572 2597 quia
1607 2535 1663 2582 et
1702 2512 1881 2583 subita
1932 2536 2031 2592 εει,

442 2625 499 2675 et
545 2617 622 2672 ita
670 2616 873 2688 rapida,
924 2616 987 2672 ut
1023 2614 1091 2673 ad
1130 2614 1289 2673 ﬁnem
1314 2659 1331 2687 ,
1378 2635 1541 2689 quem
1580 2616 1722 2684 vult,
1782 2619 1900 2676 sine
1939 2616 2038 2676 ali-

443 2725 552 2781 qua
603 2710 861 2766 tarditate
891 2709 1191 2779 perveniat.
1232 2704 1355 2765 Rivi
1402 2711 1564 2778 dicti,
1604 2711 1745 2783 quod
1784 2712 2035 2769 deriven-

444 2809 536 2858 tur
571 2802 638 2857 ad
675 2802 1040 2873 irrigandum,
1081 2802 1132 2859 id
1181 2811 1300 2870 est,
1343 2800 1411 2859 ad
1468 2804 1827 2860 inducendum
1868 2820 2038 2876 aquas

445 2892 696 2969 magns.
742 2888 879 2951 Nam
924 2896 1101 2968 rigare
1142 2896 1401 2953 inducere
1450 2905 1554 2953 est.
1620 2896 1899 2968 Signiﬁcat
1943 2915 2039 2955 au-

445 2996 557 3048 tem
587 2982 848 3045 fluentum
897 2984 1057 3059 atque
1094 2978 1468 3060 irrigationem
1517 2989 1756 3045 ccelestis
1795 2991 1980 3061 gratia:
2018 3009 2033 3045 :

447 3081 574 3151 quia
616 3080 775 3137 corda
824 3079 1059 3135 humana
1108 3074 1175 3134 ad
1221 3079 1606 3149 proferendum
1651 3074 1886 3137 fructum
1937 3078 2037 3139 do-

446 3172 634 3231 ctrina:
681 3183 739 3228 et
800 3171 1065 3228 bonorum
1129 3187 1355 3243 operum
1407 3172 1726 3245 irrigantur.
1785 3166 1938 3233 Unde
1984 3185 2039 3233 et

2136 1966 2231 2022 sed
2258 1956 2560 2020 invidentes
2589 1965 2637 2018 ei
2669 1962 2942 2020 Palaestini
2969 1964 3358 2023 obstruxerunt
3382 1980 3475 2025 eos
3511 1968 3735 2040 implen-

2137 2067 2218 2114 tes
2252 2058 2437 2124 humo,
2479 2065 2535 2112 et
2563 2056 2791 2128 reliqua.
2841 2057 2979 2124 Quis
3012 2065 3095 2113 est
3125 2058 3226 2115 iste
3248 2052 3417 2126 Isaac,
3470 2056 3577 2115 nisi
3610 2056 3731 2114 Sal-

2135 2155 2290 2203 vator
2310 2148 2530 2204 noster?
2553 2147 2655 2215 Qui
2694 2149 2822 2203 dum
2848 2150 3221 2206 descendisset
3246 2152 3301 2207 in
3327 2150 3486 2207 iStum
3514 2149 3728 2207 terrea:

2138 2249 2246 2297 tem
2274 2236 2500 2305 Gerara,
2561 2240 2740 2311 primo
2766 2242 3012 2298 omnium
3049 2243 3171 2299 illos
3201 2253 3394 2316 puteos
3422 2238 3608 2303 fodere
3637 2258 3733 2305 vol-

2136 2331 2256 2399 luit,
2288 2348 2425 2402 quos
2467 2330 2713 2389 foderant
2764 2332 2918 2404 pueri
2949 2336 3121 2406 patris
3145 2334 3246 2403 sui,
3304 2336 3484 2405 idest,
3523 2337 3734 2412 Moyses

2136 2435 2358 2495 puteum
2378 2426 2515 2497 legis
2544 2421 2775 2493 fuderat,
2823 2428 3018 2496 David,
3063 2424 3314 2485 Salomon
3363 2436 3416 2486 et
3455 2432 3736 2504 praphette

2137 2514 2306 2573 libros
2334 2518 2671 2588 scripserunt
2719 2517 2933 2574 Veteris
2978 2518 3307 2575 Testamenti
3334 2538 3348 2574 :
3380 2537 3515 2592 quos
3552 2530 3737 2579 tamen

2140 2615 2355 2664 terrena
2382 2617 2438 2663 et
2465 2609 2680 2664 sordida
2707 2609 3009 2679 repleverat
3025 2611 3373 2683 intelligentia
3397 2600 3731 2670 Iudaeorum.

2138 2699 2207 2754 Et
2225 2714 2413 2755 eorum
2440 2716 2501 2755 os
2522 2716 2647 2755 cum
2670 2699 2831 2756 vellet
2859 2717 3088 2775 purgare
3127 2700 3273 2759 lsaac
3312 2711 3374 2760 ut
3403 2703 3731 2774 estendcret,

2139 2793 2269 2863 quia
2305 2809 2641 2865 quaecunque
2680 2793 2769 2849 lex
2809 2804 2866 2851 et
2892 2798 3168 2868 prophetae
3194 2798 3469 2867 dixerunt,
3524 2798 3591 2856 de
3615 2800 3734 2873 ipso

2139 2885 2394 2942 dixerunt
2417 2903 2430 2940 :
2462 2886 2623 2941 rixati
2644 2894 2770 2942 sunt
2795 2903 2919 2944 cum
2945 2904 3010 2944 eo
3040 2886 3331 2960 Palaestini,
3362 2888 3414 2948 id
3435 2888 3538 2960 est,
3566 2890 3738 2951 Judrei

2139 2994 2171 3034 a
2200 2992 2366 3052 regno
2388 2979 2483 3036 Dei
2514 2981 2675 3036 alieni
2708 2999 2720 3035 :
2766 2981 2860 3037 sed
2883 2982 3159 3039 descendit
3186 2978 3241 3041 et
3273 2974 3503 3042 discedit
3539 2984 3607 3042 ab
3630 2972 3733 3063 eis,

2138 3076 2195 3126 et
2233 3087 2340 3127 non
2365 3079 2544 3143 potest
2570 3087 2689 3129 esse
2720 3088 2843 3128 cum
2883 3070 2972 3130 his
2999 3076 3091 3146 qui
3130 3076 3184 3131 in
3215 3070 3392 3148 puteis
3419 3070 3610 3150 aquam
3644 3095 3738 3150 (no-

2139 3166 2258 3222 lunt
2280 3164 2503 3232 habere,
2529 3166 2628 3223 sed
2669 3175 2894 3235 terram,
2924 3175 2981 3224 et
3010 3168 3143 3224 dicit
3165 3146 3245 3226 eis
3272 3188 3285 3225 :
3310 3162 3447 3226 Ecce
3468 3146 3735 3245 relinque-'-

446 3266 577 3324 illud
609 3287 621 3322 :
658 3262 819 3323 Petra
848 3265 1083 3339 profudit
1110 3265 1239 3321 mihi
1260 3266 1396 3320 rivos
1431 3263 1532 3320 olei
1558 3256 1702 3338 (Job.
1727 3254 1903 3341 xxix),
1936 3258 2041 3329 hoc
2068 3249 2114 3335 (;
2145 3269 2234 3314 tur
2253 3259 2395 3314 vobis
2426 3259 2611 3315 domus
2661 3269 2827 3317 vestra
2858 3260 3065 3318 deserta
3103 3256 3317 3335 (Matth.
3349 3260 3526 3337 χχιιι).
3579 3256 3738 3319 Fodit

444 3370 552 3429 est,
578 3358 826 3417 Christus
852 3359 990 3415 dona
1022 3356 1257 3428 Spiritus
1278 3356 1472 3413 sancti.
1502 3357 1564 3413 In
1589 3352 1809 3416 Psalmo
1840 3374 1856 3415 :
1884 3361 2040 3419 Rivos

444 3455 557 3525 ejus
599 3452 823 3519 inebria,
864 3444 1153 3519 multiplica
1194 3450 1550 3520 generationes
1583 3451 1720 3521 ejus,
1783 3454 2039 3508 in‘stilli-

445 3548 596 3604 cidiis
619 3546 727 3602 suis
748 3534 1033 3609 (relabitur,
1077 3558 1198 3597 cum
1220 3541 1485 3597 exorietur
1524 3540 1699 3616 (Psal.
1739 3544 1909 3616 thv).
1945 3545 2040 3601 Ri-

444 3652 542 3694 vos
578 3636 742 3692 etiam
792 3634 884 3690 hic
906 3632 1348 3703 dicitapostolos,
1406 3628 1491 3689 vel
1518 3633 1653 3690 alios
1691 3628 1898 3703 fideles,
1946 3640 2041 3708 qui

448 3727 513 3782 de
554 3718 645 3781 illo
672 3716 767 3781 Dei
790 3723 995 3795 repleto
1021 3738 1235 3795 semper
1271 3724 1492 3779 ﬂumine
1523 3725 1795 3782 biberunt.
1836 3720 1941 3783 Sed
1970 3745 2040 3785 ne

447 3826 633 3889 potum
663 3817 838 3888 ipsum
865 3816 1114 3872 crederes
1134 3818 1254 3871 esse
1283 3814 1703 3886 tenutissimum,
1734 3808 1862 3874 dicit
1894 3819 2038 3877 rivos

446 3909 595 3981 ipsos
644 3908 1008 3975 inebriandos,
1050 3915 1109 3963 ut
1152 3908 1219 3963 ad
1253 3915 1459 3963 tantam
1506 3910 1814 3966 satietatem
1852 3910 2041 3980 perve-

446 4000 620 4066 niant,
666 4009 868 4070 quanta
904 4008 957 4056 et
984 4000 1116 4069 ipsis
1148 3993 1360 4054 abunde
1390 3998 1637 4064 sutiiciat,
1676 4009 1731 4056 et
1779 4002 1900 4058 aliis
1938 4020 2039 4074 pro

448 4091 627 4147 futura
650 4092 930 4147 concedat.
978 4084 1139 4146 Redit.
1170 4091 1333 4161 igitur
1391 4089 1459 4143 ad
1488 4092 1816 4161 singularem
1850 4080 2039 4150 nume-

450 4202 594 4253 rum,
621 4200 779 4255 quem
808 4184 1191 4240 ecclesiasticae
1220 4172 1413 4237 unitati
1452 4183 1687 4238 diximus
1725 4180 2035 4243 convenire.

446 4274 595 4332 Dixit
628 4277 795 4342 enim,
829 4273 1119 4344 multipiica
1163 4275 1520 4343 generationes
1548 4273 1679 4344 ejus,
1734 4275 1875 4332 illius
1931 4277 2038 4334 sci-

448 4365 577 4422 licet
615 4365 741 4430 rivi,
790 4364 882 4433 qui
921 4362 988 4419 de
1021 4362 1242 4419 ﬂumine
1280 4374 1467 4420 sancto
1511 4361 1784 4434 proﬂuxit,
1837 4373 1897 4421 ut
1940 4383 2037 4438 per

449 4457 824 4529 generationes
858 4455 1210 4512 succedentes
1255 4456 1565 4527 praedicatio
1593 4454 1752 4512 beata
1793 4476 1901 4514 non
1948 4461 2038 4516 de-

452 4547 621 4615 ﬁciat,
679 4546 774 4603 sed
817 4544 1157 4618 multiplicct,
1195 4547 1337 4603 unde
1367 4546 1633 4603 catholica
1674 4563 1890 4620 semper
1918 4564 2035 4605 cre-

2145 3368 2276 3425 ergo
2305 3350 2455 3409 Isaac
2482 3370 2684 3409 novum
2714 3360 2959 3424 puteum,
2991 3350 3099 3409 imo
3128 3353 3281 3425 pueri
3308 3344 3460 3410 Isaac
3499 3346 3732 3410 i0diunt.

2142 3444 2304 3501 Pueri
2358 3452 2485 3501 sunt
2561 3445 2731 3511 Isaac,
2788 3444 3090 3513 Matthanls,
3136 3440 3367 3511 Marcus,
3421 3434 3615 3510 Lucas,
3684 3450 3738 3501 et

2140 3532 2394 3602 Joannes,
2459 3535 2652 3591 Petrus
2719 3543 2776 3590 et
2820 3534 3071 3601 Jacobus,
3130 3528 3297 3592 Judas
3357 3542 3413 3592 et
3464 3526 3739 3607 apostolus

2139 3625 2360 3693 Paulus,
2417 3628 2510 3698 qui
2540 3643 2730 3683 omnes
2776 3626 3109 3684 Testamenti
3153 3616 3288 3684 Novi
3324 3637 3542 3701 puteum
3582 3626 3734 3685 fodeé

2141 3729 2287 3785 runt,
2318 3729 2374 3776 et
2396 3720 2720 3777 invenerunt
2742 3737 2938 3793 aquam
2967 3724 3166 3789 vivam,
3202 3739 3323 3794 qua:
3347 3725 3408 3778 tit
3431 3738 3585 3795 aqua:
3619 3723 3738 3781 fons

2139 3810 2382 3871 salientis
2410 3814 2467 3870 in
2497 3816 2664 3870 vitam
2692 3826 2951 3871 aeternam
2977 3814 3158 3888 (Ῑοαη.
3192 3816 3287 3891 tv).
3318 3814 3423 3873 Pro
3454 3819 3540 3873 his
3560 3819 3740 3876 adhuc

2141 3904 2483 3961 altercantnr
2533 3907 2633 3975 illi,
2706 3908 2799 3979 qui
2852 3917 3068 3965 terrena
3126 3909 3359 3979 sapiunt,
3435 3925 3535 3966 nec
3594 3927 3741 3968 nova

2139 4000 2301 4055 condi
2361 3999 2662 4070 patiuntur,
2716 4016 2817 4056 nec
2856 4011 3041 4056 vetera
3091 4003 3333 4072 purgari,
3412 4005 3739 4076 evangelicis

2136 4091 2315 4163 puteis
2351 4092 2741 4159 contradicunt,
2787 4092 3043 4165 apostolis
3084 4094 3443 4150 adversantur
3480 4114 3492 4150 :
3528 4105 3582 4150 et
3605 4112 3740 4168 quo-

2138 4188 2284 4244 niam
2324 4187 2376 4276 ἥρ
2406 4187 2658 4242 omnibus
2700 4188 3079 4243 contradicunt
3110 4186 3419 4274 litigantes,
3436 4189 3636 4244 dicitur
3660 4180 3729 4246 ad

2137 4295 2232 4337 eos
2261 4300 2275 4335 :
2307 4273 2569 4346 Q—uoniam
2605 4280 2849 4350 indignos
2891 4297 2977 4334 vos
3025 4281 3226 4351 fecistis
3276 4273 3463 4352 gratia:
3502 4281 3621 4348 Dei,
3674 4273 3739 4337 ea:

2136 4374 2234 4427 hoc
2269 4371 2387 4442 jam
2414 4371 2481 4424 ad
2510 4380 2683 4442 gentes
2710 4372 2901 4426 ibimus
2941 4370 3078 4443 (Act.
3113 4371 3257 4441 XIII).
3306 4371 3434 4426 Post
3462 4371 3577 4427 haec
3604 4370 3739 4428 fodit

2138 4464 2355 4519 tertium
2386 4472 2608 4534 puteum
2648 4462 2819 4530 Isaac,
2848 4473 2902 4518 et
2928 4463 3215 4534 appellavit
3241 4480 3437 4518 nomen
3464 4464 3567 4520 loci
3595 4465 3738 4522 illius

2144 4554 2375 4611 latitudo
2406 4555 2592 4610 dicens
2621 4572 2634 4607 :
2674 4548 2833 4609 Nunc
2868 4553 3112 4608 dilatavit
3136 4571 3228 4609 nos
3258 4552 3538 4622 Dominus,
3590 4565 3637 4609 ct
3666 4556 3738 4625 fe-

451 4651 568 4697 scat
593 4640 856 4709 Ecclesia,
880 4650 939 4697 ut
964 4642 1055 4712 qui
1083 4642 1242 4697 modo
1263 4641 1577 4697 imbuuntur
1597 4658 1751 4698 sacro
1771 4643 2036 4715 dogmate,
2066 4619 2120 4695 D.
2147 4649 2216 4702 cit
2254 4665 2481 4703 crescere
2511 4665 2666 4719 super
2696 4658 2889 4701 terram
2917 4646 3072 4718 (Gen.
3106 4646 3276 4717 χχιιι).
3322 4647 3459 4703 Vere
3486 4642 3738 4704 dilatatus

453 4744 577 4805 post
621 4736 758 4793 alios
803 4736 999 4792 docere
1039 4737 1347 4792 videantur.
1401 4734 1687 4790 Stillicidia
1716 4736 1861 4792 enim
1916 4745 2042 4792 sunt

451 4835 617 4899 gutta:
647 4840 765 4898 quae
792 4827 859 4884 de
879 4829 1036 4885 tectis
1081 4828 1303 4895 cadunt,
1357 4845 1465 4883 non
1493 4828 1751 4898 pondere,
1783 4827 1880 4885 sed
1906 4829 2040 4884 assi-

454 4918 662 4974 duitate
713 4922 1054 4990 penetrantia
1114 4938 1235 4993 quae
1282 4929 1545 4992 quantum
1591 4922 1792 4977 distent
1848 4938 1878 4975 a
1908 4921 2041 4976 rivis

453 5002 621 5069 etiam
644 5013 865 5069 visualis
892 5016 1047 5072 nobis
1072 5015 1211 5071 ratio
1235 5014 1506 5087 patefecit.
1558 5014 1699 5088 Ergo
1729 5016 1781 5071 in
1809 5015 2041 5086 primor-

455 5103 560 5160 diis
593 5105 706 5162 suis
734 5103 1006 5163 laetabitur
1035 5108 1213 5163 omnis
1234 5098 1427 5175 ﬁdelis,
1481 5124 1604 5163 cum
1636 5108 1911 5164 exorietur
1941 5126 1952 5160 :
1985 5114 2041 5162 et

457 5212 595 5267 aqua
640 5190 694 5255 et
742 5197 945 5269 Spiritu
983 5196 1169 5257 sancto
1216 5216 1348 5258 vere
1378 5194 1732 5267 renascimur,
1782 5196 1836 5257 et
1869 5196 2042 5268 gloria

454 5286 670 5344 Domini
724 5288 893 5360 ipsius
941 5292 1247 5363 dignatione
1302 5310 1695 5367 przeparamur.
1752 5290 1850 5348 Est
1897 5292 2042 5349 enim

455 5382 610 5437 nobis
653 5389 779 5438 tunc
816 5392 1011 5456 magna
1054 5382 1275 5455 vlmtitia,
1305 5390 1522 5459 quando
1562 5386 1770 5457 antiqui
1808 5384 2044 5441 hominis

457 5478 725 5535 vetustate
761 5479 1027 5548 deposita,
1084 5466 1139 5553 in
1170 5482 1321 5553 novae
1369 5476 1803 5551 regenerationis
1844 5476 2039 5547 gaudia

456 5570 877 5631 committantur.
907 5560 1049 5639 Ilivi,
1076 5548 1387 5643 praedicatio
1414 5579 1728 5626 sanctorum
1771 5564 1827 5622 in
1854 5565 1993 5622 Isaia
2024 5586 2039 5623 ιη

456 5660 528 5719 Et
570 5670 721 5719 erunt
769 5680 924 5735 super
966 5682 1171 5719 omnem
1198 5672 1433 5738 :rnontem
1469 5659 1755 5731 excelsum,
1808 5671 1856 5716 et
1887 5675 2042 5732 super

456 5768 659 5904 ornem
717 5744 897 5810 collem
949 5750 1206 5813 eleuatum
1256 5752 1349 5810 rivi
1395 5752 1717 5810 currentium
1785 5768 2042 5825 aquarum

459 5843 480 5904 ί
513 5863 594 5904 σα.
648 5850 793 5904 xxx).

459 5843 594 5922 (Ita.
648 5850 793 5924 xxx).

2147 4750 2230 4797 est
2252 4741 2425 4809 lsaac,
2472 4750 2527 4796 et
2553 4741 2795 4812 implevit
2825 4757 3039 4795 omnem
3078 4751 3276 4796 terram
3312 4745 3540 4798 scicntia
3565 4742 3737 4799 Trini~

2148 4835 2296 4901 tatis,
2332 4843 2385 4888 et
2414 4835 2465 4888 in
2492 4843 2609 4889 toto
2635 4835 2767 4889 orbe
2788 4832 3125 4888 latitudinem
3150 4833 3404 4890 Ecclesiae
3430 4835 3736 4891 collocavit.

2146 4926 2303 4981 Prius
2333 4934 2540 4980 tantum
2566 4925 2618 4978 in
2644 4922 2827 4979 Iudaea
2852 4933 3012 4979 notus
3034 4934 3153 4979 erat
3183 4920 3342 4987 Deus,
3374 4927 3430 4979 in
3457 4924 3620 4981 Israel
3643 4940 3742 4981 no-

2146 5017 2455 5071 minabatur
2485 5010 2654 5087 (Psal.
2686 5014 2850 5086 Lxxv)
2883 5033 2895 5068 :
2932 5030 3077 5070 nunc
3106 5023 3285 5071 autem
3316 5018 3370 5069 in
3392 5030 3594 5069 omnem
3631 5024 3739 5068 tere

2147 5098 2261 5162 rem
2289 5106 2443 5160 exivit
2481 5122 2639 5160 sonus
2675 5122 2878 5173 eorum,
2929 5116 2977 5160 et
3007 5107 3061 5160 in
3088 5106 3218 5175 ﬁnes
3241 5102 3378 5160 orbis
3408 5115 3561 5159 terra:
3589 5098 3741 5158 verbd

2144 5216 2323 5254 eorum
2356 5194 2529 5271 (Psal.
2577 5197 2758 5269 xvm).
2787 5197 2848 5252 ln
2875 5192 3208 5255 contrariam
3231 5211 3360 5252 vero
3389 5190 3742 5268 signiﬁcatio-

2144 5306 2267 5346 nem
2325 5290 2532 5360 positus
2579 5297 2663 5344 est
2708 5288 2903 5359 puteus
2951 5286 3060 5355 ille,
3116 5295 3280 5359 super
3329 5302 3489 5359 quem
3542 5282 3745 5355 legitur

2146 5376 2328 5454 (Joau.
2368 5381 2442 5454 tv)
2486 5380 2734 5437 Salvator
2775 5381 3036 5452 fatigatus
3076 5396 3140 5436 ex
3174 5379 3368 5435 itinere
3416 5375 3640 5443 sedisse,
3686 5380 3744 5431 et

2146 5466 2340 5535 mulier
2381 5476 2722 5535 Samaritana
2752 5492 2874 5532 cum
2901 5468 3093 5548 hydria
3118 5490 3313 5545 aquam
3344 5472 3566 5529 haurire
3588 5468 3742 5525 velle.

2147 5554 2349 5646 Hydria
2374 5568 2518 5628 enim
2543 5571 2775 5629 fortasse
2794 5586 3033 5646 amorem
3060 5566 3241 5624 saeculi
3263 5565 3422 5637 hujus
3448 5563 3744 5637 signiﬁcat,

2148 5642 2212 5721 id
2230 5673 2334 5731 est,
2367 5664 2743 5735 cupiditatem,
2797 5642 2964 5734 quam
2992 5661 3067 5718 ibi
3088 5660 3339 5717 homines
3368 5660 3436 5715 de
3456 5656 3744 5713 tenebrosa

2148 5754 2538 5830 profunditate,
2566 5755 2721 5826 cujus
2749 5742 3047 5828 imaginem
3068 5764 3267 5827 puteus
3297 5752 3454 5826 gerit,
3501 5751 3607 5807 hoc
3635 5759 3743 5817 est,

2152 5844 2217 5907 de
2231 5846 2445 5905 terrena
2459 5836 2868 5905 conversaiiooe
2890 5846 3173 5911 hauriunt,
3188 5855 3249 5901 et
3268 5844 3617 5916 voluptatem,
3636 5853 3744 5912 qua
