4074 6324
322 357 434 444 satis

1311 351 1402 441 nn
1439 352 1786 444 emenso
1819 381 1999 445 LIBRI
2035 384 2196 443 xxu.
2235 415 2306 427 -
2339 385 2472 443 LIB.
2509 378 2598 444 ιιι.

3479 387 3586 452 396

322 503 577 570 percepta
604 495 798 552 iterum
824 496 880 551 in
907 495 1025 567 q'us
1042 497 1336 568 appetitum
1367 500 1732 567 inardescunt,
1767 502 1908 558 sicut
1935 506 1988 567 Α
2014 501 2275 572 qualitate
2310 502 2608 557 densentur
2633 517 2648 556 :
2688 502 2781 558 sed
2809 501 3018 573 aliquas
3038 503 3335 574 potestates
3372 507 3588 564 Domini

329 591 398 647 de
427 605 566 659 aqua
597 589 690 644 illa
738 591 830 659 qui
870 590 1087 658 biberit,
1135 592 1282 648 sitiet
1339 592 1556 648 iterum.
1615 593 1908 664 Oportebat

328 692 521 739 autem
565 690 625 736 ut
649 681 866 740 Christo
909 683 1139 738 credens
1183 684 1380 740 saeculo
1424 685 1778 749 renuntiaret,
1834 695 1905 752 et,

329 777 519 836 relicta
551 777 760 847 hydria,
813 777 1156 848 cupiditatem
1181 778 1494 835 seueritatem
1541 794 1602 835 se
1628 780 1911 851 reliquisse

327 879 678 935 monstraret,
721 886 830 928 non
856 871 1032 928 solum
1073 871 1302 929 credens
1339 874 1506 929 corde
1541 874 1610 929 ad
1643 875 1909 945 justitiam

330 962 509 1036 (Rom.
551 965 630 1033 ι),
667 964 767 1022 sed
787 964 955 1020 etiam
983 965 1055 1021 ad
1084 963 1313 1020 salutem
1349 980 1446 1020 ore
1469 965 1734 1021 conﬁtens
1774 982 1912 1036 prin-

329 1058 560 1124 dicaret,
606 1057 749 1128 quod
783 1057 1034 1114 credidit.
1105 1059 1238 1114 item
1282 1065 1478 1128 puteus
1511 1057 1596 1113 vel
1635 1057 1910 1112 diabolum

329 1147 624 1220 signiﬁcat,
663 1147 750 1204 vel
777 1147 1065 1215 infernum,
1117 1158 1178 1208 nt
1207 1157 1295 1205 est
1314 1147 1446 1204 illud
1475 1166 1488 1202 :
1519 1147 1704 1218 Neque
1726 1156 1912 1220 urgeat

325 1257 482 1310 super
505 1257 587 1294 me
615 1249 802 1310 puteus
831 1257 888 1296 os
909 1257 1062 1295 suum
1089 1239 1260 1312 (Psal.
1292 1240 1503 1313 vam).
1550 1241 1756 1314 Urgent
1779 1251 1914 1312 quo-

327 1345 435 1403 que
479 1341 794 1403 peccatores
840 1347 901 1388 os
925 1348 1082 1388 suum
1102 1332 1458 1400 concludam.
1494 1349 1625 1389 eum
1649 1343 1820 1406 usque
1844 1336 1913 1391 ad

325 1422 519 1480 mortis
539 1439 649 1479 sua:
682 1431 896 1495 tempus
942 1423 996 1478 in
1017 1424 1252 1494 pessima
1280 1423 1556 1481 voluntate
1594 1425 1910 1495 persistunt'.

325 1514 593 1582 Cisterna,
647 1524 803 1578 recta.
844 1516 1214 1588 intelligentia,
1276 1526 1335 1572 ut
1373 1519 1544 1574 estin
1575 1520 1910 1582 Salomone:

326 1605 456 1662 Bibe
477 1623 668 1677 aquam
691 1607 755 1662 de
784 1609 1008 1664 cisterna
1034 1619 1149 1675 tua,
1178 1618 1224 1663 et
1246 1611 1441 1679 ﬂuenta
1460 1610 1602 1681 putei
1627 1621 1706 1664 tu:
1728 1611 1910 1684 (Prov.

326 1697 403 1771 v).
464 1689 710 1756 Cisterna
755 1687 995 1756 haeretici
1030 1699 1115 1755 vel
1141 1717 1308 1772 prava
1334 1691 1708 1774 intelligentia,
1770 1712 1830 1758 ut
1859 1705 1913 1760 in

328 1787 564 1848 Jeremia
589 1805 606 1844 :
635 1789 683 1844 F
687 1791 907 1847 oderunt
935 1779 1034 1846 sibi
1062 1794 1312 1849 cisternas
1342 1793 1622 1866 dissipatas
1668 1787 1803 1869 (Jer.
1828 1797 1912 1870 ιι).

916 1901 1144 1959 CAPUT
1191 1904 1326 1959 Xili.

898 1967 977 2029 De
1015 1975 1324 2045 gurgitibus.

401 2065 611 2138 Gurges
659 2061 740 2122 est
767 2067 984 2137 proprie
1007 2065 1156 2123 lacus
1187 2069 1327 2124 altus
1374 2070 1431 2126 in
1450 2071 1696 2139 ﬂumine,
1746 2071 1916 2144 signi-

328 2157 456 2216 ﬁcat
485 2160 770 2232 allegorice
815 2162 1056 2217 turbines
1077 2165 1534 2233 persecutionum,
1586 2183 1705 2236 qum
1729 2167 1918 2222 adver-

328 2265 522 2314 santur
547 2255 733 2311 electis
755 2256 809 2310 in
833 2257 934 2312 hoc
965 2257 1185 2313 mundo.
1239 2257 1389 2313 Unde
1415 2260 1470 2314 in
1494 2258 1629 2314 Joua
1655 2260 1916 2329 scriptum

327 2359 451 2404 cst:
515 2347 705 2403 Omnes
762 2349 989 2419 gurgites
1027 2349 1103 2403 tui
1159 2360 1206 2404 et
1251 2353 1442 2420 ﬂuctus
1501 2353 1579 2406 tui
1632 2370 1787 2424 super
1836 2370 1917 2408 me

327 2441 650 2496 transierunt
691 2439 848 2513 (Jan.
889 2445 972 2514 ιι).
1021 2442 1175 2509 Quod
1215 2460 1376 2514 super
1398 2443 1590 2500 Jonam
1649 2456 1917 2503 tumentes

327 2531 524 2585 ﬂuctus
567 2517 733 2585 iuaris
775 2532 1127 2600 transierunt,
1183 2542 1239 2588 et
1273 2536 1577 2590 detonuerit
1608 2553 1747 2592 saeva
1777 2545 1915 2593 tem-

330 2630 532 2690 pestas,
591 2621 723 2676 nulli
771 2621 989 2678 dubium
1016 2632 1120 2691 est,
1185 2628 1502 2697 mysterium
1535 2644 1655 2684 esse
1692 2629 1913 2685 Christi.

331 2710 524 2767 Nullus
571 2713 719 2768 enim
755 2721 837 2770 cst
878 2713 1179 2782 hominum,
1247 2719 1338 2788 qui
1374 2727 1601 2774 cunctas
1646 2721 1918 2776 sustinere

328 2815 492 2876 queat
515 2807 838 2863 tentationes
860 2808 1064 2878 absque
1081 2807 1316 2864 Christo.
1343 2811 1410 2865 Et
1436 2812 1702 2881 quomodo
1730 2821 1918 2867 omnes

328 2890 760 2969 persecutiones,
816 2909 871 2954 et
912 2902 1166 2956 universa
1223 2917 1343 2971 quae
1390 2902 1662 2969 accidunt,
1714 2904 1919 2972 absque

330 2989 426 3045 Dei
450 3005 559 3045 non
591 2990 911 3062 ingeruntur
941 2991 1217 3048 voluntate
1249 3007 1265 3047 :
1320 2992 1526 3048 idcirco
1554 2992 1650 3048 Dei
1681 2995 1920 3065 gurgites

332 3083 603 3149 dicuntur,
649 3092 703 3138 et
730 3083 948 3153 ﬂuctus,
1007 3086 1098 3156 qui
1141 3091 1248 3141 nun
1283 3095 1666 3158 oppresserunt
1711 3086 1915 3153 Jesum,

331 3172 426 3226 sed
470 3172 802 3227 transierunt
843 3189 940 3244 per
967 3187 1110 3242 eum,
1159 3175 1427 3232 minantes
1480 3185 1661 3232 tamen
1699 3177 1919 3231 naui’ra—
1962 3231 1968 3240 ,

1944 1916 1992 1978 Β

2011 591 2140 647 dicit
2165 607 2286 660 qua)
2312 591 2660 646 intellectuali
2692 593 3000 648 conditione
3036 593 3385 649 famulentur.
3411 597 3592 656 “uitis

2009 684 2156 739 enim
2181 684 2664 756 signiﬁcationibus
2699 701 2875 741 sermo
2899 687 2999 743 iste
3030 687 3264 758 repletus
3285 699 3369 744 eat
3401 705 3415 754 ;
3447 691 3591 759 quod

2010 776 2174 832 etiam
2197 777 2416 844 respicit
2433 779 2502 833 ad
2522 778 2798 848 apostolos
2809 787 2869 834 et
2883 781 3194 850 prophetas.
3218 780 3398 836 imber
3415 792 3590 837 matus

2012 867 2160 924 tinus
2185 876 2242 924 et
2264 870 2534 925 serotinus
2558 871 2724 926 Vetus
2756 871 3160 928 Testamentum
3191 881 3245 928 et
3266 873 3473 928 Novum
3507 873 3591 928 in-

2013 959 2292 1030 telligitur,
2311 967 2368 1014 ut
2386 960 2439 1015 in
2462 959 2578 1016 Joel
2593 963 2855 1032 prepbeta
2879 963 3229 1019 :Descendere
3241 966 3399 1034 [aciet
3420 966 3492 1021 ad
3503 982 3592 1021 vos

2011 1053 2227 1108 imbrem
2257 1055 2576 1110 matutinum
2603 1065 2649 1108 et
2673 1058 2960 1111 serotinum
2988 1059 3041 1112 in
3065 1059 3321 1129 principio
3343 1058 3482 1130 (laet
3504 1060 3590 1132 ir);

2013 1144 2117 1200 hoc
2144 1156 2248 1214 est,
2280 1148 2334 1202 in
2358 1145 2595 1202 Christo.
2637 1147 2940 1216 Aliquando
2963 1165 3092 1204 vero
3111 1150 3287 1220 pluvia
3315 1151 3368 1204 in
3395 1151 3594 1206 malum

2012 1245 2226 1306 partem
2261 1238 2434 1307 posita
2464 1239 2752 1307 reperitur,
2793 1248 2855 1293 ut
2889 1251 2972 1294 est
2999 1240 3138 1294 illud
3159 1242 3301 1310 quod
3346 1240 3594 1296 Salvator

2016 1329 2161 1393 dicit,
2197 1329 2432 1399 pluviam
2460 1341 2624 1400 Super
2656 1332 2873 1386 domum
2910 1333 2966 1385 in
2992 1349 3156 1388 arena
3185 1333 3460 1388 fundatam
3505 1335 3598 1389 dc-

2015 1421 2288 1478 scendisse
2331 1431 2392 1479 et-
2431 1437 2552 1477 eam
2605 1423 2934 1478 subvertisse
2981 1424 3196 1497 (Matth.
3231 1427 3348 1495 vn):
3408 1425 3596 1479 Pluvia

2015 1511 2146 1579 ista,
2173 1513 2459 1580 diabolus;
2491 1512 2736 1579 ﬁumina,
2770 1530 2961 1570 onmes
2997 1515 3322 1581 antichristi;
3353 1516 3446 1586 qui
3471 1527 3600 1570 cons

2019 1612 2101 1662 trs
2127 1604 2402 1660 Christum
2421 1606 2678 1675 sapiunt:
2708 1607 2855 1660 venti
2879 1607 3151 1676 spiritales
3176 1608 3432 1678 nequitiae
3464 1617 3599 1679 quos

2017 1695 2151 1752 tidio
2192 1697 2471 1754 hominum
2505 1699 2864 1768 perditionem
2905 1703 3219 1760 moliuntur.
3297 1733 3299 1736 -

2623 1809 2848 1868 CAPUT
2889 1813 3002 1869 XV.

2343 1944 2348 1948 η
2657 1882 2734 1937 De
2787 1896 2954 1954 gutta.

2089 1974 2278 2042 Gutta,
2304 1990 2424 2044 qua:
2452 1983 2593 2030 stat:
2625 1976 2787 2045 stilla,
2817 1993 2936 2048 quae
2962 1974 3128 2034 cadit.
3163 1978 3300 2035 Hinc
3332 1987 3417 2037 est
3444 1982 3602 2037 stilli-

2019 2066 2239 2131 cidium,
2272 2066 2427 2136 quasi
2453 2066 2594 2120 stilla
2622 2069 2844 2122 cadens.
2876 2068 3042 2124 Stiria
3063 2073 3206 2125 enim
3234 2085 3466 2143 graacum
3499 2080 3600 2138 est,

2020 2157 2075 2212 id
2116 2167 2200 2212 est
2222 2196 2238 2224 ,
2282 2167 2430 2227 gutta
2462 2175 2475 2211 :
2528 2158 2653 2212 inde
2682 2161 2742 2212 ﬁt
2769 2159 3144 2216 diminutivum
3172 2204 3186 2228 ,
3231 2172 3293 2216 ut
3325 2164 3600 2232 dicamus,

2019 2248 2183 2304 stilla.
2235 2249 2367 2303 Nam
2411 2258 2562 2317 gutta
2598 2251 2866 2320 signiﬁcat
2909 2254 3211 2308 doctrinam
3262 2256 3602 2324 spiritalem:

2020 2347 2162 2402 unde
2187 2355 2270 2401 est
2309 2346 2439 2400 illud
2474 2347 2655 2414 sponsi
2691 2347 2744 2400 in
2783 2347 3014 2404 Cantino
3056 2351 3412 2417 canticorum,
3456 2347 3600 2420 quod

2019 2440 2088 2494 ad
2113 2454 2364 2509 sponsam
2390 2440 2520 2494 dicit
2545 2457 2558 2492 :
2586 2438 2745 2510 Aperi
2765 2441 2913 2508 mihi,
2940 2451 3092 2497 soror
3117 2457 3252 2509 mea,
3277 2445 3445 2498 amica"
3464 2457 3602 2509 mea,

2020 2533 2260 2587 columba
2301 2549 2442 2601 mea,
2490 2533 2832 2587 immaculata
2878 2543 3026 2600 mea;
3073 2537 3196 2606 quia
3238 2545 3390 2606 caput
3431 2552 3605 2590 meum

2018 2624 2226 2695 plenum
2257 2635 2332 2679 est
2361 2639 2496 2692 rore,
2529 2635 2580 2678 et-
2603 2624 2828 2679 cincinni
2865 2627 2966 2680 mei
2987 2629 3148 2697 guttis
3173 2629 3399 2680 noctium
3429 2626 3610 2696 (Cant;

2020 2714 2096 2786 v).
2142 2715 2314 2786 Caput
2355 2716 2604 2772 Christus
2659 2718 2838 2782 Deus,
2895 2717 3139 2770 cincinni
3185 2721 3311 2771 sum
3369 2716 3608 2771 ﬁdelium

2019 2805 2382 2863 eollectiones.
2420 2808 2480 2862 in
2510 2823 2633 2863 rore
2662 2819 2718 2862 et
2758 2808 2925 2878 guttis
2971 2807 3211 2863 noctium
3243 2807 3447 2878 frigeas
3481 2805 3612 2861 cha-

2021 2897 2155 2952 ritas
2197 2899 2256 2951 in
2290 2899 2472 2953 multis
2512 2900 2837 2965 ostenditur,
2868 2913 3032 2968 quam
3061 2900 3116 2954 in
3144 2901 3314 2953 Deum
3342 2906 3396 2953 et
3427 2898 3610 2968 prox-ia

2020 3003 2138 3044 mos
2166 2990 2369 3046 habere
2417 2993 2736 3047 debuerunt.
2791 2992 2916 3047 ideo
2956 2991 3261 3046 necessarie
3285 2991 3610 3047 exelra'tDoi

2020 3082 2200 3138 minus
2247 3084 2436 3138 iideies
2484 3097 2728 3154 quosque
2777 3075 2857 3137 ad
2887 3083 3288 3154 praedicationis
3351 3083 3605 3138 studium.

2023 3174 2306 3232 Stiilicidia
2361 3188 2541 3233 autem
2596 3178 2910 3249 signiﬁcant
2955 3177 3094 3232 levia
3142 3176 3494 3243 documenta,
3544 3175 3614 3231 do

332 3265 499 3335 giuin,
547 3266 990 3325 noninferentcs.
1037 3267 1313 3324 Universae
1334 3284 1464 3339 ergo
1514 3271 1920 3340 persecutiones
1951 3283 1996 3355 ρ
2027 3269 2221 3338 quibus
2272 3270 2470 3324 dicitur
2511 3289 2523 3323 :
2559 3269 2640 3336 1η¹
2668 3269 2951 3324 stillicidiis
2997 3271 3107 3328 suis
3151 3266 3437 3334 ιωιαὸὶειιτ,
3493 3284 3612 3321 cum

332 3366 388 3410 ct
438 3358 698 3427 turbines,
760 3360 956 3430 quibus
1006 3369 1235 3415 vexatur
1282 3363 1578 3417 humanum
1627 3377 1815 3433 genus,
1871 3371 1927 3418 et

333 3457 540 3503 cuncta:
583 3449 849 3505 naviculae
893 3466 1083 3507 eorum
1135 3465 1256 3523 quae
1289 3452 1704 3523 frangebantur,
1761 3467 1926 3524 super

333 3553 515 3594 meum
549 3541 768 3613 (inquit)
801 3544 1095 3598 detonuere
1117 3553 1302 3614 caput.
1331 3545 1476 3616 Ergo
1505 3545 1744 3600 suatinui
1783 3552 1924 3600 tema-

331 3641 600 3701 pestates,
654 3639 712 3688 et
743 3632 883 3704 fregi
930 3634 1174 3692 turbines
1218 3636 1526 3704 saevientes,
1577 3645 1640 3692 ut
1683 3636 1928 3693 securius

333 3725 679 3794 navigarent:

940 3818 1169 3875 CAPUT
1205 3819 1344 3875 XIV.

973 3912 1052 3966 De
1081 3913 1289 3983 pluviis.

407 4003 608 4060 Pluvia:
657 4005 812 4059 dicta:
869 4014 935 4058 eo
986 4007 1128 4075 quod
1166 4006 1336 4059 ﬂuant
1398 4005 1553 4075 quasi
1594 4004 1762 4061 ﬂuvii.
1819 4005 1930 4062 Nam

338 4108 564 4154 scuntur
601 4099 747 4153 erum
774 4099 841 4153 de
870 4106 1030 4154 terra:
1057 4109 1112 4154 et
1136 4101 1304 4156 maris
1329 4101 1588 4155 anhelitu.
1653 4102 1782 4168 Quae
1809 4109 1930 4156 cum

295 4219 300 4224 -
340 4192 504 4247 altius
540 4191 762 4247 elevata:
790 4193 1030 4260 fuerunt,
1057 4203 1151 4248 aut
1179 4195 1306 4249 solis
1331 4195 1511 4250 calore
1541 4195 1810 4261 resolutae,
1839 4201 1932 4250 aut

337 4287 392 4341 vi
425 4295 706 4341 ventorum
743 4289 1066 4357 compressze
1105 4289 1378 4343 stillantur
1410 4289 1465 4344 in
1493 4291 1674 4345 terris.
1727 4289 1933 4344 imbres

341 4389 521 4434 autem
565 4390 623 4434 et
659 4381 726 4434 ad
757 4382 929 4435 nubes
964 4390 1021 4436 et
1068 4383 1136 4436 ad
1177 4383 1386 4452 pluvias
1416 4384 1712 4453 pertinent,
1775 4384 1934 4438 dictae

341 4483 518 4541 graeco
557 4471 840 4538 vocabulo,
871 4471 1015 4541 quod
1052 4479 1249 4528 terram
1289 4475 1562 4529 inebrient
1623 4474 1690 4528 ad
1731 4477 1932 4545 germi-

280 4619 288 4629 ._
340 4567 602 4620 nandum.
657 4566 739 4621 Ex
765 4567 849 4622 his
878 4567 1023 4621 enim
1063 4575 1256 4622 cuncta
1292 4577 1564 4623 creantur.
1615 4567 1935 4638 Signiﬁcant

342 4665 524 4710 autem
553 4658 748 4727 pluvia:
796 4659 879 4712 vel
909 4659 1110 4714 imbres
1137 4661 1276 4714 dona
1301 4659 1544 4714 cmlcstia
1581 4669 1637 4714 et
1663 4670 1928 4730 prsecepta
1957 4651 2008 4713 D

342 4748 428 4802 vel
453 4751 706 4803 mandata
733 4749 854 4815 Dei,
888 4761 1006 4818 qua:
1035 4760 1260 4815 terram,
1304 4752 1405 4805 hoc
1435 4759 1540 4816 est,
1583 4753 1828 4805 homines
1858 4752 1934 4804 ir-

345 4841 523 4913 rigant
570 4852 625 4896 et
657 4843 896 4897 excitant
921 4845 992 4896 ad
1020 4844 1398 4913 proferendum
1426 4855 1647 4916 germen
1667 4845 1933 4900 bonorum

343 4947 589 5003 operum.
644 4934 802 4991 Unde
824 4945 912 4991 est
935 4936 1063 4992 illud
1104 4940 1156 4993 in
1182 4941 1398 4995 Psalmo
1427 4959 1440 4994 :
1475 4938 1721 4996 Pluviam
1747 4942 1932 4996 volun-

347 5029 540 5081 teriam
570 5029 858 5099 segregabit
892 5027 1050 5097 Deus,
1105 5033 1400 5088 hwreditati
1428 5043 1533 5088 tua:
1585 5034 1757 5106 (Psat.
1809 5034 1930 5109 vn).

345 5115 582 5192 Exponit
627 5122 778 5188 illud,
811 5124 950 5193 quod
983 5125 1233 5194 superius
1254 5127 1391 5181 dixit
1422 5147 1434 5181 :
1477 5126 1605 5182 Caeli
1644 5127 1933 5182 distillave-

347 5223 466 5266 runt
492 5213 702 5286 (ιδιά).
733 5215 850 5286 Ipsa
881 5223 940 5270 er
967 5233 1028 5271 ιιι
1052 5218 1233 5286 pluvia
1257 5219 1576 5286 voluntaria,
1620 5233 1780 5291 quam
1805 5229 1933 5276 tunc

349 5309 668 5363 comedendi
724 5311 882 5365 avida
921 5312 1052 5381 gens
1101 5309 1284 5366 Iudaea
1329 5315 1650 5384 promeruit,
1710 5327 1930 5369 manna.

349 5397 485 5454 Nam
526 5408 588 5454 ut
611 5401 868 5456 voluntati
897 5402 1012 5471 ejus
1041 5403 1349 5472 satisﬁeret,
1401 5407 1736 5476 inexpertum
1764 5409 1932 5461 mira-

350 5492 530 5548 culum
578 5495 808 5549 mundus
837 5490 1064 5567 acecpli.
1105 5483 1291 5552 Pluvia
1330 5497 1594 5568 siquidem
1623 5499 1713 5552 illa
1748 5500 1936 5555 volun-

353 5583 494 5638 ιιι-ια
520 5583 644 5650 fuit,
674 5589 786 5641 non
814 5587 919 5642 ista
960 5603 1079 5658 qua:
1105 5587 1432 5660 generaliter
1462 5592 1661 5661 ubique
1690 5589 1940 5647 diﬁ’uhdl-

352 5675 462 5734 tur.
492 5679 560 5735 Et
578 5681 752 5738 alibi:
803 5681 1090 5752 Mandabo‘,
1151 5685 1352 5757 inquit,
1416 5686 1638 5741 nubibus
1699 5688 1828 5741 meis
1874 5691 1937 5742 ne

353 5773 539 5844 pluunt
583 5794 741 5848 super
779 5777 933 5834 illum
970 5780 1185 5836 imbrem
1224 5781 1359 5852 (ls‘a.
1409 5782 1498 5853 v);
1550 5789 1655 5837 nan
1711 5781 1830 5837 istis
1860 5780 1938 5836 vi-

359 5867 623 5938 sibilibus,
682 5887 803 5943 quae
826 5881 921 5929 aut
965 5888 1140 5946 aquas
1157 5873 1439 5947 depluunt,
1495 5883 1590 5931 aut
1618 5874 1936 5948 corpulento

2026 3364 2291 3418 exorietur
2336 3362 2507 3435 (Psal.
2554 3363 2724 3436 uiv).
2777 3365 2910 3430 Quae
2956 3363 3026 3418 ad
3073 3363 3388 3417 inchoantes
3437 3364 3616 3432 respie

2025 3455 2179 3510 ciunt
2202 3454 2560 3522 Christianos,
2589 3455 2803 3524 quando
2828 3462 3056 3525 augusta
3082 3453 3381 3522 primordia
3409 3452 3611 3507 latissi-

2027 3559 2114 3597 ma
2150 3543 2258 3600 non
2301 3552 2476 3615 potest
2522 3529 2746 3600 introire
2806 3545 3070 3599 doctrina.
3125 3545 3200 3598 De
3245 3545 3440 3613 quibus
3487 3544 3618 3597 dicit

2027 3633 2320 3704 Apostolus
2345 3650 2360 3690 :
2405 3634 2530 3690 Non
2548 3639 2695 3707 potui
2724 3637 2864 3692 vobis
2892 3636 3053 3708 loqui,
3091 3637 3241 3707 quasi
3268 3635 3614 3706 spiritatibus,

2029 3725 2118 3780 sed
2157 3726 2309 3796 quasi
2356 3727 2688 3795 carnalibus;
2730 3728 2883 3799 quasi
2922 3725 3154 3798 paruulis
3193 3727 3247 3780 in
3278 3723 3486 3780 Christo
3535 3725 3617 3778 lac

2029 3816 2170 3870 vobis
2215 3827 2395 3887 potum
2421 3817 2561 3882 dedi,
2612 3835 2714 3871 non
2755 3835 2927 3872 escam
2976 3817 3024 3890 (i
3056 3816 3178 3871 Cor.
3211 3815 3292 3887 ιιι)
3325 3833 3340 3883 ;
3377 3817 3616 3886 primum

2030 3909 2173 3961 enim
2217 3909 2437 3962 ariditas
2468 3907 2591 3962 ﬁdei
2636 3909 2958 3979 quibusdam
3005 3910 3290 3965 stillicidiis
3321 3909 3612 3984 animatur,

2029 4007 2154 4070 post
2176 3998 2307 4054 rivis
2335 4000 2672 4056 adﬂuentibus
2701 4002 2979 4071 irrigatur.
3034 4003 3256 4067 Deinde,
3307 4002 3447 4055 sicut
3486 3998 3618 4053 dicit

2033 4094 2223 4146 versus
2274 4094 2542 4162 superior,
2608 4093 2673 4147 ad
2725 4093 2958 4170 ﬂuminis
3006 4087 3151 4147 illius
3200 4092 3614 4162 plenitudinem,

2027 4183 2250 4257 juvante
2288 4185 2533 4252 Domino,
2589 4191 2936 4256 pervenimus
2979 4205 2992 4240 :
3037 4195 3090 4242 et
3121 4187 3198 4244 sic
3227 4202 3324 4258 per
3357 4187 3471 4241 haec
3507 4185 3612 4239 tria

2034 4277 2204 4332 divini
2231 4279 2470 4333 muneris
2501 4281 2632 4334 ordo
2660 4279 2984 4334 declaratur.

2603 4392 2830 4449 CAPUT
2872 4393 3010 4448 XVI.

2698 4485 2776 4539 De
2805 4486 2938 4539 nive.

2105 4575 2208 4631 Nix
2237 4593 2268 4632 a
2299 4577 2466 4643 nube,
2498 4577 2641 4631 unde
2672 4580 2842 4642 venit,
2891 4578 3110 4642 dicitur,
3138 4585 3193 4632 et
3217 4576 3487 4647 signiﬁcat
3515 4575 3617 4628 ali-

2033 4671 2248 4742 quando
2285 4671 2572 4725 candorem
2594 4668 2838 4736 justitiae,
2884 4678 2942 4723 ut
2969 4679 3054 4724 est
3097 4670 3223 4722 illud
3265 4668 3320 4720 in
3368 4666 3614 4736 psalmo:

2031 4765 2257 4820 Lavabis
2307 4783 2406 4831 me,
2459 4776 2504 4819 et
2537 4781 2689 4834 super
2725 4766 2888 4818 nivem
2919 4763 3204 4816 ἀραιὸαὸον
3245 4760 3416 4834 (Psol.
3448 4762 3520 4832 1.).
3551 4760 3621 4814 Et

2035 4861 2211 4914 ilem:
2273 4857 2416 4912 Dum
2465 4857 2712 4912 discernit
2754 4856 2981 4910 caelestes
3011 4871 3152 4925 reges
3199 4865 3356 4922 super
3403 4861 3616 4916 terram;

2034 4952 2148 5006 nive
2195 4951 2584 5006 dealbabuntur
2635 4950 2690 5003 in
2722 4947 2938 5004 Setmon
2973 4945 3144 5020 (Paul.
3195 4948 3386 5016 van).
3441 4944 3617 5016 Reges

2036 5052 2162 5100 sunt
2238 5043 2512 5114 apostoli,
2585 5042 2867 5110 sanctique
2937 5039 3218 5111 pontiﬁces
3253 5079 3268 5105 ,
3334 5035 3623 5107 cteterique

2038 5135 2242 5200 ﬁdeles,
2299 5137 2391 5206 qui
2419 5134 2770 5206 probabiliter
2819 5147 3007 5202 regere
3035 5140 3261 5201 corpora
3301 5145 3398 5185 sua
3440 5129 3622 5184 divino

2039 5243 2264 5284 munere
2308 5236 2640 5284 meruerunt.
2695 5226 2761 5280 lli
2790 5239 2953 5296 super
2998 5225 3176 5278 nivem
3229 5223 3623 5278 dealbabuntur

2040 5322 2097 5377 in
2127 5319 2367 5386 Selmon,
2405 5321 2457 5375 id
2483 5329 2584 5385 est,
2616 5333 2778 5388 super
2797 5317 3086 5373 candorem
3108 5315 3249 5370 nivis
3277 5314 3619 5371 elucescunt:

2041 5415 2167 5486 quia
2215 5413 2512 5469 Ecclesiam
2575 5425 2764 5482 regere
2823 5409 3052 5466 ﬁdeliter
3121 5417 3283 5479 atque
3353 5408 3626 5462 ordinarie

2045 5515 2344 5576 noscuntur
2370 5505 2424 5558 in
2448 5503 2690 5570 Selmon,
2727 5502 2819 5572 qui
2857 5503 3243 5572 interpretatur
3279 5498 3489 5566 umbi‘a,
3521 5499 3625 5552 hoc

2041 5608 2144 5666 est,
2200 5599 2300 5654 sub
2351 5597 2687 5668 protectione
2740 5595 2940 5652 divina.
2997 5592 3394 5649 Deatbabuntur
3444 5599 3626 5645 autem

2044 5694 2334 5765 aliquando
2375 5693 2594 5764 ponitur
2614 5693 2669 5747 in
2695 5693 2858 5759 malo,
2900 5690 3041 5747 sicut
3068 5697 3125 5746 et
3147 5690 3202 5744 in
3244 5687 3468 5743 Actibus
3497 5695 3626 5755 apo-

2044 5788 2339 5843 stolorum:
2374 5786 2636 5842 Percutiet
2658 5797 2704 5841 te
2727 5785 3002 5852 Dominus,
3025 5785 3198 5856 paries
3223 5780 3457 5837 dealbate
3484 5778 3622 5850 (Act.

2043 5879 2224 5952 xuii).
2272 5879 2387 5938 Hoc
2419 5890 2472 5936 et
2508 5879 2559 5934 in
2599 5877 2891 5952 Evangelio
2918 5883 3154 5934 testatur
3185 5890 3197 5931 :
3252 5870 3462 5930 Similes
3503 5865 3625 5926 estis
