4074 6324
452 293 558 350 5Ξ7

450 409 798 464 monumentis
832 407 1111 488 dealbatis,
1144 427 1262 482 qua:
1292 407 1446 482 plena
1482 421 1606 468 sunt
1646 415 1847 469 ossibus
1894 431 2035 469 mor—
2059 423 2116 481 Α

450 511 664 556 tuorum
695 498 910 570 (Matth.
940 500 1122 574 χχιιι).
1174 501 1337 559 Nives
1373 504 1636 574 Baptismi
1666 506 2034 577 profusionem

450 592 775 664 signiﬁcant,
825 601 884 647 ut
930 592 987 648 in
1015 592 1156 650 Job:
1210 594 1314 662 Qui
1354 599 1499 654 timet
1544 602 1819 670 pruinam,
1870 603 2038 656 irruat

447 702 604 756 super
631 702 752 740 eum
785 685 878 740 nia:
923 684 1044 758 (Job
1069 685 1176 759 νι);
1205 688 1454 758 pruinam
1481 706 1608 747 vero
1637 693 1690 746 in
1725 692 1843 749 loco
1894 710 2035 765 prae-

450 785 656 834 sentem
670 777 1069 834 tribulationem
1090 778 1487 838 intellexerunt.
1512 785 1643 838 Item
1665 785 1720 840 in
1745 784 1846 841 Job
1868 788 1939 841 ita
1963 787 2038 843 le-

449 868 622 939 gitur:
654 867 912 939 Nunquid
935 870 1202 940 ingressus
1226 880 1303 926 est
1345 874 1619 930 thesauros
1651 877 1782 932 nivis
1813 889 1908 931 aut
1931 879 2039 933 the-

447 979 635 1018 sauros
659 963 931 1034 grandinis
955 965 1204 1035 aspexisti
1227 967 1251 1020 ἒ)
1277 965 1400 1038 (Job
1429 971 1684 1041 xxxvm).
1749 971 1807 1025 In
1838 971 2038 1042 frigore

449 1054 612 1121 nivis,
661 1055 746 1108 vel
775 1055 830 1110 in
869 1055 1068 1110 duritia
1098 1056 1381 1126 grandinis
1424 1058 1555 1128 quid
1581 1059 1726 1116 aliud
1753 1062 2033 1132 accipitur,

449 1162 615 1218 quam
640 1148 749 1202 vita
776 1163 1088 1219 pravorum,
1117 1163 1236 1220 quae
1257 1159 1312 1206 et
1333 1158 1553 1223 torpore
1576 1152 1838 1225 frigescit,
1864 1164 1920 1210 et
1941 1171 2038 1226 per

453 1238 712 1294 duritiam
761 1241 982 1296 malitiae
1028 1243 1299 1312 percutit?
1328 1243 1459 1310 Quae
1491 1249 1786 1318 prteparavi
1817 1248 2036 1321 (inquit)

450 1329 506 1383 in
539 1339 735 1400 tempus
769 1330 961 1397 'hostis,
993 1333 1050 1386 in
1087 1333 1225 1388 diem
1251 1351 1439 1406 pugna:
1470 1346 1518 1390 et
1565 1337 1686 1391 belli
1715 1337 1943 1410 (Ibid.):
1978 1348 2039 1394 ut

450 1434 575 1474 cum
607 1418 949 1478 adversarius
974 1431 1161 1479 noster
1195 1424 1439 1482 diabolus
1469 1435 1677 1483 tentare
1701 1445 1801 1485 nos
1823 1432 2034 1498 nititur,

449 1524 638 1566 eorum
665 1511 928 1579 moribus,
958 1514 1114 1583 quasi
1134 1515 1247 1570 suis
1267 1525 1458 1572 contra
1479 1533 1580 1574 nos
1601 1520 1789 1584 armis,
1822 1522 2031 1578 nititur.

452 1600 578 1657 Sive
607 1603 662 1658 in
686 1604 812 1659 nive
839 1604 923 1659 vel
968 1605 1228 1677 grandine
1268 1607 1506 1664 thesauri
1557 1611 1857 1668 habentur:
1909 1616 2035 1684 quia

450 1696 692 1767 plerique
734 1697 1036 1769 iniquitatis
1104 1709 1323 1770 torpore
1371 1702 1550 1775 frigidi
1606 1705 1674 1759 ad
1745 1721 2034 1777 supernam

449 1790 680 1859 gratiam
710 1792 973 1861 assumpti
999 1792 1055 1846 in
1081 1803 1271 1848 sancta
1295 1794 1539 1852 Ecclesia
1567 1794 1872 1869 fulgescunt
1891 1799 2034 1867 luce,
2063 1808 2112 1868 Β

450 1885 505 1930 et
532 1894 752 1948 pravam
789 1881 1073 1937 scientiam
1100 1883 1362 1942 doctrinae
1410 1903 1520 1943 suae
1561 1889 1759 1947 ictibus
1806 1893 2029 1948 cudunt.

468 1965 623 2022 Unde
651 1976 839 2038 aperte
864 1971 1140 2040 sequitur:
1179 1973 1310 2039 Quae
1330 1978 1625 2045 prceparavi
1649 1979 1704 2033 in
1725 1990 1922 2051 tempus
1944 1981 2038 2035 Ιιο-

452 2061 546 2115 stis
588 2061 644 2115 in
685 2062 822 2117 diem
850 2080 1039 2135 pugno:
1082 2075 1131 2120 et
1153 2065 1292 2121 belli.
1346 2067 1544 2125 Saulus
1588 2072 1786 2143 quippe
1818 2074 1933 2129 ‘nix
1980 2084 2038 2131 et

451 2154 656 2224 grando
681 2163 872 2210 contra
903 2155 1336 2213 adversariorum
1381 2170 1602 2230 pectora
1632 2163 1810 2220 factus
1836 2175 1920 2223 est
1950 2167 2036 2223 vel

453 2245 689 2302 candore
735 2245 981 2316 iustitiae,
1019 2249 1104 2304 vel
1156 2250 1388 2306 districti
1436 2253 1635 2324 eloquii
1666 2258 2030 2328 correptione.

452 2337 560 2393 Sed
585 2347 640 2394 et
668 2339 773 2395 hoc
801 2341 1118 2408 notandum,
1159 2345 1302 2412 quod
1332 2344 1388 2398 in
1415 2346 1858 2418 nivealiquando
1888 2350 2036 2406 blan-

449 2429 750 2486 dimentum
778 2432 1032 2489 candoris
1059 2434 1399 2505 exprimitur,
1432 2437 1573 2492 sicut
1603 2438 1656 2494 in
1685 2439 1894 2512 fulgore
1925 2451 2036 2497 ter-

411 2584 416 2588 _
449 2536 560 2577 ror.
594 2519 751 2578 Unde
802 2530 859 2578 et
899 2523 1153 2596 angelus,
1197 2525 1288 2595 qui
1337 2526 1566 2598 gloriam
1597 2532 2032 2588 "resurrectionis

447 2611 741 2668 Dominicze
780 2614 1086 2681 nuntiabat,
1143 2622 1199 2672 et
1242 2617 1502 2673 terribilis
1549 2620 1619 2674 ad
1664 2619 2034 2680 damnandum

449 2701 744 2772 improbos,
782 2711 839 2757 et
865 2704 1133 2776 benignus
1160 2715 1279 2764 erat
1308 2723 1373 2764 ac
1391 2709 1622 2766 blandus
1653 2711 1722 2766 ad
1749 2715 2032 2771 consolan-

447 2793 575 2848 dum
603 2793 824 2850 electos.
869 2793 1004 2851 Nam
1053 2795 1196 2853 idem
1225 2799 1467 2873 angelus,
1519 2803 1612 2872 qui
1653 2807 1921 2876 apparuit,
1973 2814 2037 2862 ut

447 2884 700 2940 custodes
742 2885 978 2957 sepulcri
1023 2887 1215 2959 impios
1276 2891 1473 2947 timore
1542 2905 1876 2964 perterreret
1902 2942 1916 2967 ,
1967 2915 2033 2957 ac

447 2982 784 3031 mortuorum
810 2976 984 3033 instar
1006 2987 1165 3036 terras
1186 2989 1557 3051 prosterneret
1581 3005 1593 3040 :
1630 2986 1676 3042 is
1703 2989 2034 3048 visitatrices

450 3067 694 3137 ejusdem
749 3068 985 3141 sepulcri
1033 3071 1356 3142 purissimas
1397 3075 1630 3150 benigna
1659 3080 2034 3140 consolatione

449 3160 675 3218 refovet.

1030 3279 1259 3338 CAPUT
1296 3281 1457 3340 XVII.

1091 3373 1172 3430 De
1211 3376 1396 3448 glacie.

527 3479 743 3540 Glacies
765 3498 797 3538 a
820 3483 941 3557 gelu
964 3493 1020 3542 et
1040 3500 1204 3556 aqua,
1235 3491 1388 3559 quasi
1410 3491 1664 3563 gelacies,
1682 3495 1736 3552 id
1759 3505 1865 3562 est,
1888 3499 2031 3572 gela-

443 3579 498 3627 ta
529 3587 704 3646 aqua:
748 3577 900 3647 gelus
929 3587 1128 3646 autem,
1167 3583 1310 3652 quod
1335 3597 1401 3640 eo
1426 3587 1727 3660 stringatur
1750 3591 1926 3649 tellus.
1953 3594 2031 3652 Ge

441 3665 637 3736 quippe
665 3675 811 3723 terra
840 3669 1060 3726 dicitur.
1091 3671 1242 3730 Tunc
1270 3683 1452 3733 autem
1479 3679 1674 3750 majori
1700 3683 1821 3753 gelu
1853 3686 2026 3741 strin-

440 3757 600 3848 gitur
620 3767 784 3825 terra,
823 3774 966 3817 .cum
1007 3761 1174 3820 fuerit
1217 3782 1325 3822 nox
1381 3784 1597 3826 serena.
1653 3773 1788 3830 Nam
1831 3777 2030 3848 glacies

441 3846 694 3902 duritiam
734 3860 1083 3918 peccatorum
1108 3855 1402 3934 significat,
1434 3869 1494 3916 ut
1521 3872 1604 3919 est
1631 3864 1760 3921 illud
1793 3846 1854 3922 in
1876 3868 2030 3925 Salo-

439 3953 635 3994 mone:
667 3937 815 3995 Sicut
840 3942 896 3996 in
919 3959 1098 3999 sereno
1144 3946 1356 4017 glacies,
1388 3951 1463 4005 ita
1509 3954 1774 4010 solventur
1797 3960 2028 4029 'peccata

436 4039 530 4084 tua
558 4029 690 4102 (Sir.
714 4032 932 4106 xxxrn).
967 4034 1034 4090 Et
1065 4036 1120 4092 in
1154 4039 1364 4109 psalmo
1394 4060 1408 4097 :
1438 4041 1610 4114 Ignis,
1655 4049 1884 4116 grando,
1913 4051 2024 4116 nix,

435 4119 661 4190 glacies,
704 4123 921 4194 spiritus
965 4127 1317 4196 procellarum
1341 4171 1356 4196 ,
1404 4141 1532 4202 qua!
1569 4135 1769 4204 faciunt
1815 4140 2027 4196 verbum

436 4212 551 4282 ejus
573 4211 746 4284 (Psal.
769 4215 980 4289 xnvm).
1003 4216 1210 4284 Quibus
1229 4221 1393 4276 rebus
1411 4235 1508 4292 per
1528 4224 1838 4298 allegoriam
1853 4231 2035 4287 homi-'

435 4322 531 4363 nes
561 4309 850 4378 significat,
899 4313 991 4382 qui
1035 4314 1087 4368 in
1117 4314 1222 4370 hoc
1265 4315 1461 4372 saeculo
1489 4332 1558 4374 ex
1601 4321 1922 4381 turbulentis
1970 4335 2026 4384 et

434 4403 684 4472 pessimis
712 4404 780 4459 ad
815 4405 1118 4460 devotionis
1145 4408 1596 4478 tranquillissima
1627 4415 1805 4470 studia
1831 4433 2026 4488 perve-

434 4500 649 4548 nerunt.
685 4494 787 4562 Qui
811 4492 1018 4550 faciunt
1046 4495 1269 4552 verbum
1296 4499 1432 4570 ejus,
1476 4502 1579 4558 nisi
1603 4505 1696 4574 qui
1717 4522 1784 4560 ex
1817 4517 2021 4579 tempe-

432 4583 632 4638 stuosis
651 4593 707 4638 et
726 4583 986 4652 improbis
1009 4585 1075 4640 ad
1100 4587 1457 4646 confessionis
1479 4593 1649 4664 ipsius
1671 4599 1901 4666 gratiam
1927 4615 2019 4656 ve-

431 4674 552 4729 nire
588 4676 946 4730 meruerunt?
972 4675 1106 4732 Nam
1129 4679 1388 4738 Dominus
1430 4685 1497 4742 ad
1519 4685 1620 4743 Job
1642 4689 1714 4743 ita
1740 4690 2014 4762 loquitur:

430 4764 509 4820 De
529 4766 682 4836 cujus
703 4775 851 4821 utero
868 4785 1076 4840 egressa
1101 4780 1173 4826 est
1201 4772 1414 4843 glacies,
1459 4787 1509 4832 et
1529 4779 1647 4851 gelu
1669 4781 1732 4835 de
1755 4783 1880 4838 ccelo
1901 4786 2018 4855 quis

429 4857 646 4927 genuit?
669 4857 790 4928 (Job
811 4861 1062 4934 xxxvm.)
1088 4861 1145 4917 In
1158 4863 1277 4935 gelu
1298 4867 1383 4922 vel
1402 4867 1591 4939 glacie,
1621 4871 1814 4942 frigida
1829 4883 1884 4928 et
1894 4890 2018 4946 per-

429 4948 572 5004 fidite
611 4957 830 5021 torpore
851 4955 1142 5012 constricta
1172 4959 1466 5030 accipimus
1491 4963 1652 5017 corda
1683 4961 2014 5037 Judaeorum,

429 5041 521 5111 qui
542 5055 640 5112 per
687 5047 946 5116 mysteria
982 5046 1118 5120 legis
1147 5059 1203 5105 et
1221 5055 1518 5124 pr0phetiaa
1551 5055 1629 5110 sic
1653 5056 1793 5112 intra
1837 5061 2016 5118 sinum

427 5137 781 5209 gratiaequasi
801 5139 941 5197 intra
965 5151 1181 5201 uterum
1207 5146 1492 5212 creatoris,
1522 5147 1876 5207 habebantur.
1911 5153 2018 5211 Sed

425 5228 576 5298 quia,
602 5233 851 5289 veniente
865 5234 1109 5303 Domino,
1134 5238 1410 5295 constricti
1431 5238 1631 5310 frigore
1655 5244 1894 5312 perfidiae
1914 5246 2022 5304 fer-

424 5335 612 5378 vorem
639 5325 920 5385 charitatis
964 5331 1279 5395 amiserunt,
1331 5331 1486 5401 quasi
1534 5333 1736 5404 glacies
1759 5338 1825 5394 de
1859 5349 2020 5400 utero

427 5418 689 5475 creatoris
721 5421 928 5493 egressi
955 5430 1101 5476 sunt.
1147 5421 1216 5475 Et
1246 5422 1384 5494 gelu,
1413 5424 1606 5495 inquit,
1656 5429 1722 5483 de
1743 5431 1868 5486 caelo
1897 5435 2014 5504 quis

427 5511 602 5580 genuit
623 5511 650 5566 ?
692 5514 848 5584 quasi
874 5514 942 5570 de
981 5512 1122 5568 coelo
1149 5513 1267 5584 gelu
1300 5517 1470 5573 exiit:
1521 5519 1649 5590 quia
1699 5521 1765 5578 de
1798 5525 2015 5582 sublimi

427 5601 578 5671 prole
615 5615 927 5662 sanctorum
961 5607 1228 5676 processit
1266 5607 1456 5681 frigida
1487 5613 1640 5684 plebs
1681 5616 2011 5677 infidelium:

427 5694 632 5753 idcirco
662 5706 841 5755 autem
884 5697 1146 5755 Dominus
1172 5705 1422 5774 genuisse
1455 5709 1606 5777 dicit,
1633 5710 1760 5781 quia
1792 5711 2016 5783 frigidos

486 5805 544 5845 se
573 5791 721 5847 exire
754 5791 1020 5862 permisit.

1092 295 1151 352 Β.
1195 295 1450 352 BABANI
1485 297 1707 357 usum
1746 301 2065 360 ARCHIEP.
2108 302 2419 362 uocum.
2462 289 2747 362 OPERUM
2785 303 2964 360 rans
2998 303 3063 360 ιι.

2059 3183 2107 3248 C

3624 309 3732 369 328

2697 415 2925 472 CAPUT
2962 413 3148 470 XVIII.

2598 506 2678 561 De
2709 507 2901 578 pruina
2925 515 2972 560 et
2993 505 3269 577 grandine.

2207 597 2408 654 Pruina
2427 607 2512 656 est
2538 599 2792 655 matutini
2821 599 3080 668 temporis
3104 597 3294 670 frigus,
3322 599 3415 670 qui
3443 600 3569 657 inde
3585 601 3734 674 prui-

2138 706 2206 748 ne
2231 708 2426 748 nomen
2455 693 2682 763 accepit,
2738 693 2862 763 quia
2901 692 3043 747 sicut
3077 692 3218 763 ignis
3255 693 3381 748 urit.
3433 692 3542 765 Pyr
3583 696 3730 752 enim

2139 785 2279 857 ignis
2323 785 2511 843 Griece
2552 786 2769 842 dicitur.
2799 783 2940 841 Vere
2984 785 3130 841 enim
3180 795 3236 841 et
3264 786 3331 841 ad
3375 787 3548 859 frigus
3580 797 3637 844 et
3661 789 3729 845 ad

2138 877 2306 932 solem
2335 878 2586 947 pertinet.
2618 875 2755 930 Nam
2779 892 2888 932 uno
2910 891 3162 932 sermone
3191 879 3297 935 duo
3320 879 3531 936 diversa
3561 881 3732 951 signi-

2138 966 2385 1033 ﬁcantur,
2415 983 2515 1037 pro
2548 983 2636 1033 eo,
2663 968 2808 1039 quod
2835 985 3001 1024 unum
3030 969 3282 1026 effectum
3304 971 3528 1027 habent.
3555 972 3724 1028 Simi-

2138 1059 2205 1116 lis
2255 1061 2399 1116 enim
2447 1061 2531 1117 vis
2573 1071 2658 1118 est
2707 1072 2763 1119 et
2813 1063 3012 1119 caloris
3064 1059 3432 1136 et'frigoris:
3485 1065 3627 1122 unde
3673 1075 3730 1122 et

2137 1162 2368 1224 utraque
2401 1167 2534 1209 saxa
2583 1163 2857 1226 rumpunt.
2915 1155 3051 1212 Nam
3089 1165 3146 1213 et
3177 1157 3330 1213 calor
3358 1158 3507 1226 urit,
3542 1167 3602 1214 ut
3646 1167 3731 1215 est

2139 1246 2287 1302 illud.

2386 1338 2555 1391 Uritur
2579 1340 2747 1392 infelix
2769 1339 2911 1392 Dido.

2136 1421 2270 1478 Item
2316 1421 2488 1494 frigus
2515 1423 2645 1491 urit,
2675 1432 2736 1479 ut
2761 1432 2846 1481 est
2865 1424 3016 1492 illud;

2289 1538 2390 1590 Aut
2411 1540 2584 1591 Boreae
2608 1539 2918 1604 penetrabile
2941 1541 3100 1606 frigus
3117 1543 3306 1595 adurat.
3377 1527 3379 1530 1

2205 1645 2365 1703 Juxta
2391 1647 2702 1721 allegoriam
2730 1651 2999 1722 significat
3032 1651 3422 1708 abstinentiam
3447 1666 3533 1717 eo,
3580 1649 3727 1723 quod

2134 1752 2232 1808 per
2263 1744 2365 1799 hoc
2393 1743 2649 1815 frigescat
2673 1746 2823 1800 calor
2843 1746 3108 1817 corporis.
3141 1747 3218 1802 De
3245 1762 3353 1817 quo
3388 1747 3443 1802 in
3473 1745 3725 1803 Psalmo:

2143 1834 2339 1892 Factus
2361 1853 2476 1892 sum
2500 1839 2632 1892 sicut
2659 1847 2779 1894 uter
2801 1840 2856 1894 in
2876 1839 3071 1910 pruina
3103 1836 3276 1911 (Psal.
3315 1839 3525 1910 cxvm).
3569 1838 3726 1893 Ρηιί-

2140 1945 2212 1984 na
2284 1944 2414 1985 vero
2471 1929 2744 2001 significat
2805 1931 3071 1987 malitiam
3118 1945 3518 2002 perversorum.
3573 1930 3728 1986 Unde

2139 2025 2336 2098 legitur
2362 2027 2417 2080 in
2442 2025 2682 2096 psalmo:
2715 2024 2918 2081 Occidit
2946 2029 3002 2082 in
3028 2028 3282 2099 grandine
3322 2029 3495 2084 uineas
3518 2045 3724 2093 eorum,

2138 2128 2189 2174 et
2211 2136 2388 2174 muros
2412 2136 2593 2174 eorum
2619 2119 2674 2174 in
2701 2120 2892 2189 pruina
2925 2118 3098 2191 (Psal.
3129 2120 3355 2192 Lxxvn).
3404 2119 3538 2176 Item
3574 2121 3726 2189 prui-

2139 2229 2210 2270 na
2237 2223 2321 2270 est
2345 2229 2684 2284 praecurrens
2733 2213 3145 2285 anticipansque
3175 2215 3401 2280 malitia,
3448 2229 3568 2284 qua:
3599 2213 3724 2269 alie-

2137 2322 2237 2362 nos
2294 2307 2505 2362 labores
2555 2306 2841 2377 pervenire
2890 2322 2999 2362 non
3056 2309 3322 2377 permittit
3366 2306 3433 2362 ad
3491 2306 3721 2361 fructus.

2139 2398 2359 2454 Grando
2397 2399 2746 2455 comminatio
2773 2399 2891 2464 Dei,
2934 2414 3042 2468 qua
3067 2409 3416 2456 contumaces
3445 2401 3722 2465 verberat,

2136 2499 2198 2547 ut
2227 2493 2282 2547 in
2306 2491 2549 2562 psalmo:
2597 2489 2809 2546 Grando
2839 2500 2886 2546 et
2914 2491 3162 2545 carbones
3191 2493 3326 2562 ignis
3363 2489 3534 2557 (Psal.
3564 2491 3723 2558 xvn).

2137 2587 2205 2642 Et
2233 2587 2285 2641 in
2311 2587 2470 2642 aliam
2491 2595 2697 2657 partem
2724 2604 2736 2639 :
2765 2586 2968 2641 Occidit
2991 2588 3046 2641 in
3067 2587 3322 2657 grandine
3343 2585 3520 2641 vineas
3537 2602 3725 2664 (eorum

2138 2679 2310 2753 (Psal.
2345 2680 2573 2753 Lxxvu).
2606 2680 2822 2736 Grando
2871 2679 3051 2736 futura
3076 2669 3357 2752 percussio
3398 2688 3503 2746 est,
3566 2688 3626 2734 ut
3670 2679 3725 2734 in

2135 2770 2276 2827 Isaia
2303 2791 2314 2826 :
2362 2772 2556 2826 Allidet
2580 2772 2635 2826 in
2663 2772 2869 2827 turbine
2911 2782 2958 2827 et
2985 2773 3038 2827 in
3061 2772 3233 2843 lapide
3262 2772 3535 2844 grandinis
3566 2769 3721 2842 (Isai.

2134 2863 2290 2938 xxx).
2340 2865 2407 2920 Et
2455 2865 2621 2921 alibi:
2671 2865 2820 2920 Dabo
2871 2865 3070 2938 lapides
3117 2865 3453 2938 prtegrandes
3503 2865 3726 2936 desuper

2133 2959 2390 3016 irruentes
2419 2957 2638 3031 (Ezech.
2668 2958 2814 3032 xm).
3311 2941 3319 2949 ’

2733 3071 2960 3128 CAPUT
2991 3071 3132 3128 XIX.

2807 3165 2898 3224 De,
2916 3182 3055 3222 rore.

2209 3263 2319 3319 Ros
2364 3263 2615 3320 Graecum
2665 3270 2770 3329 est,
2821 3263 2965 3333 quod
3005 3261 3085 3318 illi
3127 3261 3319 3320 drosos
3369 3263 3594 3319 dicunt:
3632 3264 3722 3320 alii

2132 3364 2327 3426 putant
2353 3371 2444 3411 ros
2499 3354 2703 3411 dictum
2755 3355 2882 3424 quia
2916 3371 3074 3410 rarus
3105 3365 3188 3410 est
3236 3364 3292 3410 et
3332 3371 3440 3410 non
3493 3355 3720 3427 spissus,

2132 3460 2193 3507 ut
2239 3449 2440 3520 pluvia.
2505 3448 2615 3505 Ros
2667 3447 2938 3519 signiﬁcat
3003 3449 3230 3504 verbum
3281 3448 3539 3504 Domini:
3600 3448 3722 3504 ideo

2133 3546 2277 3616 quod
2306 3543 2521 3600 madida
2547 3543 2711 3598 faciat
2736 3541 2898 3597 corda
2936 3540 3218 3598 hominum
3268 3549 3606 3597 terrenorum
3653 3540 3721 3596 ad

2130 3635 2514 3707 proferendum
2582 3633 2857 3700 fructum,
2922 3641 2982 3688 ut
3032 3642 3118 3689 est
3163 3633 3298 3689 illud
3346 3633 3404 3688 in
3463 3632 3720 3690 Psalmo:

2132 3725 2280 3782 Sicut
2328 3743 2410 3780 ros
2453 3723 2713 3791 Hermon,
2761 3723 2902 3795 quod
2928 3724 3195 3780 descendit
3220 3725 3274 3780 in
3317 3735 3543 3781 montem
3596 3723 3722 3780 Sion

2133 3817 2307 3889 (Psal.
2363 3815 2592 3888 cxxxn).
2625 3817 2754 3872 Bos
2786 3825 2870 3873 est
2900 3819 3076 3873 tenuis
3098 3833 3162 3873 ac
3187 3818 3323 3874 levis
3373 3817 3554 3887 pluvia
3611 3833 3717 3873 non

2128 3925 2228 3981 per
2257 3917 2434 3978 guttas
2475 3909 2721 3974 veniens,
2769 3909 2862 3964 sed
2906 3923 3005 3979 per
3031 3909 3293 3979 quasdam
3329 3909 3723 3964 minutissimas

2128 4011 2318 4074 partes
2349 4002 2607 4058 duritiam
2651 4009 2884 4057 terrenae
2929 4001 3203 4057 ariditatis
3254 4001 3565 4058 infundens.
3616 3999 3724 4056 Per

2129 4097 2276 4152 hunc
2304 4102 2498 4150 cuncta
2550 4094 2910 4166 germinantia
2955 4091 3288 4160 coalescunt,
3338 4102 3394 4150 et
3432 4093 3489 4150 in
3537 4094 3720 4150 varios

2129 4190 2292 4246 fretus
2323 4187 2732 4259 temperationis
2762 4201 2986 4242 munere
3036 4187 3426 4258 perducuntur.
3479 4184 3719 4242 Hermon

2129 4280 2424 4339 Hebraeum
2475 4296 2674 4336 nomen
2737 4287 2821 4336 est
2856 4281 3060 4336 montis
3091 4279 3236 4335 ultra
3283 4278 3576 4336 Iordanem
3623 4278 3723 4334 flu-

2126 4376 2274 4432 vium
2303 4375 2616 4431 constituti:
2643 4375 3055 4442 interpretatus,
3073 4372 3214 4428 sicut
3234 4372 3527 4442 apatribus
3553 4369 3721 4425 tradi-

2127 4477 2241 4525 tum
2262 4476 2366 4534 est,
2389 4466 2659 4538 significat
2684 4467 2990 4522 anathema.
3031 4464 3142 4520 Ros
3171 4479 3300 4536 ergo
3331 4462 3532 4519 montis
3562 4461 3718 4523 istius

2044 4550 2099 4611 D
2126 4559 2374 4614 nutriens
2426 4565 2762 4629 peccatores,
2821 4557 2912 4626 qui
2957 4557 3056 4612 sub
3086 4555 3446 4611 anathematls
3493 4570 3719 4611 execra-

2127 4653 2274 4708 tione
2304 4653 2598 4718 latuerunt,
2645 4651 2924 4708 descendit
2949 4651 3004 4705 in
3030 4659 3270 4707 montem
3297 4649 3446 4713 Sion,
3500 4648 3716 4719 quando

2127 4745 2196 4801 ad
2245 4743 2676 4801 conversationis
2737 4742 3035 4800 remedium
3067 4783 3082 4809 ,
3142 4742 3370 4797 Domino
3429 4740 3712 4812 largiente,

2124 4838 2492 4908 pervenerint.
2552 4837 2683 4893 Sion
2708 4837 2854 4892 enim
2882 4837 3152 4907 significat
3186 4834 3486 4892 Ecclesiam
3514 4834 3717 4890 Catho-

2124 4928 2308 4993 licam,
2333 4945 2454 4998 qua:
2476 4927 2672 4998 recipit
2689 4935 2898 4999 gentes,
2915 4943 3036 4996 quae
3051 4935 3209 4983 erant
3229 4925 3332 4980 sub
3349 4925 3713 4981 anathematis

2124 5021 2363 5092 periculo
2405 5020 2733 5077 constitutae.
2765 5019 2895 5074 Item
2920 5034 3012 5074 ros
3060 5018 3471 5090 praedicatorum
3516 5017 3715 5074 doctri-

2119 5128 2266 5177 nam,
2297 5121 2358 5168 ut
2375 5121 2458 5168 est
2483 5112 2612 5168 illud
2638 5111 2692 5166 in
2716 5111 2856 5168 libro
2883 5110 2984 5166 Job
3011 5129 3024 5165 :
3058 5111 3188 5177 Quis
3213 5119 3287 5166 est
3312 5109 3502 5180 ριιιυίω
3526 5121 3672 5181 pater
3688 5110 3715 5164 .9

2119 5202 2198 5258 vel
2240 5204 2355 5274 quis
2398 5203 2575 5274 genuit
2629 5203 2799 5258 stillas
2858 5203 3042 5258 roris?
3087 5202 3227 5274 (Job
3253 5200 3502 5274 nxvm)
3551 5217 3617 5256 ac
3663 5200 3714 5257 si

2122 5293 2327 5349 diceret
2355 5311 2368 5348 :
2408 5293 2512 5349 nisi
2554 5308 2676 5365 ego,
2705 5293 2798 5364 qui
2824 5293 3025 5350 siccam
3051 5301 3254 5348 terram
3279 5291 3502 5348 humani
3529 5289 3710 5346 cordis

2123 5383 2291 5455 guttis
2334 5383 2574 5438 scientiae
2605 5383 2842 5454 gratuito
2873 5396 3099 5453 aspergo
3127 5397 3273 5439 rore.
3307 5379 3478 5436 Stillae
3526 5389 3710 5436 autem

2117 5475 2258 5532 roris
2303 5475 2506 5531 Christi
2551 5477 2726 5532 sancti
2787 5476 3172 5547 praedicatores
3211 5483 3339 5532 sunt
3363 5515 3380 5543 ,
3434 5475 3529 5545 qui
3576 5489 3710 5531 arva

2116 5567 2357 5638 pectoris
2405 5567 2578 5623 nostri
2627 5567 2769 5622 inter
2803 5567 2944 5622 mala
3001 5567 3129 5623 vitae
3177 5567 3463 5638 praesentis
3487 5607 3503 5632 ,
3550 5564 3709 5638 quasi

2119 5659 2263 5714 inter
2289 5659 2542 5713 tenebras
2580 5658 2740 5715 siccae
2766 5659 2944 5716 noctis
2969 5659 3202 5728 arentia,
3259 5659 3433 5732 gratia
3461 5665 3714 5731 superna

2119 5748 2386 5820 largitatis
2411 5747 2761 5820 perfundunt.
