4074 6324
459 315 553 373 53!

1088 317 1150 371 Β.
1190 314 1446 373 RABANl
1483 313 1702 372 MAURI
1739 309 2058 368 ARCHIEP.
2100 306 2408 368 MOGUNT.
2451 308 2735 367 OPERUM
2773 309 2951 367 PARS
2985 309 3049 366 ll.

463 479 3714 508 ΨΜ

1535 621 1836 705 LIBER
1891 615 2590 698 DUODECIMUS.

1907 801 2336 823 Ψ

957 910 1186 971 CAPUT
1226 909 1518 970 PRIMUM.
1577 934 1582 938 σ

1105 991 1184 1047 De
1217 1003 1378 1046 terra.

523 1085 692 1145 Terra
719 1093 803 1142 est
825 1085 880 1140 in
908 1083 1084 1140 media
1113 1082 1300 1138 mundi
1324 1082 1540 1154 regione
1559 1080 1754 1152 posita,
1785 1077 2036 1135 omnibus

447 1179 696 1249 partibus
723 1175 845 1232 coeli
873 1174 926 1229 in
953 1175 1168 1228 modum
1190 1171 1365 1228 centri
1391 1171 1582 1241 mquali
1601 1169 1882 1225 intervallo
1909 1183 2036 1224 con-

451 1269 648 1324 sistens
679 1280 695 1320 :
727 1279 846 1334 qum
873 1261 1132 1334 singulari
1161 1275 1388 1316 numero
1425 1268 1596 1315 totum
1635 1259 1822 1314 orbem
1865 1257 2034 1328 signi-

453 1360 598 1423 ﬁcat,
628 1354 822 1427 plurali
850 1368 979 1408 vero
1004 1352 1244 1424 singulas
1269 1359 1470 1422 partes.
1518 1349 1684 1420 Cujus
1712 1349 1930 1406 nomina
1957 1349 2038 1404 di-

450 1461 610 1501 versa
637 1446 732 1500 dat
755 1445 914 1499 ratio.
953 1441 1088 1496 Nam
1125 1447 1271 1496 terra
1309 1441 1452 1497 dicta
1492 1455 1524 1494 a
1573 1439 1836 1510 superiori
1860 1447 2032 1510 parte,

450 1553 558 1610 qua
589 1537 780 1592 teritur
807 1553 820 1589 :
849 1536 1044 1591 humus
1077 1533 1146 1588 ab
1173 1531 1432 1588 inferiore
1459 1549 1474 1586 :
1503 1531 1589 1586 vel
1615 1529 1837 1585 humida
1869 1537 2031 1594 terra,

449 1637 511 1684 ut
532 1627 635 1684 sub
659 1641 849 1682 mare:
880 1625 1036 1682 tellus
1073 1632 1250 1679 autem
1273 1662 1289 1689 ,
1331 1623 1456 1694 quia
1506 1620 1716 1678 fructus
1745 1617 1862 1688 ejus
1899 1619 2037 1674 tolli-

449 1735 590 1776 mus.
639 1718 840 1776 Eadem
883 1727 940 1776 et
974 1731 1104 1772 arva
1141 1715 1211 1770 ab
1253 1714 1456 1770 arando
1489 1722 1544 1770 et
1567 1712 1792 1768 colendo
1817 1717 2032 1767 vocata.

447 1811 675 1882 Proprie
718 1821 892 1866 autem
939 1816 1082 1864 terra
1139 1806 1206 1862 ad
1249 1804 1654 1868 distinctionem
1688 1817 1842 1874 aqum
1880 1801 2036 1855 arida

449 1909 811 1973 nuncupatur.
879 1899 1032 1955 Sicut
1080 1897 1362 1968 Scriptura
1418 1897 1494 1952 ait
1549 1893 1702 1969 (Gen.
1755 1893 1837 1966 ι),
1891 1893 2034 1964 quod

447 1994 722 2051 vocaverit
774 1994 918 2068 Deus
966 1999 1166 2046 terram
1198 2029 1214 2055 ,
1262 1989 1491 2044 aridam.
1559 1986 1834 2042 Naturalis
1887 1985 2033 2040 enim

447 2083 754 2155 proprietas
803 2083 1020 2138 siccitas
1052 2087 1137 2134 est
1174 2087 1354 2134 terrm.
1405 2077 1539 2132 Nam
1579 2085 1642 2132 ut
1679 2075 1897 2132 humida
1943 2075 2028 2138 sit,

446 2173 552 2229 hoc
599 2187 859 2244 aquarum
908 2169 1164 2226 aﬁiiiitate
1209 2169 1451 2225 sortitur.
1497 2168 1663 2240 Cujus
1703 2181 1906 2226 motum
1941 2169 2031 2224 alii

2059 908 2302 990 Apitur,
2346 905 2472 976 quia
2520 901 2690 958 nutrit
2729 909 2782 956 et
2819 899 3058 958 continet
3102 899 3378 972 populum.
3423 899 3726 977 Sequitur:

2136 999 2205 1053 Et
2229 995 2495 1070 plenitudo
2533 993 2645 1064 ejus
2683 991 2897 1066 (Ibid.),
2943 994 2996 1049 id
3041 999 3149 1061 est,
3191 993 3477 1050 multitudo
3515 1007 3730 1067 sancta,

2135 1104 2241 1162 qua
2276 1087 2515 1158 repletur
2556 1084 2814 1141 Ecclesia.
2857 1083 2964 1141 Sed
2991 1099 3061 1140 ne
3081 1092 3522 1158 terramtquam
3567 1103 3729 1160 supe-

2136 1180 2249 1235 rius
2274 1177 2429 1242 dixit,
2457 1183 2741 1246 angustam
2780 1181 3002 1245 putares
3031 1173 3320 1244 aliquando
3361 1173 3593 1232 fortasse
3641 1190 3730 1232 re-

2134 1269 2370 1341 gionem,
2413 1281 2558 1320 nunc
2583 1264 2715 1319 dicit
2747 1281 2760 1316 :
2790 1263 2930 1318 orbis
2957 1271 3218 1317 terrarum
3247 1262 3460 1336 (Ibid.),
3491 1265 3596 1322 hoc
3619 1273 3728 1333 est,

2135 1357 2494 1414 universalem
2539 1355 2859 1422 Ecclesiam,
2912 1369 3032 1424 qum
3068 1353 3234 1410 totius
3276 1356 3464 1412 mundi
3519 1359 3726 1414 ambitu

2134 1447 2462 1504 continetur.
2502 1445 2727 1500 Intende
2761 1458 2922 1510 vero,
2961 1444 3106 1513 quod
3142 1443 3312 1499 dicit:
3346 1443 3452 1512 Qui
3487 1446 3727 1502 habitant

2133 1543 2189 1598 in
2225 1560 2322 1606 ea,
2365 1541 2418 1597 id
2453 1547 2574 1605 est,
2611 1553 2720 1594 nou
2756 1537 2849 1608 qui
2897 1539 3122 1593 veniunt
3169 1545 3226 1593 et
3269 1539 3530 1594 recedunt
3568 1555 3585 1594 :
3627 1539 3724 1596 sed

2134 1633 2227 1706 qui
2250 1631 2357 1686 ﬁxa
2385 1631 2582 1708 mentis
2613 1629 2906 1684 stabilitate
2935 1628 3252 1698 perdurant.
3293 1626 3550 1684 Habitare
3577 1630 3722 1686 enim

2134 1738 2354 1780 manere
2377 1721 2628 1788 dicimus,
2659 1720 2802 1790 quod
2827 1711 3124 1774 errantium
3145 1733 3252 1774 non
3281 1727 3395 1784 est;
3425 1719 3568 1790 quod
3595 1735 3724 1774 mu-

2134 1813 2384 1872 tabilitati
2422 1828 2528 1869 non
2565 1811 2846 1878 convenit;
2885 1811 2982 1866 sed
3017 1811 3106 1866 ille
3142 1809 3290 1866 solus
3316 1810 3612 1868 Ecclesiam
3638 1811 3722 1866 in-

2133 1906 2372 1970 habitat,
2409 1904 2504 1974 qui
2541 1918 2713 1974 usque
2751 1903 2819 1958 ad
2853 1902 3058 1957 obitum
3097 1917 3254 1957 suum
3292 1901 3349 1956 in
3389 1900 3496 1956 ﬁde
3532 1903 3720 1958 rectis-

2133 1997 2268 2052 sima
2300 2001 2642 2066 perseverat,
2671 1992 2813 2048 sicut
2835 2003 2894 2048 et
2918 1991 3056 2048 alius
3084 1991 3324 2062 psalmus
3354 1989 3521 2048 dicit:
3549 1989 3616 2046 Ut
3638 1992 3720 2046 in-

2131 2087 2356 2141 habilem
2397 2085 2452 2140 in
2495 2085 2648 2139 domo
2698 2083 2910 2137 Domini
2946 2081 3181 2136 omnibus
3207 2082 3390 2137 diebus
3429 2082 3544 2137 vitm
3587 2097 3719 2136 mea:

2133 2176 2304 2251 (Psal.
2359 2175 2516 2248 uti).
2566 2175 2734 2230 Terra
2783 2173 2946 2230 homo
2983 2173 3138 2242 ipse,
3175 2181 3236 2228 ut
3276 2173 3331 2228 in
3371 2171 3654 2244 Evangelio
3697 2190 3713 2226 :

448 2266 636 2322 dicunt
662 2274 882 2322 ventum
907 2277 1029 2318 esse
1059 2263 1113 2317 in
1143 2261 1394 2316 concavis
1421 2258 1557 2330 ejus,
1588 2261 1678 2332 qui
1709 2270 1887 2317 motus
1908 2275 2025 2316 eam

2130 2269 2290 2324 Aliud
2314 2268 2496 2323 cecidit
2516 2268 2572 2321 in
2597 2275 2788 2320 terram
2813 2264 3000 2319 bonam
3023 2262 3173 2336 (Luc.
3196 2263 3336 2336 vui).
3371 2264 3506 2320 Item
3534 2264 3588 2318 in
3607 2263 3717 2320 Ge-

445 2365 646 2414 movet.
688 2355 972 2412 Sallustius
1002 2371 1016 2409 :
1051 2351 1202 2408 Venti
1225 2369 1318 2424 per
1359 2369 1486 2407 caua
1511 2364 1666 2407 terra:
1690 2351 2024 2424 praecipitati,

447 2433 587 2522 rupti
636 2447 834 2518 aliquot
871 2455 1068 2502 montes
1106 2443 1394 2516 tumulique
1439 2442 1638 2498 sedere.
1685 2443 1792 2499 Alii
1834 2459 2029 2514 aquam

446 2540 635 2598 dicunt
685 2536 975 2611 genitalem
1022 2536 1077 2591 in
1125 2534 1288 2590 terris
1335 2532 1576 2600 moveri,
1625 2541 1681 2589 et
1732 2548 1826 2590 eas
1868 2531 2030 2589 simul

444 2637 758 2695 canentem,
796 2629 936 2684 sicut
977 2641 1098 2693 vas,
1136 2633 1196 2682 ut
1228 2625 1361 2682 dicit
1393 2623 1700 2681 Lucretius.
1759 2621 1864 2678 Alii
1910 2622 2032 2678 fun-

444 2735 576 2794 gum
617 2718 866 2794 eamdem
909 2725 1111 2773 terram
1157 2721 1372 2784 vocant,
1403 2715 1560 2785 cujus
1606 2715 1924 2786 plerumque
1948 2713 2029 2768 la-

447 2820 626 2869 tentes
659 2808 829 2867 ruinm
862 2806 1201 2880 superposita
1236 2813 1430 2862 cuncta
1469 2805 1802 2862 concutiunt.
1852 2802 2033 2858 Terrae

447 2917 664 2977 quoque
717 2901 897 2956 hiatus
943 2894 1038 2954 aut
1085 2905 1235 2952 motu
1281 2910 1435 2965 aqum
1475 2893 1750 2949 inferioris
1795 2891 1895 2958 ﬁt,
1941 2897 2034 2946 aut

444 2993 658 3050 crebris
716 2991 968 3047 tonitruis
997 3029 1014 3054 ,
1069 2994 1162 3042 aut
1207 2986 1276 3042 de
1323 2985 1576 3042 concavis
1633 2991 1794 3040 terrm
1851 2998 2032 3038 erum-

444 3081 704 3162 pentibus
755 3079 954 3136 ventis.
1016 3077 1186 3133 Terra
1249 3076 1394 3133 enim
1446 3074 1672 3147 mystice
1723 3075 1905 3146 plures
1952 3073 2032 3130 si-

447 3171 824 3244 gniﬁcationes
885 3170 1069 3225 habet.
1133 3167 1434 3238 Aliquando
1485 3165 1756 3238 signiﬁcat
1799 3165 2033 3234 patriam

447 3262 726 3320 cmlestem
753 3302 770 3328 ,
825 3270 884 3317 ut
932 3269 1018 3318 est
1060 3259 1191 3316 illud
1243 3277 1256 3314 :
1307 3257 1476 3314 Credo
1528 3257 1701 3312 uidere
1745 3256 1878 3311 bona
1923 3255 2034 3311 Do-

447 3353 580 3408 mini
613 3354 670 3408 in
699 3363 839 3408 terra
870 3352 1146 3408 viventium
1187 3347 1360 3422 (Psal.
1409 3346 1559 3420 xxv).
1604 3347 1672 3402 Et
1708 3346 1840 3402 illud
1869 3361 2035 3402 evan-

447 3445 718 3518 gelicum:
747 3442 900 3498 Beati
942 3443 1110 3508 mites,
1152 3439 1347 3512 inquit,
1383 3438 1634 3511 quoniam
1671 3437 1770 3509 ipsi
1802 3437 2034 3508 posside-

448 3535 577 3594 bunt
611 3545 808 3591 terram
851 3533 1066 3606 (Matth.
1115 3531 1190 3606 v).
1236 3532 1540 3602 Aliquando
1576 3547 1796 3587 carnem
1821 3530 2031 3586 Domini

2129 2359 2268 2430 nesi,
2299 2357 2474 2422 arida,
2505 2363 2651 2410 terra
2680 2354 3010 2418 nominatur,
3033 2361 3095 2408 ut
3117 2360 3203 2408 est
3225 2353 3356 2424 illud
3381 2371 3394 2408 :
3426 2353 3493 2408 Et
3521 2353 3718 2408 vocavit

2129 2445 2334 2500 aridam
2355 2454 2547 2499 terram
2571 2441 2724 2515 (Gen.
2755 2442 2817 2514 ι),
2845 2441 3100 2514 populum
3126 2438 3332 2498 scilicet
3361 2441 3561 2498 fontem
3590 2441 3718 2498 ﬁdei

2129 2535 2425 2601 sitientem,
2447 2543 2502 2590 et
2523 2536 2788 2591 bonorum
2817 2549 3040 2604 operum
3069 2549 3288 2605 germen
3327 2532 3715 2605 proferentem.

2130 2625 2298 2690 Terra
2325 2639 2455 2681 vero
2491 2626 2545 2682 in
2580 2625 2782 2680 malum
2820 2625 2996 2697 posita
3041 2632 3147 2691 est,
3185 2622 3276 2679 ubi
3313 2624 3716 2694 corruptionem

2129 2717 2376 2772 humanm
2409 2723 2638 2782 naturm,
2661 2715 2745 2772 vel
2769 2723 3104 2786 peccatores,
3149 2712 3234 2768 vel
3271 2712 3508 2784 perditos
3540 2711 3719 2768 homi-

2130 2825 2230 2868 nes
2256 2809 2542 2882 siguiﬁcat.
2587 2809 2999 2880 Corruptioriem
3030 2816 3210 2864 autem
3242 2813 3451 2862 naturm
3485 2804 3576 2860 illa
3609 2805 3718 2862 Do-

2131 2902 2264 2958 mini
2291 2903 2554 2958 sententia
2577 2902 2932 2967 demonstrat,
2963 2915 3068 2972 qua
3097 2897 3164 2954 ad
3191 2897 3464 2952 heminem
3485 2911 3718 2968 peccan-

2131 3003 2242 3050 tem
2275 2995 2388 3050 ait:
2415 2993 2576 3050 Terra
2605 3011 2681 3061 es,
2703 3002 2752 3048 et
2777 2994 2830 3047 in
2855 3003 3052 3047 terram
3077 2989 3175 3044 ibis
3198 2987 3350 3062 (Gen.
3375 2988 3479 3062 ιιι).
3517 2987 3716 3044 Pecca-

2132 3095 2280 3143 tores
2301 3101 2518 3156 quoque
2543 3093 2704 3141 terrm
2741 3083 2961 3142 nomine
2999 3082 3072 3138 ibi
3105 3089 3382 3146 notantur,
3411 3081 3501 3136 ubi
3527 3079 3715 3134 Domi-

2129 3193 2234 3232 nus
2252 3177 2320 3232 ad
2341 3181 2648 3246 serpentem
2677 3175 2753 3230 ait
2779 3193 2792 3229 :
2825 3173 3038 3228 Terram
3061 3172 3295 3227 comedes
3313 3171 3511 3226 cunctis
3533 3169 3720 3224 diebus

2132 3267 2341 3342 (Ibid.),
2369 3268 2473 3324 hoc
2500 3274 2603 3334 est,
2633 3274 2944 3336 peccatores
2966 3262 3022 3317 in
3045 3270 3243 3317 sortem
3275 3268 3422 3316 tuam
3450 3269 3506 3316 et
3535 3258 3718 3340 pcrdi-

2132 3361 2332 3416 tionem
2369 3359 2576 3424 trabes,
2605 3365 2663 3414 et
2693 3371 2884 3412 eorum
2923 3353 3298 3424 iniquitatibus
3326 3351 3585 3424 pasceris.
3626 3349 3717 3408 Si-

2130 3449 2332 3504 militer
2363 3456 2419 3503 et
2455 3447 2602 3514 illud,
2651 3446 2795 3518 quod
2838 3444 2966 3501 alibi
3007 3443 3237 3516 legitur:
3272 3442 3579 3498 Recedeutes
3604 3459 3641 3496 α
3663 3451 3720 3499 te

2129 3538 2186 3592 in
2213 3547 2352 3592 terra
2377 3538 2670 3593 scribentur
2694 3535 2830 3606 (Jer.
2861 3535 3018 3607 xvii),
3044 3535 3099 3590 id
3125 3542 3228 3600 est,
3266 3534 3356 3605 qui
3383 3549 3480 3605 per
3499 3542 3719 3604 aposta-

448 3627 745 3684 Salvatoris
788 3626 1078 3697 signiﬁcat,
1121 3634 1180 3680 ut
1215 3633 1300 3682 est
1337 3623 1466 3680 illud
1496 3641 1512 3678 :
1541 3623 1877 3686 Benedixisti,
1919 3621 2030 3674 Do-
2059 3627 2103 3690 C
2133 3627 2268 3683 siam
2301 3643 2333 3682 a
2373 3634 2425 3682 te
2454 3633 2785 3692 avertentur,
2827 3624 2970 3680 inter
3013 3633 3324 3695 peccatores
3361 3637 3718 3678 connumem.

445 3719 606 3781 tuine,
629 3725 821 3773 terram
846 3726 988 3771 tuam
1011 3729 1030 3770 .'
1051 3715 1281 3772 avertisti
1302 3716 1647 3784 captivitatem
1666 3713 1832 3768 Jaeob
1855 3711 2026 3784 (Psal.

444 3806 690 3880 umv).
727 3805 894 3864 Jacoh
936 3807 1080 3862 enim
1112 3805 1421 3877 patriarcha
1459 3803 1727 3876 signiﬁcat
1772 3801 2028 3874 populum

444 3897 696 3965 ﬁdelem,
723 3897 815 3968 qui
841 3896 1102 3953 liberatus
1143 3904 1228 3952 est
1271 3912 1302 3951 a
1339 3895 1648 3966 captivitate
1693 3893 1891 3949 diaboli
1933 3907 2030 3964 per

444 3989 872 4046 incarnationem
903 3987 1217 4046 Salvatoris.
1268 3987 1400 4042 Item
1439 3995 1583 4042 terra
1609 3984 1880 4056 signiﬁcat
1911 3999 2030 4038 san-

443 4089 588 4138 ctam
611 4081 835 4138 Mariam
863 4081 1149 4153 virginem,
1173 4081 1240 4136 de
1259 4095 1363 4149 qua
1385 4078 1643 4134 Dominus
1668 4075 1818 4131 nasci
1843 4075 2030 4146 digna-

441 4185 535 4233 tus
563 4185 668 4232 est.
715 4175 868 4233 Unde
895 4184 978 4231 est
1009 4175 1140 4229 illud
1164 4192 1177 4226 :
1209 4171 1415 4226 Veritas
1443 4171 1508 4224 de
1537 4179 1676 4223 terra
1706 4177 1820 4222 orta
1849 4177 1941 4230 est,
1979 4176 2028 4220 et

440 4265 650 4336 iustitia
677 4265 742 4320 de
781 4263 906 4320 caelo
941 4261 1201 4334 prospexit
1243 4257 1416 4331 (Psal.
1457 4255 1698 4328 Lxxxiv).
1749 4254 1931 4310 Potest
1973 4259 2031 4310 ει

444 4355 604 4410 aliter
632 4355 723 4408 hic
747 4368 940 4410 sensus
971 4351 1216 4422 intelligi.
1276 4349 1484 4404 Veritas
1525 4347 1592 4402 de
1641 4355 1784 4402 terra
1830 4346 2027 4411 oritur,

445 4441 662 4515 quando
697 4441 964 4499 confessio
1009 4447 1350 4511 peccatorqu
1393 4437 1646 4502 oﬁ‘ertur;
1693 4437 1904 4508 justitia
1961 4437 2029 4491 de

444 4533 586 4590 caelo
604 4531 900 4605 prospexit,
935 4537 1196 4602 quantum
1240 4529 1302 4584 ﬁt
1342 4528 1590 4584 remissio
1639 4535 2023 4597 peccatorum:

440 4625 591 4698 quod
641 4625 697 4680 in
744 4622 1022 4681 Publicani
1074 4620 1216 4678 illius
1270 4621 1519 4676 oratione
1565 4619 1812 4690 provenit
1861 4616 2023 4690 (Luc.

443 4716 626 4789 xvm).
673 4714 893 4772 Veritas
947 4713 1094 4772 enim
1157 4711 1224 4768 de
1286 4719 1432 4767 terra
1477 4717 1598 4764 orta
1639 4716 1770 4775 est,
1813 4707 2026 4778 quando

441 4810 554 4867 ima
587 4809 901 4880 respiciens,
960 4807 1265 4864 conﬁtendo
1306 4811 1528 4874 peccata
1573 4817 1692 4866 sua,
1738 4800 2025 4856 Dominum

443 4899 686 4972 rogavit;
719 4899 928 4969 justitia
957 4911 1087 4952 vero
1133 4895 1201 4951 de
1241 4893 1380 4950 cmlo
1425 4891 1721 4962 prospexit,
1770 4905 1892 4945 cum
1934 4891 2026 4946 de-

2129 3721 2348 3776 buntur.
2391 3719 2556 3774 Terra
2582 3759 2598 3785 ,
2634 3717 2870 3774 carnalis
2906 3716 3149 3788 potentia
3175 3757 3188 3780 ,
3237 3723 3299 3771 ut
3346 3716 3401 3770 in
3448 3714 3718 3771 Ecclesia-

2129 3810 2266 3866 stico
2289 3827 2302 3864 :
2329 3807 2468 3875 Quid
2501 3808 2729 3879 superbit
2775 3815 2916 3862 terra
2960 3816 3010 3862 et
3047 3806 3220 3861 cinis?
3255 3803 3384 3876 (Sir.
3423 3804 3506 3876 ι).
3545 3804 3716 3860 Terra

2129 3901 2339 3957 deserta
2377 3900 2604 3971 populus
2643 3897 2972 3964 Judmorum,
3011 3899 3126 3954 sive
3160 3911 3346 3952 omnes
3379 3903 3715 3967 peccatores,

2127 4002 2190 4048 ut
2226 3993 2282 4048 in
2315 3991 2546 4046 Jeremia
2592 4009 2608 4045 :
2655 3989 2819 4045 Terra
2863 3990 3066 4044 deserta
3114 3999 3162 4043 et
3214 3985 3568 4042 inhabitabilis
3591 4026 3607 4051 ,
3657 3986 3717 4042 in

2127 4099 2233 4154 qua
2282 4081 2458 4137 nullus
2505 4081 2748 4146 habitat,
2797 4097 2888 4136 nec
2935 4089 3258 4152 pertranseat
3293 4094 3386 4150 per
3421 4095 3537 4132 eam
3567 4077 3716 4148 [ilius

2127 4173 2352 4228 hominis
2388 4172 2521 4246 (Jer.
2562 4171 2672 4244 v1),
2709 4172 2763 4228 id
2799 4181 2882 4228 est
2906 4211 2922 4238 ,
2959 4171 3220 4226 Dominus
3253 4169 3411 4226 Jesus
3442 4167 3714 4226 Christus.

2127 4261 2308 4319 Pulvis
2347 4271 2658 4333 peccatores
2695 4271 2863 4328 sunt,
2911 4261 3052 4317 sicut
3099 4259 3153 4314 in
3199 4257 3335 4314 Isaia
3381 4257 3578 4313 dicitur
3613 4271 3718 4329 pro

2127 4354 2387 4409 diabolo:
2429 4353 2498 4408 Et
2534 4353 2758 4424 serpen'i
2801 4351 2972 4422 pulvis
3020 4351 3173 4422 panis
3221 4350 3336 4421 ejus
3376 4347 3510 4421 (Isa.
3561 4346 3712 4418 va).

2127 4447 2197 4502 Et
2231 4445 2355 4500 alibi
2383 4459 2398 4498 :
2443 4443 2564 4498 Non
2603 4445 2678 4498 sic
2717 4442 2886 4514 impii,
2921 4458 3026 4496 non
3063 4442 3179 4497 sic:
3201 4441 3291 4496 sed
3319 4451 3569 4511 tanquam
3595 4436 3718 4508 pul-

2124 4538 2202 4592 uis
2239 4533 2410 4607 (Psal.
2449 4533 2511 4605 ι).
2559 4534 2755 4589 Lutum
2793 4533 3072 4588 medicinm
3127 4532 3363 4588 cmlestis
3410 4530 3713 4602 glutinum,

2125 4635 2187 4683 ut
2231 4627 2286 4681 in
2332 4624 2622 4696 Evangelio
2647 4641 2661 4678 :
2689 4623 2881 4678 Lutum
2911 4623 3057 4693 fecit,
3089 4631 3138 4676 et
3171 4622 3339 4677 linivit
3367 4618 3545 4674 oculos
3572 4633 3715 4676 meos

2126 4715 2309 4792 (Joan.
2349 4713 2449 4787 ix).
2487 4713 2660 4769 Aliter
2693 4721 3040 4784 peccatorum
3077 4709 3363 4782 glutinum,
3399 4716 3459 4763 ut
3484 4707 3536 4762 in
3565 4704 3715 4760 Psal-

2123 4822 2214 4863 mo
2257 4825 2271 4862 :
2313 4806 2474 4878 Eripe
2521 4821 2601 4860 me
2649 4804 2714 4858 de
2759 4802 2868 4857 luto
2899 4843 2916 4868 ,
2965 4811 3023 4856 ut
3071 4818 3175 4855 non
3213 4800 3496 4854 inltwream
3535 4794 3710 4868 (Psal.

2124 4899 2336 4972 vaiii).
2383 4897 2576 4952 Lutum
2625 4893 2860 4950 adulatio
2905 4890 3229 4962 deceptoris,
3273 4889 3386 4944 sive
3431 4888 3714 4942 haeretico-

442 4989 655 5048 scendit
702 4987 1026 5058 instillatus
1070 4985 1396 5042 Publicanus
1425 5022 1442 5048 ο
1499 4981 1672 5054 magis
1729 4995 1892 5052 quam
1937 4972 2103 5036 illeD
2131 5007 2250 5046 rum
2295 4988 2432 5044 falsa
2475 4987 2748 5052 delinitin,
2802 4993 2864 5041 ut
2913 4985 2966 5040 in
3014 4981 3338 5039 Ezechiele:
3370 4979 3486 5050 Ipsi
3535 4979 3712 5048 (edi/i-

441 5079 770 5137 Pliarismus.
823 5076 957 5132 Item
1000 5085 1144 5132 terra
1190 5072 1488 5129 Ecclesiam
1533 5071 1820 5143 signiﬁcat,
1855 5079 1912 5126 ut
1940 5079 2026 5126 est

443 5171 577 5229 illud
607 5189 622 5226 :
653 5169 862 5227 Domini
904 5178 981 5223 est
1017 5178 1158 5224 terra
1206 5165 1378 5240 (Psal.
1412 5165 1590 5238 xxiii).
1627 5163 1882 5234 Quamvis
1921 5173 2030 5219 ter-

443 5276 562 5316 ram
605 5268 664 5315 et
701 5258 755 5314 in
803 5259 946 5314 bono
975 5265 1030 5313 et
1070 5256 1214 5311 malo
1239 5256 1364 5327 poni
1385 5267 1528 5327 smpe
1555 5255 1892 5320 noverimus;
1934 5253 2025 5308 hic

441 5357 628 5405 tamen
651 5347 946 5405 Ecclesiam
981 5346 1240 5404 debemus
1277 5348 1579 5412 advertere,
1634 5361 1755 5418 qum
1796 5346 2024 5402 Domino

442 5441 750 5512 specialiter
778 5455 911 5512 pura
939 5447 1119 5496 mente
1156 5439 1464 5496 famulatur.
1513 5440 1650 5495 Nam
1688 5439 1811 5494 licet
1839 5437 2018 5493 omnia

442 5536 512 5590 ab
547 5535 663 5605 ipso
683 5535 794 5591 sint
823 5535 1038 5591 condita
1055 5575 1072 5602 ,
1103 5542 1284 5593 tamen
1309 5535 1438 5591 illud
1462 5536 1629 5606 ipsius
1653 5548 1776 5590 esse
1803 5531 2022 5603 proprie

441 5623 690 5692 dicimus,
715 5626 856 5696 quod
877 5640 999 5681 eum
1027 5635 1316 5684 veneratur
1343 5619 1620 5682 auctorem
1652 5643 1666 5682 :
1693 5632 1749 5680 et
1777 5625 1898 5679 ideo
1917 5622 2021 5679 Ec-

443 5713 604 5772 clesia
635 5730 740 5773 non
771 5717 1038 5776 immerito
1075 5717 1351 5776 fructifera
1377 5719 1641 5776 honorum
1683 5725 1828 5776 terra
1857 5718 2024 5776 susci-

2125 5079 2313 5133 cabant
2334 5077 2584 5148 parietem
2613 5090 2632 5129 .'
2661 5075 2744 5130 illi
2787 5084 2962 5129 autem
2999 5072 3249 5128 liniebant
3289 5087 3408 5126 eum
3457 5071 3568 5123 luto
3593 5067 3715 5124 abs-

2123 5187 2223 5244 que
2267 5179 2670 5241 temperamento
2717 5166 2934 5242 (Ezech.
2975 5165 3121 5240 xui).

2733 5279 2963 5338 CAPUT
3018 5277 3085 5333 ll.

2773 5350 2852 5406 De
2901 5350 3044 5404 orbe.

2195 5444 2355 5501 Orbis
2385 5460 2416 5498 a
2451 5442 2780 5500 rotunditate
2817 5441 3004 5498 circuli
3042 5441 3239 5506 dictus,
3265 5437 3391 5508 quia
3423 5437 3565 5493 sicut
3589 5442 3710 5490 rota

2123 5541 2228 5591 est.
2293 5535 2421 5588 Inde
2477 5533 2658 5588 brevis
2703 5534 2866 5587 etiam
2919 5530 3108 5586 rotella
3157 5527 3432 5586 orbiculus
3476 5525 3712 5596 appella-

2123 5632 2232 5680 tur.
2283 5624 2530 5694 Undique
2579 5625 2722 5680 enim
2777 5621 3158 5680 circumﬂuens
3205 5620 3451 5678 Oceanus
3496 5617 3614 5688 ejus
3649 5615 3706 5670 in

2125 5715 2356 5775 circuitu
2409 5713 2580 5772 ambit
2631 5713 2786 5772 ﬁnes.
2851 5711 3132 5785 Signiﬁcat
3188 5725 3320 5784 ergo
3375 5715 3466 5765 au‘
3533 5712 3707 5762 totum
