4074 6324
308 412 414 469 5⁸53

1295 408 1384 464 DE
1422 399 1768 464 UNIVERSO
1804 394 1983 453 LIBRI
2025 392 2278 449 XXli.—-
2313 391 2439 447 LIB.
2482 391 2598 445 Xll.

3458 389 3570 447 334

307 519 568 579 mundum
607 519 759 590 juxta
809 517 1088 573 historiam
1114 558 1130 584 ,
1177 527 1270 573 aut
1291 558 1304 582 ,
1336 516 1491 586 juxta
1543 512 1882 584 allegoriam,
1912 517 1961 576 Α
1989 505 2074 559 liis
2096 504 2206 558 Noe
2233 504 2556 559 semiustum
2586 501 2684 557 fuit
2713 504 2768 556 iu
2803 502 3020 568 mundo,
3049 503 3366 560 fermentum
3395 506 3572 562 Eran-

307 614 667 671 universalem
703 610 1018 672 Ecclesium,
1065 609 1252 666 autin
1300 607 1627 664 contrariam
1679 612 1889 675 partem

308 703 546 774 impios,
598 701 692 770 qui
738 699 1046 770 frequenter
1096 709 1253 756 terrae
1299 699 1653 770 appellatione
1691 696 1887 774 {decia-

309 802 522 850 rantur.
573 792 649 846 De
687 792 882 862 quibus
931 793 1214 847 Psalmista
1252 793 1368 847 ait:
1401 791 1666 846 Judicabit
1715 789 1890 842 orbem

307 898 466 942 terra:
513 887 570 940 in
601 885 810 955 justitia
860 884 1032 956 (Psal.
1081 881 1177 957 ιι).
1236 883 1282 938 Α
1333 883 1560 938 Domino
1614 877 1890 950 iudicandi

308 987 480 1043 sunt,
533 977 625 1048 qui
687 977 981 1047 pertinacia
1039 993 1136 1032 sua
1189 977 1335 1032 nulla
1387 975 1703 1031 remissione
1754 974 1889 1028 libe-

310 1077 519 1124 rantur.
566 1067 798 1136 Populus
853 1075 1032 1122 autem
1076 1066 1343 1136 signiﬁcat
1383 1081 1496 1130 cos,
1543 1065 1634 1135 qui
1681 1081 1746 1120 ex
1787 1063 1891 1119 ile-

308 1159 470 1214 brzeis
518 1157 703 1212 ﬁdeles
744 1156 950 1226 probati
998 1166 1141 1223 sunt,
1196 1166 1252 1210 et
1294 1157 1384 1226 qui
1437 1156 1614 1212 devoti
1654 1172 1719 1212 ex
1763 1170 1891 1226 geu-

310 1249 455 1304 tibus
493 1248 843 1302 advenerunt.
899 1247 1298 1317 Requirendum
1339 1256 1425 1303 est
1463 1263 1614 1313 sane,
1656 1248 1796 1316 quod
1836 1255 1890 1302 et

310 1339 400 1395 hic
445 1341 633 1394 orbem
684 1347 949 1393 terrarum
996 1340 1170 1404 dicat,
1213 1348 1265 1394 et
1316 1340 1369 1394 in
1420 1339 1633 1393 Psalmo
1681 1348 1885 1408 ponat:

307 1428 594 1484 illuxerunt
636 1427 848 1498 fulgura
883 1429 996 1496 ejus
1034 1430 1148 1482 orbi
1184 1439 1338 1483 terrm
1377 1427 1549 1500 (Psal.
1589 1429 1793 1500 uim),
1834 1438 1892 1483 et

309 1520 364 1575 in
394 1519 515 1574 aliis
551 1519 796 1588 plurimis
834 1517 965 1578 locis
1005 1519 1118 1588 ipso
1157 1519 1428 1573 schemate
1465 1527 1661 1573 terrain
1708 1519 1889 1588 perhi-

308 1611 433 1668 bcat
473 1625 592 1665 esse
643 1610 985 1675 conclusam;
1051 1611 1349 1678 iterumque
1399 1610 1724 1664 centesimus
1767 1625 1891 1664 sex-

309 1712 396 1759 tus
438 1702 682 1758 Psalmus
719 1712 952 1771 quatuor
995 1701 1304 1758 cardinibus
1339 1711 1496 1757 terrm
1533 1703 1702 1771 spatia
1741 1717 1889 1756 com-

306 1795 610 1865 prehendit,
661 1794 844 1848 dicens
875 1812 886 1847 :
918 1794 960 1847 Α
1003 1793 1128 1848 solis
1167 1804 1285 1848 ortu
1323 1803 1369 1848 et
1400 1811 1607 1866 occasu,
1646 1794 1710 1848 ab
1733 1796 1884 1866 aqui-

1987 596 2171 667 geiicaa
2199 596 2454 650 doctrina:
2483 595 2538 648 in
2561 594 2812 649 cordibus
2849 594 3084 649 ﬁdelium
3128 597 3433 664 abscondit,
3476 597 3572 654 do—

1988 703 2089 742 nec
2134 686 2372 741 nativum
2419 701 2668 756 saporem
2704 696 2872 740 totum
2917 700 3012 758 per
3055 694 3260 741 rectam
3309 687 3469 743 ﬁdem
3517 700 3574 746 et

1987 779 2269 834 scientiam
2295 778 2590 849 spiritalem
2615 786 2955 835 converteret
2991 778 3046 833 in
3076 778 3281 833 cultum
3312 786 3368 835 et
3403 780 3574 837 servi-

1990 868 2122 921 tium
2152 869 2268 924 Dei.

2507 957 2510 960 ’
2591 959 2818 1016 CAPUT
2877 959 2963 1015 ill.

2583 1051 2661 1106 De
2697 1052 2968 1123 paradiso.

2059 1144 2348 1200 Paradisus
2384 1153 2466 1200 est
2502 1143 2652 1199 locus
2694 1144 2748 1197 in
2797 1141 3033 1198 Orientis
3077 1143 3321 1213 partibus
3367 1142 3570 1200 consti-

1989 1246 2158 1302 tutus,
2197 1238 2350 1307 cujus
2389 1235 2706 1292 vocabulum
2743 1250 2809 1290 ex
2847 1234 3033 1291 Graeco
3074 1235 3129 1290 in
3165 1235 3416 1291 Latinum
3448 1251 3573 1291 ver-

1989 1332 2158 1394 titur,
2199 1331 2399 1384 hortus.
2453 1329 2622 1384 Porro
2671 1328 2930 1384 licbraice
2966 1329 3112 1383 Eden
3152 1328 3386 1396 dicitur,
3426 1329 3572 1400 quod

1990 1419 2043 1473 in
2104 1419 2283 1488 lingua
2352 1427 2538 1473 nostra
2603 1417 2839 1483 delicite,
2914 1418 3300 1488 interpretatur
3356 1436 3369 1472 :
3425 1418 3570 1488 quod

1991 1518 2280 1580 utrumque
2331 1509 2576 1580 junctum
2643 1508 2774 1563 facit
2823 1509 3036 1562 hortum
3088 1507 3419 1563 deliciarum.
3475 1508 3574 1563 Est

1989 1600 2132 1653 enim
2182 1598 2330 1654 omni
2383 1615 2578 1670 genere
2624 1599 2754 1669 ligni
2793 1609 2848 1653 et
2890 1598 3271 1668 pomiferarum
3316 1598 3572 1654 arborum

1989 1690 2259 1754 consitus,
2304 1689 2510 1746 habens
2554 1691 2716 1746 etiam
2765 1698 2821 1745 et
2867 1691 3071 1760 lignum
3111 1690 3236 1745 vitae
3270 1708 3284 1743 :
3323 1705 3432 1744 non
3469 1688 3569 1745 fri-

1989 1795 2087 1852 gus
2113 1821 2127 1847 ,
2167 1797 2273 1836 non
2308 1791 2503 1848 aestus,
2545 1783 2637 1836 sed
2679 1790 2932 1852 perpetua
2967 1783 3112 1837 veris
3149 1783 3467 1852 temperies,
3503 1798 3572 1839 ex

218 1892 228 1908 τ
306 1885 425 1940 (one
456 1896 504 1940 et
543 1885 675 1938 mari
711 1883 882 1955 (Psal.
929 1884 1070 1956 cvi);
1112 1884 1260 1954 cujus
1302 1885 1381 1940 rei
1419 1884 1880 1938 evidentissimum
1914 1869 1956 1928 Β
1984 1874 2135 1944 cuius
2168 1873 2344 1929 medio
2382 1873 2502 1928 fons
2538 1887 2910 1944 prorumpens.
2951 1881 3118 1927 totum
3145 1888 3338 1928 nemus
3360 1874 3568 1943 irrigat.

305 1988 521 2044 quoque
545 1973 818 2044 Evangelii
843 1983 1020 2027 exstat
1053 1973 1376 2043 exemplum,
1405 1974 1493 2028 ubi
1524 1973 1653 2029 dicit
1677 1991 1689 2026 :
1715 1973 1888 2027 Emit-

306 2072 378 2117 tet
420 2063 628 2132 angelos
677 2080 798 2117 suos
843 2080 958 2116 cum
996 2063 1119 2116 tuba
1163 2072 1211 2117 et
1249 2080 1367 2118 voce
1412 2080 1622 2134 magna,
1667 2073 1715 2118 et
1763 2080 1889 2117 con-

305 2156 537 2226 gregabit
581 2172 616 2209 a
658 2164 885 2226 quatuor
940 2155 1148 2225 angulis
1204 2166 1357 2210 terrae
1427 2156 1654 2227 (Matt/1.
1706 2156 1886 2228 XXIV).

309 2247 464 2304 Unde
497 2249 693 2302 merito
725 2248 933 2303 restituo
972 2247 1410 2317 perquireudum,
1439 2249 1891 2319 quemadmodum

307 2346 466 2394 terra:
508 2337 680 2408 possit
735 2345 791 2392 et
849 2338 1134 2407 quadratio
1178 2347 1232 2392 et
1277 2337 1512 2393 circulus
1562 2338 1890 2404 convenire,

305 2428 434 2483 dum
458 2429 731 2483 schemata
752 2429 864 2498 ipsa
886 2427 1047 2499 (sicut
1065 2429 1374 2500 geometrici
1409 2430 1614 2501 dicunt)
1647 2431 1894 2502 judican-

305 2531 395 2576 tur
415 2537 534 2577 esse
557 2522 787 2576 diversa.
813 2521 1062 2576 Formam
1088 2523 1376 2578 terraeideo
1394 2522 1669 2594 Scriptura
1706 2527 1894 2581 orbem

305 2621 482 2680 vocat,
505 2629 570 2669 eo
606 2612 747 2683 quod
773 2614 1181 2682 respicientibus
1202 2616 1596 2670 extremitatem
1626 2614 1743 2684 ejus
1788 2617 1896 2671 cir-

302 2705 458 2762 culus
471 2719 680 2776 semper
692 2714 932 2776 apparet,
951 2720 1110 2774 quem
1123 2705 1381 2760 circulum
1404 2704 1446 2760 G
1456 2707 1576 2760 ι·ωεί
1612 2706 1832 2760 horizon
1841 2715 1894 2761 ta

307 2805 519 2854 vocant.
547 2796 785 2864 Quatuor
805 2806 986 2851 autem
1008 2796 1314 2850 cardinibus
1329 2812 1445 2850 eam
1474 2796 1696 2851 formari
1729 2798 1892 2864 dicit;

304 2887 433 2958 quia
461 2895 690 2957 quatuor
717 2890 963 2945 cardines
1001 2895 1232 2959 quatuor
1271 2889 1491 2962 angulos
1539 2892 1784 2960 quadrati
1823 2893 1898 2946 si-

305 2981 584 3050 gniﬁcant,
631 2983 722 3052 qui
765 2982 907 3037 intra
945 2983 1260 3052 przedictum
1299 2993 1455 3038 terrae
1477 2984 1736 3039 circulum
1761 3000 1892 3039 con-

309 3074 565 3130 tinentur.
621 3073 758 3129 Nam
806 3074 852 3130 si
891 3075 958 3130 ab
997 3073 1232 3130 Orientis
1269 3076 1487 3130 cardine
1534 3075 1587 3130 iu
1638 3077 1894 3131 Austrum

307 3173 363 3218 et
401 3163 455 3217 in
491 3163 812 3234 Aquilonem
852 3165 1090 3236 singulas
1128 3173 1306 3220 rectas
1345 3165 1512 3221 lineas
1558 3166 1724 3222 ducas
1767 3184 1780 3220 :
1823 3166 1895 3222 si-

1988 1963 2350 2034 dividiturque
2406 1964 2458 2018 in
2506 1971 2738 2034 quatuor
2800 1965 3079 2019 nascentia
3126 1962 3366 2020 ﬁumina.
3405 1964 3572 2036 Cujus

1987 2063 2110 2124 post
2133 2064 2414 2124 peccatum
2438 2054 2670 2109 hominis
2695 2055 2873 2110 aditus
2897 2055 3220 2112 interclusus
3247 2063 3350 2112 est.
3373 2054 3572 2128 Septus

1989 2154 2074 2202 est
2107 2147 2251 2202 enim
2279 2147 2514 2216 undique
2541 2148 2812 2216 romphma
2851 2147 3117 2214 ﬂammea,
3167 2148 3221 2203 id
3267 2157 3370 2214 est,
3416 2165 3573 2204 muro

1990 2235 2146 2307 igneo
2169 2237 2442 2292 accinctus
2475 2254 2487 2290 :
2520 2237 2593 2291 ita
2622 2245 2680 2291 ut
2709 2237 2824 2306 ejus
2847 2237 2984 2292 cmlo
3013 2253 3150 2307 pene
3174 2238 3367 2308 jungat
3396 2241 3575 2294 incen-

1992 2326 2160 2382 dium.
2208 2327 2496 2382 Cherubim
2525 2342 2761 2397 quoque,
2797 2327 2851 2381 id
2892 2336 2993 2393 est,
3035 2327 3347 2398 angelorum
3390 2330 3576 2399 ιιιωεί-

1991 2417 2138 2474 dium
2165 2419 2414 2474 arcendis
2454 2417 2732 2488 spiritibus
2771 2417 2929 2473 malis
2973 2433 3136 2489 super
3171 2419 3440 2490 romphaea
3481 2418 3578 2476 lla-
3633 2491 3635 2493 ι

1992 2509 2168 2579 granti
2197 2509 2505 2564 ordinatum
2543 2517 2624 2564 est
2651 2523 2665 2562 :
2691 2516 2748 2563 ut
2787 2507 3032 2564 homines
3066 2508 3317 2577 ﬂammae,
3357 2510 3578 2582 angelos

1991 2616 2122 2656 vero
2145 2600 2318 2656 malos
2344 2599 2518 2670 angeli
2545 2598 2920 2665 submoveant,
2949 2613 3016 2654 ne
3041 2600 3128 2655 cui
3156 2601 3307 2656 carni
3343 2600 3424 2655 vel
3464 2602 3579 2673 spi-

1993 2692 2119 2748 ritui
2152 2692 2595 2763 transgressionis
2631 2693 2808 2748 aditus
2844 2692 3081 2762 paradisi
3116 2699 3317 2762 pateat.
3357 2692 3582 2750 Paradi-

1993 2799 2109 2848 sus,
2135 2784 2188 2838 id
2213 2791 2296 2839 est
2322 2785 2512 2839 hortus
2538 2781 2873 2848 deliciarum,
2899 2782 3124 2852 mystice
3150 2789 3244 2836 aut
3281 2781 3578 2838 Ecclesiam

1994 2881 2313 2945 praesentem
2344 2872 2632 2944 signiﬁcat,
2661 2879 2755 2927 aut
2781 2881 2980 2927 terram
3008 2871 3324 2937 viventium,
3367 2873 3459 2928 ubi
3503 2873 3580 2928 illi

1995 2964 2088 3035 qui
2118 2972 2397 3019 merentur
2427 2980 2524 3035 per
2557 2963 2717 3019 ﬁdem
2753 2971 2957 3018 rectam
3006 2971 3061 3018 et
3105 2963 3244 3020 bona
3289 2977 3452 3036 Opera
3495 2966 3585 3019 vi-‘

1997 3059 2134 3113 cturi
2161 3066 2288 3113 sunt
2313 3057 2366 3112 in
2392 3066 2731 3128 perpetuum.
2777 3055 2853 3110 De
2891 3071 2998 3126 quo
3031 3056 3291 3112 Dominus
3319 3057 3386 3112 ad
3409 3057 3576 3112 latro-

1999 3164 2122 3204 nem
2150 3149 2204 3204 in
2235 3163 2396 3204 cruce
2429 3146 2770 3203 conﬁtentem
2801 3146 2876 3201 ait
2907 3170 2920 3200 ;
2956 3148 3122 3201 Amen
3159 3147 3275 3201 dico
3317 3147 3447 3214 tibi,
3482 3149 3581 3202 Ito-

309 3251 507 3307 miiiter
553 3220 767 3324 quoque
805 3264 862 3310 et
895 3220 969 3310 siu
984 3255 1052 3309 ab
1081 3255 1387 3311 Occidentis
1415 3258 1634 3312 cardine
1661 3259 1728 3313 ad
1756 3275 1892 3328 prm-

1995 3238 2079 3295 die
2107 3255 2306 3293 mecum
2345 3239 2448 3294 eris
2479 3240 2534 3292 in
2570 3238 2816 3309 paradiso
2855 3236 3007 3308 (Luc.
3047 3236 3227 3310 XXIII).
3275 3237 3448 3292 Aliter
3486 3252 3582 3292 au-

309 3339 478 3397 dictos
506 3343 771 3408 cardines,
804 3345 858 3399 id
884 3354 968 3400 est
985 3345 1247 3400 Austrum
1273 3354 1328 3401 et
1349 3345 1688 3416 Aquilonem,
1713 3349 1895 3420 singu-

310 3429 388 3487 las
432 3443 607 3489 rectas
660 3434 832 3490 lineas
891 3435 1082 3492 tendas
1126 3454 1139 3490 :
1192 3435 1322 3492 facis
1369 3437 1689 3507 quadratum
1738 3447 1895 3492 terrae

309 3530 448 3576 intra
485 3525 670 3579 orbem
727 3526 1063 3594 prtedictum.
1134 3526 1240 3581 Sed
1287 3529 1554 3596 quomodo
1600 3529 1896 3597 quadratus

308 3623 409 3668 iste
447 3616 900 3672 demonstrativus
947 3619 1089 3673 inter
1137 3620 1400 3674 circulum
1453 3623 1616 3677 scribi
1666 3622 1894 3688 debeat,

308 3704 556 3761 Euclides
611 3705 668 3759 in
713 3716 906 3775 quarto
969 3708 1110 3764 libro
1153 3710 1554 3765 Elementorum
1620 3713 1898 3768 evidenter

307 3795 591 3850 insinuat:
624 3807 954 3868 quapropter
991 3808 1136 3853 recte
1165 3799 1443 3869 Scriptura
1479 3811 1665 3865 sancta
1700 3801 1895 3856 faciem

308 3896 469 3942 teri-te
493 3895 549 3943 et
575 3889 762 3944 orbem
791 3899 968 3955 vocat,
993 3900 1051 3946 ct
1073 3901 1305 3961 quatuor
1339 3908 1458 3948 eam
1503 3894 1634 3948 dicit
1665 3894 1898 3949 cardini-

309 3979 411 4031 bus
437 3978 724 4034 contineri.
777 3979 990 4035 Divisus
1029 3990 1116 4038 est
1155 3992 1335 4038 autem
1381 3982 1610 4049 trifarie,
1644 3999 1672 4038 a
1705 3983 1898 4054 quibus

309 4083 417 4121 una
450 4083 578 4137 pars
603 4069 752 4135 Asia,
791 4071 961 4126 altera
1000 4073 1236 4143 Europa,
1279 4075 1435 4130 tertia
1464 4074 1648 4131 Africa
1683 4091 1894 4130 nuncu-

308 4168 510 4228 patur:
548 4177 684 4231 quas
723 4172 833 4218 tres
869 4175 1052 4234 partes
1095 4168 1244 4222 orbis
1281 4176 1496 4224 veteres
1534 4185 1640 4223 non
1677 4168 1895 4240 tequalio

309 4256 394 4304 ter
431 4250 749 4305 diviserunt.
796 4252 933 4307 Nam
970 4254 1098 4308 Asia
1147 4270 1178 4308 a
1220 4257 1444 4310 meridie
1483 4272 1580 4326 per
1618 4255 1896 4312 Orientem

310 4355 482 4409 usque
513 4340 944 4411 Septentrionem
981 4345 1262 4414 pervenit:
1289 4345 1502 4415 Europa
1549 4361 1679 4402 vero
1719 4362 1751 4401 a
1800 4345 1897 4402 Sc-

309 4430 616 4500 ptentrione
647 4448 815 4501 usque
835 4432 1180 4492 Occidentem
1205 4453 1218 4490 :
1247 4445 1408 4506 atque
1430 4437 1611 4493 Africa
1644 4439 1711 4493 ab
1744 4437 1898 4494 Occi-

1996 3337 2105 3384 tem
2135 3329 2420 3399 paradisus
2451 3327 2533 3400 (ut
2559 3328 2814 3402 diximus)
2838 3327 3106 3400 signiﬁcat
3126 3337 3368 3384 sanctam
3394 3327 3585 3384 Eccle-

1995 3421 2151 3485 siam,
2189 3423 2254 3477 de
2290 3437 2395 3492 qua
2434 3422 2487 3477 in
2529 3420 2725 3478 Genesi
2769 3422 3030 3493 scriptum
3073 3429 3157 3478 est
3195 3436 3209 3476 :
3241 3419 3584 3476 I’lantaverat

1997 3510 2251 3565 Dominus
2273 3511 2414 3566 Deus
2435 3512 2741 3583 paradisum
2767 3512 3045 3582 voluptatis
3077 3529 3109 3566 a
3143 3512 3397 3583 principio
3426 3509 3578 3584 (Gen.

1998 3600 2079 3673 ιι).
2117 3601 2406 3658 Paradisus
2425 3602 2663 3658 Ecclesia
2687 3611 2772 3659 est
2798 3621 2810 3657 :
2834 3603 2913 3658 sic
2942 3603 3008 3658 de
3038 3603 3126 3657 illa
3149 3603 3343 3672 legitur
3369 3603 3423 3657 in
3447 3603 3583 3658 Can-

1999 3694 2118 3748 ticis
2137 3695 2472 3749 canticorum
2499 3712 2511 3745 :
2541 3694 2742 3750 Hortus
2765 3695 3042 3750 conclusus
3073 3711 3223 3750 soror
3243 3712 3358 3750 mea
3390 3711 3581 3766 sponsa

1999 3781 2174 3855 (Cant.
2212 3785 2308 3857 iv).
2351 3785 2398 3840 A
2441 3785 2706 3857 principio
2739 3795 2921 3840 autem
2952 3786 3225 3856 plantatur
3247 3785 3530 3856 paradisus
3563 3803 3578 3839 :

1998 3877 2124 3946 quia
2153 3877 2392 3933 Ecclesia
2413 3878 2687 3934 Catholica
2713 3895 2742 3933 a
2765 3879 2982 3935 Christo
2998 3921 3013 3946 ,
3037 3879 3129 3941 qui
3154 3888 3235 3934 est
3257 3879 3582 3951 principium

1942 4035 1948 4041 '
1972 3969 2258 4035 amnium,
2283 3971 2496 4025 condita
2527 3985 2648 4026 esse
2678 3969 3038 4040 cognoscitur.
3079 3969 3301 4025 Fiuvius
3329 3969 3396 4025 dc
3420 3984 3584 4039 para-

1997 4060 2114 4116 diso
2139 4063 2324 4117 exiens
2349 4061 2633 4134 imaginem
2662 4069 2844 4132 portat
2868 4061 3068 4117 Christi
3089 4061 3156 4116 de
3179 4070 3403 4132 paterno
3433 4060 3582 4118 fonte

1996 4151 2253 4220 ﬂuminis,
2286 4155 2377 4226 qui
2412 4154 2602 4225 irrigat
2620 4153 2916 4209 Ecciesiam
2951 4168 3105 4209 suam
3128 4155 3294 4209 verbo
3321 4154 3582 4227 prasdica-

1997 4248 2178 4314 tionis,
2207 4253 2261 4301 et
2281 4247 2422 4301 dono
2441 4245 2716 4316 baptismi.
2761 4245 2838 4301 De
2874 4261 2981 4316 quo
3025 4248 3164 4304 bene
3209 4263 3306 4320 per
3344 4247 3584 4319 Prophe-

1997 4349 2109 4396 tam
2147 4339 2344 4396 dicitur
2367 4356 2380 4393 :
2404 4337 2662 4392 Dominus
2698 4337 2839 4393 Deus
2883 4348 3058 4394 noster
3093 4341 3284 4410 ﬂuvius
3323 4339 3584 4410 gloriosus

1996 4431 2240 4487 exsiliens
2275 4432 2329 4485 in
2365 4439 2559 4484 terram
2596 4430 2874 4485 sitientem.
2915 4429 3070 4499 Quod
3094 4442 3324 4502 quatuor
3349 4431 3585 4487 ﬂumini-

309 4522 471 4625 dente
496 4537 667 4625 usque
691 4525 759 4578 ad
790 4525 1084 4580 Mcridicm.
1123 4527 1274 4582 Unde
1305 4529 1582 4583 evidenter
1610 4531 1795 4585 urbem
1817 4531 1897 4584 di-
1921 4565 1975 4625 Β
2000 4523 2102 4578 bus
2130 4523 2195 4625 de
2219 4522 2470 4592 paradiso
2490 4521 2888 4625 egredientibus
2911 4531 3052 4625 terra
3078 4523 3285 4593 rigatur
3311 4537 3327 4577 :
3352 4524 3583 4625 solidum

311 4615 533 4669 midium
572 4616 692 4672 dua:
729 4625 930 4684 tenent,
963 4620 1176 4690 Europa
1215 4629 1270 4675 et
1313 4620 1496 4677 Africa
1520 4635 1534 4675 :
1557 4621 1722 4676 alium
1767 4638 1897 4677 vero

311 4704 591 4761 dimidium
619 4707 733 4763 sola
757 4708 904 4764 Asia.
949 4707 1055 4764 Sed
1084 4709 1200 4764 ista:
1221 4709 1340 4764 duas
1376 4709 1498 4765 ideo
1531 4719 1712 4780 partes
1742 4710 1897 4766 factae

311 4803 458 4861 sunt,
499 4797 626 4866 quia
670 4799 812 4854 inter
837 4809 1096 4869 utrasque
1121 4801 1190 4855 ab
1221 4799 1434 4856 Oceano
1466 4815 1616 4854 mare
1644 4800 1894 4869 Magnum

313 4886 632 4956 ingreditur,
678 4890 820 4960 quod
872 4905 968 4945 eas
1011 4890 1322 4946 intersecat.
1377 4889 1711 4960 Quapropter
1757 4891 1802 4945 si
1842 4891 1896 4946 in

313 4975 447 5030 duas
490 4987 672 5046 partes
713 4978 956 5037 Orientis
995 4988 1052 5035 et
1091 4979 1398 5036 Occidentis
1435 4980 1620 5035 orbem
1666 4980 1894 5046 dividas,

311 5067 441 5123 Asia
486 5069 588 5125 erit
629 5069 683 5125 in
727 5087 854 5138 una,
906 5073 960 5126 in
1005 5073 1173 5128 altera
1210 5073 1423 5142 Europa
1451 5080 1505 5128 et
1535 5071 1737 5127 Africa.
1774 5072 1896 5128 istm

314 5163 426 5212 tres
455 5168 638 5227 partes
663 5167 832 5215 totum
860 5162 1154 5217 humanum
1187 5178 1355 5234 genus
1385 5178 1508 5218 cum
1538 5163 1748 5228 insulis,
1776 5178 1896 5232 qua:

314 5245 399 5301 his
425 5249 692 5319 adjacent,
723 5251 1022 5307 continent.
1046 5251 1115 5307 Et
1141 5253 1279 5309 bene
1315 5253 1488 5309 tribus
1516 5253 1758 5322 partibus
1787 5252 1896 5309 dis-

317 5339 519 5395 tinctus
555 5349 638 5396 est
661 5341 828 5408 orbis,
857 5343 950 5413 qui
987 5352 1186 5400 saneta:
1216 5343 1496 5399 Trinitatis
1523 5344 1628 5398 ﬁde
1653 5343 1897 5398 imbuen-

315 5427 416 5484 dus
463 5437 622 5496 erat,
671 5440 728 5487 et
771 5433 1093 5506 Evangelico
1147 5437 1469 5502 documento
1527 5435 1895 5490 instruendus.

318 5513 472 5573 Unde
513 5519 711 5591 legitur
756 5521 811 5576 in
850 5523 1102 5592 parabola
1148 5522 1444 5579 Salvatoris
1485 5523 1698 5596 (Matth.
1745 5524 1896 5594 xui),

317 5609 461 5678 quod
483 5611 679 5666 mulier
717 5621 994 5684 acceptum
1029 5613 1350 5670 fermentum
1395 5614 1678 5670 abscondit
1720 5615 1782 5669 in.
1816 5613 1902 5676 lae

316 5698 450 5756 rinte
467 5703 601 5758 satis
625 5704 819 5771 tribus,
845 5706 1016 5762 donec
1044 5707 1465 5763 fermentaretur
1487 5714 1680 5772 totum,
1709 5707 1763 5762 id
1793 5715 1897 5771 est,

309 5797 504 5864 sancta
529 5785 785 5851 Ecclesia
822 5795 1056 5851 humano
1093 5797 1299 5865 generi,
1335 5797 1475 5867 quod
1509 5810 1575 5852 ex
1616 5795 1790 5850 tribus
1839 5795 1899 5849 ﬁ-

2000 4614 2197 4669 mentis
2225 4621 2422 4668 nostra:
2441 4613 2725 4667 aediﬁcium
2750 4613 3055 4683 prudentia,
3077 4614 3452 4685 temperantia,
3470 4613 3583 4668 for-

1999 4703 2172 4759 titudo
2197 4743 2213 4767 ,
2255 4702 2469 4772 justitia
2511 4702 2799 4756 continet:
2840 4703 2964 4772 quia
3014 4711 3248 4772 quatuor
3293 4701 3588 4756 virtutibus

2000 4800 2112 4846 tota
2148 4791 2274 4844 boni
2312 4789 2495 4859 operis
2527 4797 2797 4845 structura
2836 4791 3131 4861 consurgit.
3173 4790 3418 4857 Quatuor
3455 4804 3586 4860 ergo

1996 4881 2230 4951 paradisi
2268 4879 2487 4935 ﬁumina
2519 4887 2722 4936 terram
2757 4883 3013 4952 irrigant;
3064 4882 3189 4952 quia
3233 4882 3360 4937 dum
3405 4882 3459 4937 in
3500 4884 3586 4939 his

1997 4981 2228 5043 quatuor
2263 4972 2554 5028 virtutibus
2589 4987 2684 5029 cor
2719 4973 3048 5040 infunditur,
3083 4976 3151 5030 ab
3189 4974 3335 5030 omni
3373 4974 3586 5030 deside-

1999 5065 2202 5120 riorum
2237 5064 2532 5121 carnalium
2560 5073 2695 5121 testu
2731 5073 3078 5136 temperatur.
3127 5064 3260 5121 item
3298 5064 3585 5134 allegorice

2001 5164 2232 5227 quatuor
2285 5157 2522 5226 paradisi
2570 5155 2790 5212 ﬁumina
2838 5165 3070 5226 quatuor
3113 5165 3241 5212 sunt
3294 5154 3585 5227 Evangelia

2001 5249 2068 5303 ad
2099 5248 2532 5318 praedicationem
2565 5247 2620 5302 in
2660 5247 2870 5303 cunctis
2907 5247 3156 5318 gentibus
3185 5249 3372 5303 missa.
3414 5246 3584 5317 Ligna

2001 5337 2279 5394 fructifera
2311 5352 2499 5394 omnes
2536 5338 2709 5393 sancti
2747 5346 2873 5393 sunt
2901 5356 2913 5392 :
2943 5337 3148 5394 fructus
3177 5353 3384 5406 eorum,
3421 5351 3585 5407 opera

2001 5445 2209 5486 eorum.
2265 5430 2492 5500 Lignum
2543 5430 2709 5496 vite,
2766 5437 2985 5486 sanctus
3029 5439 3341 5485 sanctorum
3379 5429 3586 5500 [utique

2000 5519 2268 5586 Christus,
2317 5520 2384 5574 ad
2421 5534 2582 5590 quem
2634 5519 2859 5590 quisque
2909 5520 2954 5576 si
2990 5520 3296 5590 porrexerit
3340 5533 3581 5586 manum,

2000 5612 2146 5666 vivet
2187 5612 2242 5666 in
2289 5619 2569 5666 :eternum.
2618 5610 2845 5682 Lignuxu
2885 5620 3066 5666 autem
3105 5611 3348 5667 scientiae
3374 5610 3502 5664 boni
3531 5617 3588 5667 et

2003 5702 2168 5767 mali,
2214 5702 2490 5772 proprium
2532 5711 2613 5758 est
2652 5703 2942 5758 voluntatis
2985 5702 3300 5768 arbitrium;
3339 5700 3480 5772 quod
3533 5699 3590 5752 in

2005 5793 2182 5849 medio
2215 5792 2386 5850 nostri
2419 5801 2499 5849 est
2533 5794 2766 5865 positum
2807 5793 2873 5849 ad
2917 5791 3339 5864 dignoscendum
3387 5790 3588 5844 bonum
