4074 6324
504 311 615 371 335

1161 312 1224 366 li.
1266 312 1515 368 RABANI
1553 313 1771 370 MAURl
1807 311 2125 367 ARCHIEP.
2167 272 2474 369 MOGUNT.
2514 314 2799 372 OPERUM
2837 314 3014 370 PARS
3052 314 3115 370 Il.

3661 318 3767 373 536

494 431 585 490 vel
617 430 834 487 malum.
892 430 968 486 De
995 444 1102 499 quo
1139 430 1254 501 qui,
1294 429 1480 486 relicta
1523 431 1695 502 gratia
1733 430 1850 500 Dei,
1900 438 2083 500 gusta-
2107 433 2160 495 Α
2188 429 2497 500 Nembroth,
2528 434 2631 489 hoc
2657 445 2763 501 est,
2801 435 2854 489 in
2888 436 3231 492 damnatione
3273 435 3493 492 diaboli.
3547 434 3771 508 Assyria

493 521 640 597 verit
656 561 671 589 ,
726 536 834 576 mox
849 528 899 576 te
942 520 1221 575 morietur.

1106 609 1333 666 CAPUT
1374 611 1466 666 Ν.

526 763 536 771 ,
1062 698 1139 754 De
1196 700 1510 769 regionibus.

562 789 714 850 india
748 799 939 847 vocata
969 788 1037 845 ab
1070 790 1200 844 Indo
1231 788 1468 855 ﬂumine,
1503 805 1609 860 quo
1640 806 1705 845 ex
1739 800 1893 861 parte
1921 790 2078 847 Occi-

497 882 697 939 dentali
719 881 1004 937 clauditur.
1056 879 1183 935 Haec
1223 894 1253 933 a
1298 878 1592 934 Meridiano
1639 880 1777 933 mari
1823 887 2076 949 porrecta

494 989 667 1045 usque
701 973 770 1027 ad
804 971 993 1027 Ortum
1025 970 1174 1034 solis,
1217 978 1271 1024 et
1299 984 1329 1022 a
1368 968 1766 1038 Septentrione,
1806 982 1977 1037 usque
2008 968 2076 1023 ad

496 1074 736 1121 montem
776 1063 1074 1119 Caucasum
1113 1059 1376 1131 pervenit,
1417 1058 1620 1113 habens
1657 1066 1845 1129 gentes
1878 1058 2078 1113 multas

493 1164 551 1211 et
597 1155 832 1226 oppida:
867 1152 1093 1207 insulam
1141 1165 1353 1220 quoque
1401 1149 1719 1219 Taprobane
1756 1150 1980 1221 gemmis
2024 1158 2079 1204 et

495 1246 797 1316 elephantis
843 1245 1120 1310 refertam,
1152 1242 1415 1313 Chrysam
1443 1250 1498 1296 et
1527 1241 1791 1313 Argyrem
1832 1257 1963 1297 auro
1992 1257 2079 1297 ar-

492 1348 763 1410 gentoque
799 1335 1088 1400 fecundas,
1147 1332 1331 1404 Tylem
1377 1348 1591 1403 quoque
1632 1334 1886 1388 arborum
1936 1331 2077 1388 foliis

494 1444 767 1499 nunquam
791 1435 1084 1482 carentem.
1111 1425 1277 1480 Habet
1301 1423 1558 1479 etlluvios
1572 1423 1791 1493 Gangen
1816 1433 1871 1479 et
1889 1424 2076 1479 Indum

492 1528 549 1575 et
595 1518 832 1590 Hypasin
875 1518 1205 1573 illustrantes
1232 1515 1409 1573 lndos.
1450 1515 1614 1571 Terra
1660 1516 1821 1572 India:
1855 1516 2074 1571 Favonii

492 1610 686 1682 spiritu
716 1609 1100 1672 saluberrima;
1132 1607 1183 1662 in
1212 1622 1353 1661 anno
1396 1607 1480 1662 bis
1522 1608 1675 1662 metit
1712 1608 1914 1680 fruges,
1964 1609 2080 1662 vice

493 1701 687 1756 hiemis
727 1699 922 1754 Etesiis
960 1698 1194 1768 potitur;
1238 1697 1407 1769 gignit
1451 1704 1633 1752 autem
1681 1697 1832 1752 tincti
1882 1697 2079 1752 coloris

2178 533 2369 578 vocata
2397 526 2465 581 ab
2489 525 2682 593 Assur,
2712 527 2821 582 tilio
2850 526 2997 594 Sem,
3037 529 3126 600 qui
3157 544 3276 583 eam
3328 529 3604 600 regionem
3646 538 3772 601 post

2179 614 2441 669 diluvium
2504 618 2713 687 primus
2759 618 3001 673 incoluit.
3052 618 3178 675 Haec
3219 620 3289 675 ab
3323 629 3444 675 ortu
3474 620 3679 675 lndiam
3734 637 3768 677 a

2179 704 2405 760 meridie
2435 704 2660 761 Mediam
2686 708 2878 778 tangit,
2906 708 2972 763 ab
2991 709 3217 764 occiduo
3243 709 3470 781 Tigrim,
3495 726 3525 765 a
3552 719 3770 782 septen-

2180 793 2355 849 trione
2383 803 2619 850 montem
2655 795 2976 864 Caucasum,
3019 798 3110 853 ubi
3154 806 3326 868 portae
3370 798 3582 870 Caspia:
3621 806 3768 855 sunt.

2175 886 2236 941 In
2279 886 2381 942 hac
2425 887 2643 959 regione
2679 890 2887 959 primus
2919 906 3050 947 usus
3086 891 3338 949 inventus
3376 902 3461 948 est
3495 910 3767 965 purpura.

2181 975 2335 1031 Unde
2373 977 2609 1046 primum
2647 978 2875 1033 crinium
2926 988 2983 1035 et
3025 996 3312 1051 corporum
3355 996 3629 1054 unguenta
3670 1003 3768 1043 ve-

2179 1077 2397 1134 nerunt,
2434 1079 2489 1125 et
2525 1072 2742 1137 odores,
2782 1071 2977 1140 quibus
3012 1072 3382 1128 Romanorum
3421 1082 3585 1146 atque
3616 1074 3770 1133 Gre-

2179 1171 2364 1211 corum
2386 1156 2839 1213 eﬂluxitluxuria.
2879 1158 3126 1229 Assyria,
3165 1175 3286 1230 quae
3332 1162 3400 1217 ab
3443 1162 3633 1228 Assur,
3677 1167 3771 1235 qui

2180 1245 2587 1316 interpretatur,
2601 1255 2660 1301 ut
2673 1247 2889 1317 quidam
2910 1247 3116 1314 volunt,
3131 1249 3380 1320 dirigens,
3400 1251 3481 1306 vel
3501 1253 3769 1323 gradiens,

2180 1336 2520 1393 denominata
2544 1338 2662 1405 est,
2685 1353 2806 1409 quae
2828 1339 2992 1393 etiam
3018 1339 3251 1408 primum
3278 1341 3639 1412 principatum
3667 1359 3769 1414 per

2182 1424 2521 1482 insolentiam
2572 1427 2629 1483 in
2688 1428 2887 1484 mundo
2940 1428 3187 1499 arripuit,
3241 1431 3511 1501 significat
3563 1431 3764 1489 fastum

2181 1516 2390 1586 imperii
2431 1518 2706 1575 mundani.
2735 1519 2813 1575 De
2840 1533 2947 1590 quo
2975 1519 3141 1574 etiam
3179 1519 3234 1575 in
3263 1520 3458 1577 Genesi
3498 1523 3761 1592 scriptum

2179 1615 2263 1663 est
2299 1626 2312 1662 :
2355 1608 2434 1664 De
2457 1620 2595 1664 terra
2624 1609 2718 1666 illa
2741 1612 2897 1667 exivit
2925 1611 3124 1680 Assur,
3151 1623 3198 1667 et
3223 1614 3500 1683 trdiﬁcarit
3525 1614 3770 1672 Ninirem
3841 1636 3845 1640 ‘

2180 1706 2230 1751 et
2250 1696 2457 1754 Roboch
2482 1701 2742 1755 civitatem
2768 1698 2921 1774 (Gen.
2956 1701 3036 1775 x).
3078 1701 3149 1757 De
3192 1704 3294 1758 hac
3327 1711 3472 1759 terra
3520 1704 3769 1777 Assyrio-

491 1780 758 1856 homines,
805 1788 1116 1858 elephantes
1155 1788 1417 1858 ingentes,
1462 1803 1786 1843 monoceron
1824 1788 2073 1855 bestiam,
2104 1797 2152 1856 Β
2181 1803 2299 1843 rum
2333 1788 2614 1859 pullulavit
2658 1791 2964 1861 imperium,
3012 1794 3103 1864 qui
3161 1809 3227 1849 ex
3279 1795 3499 1851 nomine
3535 1796 3766 1855 Ninivcli

490 1883 777 1953 psittacum
801 1896 978 1945 avem,
1012 1880 1243 1935 ebenum
1283 1896 1496 1951 quoque
1541 1881 1743 1952 lignum
1786 1891 1842 1937 et
1881 1882 2070 1936 cinna-

491 1955 660 2038 mum,
691 1982 744 2029 et
765 1972 939 2044 piper,
964 1970 1230 2025 calamum
1257 1972 1631 2037 aromaticum,
1664 1971 1829 2026 mittit
1848 1981 1903 2027 et
1919 1973 2072 2037 ebur,

489 2062 695 2135 lapides
730 2077 945 2133 quoque
974 2063 1259 2133 pretiosos,
1288 2062 1526 2129 herillos,
1568 2064 1973 2135 chrysoprasos,
2022 2073 2077 2121 et

487 2157 849 2229 adamantem,
903 2154 1289 2219 carbunculos,
1323 2153 1612 2225 lychnites,
1655 2156 1978 2226 margaritas
2021 2164 2076 2211 et

487 2246 734 2321 uniones,
761 2246 956 2316 quibus
992 2245 1251 2300 nobilium
1281 2245 1601 2301 feminarum
1633 2247 1787 2302 ardet
1827 2248 2070 2303 ambitio.

486 2337 562 2411 lbi
589 2345 714 2393 sunt
750 2345 805 2392 et
839 2345 1048 2393 montes
1075 2337 1245 2402 aurci,
1283 2351 1418 2406 quos
1457 2337 1608 2391 adire
1636 2347 1859 2409 propter
1887 2339 2076 2394 draco-

485 2444 583 2485 nes
600 2438 654 2485 et
672 2430 924 2501 gryphes,
940 2437 994 2485 et
1018 2430 1400 2484 immensarum
1422 2429 1700 2484 hominum
1720 2439 1958 2485 monstra
1975 2430 2076 2485 im-

484 2521 739 2593 possibile
765 2530 865 2577 est.
922 2521 1141 2576 Parthia
1168 2522 1235 2576 ab
1260 2522 1421 2577 India:
1454 2521 1647 2577 finibus
1677 2538 1849 2593 usque
1878 2524 1943 2578 ad
1966 2523 2077 2579 Me-

485 2612 838 2681 60potamiam
862 2612 1185 2681 generaliter
1207 2613 1546 2678 nominatur;
1570 2621 1791 2684 propter
1812 2614 2072 2669 invictam

483 2701 630 2757 enim
657 2703 909 2756 virtutem
929 2700 1248 2755 Parthorum
1276 2709 1329 2756 et
1348 2702 1593 2773 Assyria,
1622 2712 1677 2758 et
1703 2703 1925 2773 reliqum
1948 2719 2073 2774 pro—

480 2793 644 2848 ximte
669 2794 916 2864 regiones
948 2791 1064 2862 ejus
1090 2806 1281 2847 nomen
1317 2802 1617 2848 traxerunt.
1649 2794 1787 2849 Sunt
1827 2796 1971 2850 enim
2014 2795 2069 2850 in

482 2872 547 2938 ea
568 2882 851 2947 Aracusia,
877 2882 1116 2949 Parthia,
1138 2882 1383 2953 Assyria,
1413 2882 1583 2939 Media
1604 2892 1658 2939 et
1678 2884 1922 2952 Persida,
1950 2901 2070 2956 quae

481 2974 731 3044 regiones
759 2973 985 3029 invicem
1021 2973 1123 3027 sibi
1160 2971 1462 3041 conjuncta:
1482 2973 1695 3029 initium
1721 2974 1790 3029 ab
1813 2974 1942 3031 ludo
1970 2975 2069 3032 llu-

2175 1883 2273 1938 ﬁiii
2303 1883 2423 1938 Nini
2451 1885 2812 1940 condiderunt
2835 1885 3026 1941 urbem
3057 1902 3330 1958 magnam,
3355 1902 3519 1958 quam
3553 1889 3764 1947 Hebraei

2176 1973 2447 2044 appellant
2467 1974 2719 2042 Niniven,
2744 1975 2811 2030 ad
2834 1976 2988 2047 cujus
3016 1976 3100 2030 vel
3128 1978 3360 2044 ruinam,
3382 1980 3465 2034 vel
3499 1982 3764 2049 poeniten-

2175 2064 2305 2118 tiam
2332 2071 2445 2119 tota
2469 2063 2621 2120 Jonas
2646 2067 2880 2135 pertinet
2905 2068 3205 2137 prophetia.
3249 2070 3454 2141 Assyrii
3493 2071 3761 2141 interpre-

2173 2161 2381 2220 tantur,
2402 2153 2766 2226 deprimentes,
2785 2155 2836 2210 id
2863 2164 2964 2222 est,
2991 2158 3141 2228 impii
3172 2157 3254 2213 vel
3276 2159 3569 2226 dannones,
3593 2171 3651 2215 ut
3680 2169 3766 2217 est

2172 2242 2303 2299 illud
2326 2242 2646 2300 Hieremiae:
2675 2245 2817 2311 Quid
2844 2246 2938 2301 tibi
2968 2265 3085 2301 cum
3116 2248 3209 2303 illa
3244 2248 3371 2322 [riu]
3401 2250 3759 2322 Assyriorum,

2175 2342 2230 2386 ut
2253 2333 2399 2387 bibas
2422 2351 2613 2405 aquam
2634 2337 2908 2406 ﬂuminis?
2933 2337 3067 2409 (ler.
3102 2340 3186 2411 ll.)
3215 2340 3282 2398 Et
3310 2342 3362 2395 in
3391 2343 3589 2397 bonam
3631 2359 3763 2413 par-

2175 2434 2283 2479 tem
2313 2424 2685 2495 intelliguntur
2711 2426 2940 2500 Assyrii,
2971 2438 3033 2484 ut
3057 2431 3187 2486 dicit
3210 2431 3377 2488 Isaias
3404 2450 3418 2487 :
3450 2431 3565 2488 Erit
3589 2432 3763 2489 Israel

2174 2516 2359 2570 tertius
2380 2515 2653 2588 ﬂgyptio,
2682 2528 2731 2573 et
2752 2519 2968 2591 Assyrio
3001 2521 3286 2578 benedictio
3314 2524 3366 2577 in
3403 2524 3575 2579 medio
3603 2535 3764 2581 terris

2175 2606 2327 2679 (Esa.
2350 2608 2489 2681 xxx).
2514 2609 2689 2665 Cedar
2719 2610 3003 2667 Hebrazum
3030 2629 3227 2669 nomen
3252 2622 3366 2679 ‘est,
3403 2616 3547 2685 quod
3573 2624 3759 2672 nostra

2172 2700 2353 2772 lingua
2381 2700 2786 2773 interpretatur,
2820 2705 3062 2760 tenebrw.
3107 2706 3221 2762 Hoc
3268 2706 3335 2761 ad
3386 2706 3566 2762 saeculi
3596 2706 3758 2778 hujus

2171 2793 2404 2861 pertinet
2432 2802 2721 2858 amatores,
2770 2795 2862 2864 qui
2912 2799 3213 2854 tenebrosis
3260 2799 3472 2855 actibus
3509 2800 3756 2869 involuti,

2172 2880 2262 2935 illa
2299 2883 2470 2953 magis
2510 2883 2761 2951 diligunt,
2788 2886 2931 2942 unde
2973 2888 3154 2958 perire
3196 2899 3510 2946 noscuntur.
3553 2890 3657 2946 Sed
3698 2902 3757 2948 ut

2172 2970 2318 3025 verbi
2379 2971 2536 3040 hujus
2591 2975 2829 3031 breviter
2888 2992 3177 3035 noscamus
3237 2981 3533 3053 originem,
3578 2983 3756 3040 Cedar

480 3066 629 3121 mine
656 3073 897 3131 sumunt,
932 3063 1077 3137 Tigri
1125 3065 1464 3133 clauduntur,
1492 3065 1626 3122 locis
1666 3068 1967 3124 montuosis
2012 3076 2067 3124 et
2169 3060 2359 3116 Ismael
2406 3063 2694 3130 ﬁlius-fuit.
2724 3066 2817 3135 qui
2846 3067 2992 3137 genti
3031 3083 3145 3123 suae
3169 3085 3365 3126 nomen
3408 3072 3571 3139 dedit.
3595 3074 3751 3144 cuius

481 3157 850 3227 asperioribus
892 3158 1030 3223 sita),
1067 3158 1330 3214 habentes
1368 3157 1558 3214 ﬂuvios
1595 3159 1838 3230 ldaspem
1878 3168 1934 3216 et
1970 3161 2062 3217 Ar-

2176 3151 2309 3208 tines
2337 3169 2508 3224 usque
2535 3155 2601 3209 ad
2659 3156 2841 3212 Medos
2888 3156 3190 3229 Persasque
3244 3162 3439 3230 prolati
3487 3172 3612 3218 sunt
3644 3182 3658 3217 :
3693 3165 3750 3219 bi

477 3251 624 3307 hem.
680 3249 818 3306 Sunt
846 3251 991 3307 enim
1020 3251 1164 3306 inter
1189 3267 1249 3306 se
1285 3251 1480 3307 finibus
1513 3251 1625 3308 suis
1664 3253 1931 3320 discretae,
1972 3271 2062 3310 no-

2170 3260 2316 3299 nunc
2362 3244 2647 3302 Sarraeeni
2703 3248 3059 3320 appellantur.
3092 3252 3209 3319 Quo
3237 3254 3497 3310 vocabulo
3537 3270 3753 3326 compe-

478 3341 629 3397 miua
658 3358 689 3396 a
724 3342 957 3412 propriis
1006 3342 1316 3397 auctoribus
1360 3343 1657 3399 trahentes.
1707 3343 1857 3399 ludia
1899 3344 2063 3411 cnim,

476 3449 599 3504 qua:
619 3434 671 3488 in
699 3432 955 3489 Orientali
980 3442 1133 3504 parte
1154 3432 1420 3499 consistit,
1449 3442 1502 3487 et
1529 3434 1657 3489 solis
1691 3443 1870 3489 ortum
1893 3436 2065 3506 prima

475 3507 724 3597 suscipit,
769 3525 1097 3596 primitivam
1149 3533 1330 3596 potest
1375 3525 1659 3597 designare
1696 3526 1980 3583 ecclesiam
2010 3527 2066 3582 in

474 3626 635 3689 gente
656 3616 840 3672 Judaca
865 3618 1246 3685 constitutam;
1276 3633 1397 3687 qum
1422 3618 1712 3675 adventum
1739 3620 1867 3675 solis
1898 3619 2063 3689 justi-

477 3705 564 3759 tia:
591 3704 767 3775 prima
799 3705 1031 3776 aspexit,
1058 3714 1112 3761 ct
1137 3706 1316 3761 lumen
1359 3720 1544 3762 verum
1582 3708 1708 3765 huic
1741 3710 1860 3763 orbi
1900 3725 2063 3765 exor-

475 3804 589 3850 tum
616 3811 714 3866 per
731 3784 985 3851 doctores
1013 3811 1138 3851 suos
1166 3797 1220 3851 in
1254 3804 1364 3852 toto
1397 3798 1527 3853 orbe
1561 3798 1871 3869 praedicavit
1903 3817 1915 3853 :
1946 3800 2062 3868 ipsa

466 3887 637 3941 etiam
665 3902 856 3941 aurum
881 3887 1156 3957 sapientiae
1181 3897 1235 3942 et
1265 3896 1545 3958 argentum
1569 3888 1887 3958 eloquentia:
1915 3905 2063 3962 gem-

394 4004 404 4012 -
469 3992 696 4047 masque
735 3977 974 4032 omnium
1006 3978 1263 4031 virtutum
1298 3976 1626 4033 sufﬁcienter
1663 3978 1870 4044 habuit,
1902 3979 2061 4034 arbo-

470 4084 667 4138 resque
691 4084 904 4139 semper
928 4068 1185 4136 virentes,
1210 4071 1313 4125 hoc
1341 4077 1444 4134 est,
1472 4070 1718 4124 homines
1742 4078 1903 4124 rectae
1936 4069 2059 4125 lidei

466 4160 741 4216 viriditate
786 4161 1047 4234 pollentes
1087 4177 1195 4215 non
1234 4176 1436 4231 paucos
1480 4159 1698 4226 habuit;
1746 4161 1836 4216 sed
1878 4169 2057 4216 tamen

465 4251 767 4306 bestiarum
802 4250 1146 4304 multitudine
1174 4266 1279 4305 non
1308 4251 1485 4305 caruit
1512 4251 1750 4317 omnino,
1783 4252 1907 4322 quia
1934 4268 2057 4323 per-

467 4347 747 4393 secutores
789 4336 1213 4392 Christianitatis
1263 4339 1497 4394 nominis
1531 4339 1713 4410 plures
1742 4340 1968 4407 invenit,
2000 4349 2057 4397 et

465 4428 845 4484 haereticorum
871 4441 1137 4482 venenosa
1161 4427 1478 4481 documenta
1503 4429 1700 4483 exoriri
1730 4431 2011 4499 praesensit
2034 4450 2049 4486 :

2171 3346 2348 3392 tenter
2373 3338 2745 3408 signiﬁcantur
2779 3350 3112 3411 peccatores,
3144 3344 3287 3399 inter
3310 3360 3446 3414 quos
3475 3361 3533 3401 se
3571 3346 3750 3402 adhuc

2167 3427 2410 3483 habitare
2453 3429 2694 3485 Ecclesia
2733 3415 3192 3502 suspirat.'Media
3222 3443 3276 3490 et
3303 3435 3519 3492 Persida
3545 3452 3574 3491 a
3607 3438 3749 3510 regi-

2165 3520 2267 3576 bus
2297 3521 2448 3576 lledo
2470 3530 2527 3577 et
2554 3523 2721 3578 Perso
2749 3524 3158 3592 cognominatae,
3194 3527 3287 3596 qui
3312 3543 3407 3583 eas
3428 3527 3750 3597 provincias

2163 3609 2412 3666 bellando
2443 3614 2679 3683 aggressi
2694 3620 2852 3678 sunt,
2881 3627 2948 3668 ex
2986 3615 3184 3684 quibus
3213 3616 3383 3672 Media
3423 3619 3492 3673 ab
3536 3617 3747 3674 Occasu

2164 3706 2473 3756 transversa
2499 3701 2717 3757 Parthia
2744 3717 2907 3774 regna
2933 3704 3292 3773 amplectitur,
3316 3722 3346 3760 a
3368 3706 3747 3777 Septentrione

2162 3789 2420 3846 Armenia
2456 3793 2844 3859 circumdatur,
2875 3796 2945 3851 ab
2969 3794 3100 3850 Ortu
3124 3796 3347 3867 Caspios
3374 3798 3553 3862 videt,
3577 3813 3607 3852 a
3634 3797 3752 3860 Me-

2161 3881 2297 3936 ridie
2316 3881 2615 3938 Persidem.
2640 3883 2809 3952 Hujus
2832 3892 2975 3941 terra
3000 3887 3262 3942 medicam
3283 3888 3530 3942 arborem
3552 3890 3746 3960 gignit,

2160 3987 2322 4042 quam
2351 3973 2455 4027 alia
2489 3975 2639 4044 regio
2670 3975 2892 4030 minime
2928 3976 3179 4047 parturit.
3227 3974 3367 4030 Sunt
3412 3986 3595 4031 autem
3640 3977 3751 4034 Me-

2158 4063 2259 4118 dia:
2287 4064 2405 4119 dua:
2433 4082 2445 4116 :
2476 4064 2651 4133 major
2691 4073 2747 4120 et
2778 4067 2972 4122 minor.
2998 4066 3218 4122 Persida
3251 4067 3477 4123 tendens
3511 4068 3578 4122 ab
3617 4076 3742 4137 ortu

2156 4156 2222 4210 ad
2245 4155 2401 4210 ludos
2426 4156 2494 4210 ab
2518 4171 2716 4212 occasu
2739 4157 2980 4214 Rubrum
3004 4174 3156 4214 mare
3178 4159 3363 4224 habet,
3387 4160 3457 4213 ab
3480 4159 3749 4229 Aquilone

2155 4262 2285 4301 vero
2323 4246 2551 4303 Mediam
2597 4250 2786 4321 tangit,
2834 4251 2905 4307 ab
2944 4250 3145 4305 Austro
3186 4250 3567 4317 Carmaniam,
3617 4266 3742 4320 quae

2153 4333 2393 4390 Persida}
2424 4338 2747 4403 adnectitur,
2777 4338 2974 4410 quibus
3001 4348 3088 4394 est
3132 4337 3272 4393 Susa
3299 4339 3555 4410 oppidum
3584 4338 3743 4394 nobi-

2152 4425 2415 4481 lissimum
2447 4446 2460 4482 :
2490 4429 2542 4483 in
2570 4428 2791 4485 Perside
2825 4430 3058 4500 primum
3095 4440 3215 4485 orta
3243 4439 3330 4485 est
3377 4445 3467 4485 ars
3508 4431 3739 4501 magica,

464 4521 559 4576 sed
582 4519 762 4575 omnia
787 4518 1037 4589 figmenta
1062 4517 1277 4583 diaboli,
1302 4515 1499 4574 Christi
1526 4521 1725 4575 virtute
1752 4522 2045 4591 superavit.
2077 4518 2127 4577 D
2153 4516 2220 4569 ad
2253 4532 2412 4585 quam
2440 4517 2733 4574 Nembroth
2762 4522 2911 4591 gigas
2956 4529 3077 4589 post
3125 4519 3497 4577 confusionem
3534 4520 3731 4592 lingua-

461 4613 635 4668 Assur
665 4611 1054 4683 interpretatur
1087 4608 1417 4679 deprimens,
1449 4609 1502 4664 id
1534 4623 1637 4676 est,
1669 4611 1913 4667 diabolus
1952 4612 2054 4667 hu—

459 4721 681 4762 manum
715 4720 883 4776 genus
907 4701 1213 4772 deprimens
1243 4701 1293 4755 in
1318 4701 1524 4771 psalmo
1551 4721 1562 4756 :
1591 4699 1821 4769 Etenim,
1853 4704 2047 4773 inquit,

459 4798 629 4851 Assur
670 4795 826 4850 simul
876 4795 1014 4849 venit
1055 4810 1172 4847 cum
1225 4792 1331 4847 illis
1375 4791 1548 4864 (Psal.
1585 4794 1870 4864 Lxxxvm).
1917 4796 2047 4850 Item

457 4885 632 4943 Assur
656 4885 927 4940 diabolum
950 4884 1030 4938 vel
1054 4891 1347 4952 potestates
1373 4883 1533 4953 hujus
1555 4883 1732 4937 szeculi
1758 4884 2047 4954 signiﬁcat,

457 4985 521 5035 ut
540 4983 626 5032 est
653 4975 781 5030 illud
807 4975 957 5031 lsaire
984 4992 997 5028 :
1032 4972 1145 5039 Vir,
1181 4972 1348 5026 Assur
1375 4971 1517 5043 virga
1554 4971 1751 5042 furoris
1779 4975 1880 5027 mei
1907 4973 2044 5045 (Isa.

456 5069 540 5143 ι).
577 5068 707 5123 Item
737 5065 809 5120 ibi
838 5084 850 5118 :
876 5065 983 5118 noli
1014 5064 1194 5118 timere
1225 5059 1414 5132 populo
1442 5077 1586 5115 meus
1614 5061 1880 5117 habitator
1916 5060 2043 5117 Sion

457 5152 525 5216 ob
555 5160 721 5215 Assur
748 5154 958 5227 (Ibid.).
999 5154 1066 5210 In
1096 5156 1239 5224 virga
1260 5152 1396 5205 enim
1421 5152 1671 5222 percutiet
1700 5162 1771 5218 te,
1804 5162 1853 5208 et
1880 5153 2041 5207 bacu-

456 5252 568 5306 lum
611 5265 763 5305 suum
804 5245 989 5299 levabit
1031 5261 1185 5315 super
1217 5253 1267 5297 te
1304 5244 1357 5297 in
1398 5243 1482 5296 via
1517 5242 1755 5313 ngypti.
1804 5242 2039 5297 Rursum

453 5340 626 5396 Assur
656 5335 1052 5395 Antichristum
1087 5333 1390 5404 significat,
1435 5341 1497 5387 ut
1538 5342 1622 5389 est
1661 5333 1789 5387 illud
1820 5332 2040 5388 Micbetc

453 5433 730 5504 prepheta:
758 5448 772 5485 :
805 5427 950 5482 Tunc
980 5426 1076 5480 erit
1103 5442 1209 5496 pas:
1242 5416 1394 5481 te'rrae
1419 5435 1630 5491 nostrte,
1658 5441 1776 5480 cum
1804 5441 2043 5479 surrexe-

454 5524 560 5578 rint
584 5524 639 5577 in
664 5539 727 5577 ea
753 5530 988 5594 pastores
1017 5528 1207 5588 septem
1236 5526 1283 5571 et
1316 5528 1430 5572 octo
1476 5519 1722 5588 primates
1770 5516 2039 5570 hominum

455 5615 643 5688 (Mica.
671 5613 748 5685 v),
789 5613 841 5667 id
880 5620 986 5678 est,
1027 5610 1409 5681 prmdicalores
1440 5608 1575 5679 legis
1615 5616 1670 5662 et
1707 5605 1980 5676 Evangelii
2020 5625 2034 5661 :

452 5718 502 5765 et
529 5707 852 5779 indagabunt
885 5704 1072 5775 Assur,
1108 5705 1209 5760 hoc
1238 5712 1340 5771 est,
1374 5702 1787 5771 Antichristum,
1814 5701 1869 5756 in
1893 5700 2038 5772 fossa

2155 4622 2273 4661 rum
2314 4608 2466 4674 abiit,
2500 4609 2679 4680 itique
2717 4610 2911 4666 Persas
2940 4612 3117 4682 ignem
3147 4612 3325 4668 colere
3364 4614 3562 4668 docuit.
3599 4612 3739 4667 Nam

2152 4712 2342 4753 omnes
2377 4698 2429 4752 in
2462 4699 2566 4755 illis
2594 4701 2837 4771 partibus
2875 4701 3043 4757 solem
3090 4703 3296 4769 colunt,
3346 4705 3438 4774 qui
3496 4705 3734 4773 ipsorum

2152 4788 2331 4860 lingua
2359 4788 2408 4843 el
2437 4790 2655 4845 dicitur.
2699 4792 2880 4847 Persae
2922 4801 2978 4847 et
3008 4791 3167 4857 Medi,
3195 4794 3287 4863 qui
3338 4808 3561 4862 regnum
3612 4800 3737 4863 post

2149 4881 2403 4951 Assyrios
2432 4889 2737 4948 tenuerunt,
2756 4882 3058 4951 significant
3087 4884 3443 4954 principatum
3467 4884 3730 4953 gentium,

2152 4988 2271 5043 qua:
2300 4971 2587 5041 aliquando
2615 4972 2823 5027 Solatiis
2846 4973 3029 5030 fovent
3056 4974 3308 5044 populum
3332 4975 3444 5029 Dei.
3477 4974 3630 5029 Unde
3648 4972 3735 5029 le-

2150 5061 2295 5132 gitur
2316 5062 2369 5116 in
2396 5062 2636 5118 historiis
2659 5072 2924 5129 veterum,
2948 5065 3090 5134 quod
3118 5064 3290 5136 Cyrus
3324 5081 3421 5120 rex
3440 5063 3731 5119 Persarum

2148 5161 2310 5222 atque
2331 5152 2735 5225 Medorum,qui
2763 5155 2815 5209 in
2843 5154 2995 5210 Isaiae
3021 5156 3275 5209 vaticinio
3303 5155 3592 5225 praedictus
3617 5154 3732 5210 fue-

2147 5253 2233 5299 rat
2267 5244 2400 5317 (Isa.
2428 5261 2555 5300 xuv
2572 5286 2586 5311 ,
2610 5246 2758 5318 XLV),
2784 5246 3006 5303 solverit
3033 5248 3401 5317 captivitatem
3426 5245 3731 5313 Iudaicam,

2145 5340 2201 5388 et
2221 5333 2498 5405 Templum
2531 5335 2626 5390 Dei
2650 5338 3141 5407 construijuberet.
3167 5337 3246 5393 οι)
3274 5339 3376 5394 hoc
3414 5337 3577 5393 etiam
3608 5349 3732 5392 scr-

2143 5440 2244 5480 vus
2273 5425 2364 5480 Dei
2410 5438 2749 5498 nuncupatus
2793 5438 2899 5495 est,
2945 5432 3015 5487 ob
3069 5431 3211 5501 quod
3258 5432 3420 5485 etiam
3468 5429 3729 5485 auxilium

2143 5512 2355 5568 Domini
2406 5515 2483 5570 illi
2535 5518 2860 5585 promissum
2905 5526 3008 5585 est,
3034 5528 3094 5573 ut
3141 5519 3391 5589 subjiciat
3436 5533 3621 5573 coram
3663 5531 3730 5573 eo

2142 5616 2331 5677 gentes
2355 5617 2409 5663 et
2434 5608 2592 5663 dorsa
2621 5625 2807 5680 regum
2832 5618 3006 5664 vertat
3032 5630 3044 5664 :
3076 5620 3131 5664 et
3162 5611 3377 5667 merito.
3409 5608 3543 5664 Nam
3587 5608 3739 5663 Medi

2141 5708 2196 5755 et
2223 5699 2421 5765 Persae,
2450 5711 2841 5770 mensurantes,
2868 5703 2984 5759 sive
3024 5704 3311 5758 mrusuruti
3327 5744 3342 5769 ,
3367 5703 3730 5774 interpretan-
