4074 6324
318 417 421 473 5ῙΖ7

1265 410 1352 466 DE
1389 406 1733 466 L'.\'l\'ERSO
1771 405 1947 462 LIBRI
1985 406 2148 461 XXll.
2190 436 2255 446 ——
2292 405 2420 461 LlB.
2461 405 2572 463 XII.

3455 410 3577 468 338'

320 540 429 586 tur.
458 527 730 596 Mensura,
751 539 855 595 qua
878 523 1050 580 mensi
1079 528 1225 590 sunt,
1253 522 1637 577 remetiebatur
1659 519 1757 575 eis.
1784 519 1890 574 Με-
1917 524 1967 581 Α
1993 517 2161 572 illiciti
2187 518 2389 574 amoris
2416 517 2776 589 perturbavit;
2826 529 2880 576 et
2907 536 3089 580 muros
3123 522 3457 591 Hierusalem
3506 528 3580 589 it:

321 620 621 692 sopotamia
677 618 919 674 Graecam
986 615 1365 687 etymologiam
1431 614 1702 685 possidet,
1748 614 1892 684 quod

321 709 533 767 duobus
543 708 717 764 ﬂuviis
735 708 1023 764 ambiatur.
1042 705 1176 761 Nam
1191 706 1260 761 ab
1274 706 1481 761 oriente
1491 705 1693 776 Tigrim
1710 703 1891 772 habet,

321 800 394 856 ab
414 800 636 856 occiduo
671 799 1000 868 Euphraten.
1021 796 1212 867 Incipit
1244 805 1421 851 autem
1453 812 1485 852 a
1516 794 1895 866 Septentrione

324 889 469 947 inter
489 898 725 946 montem
746 888 981 943 Taurum
1000 895 1057 942 et
1087 886 1409 953 Caucasum,
1432 885 1586 956 cujus
1609 901 1638 940 a
1670 884 1895 940 meridie

323 981 569 1051 sequitur
591 977 898 1050 Babylonia,
930 977 1123 1033 deinde
1147 976 1417 1042 Cltaldzea,
1442 976 1732 1031 novissime
1761 974 1896 1029 Ara-

322 1073 411 1128 bia
448 1071 757 1127 Eudaemon.
800 1069 1203 1138 MeSOpotamia,
1225 1084 1344 1138 qua:
1378 1069 1761 1137 interpretatur
1786 1064 1894 1119 ele-

320 1172 465 1227 uata,
499 1162 640 1216 unde
678 1159 843 1215 Jacob
870 1159 1023 1214 duxit
1054 1174 1298 1218 uxorem.
1323 1156 1594 1227 signiﬁcat
1620 1156 1892 1226 gentilita-

324 1260 456 1317 tem,
470 1251 611 1308 unde
630 1250 874 1306 Christus
886 1248 1172 1319 exquisivit
1192 1249 1290 1303 sibi
1308 1247 1602 1304 Ecclesiam
1618 1262 1892 1318 sponsam,

322 1359 428 1398 non
458 1342 745 1397 habentem
794 1340 1057 1396 maculam
1100 1356 1165 1396 ac
1210 1355 1398 1410 rugam
1450 1338 1608 1409 (Eph.
1638 1337 1714 1410 v).
1761 1338 1894 1392 Nam

322 1433 464 1490 sicut
489 1431 676 1497 Jacob,
700 1430 885 1487 relicta
913 1432 1087 1494 domo,
1111 1430 1287 1501 patria
1309 1428 1393 1484 vel
1414 1428 1745 1499 parentibus,
1768 1442 1892 1498 per-

322 1523 467 1580 rexit
503 1524 556 1578 in
580 1524 853 1595 regionem
882 1522 1246 1594 longinquam,
1266 1529 1328 1577 ut
1354 1521 1625 1591 acciperet
1642 1522 1742 1577 sibi
1763 1536 1896 1576 uxo-

240 1648 245 1652 ι
321 1630 461 1680 rem,
502 1630 606 1669 non
654 1614 812 1670 aliter
860 1614 1109 1669 Christus
1146 1612 1362 1682 reliquit
1405 1620 1656 1683 parentes
1703 1627 1896 1667 secun-

321 1709 452 1762 dum
481 1720 720 1769 carnem,
747 1705 801 1760 id
851 1713 952 1769 est,
991 1704 1244 1775 populum
1297 1704 1672 1768 lsraeliticum,
1700 1711 1757 1761 et
1799 1720 1895 1774 pa-

324 1799 517 1865 triam,
561 1799 614 1853 id
656 1806 781 1863 est,
825 1797 1249 1868 Hierosolymam
1302 1806 1357 1851 et
1406 1813 1596 1852 omnes
1646 1796 1893 1867 regiones

1993 608 2221 663 circuitu
2251 609 2535 677 destruxit,
2559 626 2681 665 cum
2709 611 3059 670 intentionem
3088 617 3349 674 orationis
3373 628 3428 674 et
3448 620 3560 675 vir-

1993 704 2166 753 tutum
2192 700 2388 765 studia,
2416 715 2534 770 quae
2562 711 2748 757 contra
2775 719 2833 760 se
2857 706 3039 762 valere
3078 708 3247 775 novit,
3274 710 3328 764 in
3365 710 3569 782 despea

1993 790 2238 845 rantibns
2265 790 2527 856 dissolvit,
2565 809 2632 848 ne
2657 810 2755 864 per
2778 811 2926 867 spem
2965 799 3137 854 venite
3174 800 3242 855 ad
3269 801 3445 856 divina
3471 818 3556 858 τες

1993 887 2215 934 currant
2256 881 2473 947 auxilia,
2500 891 2556 937 et
2598 886 2940 943 correctioris
2992 888 3114 943 vita:
3162 892 3565 961 apprehendant

1994 969 2293 1026 munimina
2335 989 2349 1027 :
2389 974 2747 1045 populumque
2788 977 2841 1032 in
2877 980 3188 1050 captivitate
3228 982 3449 1049 ducens,
3498 983 3561 1038 d4

1993 1062 2319 1130 pauperibus
2349 1071 2508 1119 terra;
2532 1066 2752 1136 reliquit
2770 1070 3030 1127 vinitores
3051 1081 3106 1127 et
3127 1072 3411 1143 agricolas,
3438 1073 3564 1142 quia

1994 1165 2106 1215 eos,
2136 1153 2227 1221 qui
2262 1153 2421 1209 utiles
2446 1156 2610 1212 verbo
2636 1164 2691 1212 et
2717 1159 2961 1231 exemplo
3003 1176 3125 1217 esse
3167 1170 3437 1236 poterant,
3466 1173 3565 1233 pm

1994 1240 2124 1295 vilia
2152 1243 2446 1312 captivans,
2474 1245 2651 1301 stultis
2680 1255 2733 1302 et
2755 1249 3034 1307 hebetibus
3060 1253 3401 1309 commendat
3426 1252 3566 1325 agri-

1994 1332 2279 1399 culturam,
2311 1344 2577 1405 quatenus
2605 1353 2709 1392 non
2750 1340 2934 1395 vinum
2977 1342 3164 1413 gratia:
3209 1343 3466 1412 spiritalis
3514 1351 3569 1399 et

1994 1424 2323 1480 frumentum
2357 1440 2503 1481 same
2539 1427 2797 1484 doctrina:
2835 1431 2888 1485 in
2923 1432 3096 1488 vineis
3134 1440 3188 1488 et
3232 1434 3376 1506 agris
3405 1451 3570 1506 popu-

1993 1513 2168 1570 lorum
2224 1514 2532 1582 fructiﬁcet,
2565 1516 2658 1573 sed
2685 1519 2851 1588 spina:
2878 1523 3049 1594 magis
3081 1532 3135 1578 et
3180 1525 3361 1581 tribuli
3411 1527 3570 1581 vitio-

1994 1620 2115 1660 rum
2146 1615 2480 1661 excrescant.
2517 1606 2754 1679 Babylon
2791 1626 3003 1682 quoque
3027 1616 3257 1671 mundus
3282 1626 3373 1671 aut
3398 1617 3568 1672 Roma

1994 1702 2096 1761 est,
2127 1704 2187 1750 ut
2214 1697 2265 1750 in
2295 1697 2616 1770 Apocalypsi
2641 1699 2837 1771 legitur
2863 1721 2875 1755 :
2905 1702 2974 1756 Et
3010 1704 3246 1775 Babylon
3272 1724 3460 1779 magna
3485 1726 3569 1763 re.-

1996 1788 2069 1840 nit
2094 1788 2146 1841 in
2168 1789 2472 1843 memoriam
2501 1799 2623 1844 ante
2641 1789 2944 1857 Dominum,
2968 1794 3095 1850 dare
3124 1796 3335 1852 calicem
3356 1800 3461 1853 vini
3483 1802 3566 1854 in—

323 1887 541 1954 Judrcte,
560 1897 614 1943 et
639 1888 770 1942 abiit
790 1888 843 1941 in
867 1896 1074 1957 gentes,
1104 1887 1416 1959 accepitque
1439 1886 1540 1941 sibi
1568 1886 1690 1941 inde
1713 1884 1893 1941 Eccle-
1920 1881 1969 1940 B
1996 1880 2311 1951 dignationis
2342 1883 2437 1936 ira:
2465 1882 2580 1952 ejus
2612 1881 2792 1954 (Apoc.
2818 1885 2951 1956 xu).
2982 1886 3046 1940 Et
3077 1887 3129 1941 in
3158 1887 3295 1943 lsaia
3330 1907 3343 1943 :
3376 1889 3444 1944 Et
3473 1894 3568 1945 erit

326 1979 486 2044 siam,
514 1988 573 2033 ut
612 1977 921 2048 impleretur
954 1977 1096 2045 quod
1124 1977 1327 2031 dictum
1368 1983 1451 2031 est
1484 1994 1497 2031 :
1549 1973 1751 2030 Vocabo
1792 1991 1896 2029 non

325 2068 519 2139 plebem
539 2066 933 2137 meam,plebem
963 2076 1211 2132 nteam,et
1235 2084 1338 2122 non
1363 2065 1627 2133 dilectam,
1654 2064 1896 2121 dilectum

316 2157 473 2230 '(Ose.
498 2158 581 2230 ll).
605 2157 911 2229 Babyloniae
942 2157 1174 2227 regionis
1198 2166 1359 2227 caput
1385 2156 1620 2228 Babylon
1641 2158 1771 2212 urbs
1791 2163 1895 2221 est,

326 2266 357 2304 a
380 2265 485 2320 qua
520 2250 681 2303 etiam
707 2256 1010 2318 nuncupata
1036 2256 1138 2313 est,
1174 2256 1284 2321 tam
1314 2248 1530 2314 nobilis,
1556 2254 1614 2301 ut
1643 2243 1897 2302 Chaldtea

326 2349 383 2394 et
409 2339 627 2410 Assyria
653 2349 708 2393 et
733 2338 1116 2409 Mesopotamia
1155 2338 1208 2393 in
1233 2336 1349 2406 ejus
1375 2353 1570 2393 nomen
1610 2336 1897 2408 aliquando

329 2431 662 2485 transierint.
694 2430 844 2487 Hanc
872 2431 1061 2488 urbem
1109 2432 1343 2502 primum
1405 2430 1701 2486 Nembrotb
1747 2431 1899 2503 gigas

320 2521 591 2578 fundavit.
620 2523 768 2580 Hanc
809 2523 1127 2580 Semiramis
1167 2525 1350 2595 regina
1394 2523 1740 2597 Assyriorum
1785 2537 1901 2577 am-

329 2615 517 2687 pliavit
544 2631 863 2686 murumque
889 2616 1038 2672 urbis
1061 2616 1324 2672 bitumine
1360 2625 1415 2670 et
1448 2625 1602 2671 cocto
1632 2614 1799 2669 latere
1824 2612 1903 2669 le-

331 2705 425 2761 cit.
457 2704 784 2759 Vocabulum
808 2717 988 2761 autem
1020 2707 1248 2777 sumpsit
1270 2722 1299 2760 a
1323 2705 1658 2771 confusione,
1682 2719 1747 2762 eo
1760 2704 1902 2774 quod

332 2797 405 2852 ibi
432 2797 667 2853 confusa:
685 2798 794 2854 sint
818 2808 979 2868 atque
998 2799 1279 2868 permixtae
1301 2798 1495 2867 lingua:
1516 2797 1901 2852 mitiﬁcantium

330 2888 525 2943 turrim
553 2887 703 2944 (Gen.
731 2888 828 2962 xi).
851 2888 1164 2960 Babylonia,
1193 2905 1314 2960 quae
1343 2889 1728 2958 interpretatur
1774 2904 1900 2942 con-

330 2981 497 3048 fusio,
526 2980 581 3033 in
610 2994 714 3049 qua
738 2980 1069 3052 principatus
1108 2990 1228 3038 erat
1267 2981 1656 3046 Chaldaeorum,
1684 2978 1776 3049 qui
1819 2978 1902 3032 in-

335 3078 697 3140 terpretantur
728 3072 879 3142 quasi
902 3072 1178 3135 daemonia,
1202 3071 1287 3126 vel
1310 3072 1462 3142 quasi
1491 3072 1709 3141 feroces,
1737 3068 1903 3139 signi-

333 3160 458 3217 ﬁcat
488 3162 760 3218 civitatem
783 3162 999 3227 diaboli,
1034 3163 1087 3216 in
1130 3178 1235 3234 qua
1283 3164 1609 3237 sempiterna
1659 3161 1901 3218 confusio

1995 1971 2232 2042 Babylon
2246 1971 2339 2026 illa
2356 1971 2583 2044 gloriosa
2595 1974 2649 2026 in
2664 1976 2854 2045 regnis,
2873 1976 3064 2048 inclyta
3082 1979 3134 2032 in
3156 1979 3394 2050 superbia
3411 1980 3571 2035 Chal-

1995 2063 2255 2128 dteorum,
2268 2064 2401 2117 sicut
2424 2063 2665 2118 subvertit
2678 2064 2819 2119 Deus
2842 2064 3121 2122 Sodomam
3138 2078 3184 2123 et
3202 2067 3568 2138 Gomorr/tam,

1998 2166 2100 2205 non
2125 2151 2445 2205 habitabitur
2464 2168 2625 2224 usque
2649 2153 2703 2206 in
2728 2154 2885 2222 ﬁnem
2918 2154 3051 2227 (Isa.
3085 2157 3227 2229 xm).
3254 2158 3319 2213 Et
3346 2160 3397 2213 in
3423 2158 3572 2215 Jere—

1998 2240 2107 2294 mia
2135 2258 2147 2293 :
2174 2237 2327 2294 Calia:
2350 2257 2539 2294 aureus
2562 2240 2797 2313 Babylon
2818 2244 2871 2298 in
2892 2261 3052 2299 manu
3076 2245 3286 2301 Domini
3309 2249 3572 2303 inebrians

2000 2344 2201 2382 omnem
2230 2336 2445 2394 terram,
2468 2330 2638 2384 subito
2668 2332 2851 2386 cecidit
2880 2334 3133 2404 Babylon,
3157 2345 3205 2389 et
3247 2340 3468 2392 contrita
3499 2351 3574 2395 est

2001 2417 2135 2489 (Jer.
2164 2417 2261 2491 LI).
2289 2418 2487 2473 Arabia
2517 2420 2802 2490 appellata,
2834 2422 2888 2478 id
2922 2430 3023 2489 est,
3047 2441 3220 2480 sacra.
3272 2424 3384 2482 lloc
3427 2428 3573 2482 enim
3658 2406 3663 2411 δ

2001 2506 2271 2578 signiﬁcat
2301 2508 2674 2580 interpretata,
2704 2526 2771 2566 eo
2819 2513 2962 2582 quod
2992 2514 3065 2569 sit
3101 2514 3249 2586 regio
3282 2515 3575 2572 thuriferos

2000 2600 2195 2657 odores
2234 2616 2428 2657 creans
2459 2617 2472 2654 :
2498 2600 2627 2657 hinc
2671 2602 2815 2657 enim
2840 2602 3012 2659 Graeci
3059 2606 3359 2671 eudtemon,
3403 2608 3575 2664 nostri

2001 2690 2219 2746 beatam
2236 2692 2669 2759 nominaverunt,
2692 2692 2747 2748 in
2775 2693 2928 2763 cujus
2957 2695 3179 2752 saltibus
3198 2706 3253 2753 et
3279 2699 3499 2769 myrrha
3520 2708 3578 2755 et

2003 2782 2311 2838 cinnamum
2338 2785 2605 2855 provenit.
2637 2784 2712 2840 lbi
2759 2787 3003 2841 nascitur
3028 2788 3145 2843 avis
3171 2790 3419 2860 phoenix,
3461 2805 3579 2846 sar.

2004 2871 2180 2944 donyx
2200 2889 2433 2946 gemma,
2455 2883 2511 2931 et
2531 2876 2648 2942 iris,
2675 2876 2991 2934 malocbites
3012 2887 3066 2934 et
3084 2880 3379 2951 pzederotes
3405 2881 3476 2937 ibi
3501 2881 3582 2936 in-

2003 2968 2309 3024 veniuntur.
2349 2969 2467 3040 Ipsa
2497 2978 2583 3026 est
2608 2969 2751 3026 Saba
2790 2973 3051 3043 appellata
3087 2989 3118 3028 a
3154 2973 3264 3032 ﬁlio
3293 2974 3457 3043 Chus,
3481 2974 3576 3047 qui

2005 3070 2345 3132 nuncupatus
2374 3070 2457 3118 est
2494 3061 2654 3119 Saba.
2684 3062 2812 3119 Haec
2838 3074 3014 3119 autem
3028 3074 3253 3138 angusto
3279 3075 3435 3122 terra:
3462 3076 3578 3124 tra-

2007 3160 2097 3211 ctu
2143 3152 2210 3207 ad
2254 3152 2528 3210 Orientem
2577 3170 2767 3211 versus
2814 3154 3088 3212 Persicum
3123 3157 3299 3212 sinum
3340 3158 3558 3215 extendi

330 3263 436 3320 est,
463 3264 518 3311 et
543 3256 632 3310 ubi
656 3256 1037 3311 daemoniorum
1068 3255 1320 3313 ferocitas
1349 3256 1402 3311 in
1432 3256 1779 3312 subversione
1806 3254 1900 3309 ho-

2007 3249 2112 3310 tur,
2138 3241 2292 3312 cujus
2320 3244 2759 3313 septentrionalia
2784 3243 3031 3300 Chaldzea
3057 3246 3277 3314 claudit,
3314 3247 3579 3306 Occasum

335 3345 541 3400 minum
569 3353 812 3419 apparet.
858 3346 916 3403 lu
958 3362 1062 3419 qua
1107 3347 1351 3418 regnavit
1385 3345 1900 3411 Nabuchodonosor,

334 3437 430 3508 qui
473 3437 856 3509 interpretatur
904 3437 1172 3507 prophetia
1222 3436 1515 3509 laguncqu
1563 3446 1820 3507 angusta',
1850 3444 1906 3492 et

336 3523 604 3597 signiﬁcat
624 3523 915 3578 diabolum.
933 3522 1049 3594 lpse
1071 3524 1213 3579 enim
1238 3526 1472 3579 vastavit
1490 3524 1763 3579 civitatem
1786 3522 1901 3589 Dei,

332 3625 392 3669 et
418 3614 676 3684 templum
709 3614 946 3669 incendit
972 3627 987 3666 :
1016 3615 1140 3685 quia
1161 3623 1403 3669 sanctam
1426 3614 1722 3669 Eeclesiam
1758 3614 1899 3668 inse-

333 3716 515 3762 ctatur
538 3705 695 3771 odiis,
725 3713 782 3759 et
804 3705 1066 3769 homines,
1091 3705 1182 3775 qui
1227 3707 1483 3775 templum
1524 3707 1618 3762 Dei
1666 3707 1905 3773 fuerunt,

334 3797 588 3855 incendio
615 3796 897 3852 mundana:
927 3795 1370 3865 concupiscentiae
1396 3800 1708 3853 subvertere
1740 3799 1905 3867 cupit.

340 3888 474 3944 Natu
503 3888 579 3943 ita
604 3887 671 3942 de
698 3902 764 3943 eo
810 3886 1041 3956 legitur:
1079 3886 1230 3941 Venit
1272 3886 1634 3942 Nabusardan
1673 3889 1910 3958 princeps

336 3982 617 4043 exercitus,
640 3995 818 4034 servus
848 3979 980 4049 regis
1011 3977 1315 4048 Babylonis,
1345 3976 1696 4045 Hierusalem,
1722 3988 1771 4033 et
1795 3995 1913 4033 suc-

336 4071 510 4126 cendit
552 4070 763 4124 domum
808 4070 1041 4136 Domini,
1076 4080 1124 4125 et
1178 4070 1391 4125 domum
1442 4070 1595 4140 regis,
1636 4079 1684 4125 et
1732 4071 1913 4125 domos

2007 3336 2159 3393 sinus
2183 3334 2468 3390 Arabicus.
2496 3333 2693 3389 Arabia
2711 3373 2725 3398 ,
2754 3349 2875 3405 quae
2914 3335 3298 3405 interpretatur
3344 3337 3580 3406 humilis,

2007 3428 2121 3484 sive
2143 3427 2466 3497 campestris,
2519 3433 2787 3482 terrenam
2833 3425 3102 3498 signiﬁcat
3150 3427 3580 3484 delectationem.

2009 3518 2163 3575 Unde
2186 3518 2447 3587 scriptum
2469 3526 2553 3573 est
2576 3520 2631 3574 in
2657 3518 2865 3588 psalmo
2894 3536 2907 3573 :
2938 3517 3097 3591 Reges
3115 3520 3344 3575 Arabum
3369 3531 3415 3575 et
3441 3519 3581 3576 Saba

2007 3610 2148 3664 dona
2171 3609 2429 3663 adducent
2457 3608 2627 3681 (Psal.
2656 3610 2825 3682 Lxxt).
2858 3611 3093 3666 Arabum
3121 3613 3336 3683 ponitur
3355 3628 3454 3683 pro
3485 3614 3583 3669 hoc

2010 3700 2245 3755 minibus
2269 3700 2418 3754 suavi
2441 3709 2497 3754 et
2518 3708 2727 3756 terrena
2751 3716 2810 3756 se
2830 3701 3184 3758 delectatione
3206 3702 3581 3759 tractantibus.

2010 3788 2146 3844 Nam
2188 3789 2329 3844 sicut
2363 3788 2453 3843 illa
2493 3791 2668 3860 patria
2706 3791 2934 3847 diversis
2981 3793 3310 3849 aromatibus
3367 3808 3587 3849 sensum

2011 3879 2222 3933 varium
2246 3879 2474 3944 mulcet,
2502 3879 2576 3934 ita
2603 3880 2691 3935 isti
2718 3881 2786 3937 ad
2820 3881 3203 3938 delectationes
3239 3882 3585 3938 mollissimas

2015 3968 2284 4025 illecebris
2305 3969 2649 4026 saecularibus
2675 3970 2989 4026 invitantur.
3016 3971 3189 4043 Reges
3217 3987 3344 4043 ergo
3374 3972 3586 4027 Arabiae

2015 4071 2159 4127 sunt,
2184 4061 2277 4131 qui
2316 4061 2681 4117 blandimenta
2731 4077 3018 4133 corporum
3067 4064 3251 4135 rigidae
3289 4063 3585 4133 subjiciunt

342 4159 710 4226 Hierusalem,
764 4177 1067 4232 omnemque
1114 4160 1326 4214 domum
1368 4160 1646 4215 combussit
1694 4162 1824 4233 igni,
1865 4172 1905 4217 et

2015 4150 2327 4220 disciplinae.
2358 4150 2619 4207 Similiter
2657 4150 2831 4219 Saba,
2859 4152 3000 4208 unde
3039 4151 3215 4209 Sabaei
3270 4154 3397 4209 dicti
3438 4162 3583 4218 sunt,

339 4265 515 4304 muros
549 4247 879 4303 Hierusalem
904 4250 959 4302 in
989 4250 1209 4303 circuitu
1234 4249 1491 4305 destruxit
1514 4265 1688 4305 omnes
1713 4249 1915 4304 exerci-
2016 4243 2261 4314 quamvis
2281 4243 2545 4313 corporali
2569 4242 2925 4300 delectatione
2946 4246 3321 4315 praevaleat,et
3334 4247 3589 4319 jucundis

339 4350 424 4395 lus
452 4337 838 4400 Cltaldteorum,
862 4338 952 4409 qui
980 4347 1229 4393 eratcum
1255 4338 1487 4409 principe
1509 4337 1732 4392 militum
1753 4337 1919 4399 :,reli-
2015 4335 2273 4391 odoribus
2310 4335 2382 4391 sit
2410 4335 2606 4391 referta
2640 4350 2656 4390 :
2683 4337 2932 4393 suaviora
2962 4344 3139 4392 tamen
3178 4339 3426 4395 conversi
3474 4339 3591 4410 ejus

339 4443 497 4497 quam
518 4435 688 4481 autem
710 4425 886 4497 populi
912 4436 1134 4497 partem,
1153 4428 1243 4499 qui
1266 4437 1585 4482 remanserat
1610 4429 1666 4481 in
1690 4428 1914 4493 civitate,

340 4525 388 4573 et
418 4516 661 4587 perfugas
686 4516 773 4586 qui
804 4516 1194 4586 transfugerant
1238 4517 1307 4570 ad
1342 4533 1511 4588 regem
1537 4515 1845 4589 Babylonis,
1866 4527 1915 4571 et

344 4608 598 4679 reliquum
623 4608 805 4678 vulgus
829 4608 1094 4662 transtulit
1123 4608 1483 4662 Nabusardan
1506 4608 1741 4678 princeps
1772 4608 1913 4662 mili-

342 4701 529 4762 tite,et
572 4699 776 4771 reliqua
823 4698 930 4771 (IV
970 4698 1102 4769 Reg.
1137 4697 1287 4768 xxv).
1338 4697 1494 4753 Venit
1538 4696 1916 4764 Nabuzardan,

343 4790 436 4862 qui
472 4792 856 4862 interpretatur
894 4790 1268 4857 ventilabrum,
1297 4790 1411 4846 sive
1446 4789 1715 4860 prophetia
1760 4788 1920 4843 alieni

339 4878 553 4948 iudicii,
575 4888 631 4934 et
655 4879 926 4951 signiﬁcat
955 4880 1381 4946 Antichristum,
1400 4877 1548 4949 justo
1588 4878 1684 4933 Dei
1717 4878 1920 4949 judicio

345 4986 508 5041 super
528 4981 862 5041 peccatores,
882 4972 1132 5044 princeps
1159 4973 1344 5043 utique
1365 4972 1634 5030 exercitus
1653 4972 1794 5043 regis
1819 4971 1922 5027 Ba-

345 5061 556 5132 bylonis
589 5061 924 5119 Hierusalem
964 5063 1383 5135 intelligibilem,
1411 5072 1467 5119 et
1509 5063 1789 5120 succendit
1821 5063 1918 5120 ἀοι

346 5169 495 5208 mum
537 5153 773 5219 Domini,
798 5170 919 5210 cum
948 5155 1202 5225 antiquus
1234 5156 1422 5222 hostis,
1459 5155 1552 5226 qui
1585 5165 1641 5212 et
1666 5170 1763 5212 rex
1789 5171 1921 5211 con-

348 5246 597 5314 lusionis,
648 5256 706 5302 et
751 5247 1001 5317 princeps
1037 5249 1275 5303 omnium
1321 5249 1628 5319 iniquorum
1671 5256 1775 5314 est,
1809 5257 1919 5303 tam

346 5337 704 5409 malignorum
731 5339 1039 5411 spirituum,
1062 5353 1223 5408 quam
1244 5340 1405 5394 etiam
1428 5339 1714 5413 impiorum
1744 5337 1919 5394 boml-

349 5444 499 5494 num,
540 5429 749 5498 plebem
796 5429 1001 5484 invadit
1046 5428 1302 5494 ﬁdelium,
1328 5437 1387 5487 et
1416 5429 1634 5487 domum
1676 5430 1839 5502 regis,
1868 5437 1925 5485 et

349 5518 539 5574 domos
564 5519 925 5585 Hierusalem,
956 5519 1010 5574 id
1039 5528 1144 5584 est,
1172 5528 1432 5584 rectores,
1472 5531 1529 5575 et
1574 5534 1669 5577 eos
1700 5519 1791 5590 qui
1839 5519 1922 5574 vi-

350 5606 619 5663 debantur
644 5608 698 5663 in
722 5609 928 5664 visione
956 5611 1104 5679 pacis
1153 5625 1393 5676 manere,
1425 5609 1786 5666 inﬂammatos
1831 5626 1927 5665 cu-

350 5694 574 5766 piditate
623 5698 919 5763 subvertit,
992 5715 1314 5770 omnemque
1370 5701 1584 5756 domum
1632 5701 1929 5757 combussit

355 5785 487 5859 igni,
512 5804 634 5846 cum
668 5788 1089 5863 uniuscujusque
1111 5791 1494 5851 conscientiam
1520 5807 1618 5865 per
1655 5790 1924 5874 llammam

1942 4569 1992 4629 D

2016 4427 2196 4499 populi
2218 4426 2453 4484 ollerunt
2471 4428 2610 4483 dona
2638 4429 2920 4483 virtutum.
2946 4426 3159 4499 Syriam
3182 4427 3353 4501 Syrus
3372 4429 3590 4500 Quidam

2018 4519 2333 4588 perhibetur
2366 4518 2614 4589 indigena
2641 4534 2737 4574 suo
2763 4519 3024 4574 vocabulo
3062 4535 3420 4589 nuncupasse.
3466 4518 3593 4574 "me

2018 4608 2086 4662 ab
2108 4609 2315 4663 oriente
2335 4607 2495 4663 ﬁuvio
2515 4607 2810 4678 Euphrate,
2838 4611 2906 4664 ab
2932 4624 3127 4664 occasu
3153 4592 3288 4664 inari
3329 4618 3513 4664 nostro
3538 4620 3596 4665 et

2019 4701 2249 4772 Egypto
2278 4702 2617 4765 terminatur,
2652 4702 2856 4755 habens
2897 4716 2926 4754 a
2977 4700 3354 4771 Septentrione
3397 4700 3593 4755 Arme-

2021 4795 2185 4857 niam,
2217 4799 2273 4846 et
2306 4791 2732 4863 Cappadociam;
2763 4807 2793 4845 a
2823 4791 3046 4846 meridie
3072 4794 3248 4847 sinum
3271 4790 3590 4859 Arabicum;

2021 4883 2159 4939 situs
2183 4880 2298 4951 ejus
2338 4887 2619 4952 porrectus
2650 4882 2703 4936 in
2736 4881 3053 4937 immensam
3098 4881 3505 4953 longitudinem,
3538 4883 3593 4938 in

2024 4973 2133 5029 lato
2161 4973 2455 5044 angustior.
2482 4972 2638 5051 Syria
2669 4973 2812 5029 enim
2839 4973 3106 5044 signiﬁcat
3130 4974 3437 5045 superbiam
3466 4991 3594 5048 gen-

2025 5066 2181 5131 tium,
2208 5081 2327 5136 quae
2353 5066 2548 5136 stepius
2573 5063 2836 5141 aﬂligebat
2865 5064 3115 5134 populum
3139 5064 3254 5119 Dei.
3285 5064 3439 5120 Unde
3461 5065 3598 5121 scri-

2023 5162 2174 5231 ptum
2199 5162 2281 5209 est
2308 5152 2427 5227 (Ill
2466 5152 2595 5224 Reg.
2636 5153 2750 5225 xx),
2802 5152 2943 5223 quod
2989 5152 3241 5208 Benadab
3288 5170 3381 5209 rex
3427 5153 3599 5226 Syriae

2025 5245 2431 5321 congregaverit
2464 5260 2679 5300 omnem
2721 5244 3020 5299 exercitum
3065 5262 3241 5314 suum,
3286 5255 3343 5302 et
3381 5246 3599 5318 triginta

2027 5334 2162 5390 duos
2188 5350 2343 5406 reges
2370 5350 2575 5403 secum,
2597 5343 2653 5390 ct
2678 5349 2864 5411 equos,
2896 5343 2949 5391 et
2974 5352 3183 5401 currus,
3215 5346 3270 5393 ct
3299 5337 3601 5394 ascendens

2026 5426 2297 5499 pugnabat
2344 5435 2533 5480 contra
2585 5417 2907 5492 Samariam,
2939 5434 2995 5481 et
3036 5427 3318 5482 obsidebat
3369 5441 3512 5487 eam.
3544 5433 3602 5481 et

2029 5518 2255 5587 reliqua.
2315 5517 2536 5589 Mystice
2583 5517 2853 5584 Benadab,
2889 5520 3062 5574 hostis
3103 5519 3289 5586 Israel,
3332 5516 3605 5589 signiﬁcat

2028 5607 2319 5672 diabolum,
2345 5608 2586 5662 omnium
2612 5608 2874 5663 bonorum
2912 5609 3213 5676 inimicum,
3235 5610 3326 5679 qui
3353 5596 3603 5665 diversos

2027 5699 2299 5754 exercitus
2340 5697 2695 5769 malignorum
2738 5699 3022 5769 spirituum
3068 5700 3137 5756 ad
3184 5694 3601 5755 subvertendum

2027 5790 2281 5863 populum
2316 5789 2413 5849 Del
2445 5789 2732 5849 contrahit.
2767 5788 2874 5848 Sed
2919 5805 3019 5864 per
3064 5806 3259 5862 pueros
3298 5789 3602 5863 principum
