4074 6324
529 361 636 420 359

1204 357 1266 412 Β.
1303 355 1553 412 RABANI
1590 353 1809 411 MAURI
1839 353 2160 411 ARCHIEP.
2202 353 2510 414 MOGUNT.
2550 355 2834 414 OPERUM
2871 355 3050 413 PARS
3086 355 3152 412 il.

3669 354 3803 422 310,

529 474 698 534 Israel
721 474 978 541 vincitur,
1003 487 1127 530 cum
1165 486 1264 542 per
1289 471 1461 530 bonos
1486 469 1758 525 auditores
1785 477 2096 525 sanctorum
2121 472 2174 533 Α
2201 469 2414 543 (Matth.
2447 470 2629 541 xxnt),
2656 471 2826 540 ipsam
2857 478 3071 542 gentem
3101 470 3568 541 exprimens,qn:e
3590 469 3646 525 in
3669 469 3772 528 llie

530 569 834 631 doctorum,
861 563 951 634 qui
991 564 1065 629 id,
1095 561 1236 632 quod
1266 576 1398 616 aure
1423 559 1676 626 audiunt,
1708 558 1866 614 factis
1917 558 2105 629 imple-

530 673 594 716 re
617 658 885 720 nituntur,
903 653 1121 722 iniquus
1139 651 1311 706 hostis
1331 652 1383 704 in
1407 650 1588 722 fugam
1615 649 1846 706 vertitur
1870 667 1884 704 :
1910 648 2108 704 omnis-

531 762 641 821 que
675 761 809 802 suus
835 745 1108 802 exercitus
1132 759 1162 798 a
1193 743 1452 799 militibus
1477 741 1679 798 Christi
1703 743 1968 796 turbatur.
1995 740 2106 795 Fu-

533 839 613 910 git
635 851 851 908 quoque
879 835 1128 892 Benedab
1157 847 1252 888 rex
1285 832 1455 904 Syria:
1483 833 1536 888 in
1567 848 1705 902 equo
1747 847 1870 887 cum
1916 830 2110 901 equiti-

533 931 638 986 bus
661 945 677 992 ξ
707 942 808 984 nec
831 942 939 982 non
966 941 1216 997 egressus
1243 939 1337 978 rex
1362 923 1526 978 Israel
1553 923 1818 994 percussit
1843 937 2010 990 equos
2055 928 2111 975 et

535 1035 751 1087 currus,
779 1027 836 1075 et
858 1016 1127 1089 percussit
1157 1015 1371 1086 Syriam
1405 1014 1562 1084 plaga
1593 1027 1809 1082 magna.
1843 1010 1981 1078 Quid
2003 1018 2105 1075 est,

536 1110 679 1181 quod
699 1107 951 1165 Benadab
985 1121 1082 1162 rex
1109 1105 1279 1176 Syria:
1310 1103 1366 1157 in
1391 1118 1531 1172 equo
1557 1118 1679 1157 cum
1711 1101 1983 1171 equitibus
2021 1099 2109 1153 fu-

537 1218 664 1274 gere
683 1200 1032 1263 describitur,
1055 1196 1159 1252 nisi
1187 1195 1330 1266 quod
1356 1195 1603 1264 princeps
1631 1193 1869 1247 omnium
1907 1191 2114 1260 iniquo-

537 1308 682 1359 rum,
705 1290 948 1347 diabolus
977 1302 1207 1360 quorum
1255 1285 1395 1351 oculi
1449 1283 1706 1339 sublimes
1747 1289 1900 1346 sunt,
1957 1279 2108 1352 Syria

536 1383 681 1438 enim
709 1383 1096 1450 interpretatur
1135 1375 1404 1440 sublimis,
1443 1375 1497 1429 in
1535 1389 1674 1442 equo
1702 1388 1813 1428 sua:
1849 1373 2112 1442 superbiae

535 1471 814 1529 conﬁdens
835 1485 960 1525 cum
997 1467 1270 1538 equitibus
1298 1467 1433 1531 suis,
1463 1465 1670 1520 scilicet
1717 1463 1970 1518 omnibus
2020 1478 2111 1516 su-

535 1565 740 1640 perbis,
769 1562 895 1633 quia
920 1568 1004 1617 est
1030 1568 1192 1632 caput
1215 1572 1378 1627 super
1406 1571 1596 1613 omnes
1643 1555 1783 1610 ﬁlios
1824 1555 2107 1624 superbiae,

535 1655 606 1711 ab
641 1654 882 1710 exercitu
907 1651 1132 1715 Christi,
1160 1650 1262 1704 hoc
1285 1657 1370 1703 est
1409 1647 1704 1703 humilibus
1735 1655 1790 1702 et
1835 1647 2003 1701 Deum
2047 1646 2112 1701 ti-

534 1744 807 1800 mentibus
832 1750 1119 1812 superatus
1157 1739 1210 1793 in
1248 1737 1428 1809 fugam
1454 1737 1702 1791 vertitur.
1735 1736 1908 1792 Habet
1929 1744 2108 1790 autem

536 1833 694 1906 Syria
719 1833 774 1886 in
799 1847 856 1887 se
884 1829 1191 1901 provincias
1226 1845 1240 1882 :
1278 1827 1714 1896 Commagenam,
1752 1826 2107 1892 Phteniciam,
2141 1816 2186 1874 B

537 1933 591 1980 et
621 1922 980 1986 Palaestinam,
1011 1919 1164 1990 cujus
1191 1934 1318 1989 pars
1343 1925 1426 1972 est
1451 1916 1631 1972 ludam
1671 1917 1872 1987 absque
1917 1916 2113 1972 Sarra-

536 2011 687 2068 cenis
713 2018 771 2065 et
810 2007 1163 2070 Nabathenis.
1208 2005 1566 2077 Commagena
1616 2006 1792 2076 prima
1835 2007 2112 2077 provincia

538 2103 730 2175 Syrias,
753 2118 784 2156 a
802 2100 1066 2156 vocabulo
1088 2099 1463 2168 Commagena:
1482 2098 1630 2152 urbis
1653 2106 2114 2168 nuncupata,qute

535 2193 806 2263 quondam
835 2190 907 2246 ibi
939 2188 1251 2258 metropolis
1279 2187 1580 2242 habebatur
1609 2204 1621 2239 :
1658 2187 1816 2257 hujus
1853 2194 1936 2242 est
1964 2202 1994 2240 a
2021 2185 2115 2242 Sc—

538 2283 846 2358 ptentrione
865 2280 1144 2345 Armenia,
1168 2279 1235 2333 ab
1260 2287 1383 2333 ortu
1405 2277 1808 2348 MeSOpotamia,
1833 2293 1863 2331 a
1890 2277 2113 2332 meridie

538 2375 718 2447 Syria,
737 2374 804 2428 ab
817 2370 1024 2428 Occasu
1046 2385 1195 2427 mare
1210 2369 1476 2442 Magnum.
1495 2368 1721 2424 thnix
1743 2368 1929 2424 Cadmi
1945 2369 2114 2425 frater

538 2465 606 2522 de
630 2463 830 2521 Thebis
854 2463 1228 2536 Egyptiorum
1255 2462 1310 2517 in
1339 2461 1550 2534 Syriam
1571 2461 1844 2531 profectus
1863 2462 2005 2530 apud
2029 2461 2114 2516 Si-

531 2571 726 2630 gonem
752 2557 1017 2628 regnavit,
1045 2568 1272 2625 eamque
1310 2553 1641 2624 provinciam
1670 2567 1737 2610 ex
1767 2569 1866 2609 suo
1895 2553 2113 2608 nomine

529 2649 866 2708 thniciam
895 2647 1203 2718 appellavit.
1235 2646 1354 2716 ipsa
1383 2655 1467 2702 est
1514 2643 1690 2718 [urbs]
1738 2645 1829 2701 ubi
1875 2655 1960 2701 est
2007 2646 2114 2718 Ty-

530 2755 645 2805 rus,
662 2739 729 2794 ad
751 2754 910 2810 quam
932 2738 1120 2799 Esaias
1138 2737 1394 2814 loquitur.
1420 2737 1594 2792 Habet
1613 2745 1792 2792 autem
1819 2736 1886 2791 ab
1906 2737 2113 2791 oriente

529 2829 807 2893 Arabiam,
839 2843 867 2883 a
903 2828 1129 2884 meridie
1155 2842 1304 2883 mare
1342 2828 1605 2882 Rubrum.
1649 2827 1948 2884 Palzestinte
1988 2842 2113 2896 pro—

527 2920 707 2979 vincia
729 2918 998 2974 Philistim
1020 2918 1210 2972 urbem
1239 2917 1578 2986 metropolim
1599 2916 1806 2980 habuit,
1826 2932 1943 2986 qua:
1969 2931 2113 2971 nunc

531 3012 729 3067 dicitur
754 3009 1006 3074 Ascalon,
1035 3023 1100 3063 ex
1123 3024 1228 3078 qua
1255 3008 1473 3062 civitate
1500 3007 1677 3063 omnis
1701 3007 1845 3062 circa
1875 3023 1995 3062 eam
2021 3021 2111 3063 re-

529 3103 617 3174 gio
642 3100 926 3156 Palaestina
956 3109 1039 3156 est
1064 3109 1392 3170 nuncupata.
1429 3099 1597 3170 Hujus
1626 3100 1694 3155 ab
1718 3101 1928 3157 oriente
1957 3117 2108 3158 mare

528 3189 774 3251 Rubrum
805 3189 1064 3254 occurrit,
1095 3204 1124 3242 a
1154 3189 1452 3244 meridiano
1487 3189 1653 3245 latere
1678 3187 1863 3244 Judma
1902 3190 2108 3260 exeipi-

526 3290 638 3346 tur,
661 3297 691 3336 a
721 3281 1124 3352 septentrionali
1157 3281 1312 3352 plaga
1349 3281 1633 3352 Tyriorum
1681 3279 1880 3336 ﬁnibus
1919 3281 2107 3336 dividi-

527 3381 638 3438 tur,
663 3389 728 3428 ac
754 3387 949 3428 occasu
999 3371 1250 3443 Egyptio
1308 3372 1481 3426 limite
1530 3370 1872 3426 terminatur.
1925 3369 2107 3426 Judma

526 3464 676 3534 regio
708 3463 1006 3518 Palaestinae
1027 3480 1094 3518 es
1120 3464 1337 3518 nomine
1363 3462 1512 3518 Judm
1545 3464 1827 3533 appellata,
1865 3479 1932 3519 ex
1953 3463 2107 3532 cujus

511 3548 672 3610 tribu
701 3570 856 3626 reges
905 3555 1110 3610 habuit.
1157 3554 1281 3610 llaec
1311 3554 1459 3624 prius
1485 3553 1739 3609 Chanaan
1767 3555 1906 3609 dicta
1934 3569 1963 3608 a
1998 3554 2106 3610 ﬁlio

510 3645 718 3730 _Cham,
751 3649 863 3706 sive
890 3663 921 3703 a
945 3649 1130 3704 decem
1155 3647 1581 3702 Chananreorum
1612 3648 1880 3718 gentibus,
1911 3649 2108 3718 quibus

523 3740 766 3811 expulsis
791 3741 1037 3808 eamdem
1064 3749 1263 3798 terram
1291 3738 1457 3795 Judaei
1486 3729 1858 3810 possederunt.
1890 3741 2104 3796 Initium

508 3830 878 3924 .longitudinis
899 3831 1020 3901 ejus
1041 3847 1071 3894 ξι
1102 3833 1219 3888 vico
1239 3832 1371 3886 Arfa
1396 3848 1566 3902 usque
1604 3833 1672 3888 ad
1713 3834 1892 3888 vicum
1934 3833 2103 3888 Julia-

525 3923 648 3978 dem
666 3920 999 3994 porrigitur;
1024 3923 1079 3978 in
1109 3937 1216 3992 quo
1242 3921 1547 3978 Judaeorum
1584 3925 1789 3994 pariter
1817 3939 1881 3978 ac
1910 3924 2102 3998 Tyrio-

522 4028 644 4068 rum
669 4015 970 4070 communis
1000 4014 1262 4070 habitatio
1291 4021 1392 4070 est.
1430 4014 1681 4070 Latitudo
1709 4024 1888 4070 autem
1919 3999 2037 4085 ejus
2072 4030 2102 4069 a

522 4116 707 4162 monte
731 4106 922 4175 Libani
949 4123 1118 4177 usque
1146 4107 1215 4162 ad
1243 4108 1541 4173 Tiberiadis
1569 4107 1745 4162 lacum
1773 4107 2099 4162 extenditur.

520 4195 581 4254 In
609 4199 786 4254 medio
810 4208 989 4253 autem
1004 4199 1201 4254 ludant:
1223 4198 1414 4253 civitas
1437 4198 1807 4268 Hierosolyma
1823 4207 1925 4264 est,
1949 4200 2103 4268 quasi

524 4286 812 4342 umbilicus
838 4288 1072 4357 regionis
1096 4295 1152 4341 et
1186 4287 1349 4342 totius
1399 4295 1579 4352 terrm,
1609 4288 1882 4344 variarum
1938 4303 2100 4358 opum

523 4374 694 4440 dives,
712 4373 953 4445 frugibus
971 4375 1182 4439 fertilis,
1197 4376 1351 4444 aquis
1367 4375 1608 4440 illustris,
1622 4377 1801 4446 Opima
1824 4379 2097 4437 balsamis.

2211 562 2465 628 rusalem,
2493 571 2550 618 et
2593 562 2648 616 in
2687 561 2987 617 conﬁnibus
3042 561 3159 632 ejus
3215 561 3442 617 habitat.
3494 562 3798 634 Allegorice

2209 661 2392 706 autem
2417 651 2682 723 signiﬁcat
2712 659 3032 722 praesentem
3072 650 3396 718 Ecclesiam,
3425 651 3493 708 de
3523 667 3628 722 qua
3661 653 3796 709 scri-

2209 753 2360 812 ptum
2412 752 2495 798 est
2533 759 2545 794 :
2587 741 2940 807 Hierusalem,
2993 757 3111 812 quis
3169 741 3464 810 aediﬁcatur
3504 752 3561 797 ut
3610 744 3802 798 civitas

2211 828 2383 902 (Psal.
2411 829 2581 901 CXXI).
2622 830 2974 902 Tropologice
3019 839 3199 885 autem
3250 831 3522 902 signiﬁcat
3581 833 3799 890 ﬁdelem

2211 923 2468 987 animam,
2497 939 2616 992 quze
2641 941 2772 996 pura
2801 931 2980 979 mente
3023 923 3310 979 Dominum
3358 927 3796 996 contemplatur:

2204 1011 2357 1082 juxta
2417 1028 2694 1084 anagogen
2745 1028 2872 1084 ergo
2923 1013 3197 1068 caelestem
3260 1015 3528 1084 patriam,
3571 1027 3627 1071 et
3677 1033 3802 1073 san-

2211 1111 2420 1155 ctorum
2477 1103 2788 1174 angelorum
2845 1113 3008 1173 atque
3064 1104 3349 1159 hominum
3402 1107 3799 1164 habitationem

2213 1194 2265 1248 in
2316 1196 2507 1260 etelis,
2564 1197 2630 1252 de
2681 1213 2786 1266 qua
2844 1197 2974 1253 dicit
3035 1197 3325 1267 Apostolus
3385 1216 3398 1252 :
3461 1198 3802 1254 Hierusalem

2211 1303 2327 1356 qua:
2381 1303 2589 1340 sursum
2640 1296 2746 1352 est,
2795 1304 2914 1358 qua!
2955 1298 3028 1342 est
3072 1297 3243 1342 mater
3285 1297 3465 1342 nostra
3511 1287 3655 1359 (Gal.
3698 1290 3794 1359 tv).

2211 1377 2286 1430 De
2332 1392 2437 1446 qua
2483 1376 2718 1432 Joannes
2743 1377 3029 1448 Apostolus
3057 1380 3110 1433 in
3139 1380 3464 1452 Apocalypsi
3511 1397 3606 1435 sua
3652 1381 3804 1436 sulli-

2213 1469 2416 1524 cienter
2444 1477 2650 1534 narrat,
2679 1477 2733 1523 et
2755 1477 3080 1524 structuram
3111 1468 3229 1538 ejus
3256 1471 3322 1525 de
3369 1471 3638 1540 lapidibus
3664 1487 3799 1541 pre-

2212 1559 2364 1614 tiosis
2384 1601 2399 1624 ,
2423 1559 2524 1614 hoc
2549 1568 2632 1614 est
2654 1559 2962 1614 hominibus
2989 1561 3216 1626 sanctis,
3262 1562 3492 1632 mystice
3517 1563 3796 1618 describit.

2213 1646 2457 1702 Samaria
2483 1649 2629 1718 regio
2650 1647 2949 1704 Palaestinae
2977 1650 3045 1704 ab
3089 1650 3285 1720 oppido
3323 1653 3556 1720 quodam
3603 1667 3802 1708 nomen

2212 1740 2416 1809 accepit
2437 1755 2556 1810 quae
2578 1741 2871 1795 vocabatur
2899 1740 3168 1806 Samaria,
3185 1743 3382 1798 civitas
3404 1746 3676 1813 quondam
3708 1759 3802 1801 re-

2215 1829 2348 1902 galis
2377 1830 2431 1884 in
2461 1830 2642 1897 Israel,
2668 1848 2787 1902 quae
2816 1848 2959 1887 nunc
2990 1833 3058 1886 ab
3092 1832 3318 1904 Augusti
3364 1836 3581 1890 nomine
3631 1835 3803 1892 Seba--

2214 1921 2314 1975 stia
2339 1932 2698 1992 nuncupatur.
2717 1921 2842 1977 Haec
2865 1923 3012 1994 regio
3036 1923 3176 1978 inter
3189 1923 3428 1980 Iudaeam
3443 1935 3497 1981 et
3517 1927 3795 1982 Galilzeam

2215 2010 2390 2064 media
2428 2009 2608 2078 jacet,
2637 2011 2896 2082 incipiens
2929 2028 2957 2064 a
2987 2012 3136 2076 vico,
3161 2014 3245 2067 cui
3279 2029 3472 2069 nomen
3503 2023 3584 2070 est
3613 2014 3794 2080 Eleas,

2215 2100 2470 2156 deﬁciens
2504 2102 2558 2155 in
2600 2111 2743 2155 terra
2769 2101 3003 2156 Ararath
3037 2121 3048 2156 :
3084 2105 3219 2158 situs
3248 2104 3365 2173 ejus
3401 2115 3589 2159 natura
3617 2107 3801 2160 consi-

2214 2193 2347 2259 mili,
2386 2209 2486 2248 nec
2511 2194 2620 2248 ullo
2646 2193 2898 2249 differens
2929 2210 2957 2248 a
2984 2193 3185 2249 Judma.
3220 2195 3468 2250 Samaria
3513 2195 3680 2260 enim,
3705 2215 3800 2250 cu-

2213 2285 2382 2339 stodia
2433 2285 2819 2355 interpretatur
2859 2303 2872 2340 :
2914 2286 3034 2341 inde
3082 2297 3407 2356 nuncupata,
3449 2289 3589 2356 quod
3622 2298 3800 2344 trans-

2213 2377 2337 2432 latis
2363 2378 2546 2432 decem
2576 2379 2822 2434 tribttbus
2857 2395 2886 2434 a
2916 2379 3181 2436 Chaldaeis
3228 2381 3347 2436 alite
3385 2392 3570 2453 gentes
3612 2384 3680 2438 ab
3715 2385 3798 2440 eis

2214 2468 2516 2522 substitutai
2544 2479 2688 2534 sunt,
2719 2485 2840 2540 qua:
2863 2479 3066 2525 terram
3096 2470 3449 2528 custodirent.
3484 2471 3670 2527 Solent
3700 2490 3797 2529 ωι-

2215 2567 2322 2614 tem
2349 2559 2675 2616 Samaritani
2702 2561 3016 2617 idololatriae
3052 2563 3340 2634 imaginem
3371 2565 3656 2620 sustinere.
3689 2566 3797 2636 Ipsi

2213 2651 2357 2705 enim
2387 2651 2621 2721 separati
2651 2667 2681 2705 a
2708 2652 2904 2722 populo
2933 2651 3235 2707 Iudaeorum
3273 2653 3576 2709 simulacris
3601 2654 3800 2711 multo-

2215 2758 2334 2796 rum
2367 2742 2697 2807 animalium,
2730 2743 2781 2797 id
2810 2745 3112 2808 est,vaecis
3137 2745 3315 2798 aureis
3339 2745 3642 2799 animarum
3673 2760 3798 2802 sua-

2214 2848 2332 2887 rum
2355 2834 2515 2888 decus
2538 2835 2873 2888 addixerant.
2901 2833 3129 2890 Possunt
3154 2835 3316 2889 etiam
3348 2836 3404 2889 in
3436 2833 3796 2891 Samaritanis

2214 2931 2267 2977 et
2297 2923 2535 2978 lueretici
2563 2924 2755 2994 accipi,
2783 2925 2875 2994 qui
2916 2925 3163 2980 videntur
3201 2926 3334 2998 legis
3389 2926 3484 2981 Dei
3537 2927 3788 2982 notitiam

2214 3012 2435 3078 habere,
2466 3015 2559 3069 sed
2589 3029 2832 3069 errorum
2868 3031 3086 3069 suorum
3119 3015 3407 3071 srmulacra
3444 3032 3548 3070 non
3579 3024 3796 3073 cessant

2214 3103 2416 3168 colore,
2447 3112 2502 3156 et
2532 3103 2651 3158 ideo
2678 3105 2908 3174 separati
2959 3120 2988 3158 a
3036 3106 3230 3176 populo
3281 3107 3374 3161 Dei
3421 3106 3621 3162 nullam
3667 3122 3793 3178 pos-

2209 3201 2334 3247 sunt
2385 3195 2812 3250 communionem
2868 3195 3085 3251 habere.
3150 3197 3340 3252 lturtea
3391 3207 3446 3253 et
3489 3199 3796 3257 Traconitis

2209 3287 2377 3358 regio,
2409 3286 2561 3356 cujus
2589 3288 2857 3343 tetrareha
2888 3287 2988 3344 fuit
3022 3289 3318 3360 Philippus,
3352 3291 3489 3346 sicut
3529 3292 3582 3346 in
3615 3292 3793 3347 Evan-

2209 3376 2346 3447 gelio
2379 3377 2626 3447 legimus.
2652 3377 2955 3432 Traconitis
2984 3389 3163 3433 autem
3203 3380 3400 3435 dicitur
3449 3390 3592 3436 terra
3631 3380 3790 3450 juxta

2210 3470 2478 3524 desertum
2506 3468 2736 3532 Arabiae,
2767 3470 2910 3538 quod
2949 3469 3434 3542 Bostrzejungitur.
3465 3471 3655 3527 lturzea
3689 3473 3792 3543 Sy-

2210 3577 2327 3615 rum
2383 3570 2486 3627 est,
2519 3570 2573 3616 et
2626 3561 3010 3630 interpretatur
3052 3572 3321 3618 montana.
3369 3563 3587 3618 Galilrea
3639 3565 3789 3634 regio

2208 3653 2522 3718 Palaestinze,
2546 3667 2761 3717 vocata,
2782 3655 2922 3724 quod
2947 3655 3129 3724 gignat
3153 3654 3494 3710 candidiores
3516 3656 3785 3722 homines,

2207 3758 2368 3812 quam
2408 3741 2712 3796 Palaestina.
2766 3741 2890 3798 Haec
2935 3752 3112 3798 autem
3152 3743 3346 3814 duplex
3383 3753 3464 3799 est
3494 3762 3507 3799 :
3539 3745 3789 3816 superior

2206 3841 2259 3887 et
2285 3831 2527 3898 inferior,
2553 3831 2654 3885 sibi
2688 3839 2865 3885 tamen
2901 3848 3175 3896 connexus,
3207 3831 3375 3904 Syria:
3406 3842 3460 3886 et
3491 3834 3787 3891 Phcenicias

2206 3925 2562 3979 adhaerentes.
2594 3923 2761 3978 Terra
2792 3939 2977 3978 earum
3010 3924 3186 3995 Opima
3215 3932 3269 3977 et
3299 3921 3446 3977 ferax
3497 3933 3551 3977 et
3591 3925 3785 3981 fructi-

2205 4015 2304 4068 bus
2327 4015 2458 4072 satis
2481 4013 2727 4070 fecunda.
2752 4013 3139 4084 Interpretatur
3160 4022 3336 4068 autem
3363 4012 3606 4080 Galiltea,
3645 4026 3783 4082 rota,

2203 4105 2316 4159 sive
2345 4105 2730 4175 transmigratio
2770 4105 2909 4174 facta
2970 4103 3208 4158 revelatio
3266 4121 3278 4158 :
3325 4119 3445 4173 qua:
3494 4104 3785 4175 aliqumdo

2203 4196 2468 4267 signiﬁcat
2494 4196 2774 4266 praesentis
2790 4196 2909 4250 vitrc
2926 4210 3164 4260 cursum,
3188 4205 3245 4250 ut
3265 4205 3349 4250 est
3378 4195 3505 4249 illud
3531 4195 3582 4248 in
3607 4196 3782 4250 Evan-

2201 4287 2357 4356 gelio,
2375 4287 2466 4340 ubi
2489 4287 2552 4340 de
2576 4285 2854 4340 Salvatorc
2875 4285 3073 4340 dictum
3103 4294 3184 4340 est
3213 4304 3226 4340 :
3257 4285 3484 4357 Reliquit
3508 4283 3781 4349 Judtram,

2202 4387 2247 4430 et
2277 4377 2460 4430 iterant
2511 4377 2644 4432 venit
2695 4378 2748 4431 in
2797 4374 3071 4430 Galila'am
3119 4374 3300 4446 (Joan.
3347 4376 3443 4449 tv).
3483 4374 3621 4443 Quid
3673 4382 3777 4439 est,

523 4462 678 4520 Unde
699 4464 990 4518 secundum
1009 4465 1395 4520 elementorum
1412 4466 1639 4536 gratiam
1653 4467 2098 4524 existimaverunt
2124 4504 2176 4562 Β
2204 4463 2405 4535 reliquit
2429 4465 2696 4530 Judwam,
2752 4465 2854 4519 nisi
2902 4464 3118 4534 reliquit
3162 4464 3527 4520 inﬁdelitatem
3569 4463 3781 4519 illorum

519 4551 689 4609 Judaei
710 4568 829 4610 eam
849 4555 1167 4635 promissam
1191 4557 1431 4635 patribus
1451 4564 1648 4611 terram
1668 4556 1919 4614 ﬂuentem
1941 4559 2100 4614 melle

518 4653 574 4703 et
586 4633 880 4712 lacte,cum
905 4646 1030 4702 hinc
1057 4646 1162 4703 illis
1191 4633 1330 4702 Deus
1354 4647 1764 4702 resurrectionis
1791 4651 2102 4719 praerogati-

513 4753 642 4796 vam
661 4739 1025 4811 polliceretur.
1049 4737 1239 4806 Judaei,
1261 4738 1604 4809 confessores,
1632 4739 2060 4810 interpretantur
2083 4760 2096 4796 :

515 4840 573 4888 et
591 4830 774 4886 Judasa
804 4832 1190 4901 interpretatur
1211 4829 1484 4898 confessio.
1506 4829 1726 4899 Mystice
1747 4839 1987 4887 sanctam
2003 4832 2100 4886 Ec-

515 4921 738 4978 clesium
760 4921 1057 4992 signiﬁcat:
1081 4921 1134 4973 in
1151 4934 1252 4988 qua
1276 4919 1533 4972 Dominus
1556 4927 1698 4973 recta
1722 4919 1844 4985 ﬁde,
1859 4921 1943 4990 pia
1969 4936 2100 4976 con-

511 5012 749 5068 fessione
787 5019 841 5066 et
873 5012 1029 5067 bonis
1066 5010 1320 5082 operibus
1363 5024 1574 5080 semper
1621 5009 1888 5067 laudatur.
1933 5010 2097 5084 Cujus

514 5105 683 5161 etiam
712 5111 896 5175 typum
936 5101 1291 5167 Hierusalem,
1315 5116 1435 5171 qua:
1451 5102 1833 5174 interpretatur
1854 5103 1978 5157 visio
1999 5121 2095 5173 pa-

513 5196 609 5258 cis,
630 5203 807 5250 tenet:
828 5177 952 5265 quia
974 5193 1063 5249 ille
1085 5195 1208 5249 inde
1229 5194 1578 5264 conspicitur,
1593 5195 1682 5264 qui
1699 5204 1772 5249 est
1791 5211 1897 5265 pax
1914 5205 2092 5250 nostra

513 5294 561 5340 et
584 5285 705 5354 fecit
737 5294 957 5355 utraque
990 5301 1153 5349 unum
1185 5283 1397 5356 (Ephes.
1426 5286 1509 5354 tt).
1546 5285 1652 5341 Sed
1691 5294 1744 5341 ct
1770 5287 1870 5343 hoc
1893 5295 2090 5344 notan—

512 5372 666 5439 dum,
692 5373 835 5443 quod
861 5381 915 5428 et
940 5373 1272 5434 Hierusalem
1310 5374 1602 5433 secundum
1644 5375 1924 5430 historiam
1975 5375 2088 5449 ipsa

512 5472 599 5520 est
617 5463 766 5528 urbs,
791 5463 846 5518 itt
873 5479 980 5534 qua
1008 5464 1264 5520 Dominus
1287 5467 1580 5522 cruciﬁxus
1606 5473 1690 5520 est
1728 5475 1783 5520 et
1825 5465 2088 5535 sepultus,

513 5556 936 5615 etresurrexita
967 5557 1212 5623 mortuis,
1235 5557 1304 5612 ad
1330 5573 1491 5628 quam
1523 5557 1774 5612 Salvator
1819 5555 1874 5609 in
1916 5555 2089 5610 Evan-

512 5647 656 5722 gelio
689 5648 766 5704 ait
794 5667 806 5703 :
837 5647 1189 5716 Hierusalem,
1223 5648 1577 5715 Hierusalem,
1603 5665 1715 5718 qua;
1742 5645 1934 5701 occidis
1963 5663 2087 5718 pro-

515 5742 717 5812 phetas,
747 5751 793 5798 et
847 5742 1050 5816 lapidas
1089 5758 1173 5797 eos
1213 5741 1301 5814 qui
1353 5741 1422 5796 ad
1479 5750 1528 5798 te
1588 5741 1732 5797 missi
1790 5750 1928 5808 sunt,
1976 5750 2088 5798 etc.

2210 4555 2299 4623 qui
2335 4570 2455 4610 eum
2488 4556 2726 4624 recipere
2753 4555 3056 4614 noluerunt,
3087 4564 3140 4609 et
3168 4553 3430 4626 lapidem.
3463 4568 3624 4623 quem
3653 4552 3783 4606 tedi-

2209 4648 2372 4703 ﬁcare
2399 4647 2722 4713 debuerunt,
2760 4648 3184 4717 reprobavcrunt
3213 4665 3224 4698 :
3259 4655 3311 4700 ct
3339 4645 3471 4699 abiit
3508 4660 3604 4718 per
3645 4659 3782 4718 apo-

2205 4739 2370 4793 stolos
2408 4739 2462 4793 in
2512 4738 2806 4803 Galilmam,
2859 4737 2911 4791 id
2965 4745 3066 4800 est,
3119 4737 3170 4789 in
3203 4735 3586 4789 volubilitatem
3619 4735 3782 4803 hujus

2205 4835 2413 4898 tnundi,
2446 4834 2762 4904 prmcipicns
2793 4832 3051 4902 apostolis
3084 4848 3096 4884 :
3128 4829 3229 4895 Ite,
3254 4831 3429 4884 docete
3455 4845 3630 4883 omnes
3654 4845 3781 4898 gen—

2202 4936 2296 4988 tes,
2326 4925 2642 4993 baptizantes
2666 4940 2751 4976 eos
2773 4925 2828 4976 in
2860 4923 3066 4975 nomine
3095 4919 3293 4985 Patris,
3321 4930 3367 4975 et
3402 4917 3550 4983 Filii,
3578 4928 3623 4971 et
3657 4917 3782 4987 Spi-

2199 5019 2330 5072 ritus
2356 5017 2523 5070 sancti
2553 5015 2767 5086 (Matth.
2798 5014 3013 5086 xxvttt).
3053 5014 3206 5082 Quod
3247 5022 3427 5069 autem
3461 5011 3676 5068 Galilaea
3722 5011 3777 5067 in

2199 5105 2666 5176 transmigratione
2693 5103 2978 5175 signiﬁcet,
3005 5104 3240 5159 ostendit
3267 5103 3416 5169 illud,
3437 5101 3579 5172 quod
3608 5115 3774 5171 ange-

2195 5197 2278 5253 lus
2319 5198 2385 5252 ad
2435 5205 2840 5252 monumentum
2890 5196 3100 5252 Domini
3148 5203 3270 5264 post
3321 5191 3777 5249 resurrectionem

2193 5290 2310 5360 ejus
2354 5289 2668 5344 mulieribus
2697 5287 2772 5342 ait
2801 5305 2813 5342 :
2847 5285 3114 5343 Prtecetlet
3138 5303 3226 5341 vos
3258 5287 3311 5341 in
3347 5283 3654 5346 Galilwam;
3704 5280 3778 5334 ibi

2193 5394 2310 5432 eum
2339 5377 2591 5440 videbitis,
2619 5393 2734 5430 ecce
2760 5376 2870 5429 dixi
2902 5375 3041 5428 vobis
3071 5373 3277 5446 (Ibid.).
3305 5373 3422 5428 Jam
3447 5373 3644 5442 quippe
3669 5369 3778 5424 Βε-

2193 5468 2438 5538 demptor
2491 5477 2676 5523 noster
2732 5483 2762 5521 a
2810 5467 3059 5537 passione
3112 5465 3178 5520 ad
3225 5464 3713 5528 resurrectionem,
3742 5475 3776 5518 a

2195 5568 2370 5614 morte
2399 5557 2467 5612 ad
2496 5559 2688 5625 vitam,
2720 5573 2749 5611 a
2779 5573 2940 5629 poena
2984 5557 3051 5612 ad
3078 5555 3305 5626 gloriam
3325 5595 3340 5621 ,
3367 5570 3397 5608 a
3425 5549 3776 5622 corruptione

2194 5652 2261 5705 ad
2305 5651 2762 5720 incorruptionem
2801 5651 3298 5720 transmigraverat.
3343 5647 3502 5702 Prius
3530 5653 3654 5716 post
3684 5655 3776 5698 re-

2195 5743 2584 5806 surreCLionem
2615 5741 2668 5797 in
2716 5740 2935 5804 Galilaea
2983 5756 3013 5797 a
3061 5737 3340 5820 discipulis
3383 5738 3616 5807 videtur,
3645 5731 3775 5808 quia
