4074 6324
373 385 475 445 3H

1334 383 1423 441 DE
1462 382 1807 442 UNIVERSO
1843 384 2025 440 LIBRI
2062 384 2226 441 XXII.
2266 414 2336 427 -—
2372 385 2500 442 LIB.
2538 388 2653 443 XII.

3523 390 3648 451 542.

372 504 794 567 resurrectionis
834 503 953 577 ejus
999 498 1223 577 gloriam
1262 511 1385 575 post
1410 502 1517 556 laeti
1555 501 1875 568 videbimus,
1906 501 1950 556 si
1978 507 2028 567 Α
2054 508 2200 571 ptus,
2230 499 2499 556 tribulatio
2527 509 2874 573 coangustans
2897 515 2917 554 :
2942 510 2998 559 et
3025 502 3297 575 signiﬁcat
3322 521 3519 578 vanum
3546 508 3627 565 la-

372 599 536 655 modo
565 612 596 652 a
625 595 772 652 vitiis
798 595 868 652 ad
895 596 1151 650 virtutum
1185 593 1557 650 celsitudinem
1596 592 1948 663 transmigra-

374 706 518 746 mus.
555 686 658 756 Qui
682 702 809 760 ergo
854 686 1133 741 nuntiatur
1180 685 1235 739 in
1283 683 1562 755 sepulcro,
1603 684 1657 738 in
1698 682 1950 739 transmi-

373 779 621 852 gratione
647 774 981 844 ostenditur;
1033 776 1158 846 quia
1201 776 1266 841 is,
1311 774 1403 845 qui
1448 775 1504 829 in
1531 774 1948 830 mortiﬁcatione

373 872 559 928 carnis
605 870 947 939 agnoscitur,
978 867 1033 923 in
1065 866 1538 938 transmigratione
1571 865 1769 921 mentis
1805 864 1950 919 vide-

373 972 482 1017 tur.
513 961 817 1018 Secundum
846 959 974 1015 illud
1003 968 1202 1024 autem,
1226 956 1369 1028 quod
1417 955 1633 1012 Galilaaa
1678 957 1945 1025 interpre-

373 1061 517 1108 tatur
544 1049 809 1117 revelatio,
836 1065 943 1105 non
965 1047 1077 1117 jam
1109 1049 1162 1102 in
1188 1048 1358 1103 forma
1383 1047 1522 1101 servi
1547 1045 1945 1115 intelligendum

370 1150 478 1209 est,
505 1142 600 1197 sed
627 1141 738 1206 illa,
767 1140 822 1195 in
856 1156 960 1212 qua
991 1140 1212 1209 aequalis
1240 1147 1323 1194 est
1361 1138 1535 1205 Patri,
1566 1154 1725 1208 quam
1751 1137 1948 1206 promi-

370 1234 444 1290 sit
473 1233 613 1305 apud
636 1233 898 1288 Joannem
945 1231 1290 1287 dilectoribus
1333 1231 1468 1295 suis,
1499 1245 1622 1285 cum
1669 1228 1875 1284 diceret
1928 1244 1942 1283 :

345 1323 442 1378 -Et
466 1341 557 1395 ego
580 1322 796 1395 diligam
824 1339 964 1388 eum,
987 1331 1035 1377 et
1062 1322 1329 1376 ostendam
1357 1339 1436 1376 me
1462 1321 1633 1392 ipsum
1656 1320 1734 1374 illi
1762 1321 1943 1392 (Joan.

370 1417 520 1489 XIV);
569 1432 673 1472 non
701 1417 886 1486 utique
906 1415 1200 1471 secundum
1235 1413 1307 1483 id,
1332 1415 1474 1485 quod
1515 1412 1627 1481 jam
1672 1413 1943 1479 videbant,

371 1519 428 1565 et
456 1506 598 1579 quod
623 1506 737 1578 jam
761 1522 1049 1578 resurgens
1076 1522 1198 1562 cum
1229 1505 1572 1561 cicatricibus
1617 1520 1723 1559 non
1770 1504 1945 1560 solum

370 1600 683 1665 videndum,
705 1599 800 1654 sed
828 1598 992 1654 etiam
1028 1595 1354 1669 tangendum
1384 1597 1723 1667 postmodum
1765 1604 1946 1651 osten-

370 1691 484 1756 dit;
516 1690 609 1746 sed
631 1690 924 1746 secundum
960 1688 1103 1743 illam
1134 1686 1458 1743 ineffabilem
1483 1686 1657 1741 lucem
1681 1701 1798 1755 qua:
1822 1684 1948 1740 illu-

370 1781 537 1835 minat
565 1796 766 1834 omnem
795 1778 1052 1833 hominem
1082 1780 1367 1832 venientem
1415 1778 1470 1832 in
1515 1778 1654 1832 hunc
1690 1777 1945 1832 mundum

2051 592 2260 657 borem,
2287 605 2446 661 quem
2476 590 2647 661 iniqui
2674 600 2933 648 exercent
2965 593 3019 648 in
3043 594 3147 650 hoc
3176 594 3377 652 mundo
3401 606 3632 656 aestuan-

2051 688 2133 738 tes
2161 696 2257 751 per
2282 682 2585 748 avaritiam,
2615 682 2763 739 lucra
2792 683 2973 740 saeculi
3003 686 3283 753 sectando,
3335 695 3392 744 et
3416 692 3632 763 negotia

2051 773 2234 830 mundi
2257 774 2557 828 exercendo
2581 791 2594 828 :
2622 773 2716 829 ubi
2755 790 3031 844 nunquam
3072 777 3358 834 animabus
3404 780 3517 836 suis
3542 799 3631 839 re-

2049 863 2229 932 quiem
2260 863 2552 929 inveuieut,
2582 863 2677 919 sed
2711 864 2777 920 de
2826 864 3175 922 tribulatione
3220 867 3382 939 hujus
3405 870 3530 927 vitae
3574 873 3630 929 in

2050 953 2351 1023 angustiam
2386 955 2705 1024 pervenient
2756 957 3162 1027 sempiternam.
3208 958 3395 1016 Potest
3447 972 3631 1020 autem

2050 1041 2314 1115 Egyptus
2345 1044 2602 1099 mundum
2631 1045 2937 1116 signiﬁcare
2959 1045 3026 1101 ad
3062 1048 3231 1103 Deum
3274 1066 3627 1120 conversum,

2048 1139 2109 1186 ut
2131 1132 2181 1185 in
2206 1133 2447 1203 psalmo:
2481 1132 2695 1190 Venient
2718 1133 2875 1206 legati
2900 1153 2964 1192 ea:
2986 1137 3220 1210 Egypto
3243 1140 3418 1212 (Psal.
3440 1144 3638 1215 LXVII).

2048 1221 2118 1275 Et
2140 1221 2191 1275 in
2226 1222 2363 1277 Isaia
2404 1240 2418 1276 :
2450 1220 2519 1276 In
2544 1222 2627 1278 die
2647 1223 2741 1278 illa
2769 1225 2866 1279 erit
2893 1225 3060 1281 altare
3102 1228 3315 1284 Domini
3356 1231 3411 1287 in
3460 1234 3633 1288 medio

2047 1319 2201 1365 terra:
2228 1311 2468 1382 zEgypti.
2494 1312 2806 1368 Clamabunt
2830 1317 2967 1369 enim
3005 1317 3074 1370 ad
3101 1316 3385 1374 Dominum
3432 1339 3465 1375 a
3495 1323 3633 1393 [acie

2045 1400 2365 1468 tribulantis,
2398 1411 2447 1456 et
2481 1405 2645 1457 mittet
2671 1406 2744 1458 eis
2771 1401 3098 1461 Salvatorem
3121 1417 3168 1462 et
3194 1421 3631 1480 propugnatorem

2046 1495 2137 1564 qui
2159 1493 2337 1548 liberet
2360 1510 2447 1548 eos
2471 1492 2604 1566 (Isa.
2648 1495 2940 1567 xlx).ltem
2970 1497 3025 1553 in
3064 1499 3259 1555 malam
3293 1510 3503 1571 partem
3548 1502 3632 1557 in-

2047 1583 2322 1654 telligitur,
2350 1593 2409 1638 ut
2451 1592 2535 1639 est
2566 1582 2696 1639 illud
2727 1585 2977 1641 Ezechiel
3009 1605 3021 1645 :
3052 1587 3183 1643 Cum
3215 1589 3407 1645 dedero
3436 1602 3632 1646 terram

2047 1671 2266 1743 zEgypti
2294 1672 2602 1727 desolatam.
2644 1673 2923 1728 Deseretur
2959 1686 3132 1731 autem
3175 1685 3315 1733 terra
3351 1697 3385 1733 a
3407 1679 3633 1751 plenitu-

2046 1762 2170 1816 dine
2193 1778 2312 1829 sua,
2343 1762 2552 1833 quando
2594 1779 2897 1833 percussero
2934 1781 3113 1820 omnes
3156 1767 3473 1824 habitatores
3514 1771 3632 1841 ejus

371 1870 554 1945 (Joan.
584 1869 648 1943 ι),
679 1870 976 1927 secundum
1005 1884 1168 1939 quam
1199 1868 1333 1922 lucet
1360 1868 1412 1921 in
1440 1868 1690 1933 tenebris,
1715 1877 1763 1922 et
1801 1877 1943 1921 tene-

2050 1853 2265 1926 (Ezech.
2292 1853 2467 1924 χιιι).
2497 1854 2628 1911 Item
2657 1855 2821 1910 Amos
2846 1856 2977 1911 dicit
3007 1875 3020 1910 :
3053 1856 3317 1928 Egyptus
3345 1860 3401 1914 in
3435 1860 3636 1917 desola-

372 1962 480 2016 brw
497 1978 610 2015 eam
633 1977 736 2015 non
770 1958 1285 2031 comprehenderunt.
1329 1958 1459 2013 Illuc
1505 1975 1603 2014 nos
1648 1957 1943 2029 praecessit,

370 2049 513 2104 unde
541 2048 608 2103 ad
638 2063 738 2103 nos
776 2049 999 2103 veniens
1042 2063 1149 2103 non
1185 2049 1430 2115 recessit,
1459 2056 1514 2104 et
1548 2064 1655 2118 quo
1684 2064 1782 2104 nos
1808 2065 1947 2120 prae-

368 2135 567 2192 cedens
593 2151 699 2191 non
724 2137 978 2192 deseruit.
999 2137 1091 2192 Illa
1120 2138 1224 2193 erit
1250 2139 1525 2206 revelatio,
1543 2146 1796 2209 tanquam
1819 2152 1947 2194 vera

370 2222 688 2293 in'Galilara,
714 2243 834 2282 cum
860 2228 1064 2284 similes
1085 2228 1136 2283 ei
1157 2229 1377 2286 erimus.
1402 2228 1478 2284 lbi
1499 2246 1624 2285 eum
1647 2230 1948 2286 videbimus

368 2316 529 2371 sicuti
568 2325 652 2372 est
679 2316 732 2388 (I
752 2317 912 2372 Joan.
946 2319 1051 2390 ιιι).
1075 2318 1193 2388 Ipsa
1222 2319 1327 2373 erit
1347 2319 1511 2374 etiam
1530 2319 1741 2376 beatior
1770 2328 1948 2375 trans-

368 2408 621 2478 migratio
639 2424 703 2462 ex
731 2408 836 2464 isto
864 2408 1062 2464 sa'culo
1086 2410 1139 2463 in
1180 2409 1324 2464 illam
1352 2410 1707 2465 :eternitatem
1725 2451 1741 2476 ,
1764 2411 1808 2466 si
1831 2410 1947 2482 ejus

367 2505 638 2567 praecepta
668 2496 746 2551 sic
775 2498 1180 2568 amplectamur,
1211 2507 1272 2553 ut
1297 2500 1365 2554 ad
1395 2500 1511 2571 ejus
1541 2500 1821 2563 dexteram
1863 2515 1949 2556 se-

368 2587 582 2657 gregari
610 2603 935 2643 mereamur.
966 2588 1273 2659 Pentapolis
1299 2590 1446 2660 regio
1475 2591 1529 2645 in
1556 2590 1790 2646 conﬁnio
1819 2589 1949 2645 Ara—

368 2674 473 2730 bia:
498 2684 554 2730 et
576 2675 875 2750 Palatstiuse
919 2678 1046 2744 sita,
1090 2680 1232 2735 dicta
1283 2695 1315 2734 a
1358 2680 1597 2751 quinque
1640 2680 1948 2737 civitatibus

368 2765 680 2837 impiorum,
706 2782 826 2839 quze
852 2767 1058 2823 caelesti
1090 2768 1214 2838 igne
1251 2777 1584 2840 consumpta:
1612 2779 1775 2826 sunt:
1803 2779 1949 2827 terra

368 2855 600 2925 amplius
624 2857 691 2912 ab
713 2856 1044 2914 Hierusalem
1076 2859 1204 2914 olim
1252 2860 1545 2928 uberrima,
1577 2852 1721 2917 nunc
1769 2870 1949 2918 autem

369 2946 584 3003 deserta
615 2936 779 3021 atque
805 2960 1012 3006 exusta.
1038 2950 1173 3006 Nam
1195 2967 1295 3023 pro
1319 2953 1523 3009 scelere
1557 2953 1855 3010 incolarum
1883 2954 1951 3010 de

369 3038 509 3093 ctelo
537 3040 815 3097 descendit
845 3043 1002 3112 ignis,
1034 3044 1125 3114 qui
1153 3044 1428 3118 regionem
1451 3045 1598 3101 illam
1644 3046 1700 3102 in
1738 3046 1951 3103 cineres

369 3132 600 3186 aeternos
621 3132 890 3200 dissolvit;
933 3134 1041 3190 illic
1078 3137 1270 3190 umbra
1299 3136 1543 3207 quaedam
1583 3146 1639 3192 et
1663 3137 1871 3206 species
1892 3137 1948 3192 in

2047 1946 2187 1998 tione
2205 1945 2301 1999 erit
2322 1954 2369 1999 et
2395 1943 2637 2000 Idumam
2660 1946 2714 2005 in
2736 1946 2995 2000 desertum
3022 1948 3329 2017 perditionis
3356 1948 3496 2020 (Joel
3522 1949 3628 2024 In).

2049 2033 2293 2106 Scythia,
2324 2034 2463 2090 sicut
2487 2044 2544 2089 et
2564 2034 2760 2090 Guthia
2787 2051 2817 2089 a
2843 2034 3048 2107 Magog,
3081 2036 3190 2090 ﬁlio
3216 2035 3428 2108 Japhet,
3457 2035 3632 2094 fertur

2047 2130 2423 2198 cognominata
2460 2144 2475 2184 :
2512 2128 2665 2198 cujus
2694 2137 2838 2184 terra
2873 2130 3000 2186 olim
3025 2131 3215 2203 ingens
3252 2129 3535 2208 fuit.‘Nam
3563 2133 3634 2188 ab

2049 2223 2255 2279 oriente
2287 2222 2458 2288 ludia,
2490 2238 2520 2276 a
2554 2223 2920 2292 septentrione
2942 2238 3043 2291 per
3068 2222 3292 2292 paludes
3333 2222 3625 2279 Metocides

2048 2311 2365 2391 [Mmotides]
2402 2314 2543 2369 inter
2572 2314 2874 2369 Danubium
2902 2322 2957 2369 et
2988 2313 3263 2369 Oceanum
3291 2330 3462 2385 usque
3488 2314 3629 2371 Ger-

2048 2404 2245 2459 manim
2270 2402 2406 2459 ﬁnes
2430 2402 2826 2476 porrigebatur.
2853 2402 3047 2459 Postea
3078 2419 3207 2459 vero
3234 2405 3412 2459 minor
3434 2403 3627 2461 effecta

2048 2510 2081 2551 a
2109 2496 2297 2551 dextra
2317 2497 2542 2553 orientis
2558 2506 2733 2569 parte,
2762 2513 2867 2568 qua
2898 2513 3134 2554 oceanus
3182 2495 3405 2570 Syricus
3451 2497 3631 2553 tendi-

2047 2595 2141 2643 tur
2181 2604 2351 2660 usque
2378 2590 2446 2645 ad
2472 2605 2624 2645 mare
2655 2589 2930 2661 CaSpium,
2959 2591 3103 2660 quod
3127 2598 3212 2646 est
3231 2590 3299 2645 ad
3332 2604 3584 2646 occasum
3615 2608 3630 2645 :

2051 2680 2247 2739 dehinc
2276 2695 2308 2735 a
2345 2681 2572 2736 meridie
2599 2695 2770 2751 usque
2800 2681 2869 2735 ad
2903 2679 3129 2736 Caucasi
3163 2679 3353 2751 jugum
3400 2678 3635 2735 deducta

2049 2781 2133 2830 est
2156 2792 2171 2829 :
2200 2775 2287 2830 cui
2316 2772 2560 2843 subjaeet
2581 2773 2850 2846 Hyrcania
2878 2772 2947 2828 ab
2973 2787 3170 2827 occasu
3194 2772 3401 2827 habens
3428 2770 3636 2841 pariter

2051 2868 2249 2924 multas
2279 2877 2467 2941 gentes
2505 2876 2726 2940 propter
2754 2874 3021 2922 terrarum
3050 2863 3494 2921 infecunditatem
3524 2862 3633 2919 late

2050 2968 2328 3031 vagantes,
2351 2974 2419 3016 ex
2442 2958 2637 3031 quibus
2658 2958 2902 3028 quaedam
2925 2971 3082 3027 agros
3104 2953 3365 3019 incolunt,
3383 2953 3630 3024 quaedam

2050 3056 2380 3121 portentosae
2416 3063 2481 3104 ac
2537 3056 2717 3104 truces
2761 3046 3017 3103 carnibus
3054 3045 3307 3100 humanis
3337 3050 3392 3100 et
3439 3058 3632 3100 eorum

2055 3140 2316 3211 sanguine
2361 3140 2569 3195 vivunt.
2613 3138 2850 3210 Scythiae
2883 3137 3068 3208 plures
3114 3146 3274 3199 terra:
3310 3144 3439 3190 sunt
3482 3134 3631 3191 locu-

372 3219 565 3277 favillis
591 3231 643 3277 et
675 3224 959 3282 arboribus
988 3224 1119 3296 ipsis
1146 3205 1518 3286 etiamvadhnc
1544 3205 1778 3282 videtur.
1834 3226 1947 3282 Na-
1976 3205 2020 3269 θ
2050 3205 2243 3304 pletes,
2267 3230 2646 3286 inhabitabiles
2675 3205 2855 3284 tamen
2885 3205 3098 3298 plures.
3128 3224 3264 3281 Nam
3287 3225 3414 3281 dum
3438 3225 3491 3280 in
3516 3222 3632 3295 ple-

370 3321 594 3367 seuntur
626 3315 770 3369 enim
793 3315 862 3371 ibi
886 3330 1044 3385 poma
1071 3317 1300 3372 virentia
1322 3318 1423 3374 sub
1451 3326 1599 3373 tanta
1623 3318 1802 3389 specie
1826 3332 1948 3374 ma-

373 3404 628 3472 turitatis,
652 3414 710 3461 ut
744 3406 935 3462 edendi
965 3407 1295 3464 desiderium
1338 3409 1590 3480 gignant;
1640 3408 1686 3463 si
1731 3423 1945 3480 carpas,

368 3495 662 3564 fatiscunt,
710 3512 775 3553 ac
832 3498 1175 3554 resolvuntur
1224 3501 1278 3555 in
1329 3502 1585 3565 cinerem,
1632 3500 1947 3571 fumumque

366 3589 644 3657 exhalant,
676 3590 830 3660 quasi
875 3591 1050 3647 adhuc
1102 3593 1346 3648 ardeant.
1401 3592 1538 3648 Nam
1576 3592 1886 3663 P’entapons
1914 3608 1943 3649 a

364 3694 597 3734 numero
616 3679 919 3733 derivatum
942 3694 1136 3736 nomen
1153 3721 1170 3747 ,
1196 3683 1354 3752 quasi
1381 3684 1619 3754 quinque
1663 3685 1943 3740 civitatum

365 3767 541 3837 regio.
566 3765 812 3838 Quinque
837 3768 920 3822 htB
938 3782 1068 3823 vero
1089 3769 1336 3826 civitates
1371 3771 1425 3825 in
1453 3787 1518 3827 ea
1546 3773 1769 3829 consitae
1796 3781 1940 3841 sunt,

364 3858 470 3913 hoc
500 3866 612 3925 est,
639 3857 903 3925 Sodoma,
945 3875 1064 3930 quae
1119 3860 1499 3931 interpretatur
1539 3880 1695 3934 pecus
1749 3863 1943 3930 silens;

365 3948 648 4015 Gomorra,
667 3965 784 4019 qua:
805 3950 1193 4021 interpretatur
1207 3951 1387 4022 populi
1414 3953 1590 4020 timor,
1616 3953 1701 4009 vel
1722 3954 1943 4022 seditio;

364 4040 592 4109 Adama,
631 4056 751 4111 qua:
798 4042 1182 4112 interpretatur
1208 4042 1418 4108 humus,
1459 4044 1572 4099 sive
1616 4054 1792 4111 terra,
1831 4044 1943 4100 sive

365 4141 575 4186 terrena
600 4145 618 4183 :
648 4130 883 4195 Seboim,
920 4147 1039 4202 qua:
1071 4132 1457 4203 interpretatur
1484 4151 1792 4206 caprearum
1812 4175 1828 4201 ,
1859 4135 1943 4191 vel

364 4220 721 4299 damularum,
743 4222 857 4276 sive
880 4221 1035 4276 statio
1064 4222 1179 4292 ejus
1206 4239 1371 4289 mare,
1397 4223 1483 4279 vel
1520 4225 1677 4278 statio
1721 4224 1883 4279 maris
1919 4239 1939 4279 :

366 4312 558 4385 Segor,
592 4329 713 4383 qua:
757 4315 1165 4386 interpretatur}
1183 4332 1362 4385 parva.
1408 4316 1535 4373 Haec
1581 4324 1759 4373 autem
1791 4319 1940 4391 regio

365 4403 491 4474 quia
529 4404 709 4459 divino
743 4404 949 4475 judicio
979 4415 1201 4476 pr0pter
1243 4405 1449 4462 scelera
1475 4422 1571 4463 sua
1599 4419 1789 4465 exusta
1833 4418 1937 4478 est,

364 4494 633 4566 signiﬁcat
655 4497 873 4567 eos,qui
898 4496 1136 4568 quinque
1155 4486 1402 4557 sensibus
1421 4501 1663 4570 corporis
1695 4502 1808 4557 suis
1844 4502 1940 4556 ab-

364 4596 589 4655 utuntur
609 4588 664 4643 in
684 4587 895 4643 luxuria
911 4597 967 4643 et
988 4588 1261 4659 voluptate
1281 4599 1618 4645 terrenarum
1640 4606 1840 4658 rerum,
1859 4593 1937 4648 rei

364 4686 491 4733 sunt
508 4678 694 4733 aeterni
717 4677 975 4746 incendii,
989 4679 1033 4733 si
1055 4694 1160 4733 non
1176 4680 1255 4734 eis
1268 4679 1582 4749 pmnitentia
1602 4688 1658 4734 et
1675 4683 1940 4739 correctio

362 4781 737 4840 perversorum
765 4784 976 4824 morum
1014 4777 1138 4825 ante
1161 4769 1488 4826 subvenerit.
1516 4770 1940 4843 Egyptus,qua3

359 4859 513 4929 prius
543 4858 704 4914 [Et-ia
754 4859 1063 4926 dicebatur,
1115 4860 1183 4915 ab
1241 4858 1475 4931 ABgypto
1535 4862 1705 4917 Danai
1772 4861 1940 4920 fratre

360 4958 550 5021 postea
593 4949 666 5004 ibi
698 4957 956 5020 regnante
994 4964 1188 5004 nomen
1219 4950 1442 5019 accepit.
1474 4948 1599 5006 Haec
1630 4952 1697 5006 ab
1725 4952 1934 5009 oriente

363 5040 535 5113 Syria:
556 5056 619 5096 ac
656 5040 841 5097 Rubro
873 5040 1010 5095 mari
1037 5038 1344 5108 conjuncta,
1375 5041 1443 5095 ab
1469 5055 1665 5096 occasu
1709 5041 1935 5112 Libyam

362 5133 549 5197 habet,
574 5149 607 5188 a
635 5132 1001 5203 septentrione
1025 5147 1175 5186 mare
1204 5130 1475 5203 Magnum,
1506 5149 1538 5186 a
1565 5133 1792 5187 meridie
1810 5146 1937 5188 vero

360 5224 631 5282 introrsus
682 5225 903 5291 recedit,
931 5223 1258 5296 pertendens
1291 5236 1461 5293 usque
1494 5222 1561 5277 ad
1606 5221 1891 5293 {Ethiopes
1914 5230 1936 5279 ’:

363 5320 513 5391 regio
541 5319 664 5375 εαξιί
710 5319 974 5375 imbribus
1020 5317 1249 5384 insueta,
1277 5325 1332 5371 et
1375 5316 1676 5388 pluviarum
1726 5316 1935 5386 ignara.

362 5409 514 5469 Nilus
539 5410 687 5467 solus
705 5426 824 5467 eam
862 5408 1236 5466 circumﬂuens
1263 5408 1471 5479 irrigat,
1503 5417 1557 5464 et
1590 5407 1938 5463 inundatione

361 5500 616 5558 fecundat
652 5521 665 5557 :
696 5502 839 5557 unde
884 5510 938 5559 et
968 5499 1119 5558 ferax
1170 5499 1413 5570 frugibus
1458 5498 1679 5553 multam
1728 5506 1937 5568 partem

360 5600 630 5653 lcrrarum
652 5592 923 5651 frumento
949 5594 1061 5659 alit,
1092 5601 1408 5649 caaterorum
1437 5606 1651 5662 quoque
1699 5591 1940 5661 negotio-

363 5703 487 5744 rum
515 5689 651 5744 adeo
691 5688 928 5759 copiosa,
956 5695 1017 5742 ut
1046 5686 1266 5760 impleat
1312 5684 1633 5742 necessariis
1660 5683 1936 5740 mercibus

359 5779 1079 5867 etiamprbemlerrarum.
1106 5781 1515 5863 Interpretatur“
1534 5783 1725 5862 autem
1762 5774 1935 5849 Egy-

1964 4544 2017 4603 D

2049 3325 2231 3395 risque
2252 3324 2385 3380 locis
2413 3338 2546 3379 auro
2569 3330 2624 3379 et
2650 3321 2877 3394 gemmis
2909 3315 3147 3387 aﬁluant,
3177 3318 3507 3389 gryphorum
3530 3317 3634 3371 im-

2046 3419 2307 3475 manitate
2340 3431 2594 3473 accessus
2631 3413 2913 3470 hominum
2964 3427 3121 3469 rarus
3162 3419 3246 3467 est
3281 3425 3296 3465 :
3329 3408 3632 3480 smaragdis

2047 3518 2225 3566 autem
2251 3510 2468 3578 optimis
2491 3510 2606 3564 haec
2638 3510 2812 3580 patria
2844 3516 2944 3564 est.
2970 3506 3218 3578 Cyaneas
3239 3518 3454 3576 quoque
3490 3502 3629 3573 lapis

2045 3611 2102 3658 et
2131 3600 2417 3673 crystallus
2454 3600 2778 3669 purissimus
2810 3597 3046 3670 Se’ytbiae
3072 3605 3173 3653 est.
3205 3596 3380 3650 Habet
3425 3600 3480 3650 et
3527 3591 3628 3647 ﬁu-

2046 3693 2191 3748 mina
2215 3708 2409 3764 magna
2435 3691 2717 3759 Oscornm,
2746 3684 2978 3746 Fasiden
3021 3698 3182 3758 atque
3221 3686 3456 3741 Araxen.
3490 3680 3628 3756 Scy-

2047 3784 2160 3842 thia
2192 3785 2357 3851 enim,
2387 3798 2508 3855 qua:
2535 3783 2714 3839 calore
2746 3790 2915 3845 caret,
2948 3790 3003 3837 et
3031 3781 3232 3852 frigore
3260 3790 3476 3847 semper
3522 3775 3625 3831 du-

2046 3874 2233 3940 rescit,
2268 3873 2389 3928 illos
2429 3872 2735 3943 signiﬁcare
2777 3879 2975 3942 potest,
3008 3870 3099 3939 qui
3128 3885 3159 3924 a
3187 3868 3366 3924 calore
3393 3865 3629 3935 Spiritus

2044 3962 2216 4017 sancti
2245 3961 2490 4015 extranei
2526 3967 2672 4025 sunt,
2697 3970 2752 4014 et
2803 3959 2904 4014 sub
2931 3958 3076 4013 illius
3104 3971 3273 4028 regno
3298 3954 3623 4018 consistunt,

2043 4052 2135 4124 qui
2158 4052 2292 4107 dixit
2323 4068 2337 4105 :
2369 4049 2573 4111 Ponam
2602 4049 2846 4104 thronum
2872 4062 3042 4101 meum
3087 4046 3155 4099 ad
3205 4043 3524 4116 aquilonem,
3574 4050 3626 4096 et

2041 4159 2131 4198 ero
2176 4140 2361 4196 similis
2400 4140 2667 4194 Altissimo
2719 4137 2855 4210 (Isa.
2888 4136 3033 4208 xnv);
3064 4136 3129 4192 de
3154 4136 3349 4207 quibus
3379 4134 3626 4191 Christus

2042 4233 2159 4288 ait:
2187 4230 2482 4286 Abundavit
2508 4229 2776 4301 iniquitas,
2822 4227 3116 4299 refrigescet
3161 4227 3391 4281 charitas
3432 4224 3626 4279 multo-

2042 4338 2159 4376 rum
2188 4319 2401 4395 (Matth.
2428 4318 2614 4391 xxiv);
2641 4333 2871 4389 quorum
2895 4316 3220 4373 truculentia
3242 4314 3496 4371 carnibus
3517 4315 3622 4370 hu-

2042 4415 2216 4469 manis
2236 4413 2492 4478 vescitur,
2528 4418 2583 4467 et
2610 4425 2800 4467 eorum
2829 4409 3092 4482 sanguine
3130 4409 3283 4472 vivit,
3312 4409 3441 4464 dum
3468 4408 3625 4464 inno-

2042 4511 2225 4559 centes
2250 4501 2445 4557 ltedere
2472 4516 2581 4555 non
2608 4500 2892 4564 desistunt,
2921 4507 2977 4553 et
3003 4513 3102 4568 per
3129 4498 3411 4553 avaritiam
3433 4512 3623 4553 eorum

2041 4592 2376 4649 necessarios
2403 4598 2649 4659 sumptus
2694 4590 2749 4644 in
2782 4589 3057 4660 proprium
3084 4598 3349 4659 qmestum
3398 4604 3625 4644 conver-

2042 4690 2180 4737 tunt.
2202 4682 2281 4736 Illi
2314 4688 2516 4746 autem,
2543 4679 2637 4749 qui
2663 4694 2730 4734 ex
2773 4679 2859 4734 his
2892 4679 2947 4733 in
2984 4678 3245 4748 locuplete
3269 4687 3413 4732 terra
3444 4686 3500 4733 et
3526 4679 3625 4733 ha-

2037 4772 2245 4829 bitabili
2276 4772 2488 4841 degent,
2518 4784 2614 4826 eos
2641 4769 2969 4839 signiﬁcant,
2999 4769 3090 4838 qui
3133 4769 3200 4823 de
3232 4782 3417 4823 errore
3445 4768 3620 4840 genti-

2038 4858 2171 4917 lium
2198 4873 2255 4919 et
2279 4858 2584 4916 idololatria
2622 4859 2869 4915 conversi
2899 4860 2967 4913 ad
2998 4868 3200 4914 terram
3231 4858 3484 4934 Ecclesia:
3527 4875 3621 4919 ve—

2039 4954 2212 5018 niunt,
2241 4952 2425 5023 ibique
2449 4951 2659 5007 sincera
2689 4948 2793 5005 ﬁde
2820 4948 3003 5014 lucidi,
3035 4956 3090 5004 et
3127 4947 3483 5018 pretiosarum
3509 4950 3621 5004 vir-

2037 5051 2208 5100 tutum
2223 5044 2447 5115 gemmis
2473 5056 2685 5112 semper
2707 5041 2966 5105 virentes,
2980 5039 3186 5095 caelesti
3209 5040 3620 5097 conversatione

2039 5135 2230 5189 futurae
2275 5134 2464 5205 patriae
2503 5133 2711 5187 vivunt.
2779 5132 3055 5197 Quorum,
3097 5127 3253 5199 juxta
3302 5128 3617 5200 Apostolum

2038 5223 2206 5298 (Phil.
2255 5226 2369 5295 ιιι),
2411 5224 2748 5281 conversatio
2789 5236 3002 5291 semper
3038 5221 3095 5276 in
3135 5222 3287 5278 caelis
3312 5229 3437 5278 est:
3475 5231 3532 5279 et
3559 5224 3616 5281 in

2039 5331 2201 5371 carne
2248 5315 2582 5371 ambulantes
2615 5330 2721 5369 non
2760 5312 3053 5368 secundum
3097 5327 3317 5367 carnem
3361 5313 3615 5381 militant,

2039 5408 2131 5463 sed
2156 5423 2240 5471 ea,
2271 5422 2391 5475 qua:
2416 5419 2631 5460 sursum
2661 5414 2803 5469 sunt,
2835 5411 3104 5473 qumrunt,
3146 5403 3237 5459 ubi
3288 5411 3345 5458 et
3368 5403 3619 5462 Christus

2038 5508 2136 5559 est,
2162 5497 2215 5551 in
2254 5498 2474 5552 dextera
2502 5494 2599 5549 Dei
2641 5494 2831 5550 sedens
2862 5512 2875 5548 :
2903 5502 3101 5565 etquae
3130 5510 3344 5550 sursum
3371 5503 3499 5550 sunt
3521 5510 3613 5551 sa-

2039 5590 2211 5662 piunt,
2250 5604 2357 5643 non
2389 5602 2511 5658 qua:
2541 5601 2702 5656 super
2742 5593 2964 5642 terram.
3001 5584 3259 5640 Armenia
3303 5591 3614 5655 nuncupata

2040 5681 2110 5736 ab
2131 5679 2367 5735 Armeno
2387 5677 2597 5735 Iasonis
2618 5677 2861 5735 Thessali
2886 5677 3104 5744 comite,
3140 5677 3232 5747 qui
3258 5676 3458 5732 amisso
3486 5690 3615 5747 rege

2039 5771 2235 5858 lasona
2263 5778 2317 5829 et
2361 5761 2588 5830 collecta
2606 5769 2949 5829 multitudine
2977 5768 3113 5844 ejus,
3138 5783 3259 5841 quae
3288 5768 3488 5842 passim
3517 5781 3612 5824 va—
