4074 6324
428 325 532 380 3ιὸ

1064 321 1128 376 Β.
1167 318 1421 375 RABANI
1458 317 1679 377 MAURI
1712 318 2028 376 ARCHIEP.
2070 317 2381 377 MOGUNT.
2419 316 2719 377 OPERUBL
2738 315 2922 373 PARS
2959 314 3025 372 ll.
3116 386 3125 394 '

3578 306 3683 369 5H

428 438 675 511 gabatur,
699 431 1009 493 Armeniam
1033 434 1269 495 condidit
1290 440 1345 489 et
1359 448 1426 489 ex
1449 448 1547 488 suo
1566 431 1782 488 nomine
1796 448 2003 488 nuncu—
2027 434 2079 497 Α
2104 431 2470 502 septentrione
2497 436 2720 500 pontum
2742 426 3009 483 Euxinum
3039 424 3221 491 habet,
3248 423 3317 482 ab
3335 437 3536 480 occasu
3551 421 3687 479 Pro~

427 526 593 598 pavit.
630 524 747 581 Sita
769 535 853 582 est
873 534 1051 579 autem
1066 526 1214 584 inter
1255 522 1492 585 Taurum
1519 529 1577 577 et
1607 521 1932 590 Caucasum,
1968 538 2004 581 a

428 600 766 687 Cappadocia
814 627 986 682 usque
1037 611 1105 667 ad
1165 610 1418 683 Caspium
1466 625 1618 678 mare
1684 619 1937 682 protensa
1987 628 2003 669 :

428 703 635 763 habens
674 718 704 756 a
761 701 1125 772 septentrione
1152 700 1445 766 Ceraunios
1472 706 1702 763 montes,
1730 714 1763 754 e
1814 699 2009 770 quibus

429 789 608 861 Tigris
632 788 824 846 ﬂuvius
851 789 1109 855 nascitur,
1125 796 1180 845 et
1198 789 1251 843 in
1273 787 1423 858 cujus
1443 788 1715 843 montibus
1735 802 1861 843 arca
1887 796 2010 857 post

428 880 688 936 diluvium
711 879 912 937 sedisse
927 879 1255 953 perhibetur.
1274 878 1662 949 Interpretatur
1684 885 1862 933 autem
1875 878 2011 932 Ara-

431 969 579 1035 rath,
609 962 877 1034 Armenia,
903 970 1015 1025 sive
1043 985 1190 1023 mons
1212 967 1500 1023 bellicatus.
1528 967 1763 1022 Ararath
1788 968 1902 1039 ipsa
1924 976 2010 1024 est

428 1063 705 1122 Armenia.
734 1060 1009 1132 Siquidem
1033 1061 1087 1116 in
1125 1060 1395 1116 montibus
1438 1058 1670 1115 Ararath
1718 1075 1844 1116 arca
1888 1066 2011 1131 post

431 1152 689 1209 diluvium
707 1152 911 1208 sedisse
930 1151 1261 1223 perhibetur,
1274 1158 1328 1205 et
1353 1150 1602 1205 dicuntur
1622 1150 1819 1206 ibidem
1840 1164 2011 1220 usque

430 1243 592 1304 hodie
616 1244 732 1315 ejus
753 1259 973 1299 manere
994 1242 1236 1312 vestigia.
1269 1241 1509 1297 Meminit
1534 1243 1725 1297 horum
1747 1242 2010 1298 montium

430 1343 488 1390 et
527 1334 827 1390 llieremias
873 1336 926 1390 in
968 1333 1178 1403 visione
1214 1343 1401 1389 contra
1454 1333 1777 1404 Babylonem
1814 1351 1827 1386 :
1860 1331 2012 1388 lose-

425 1425 571 1500 phus
618 1439 832 1497 quoque
886 1424 939 1479 in
995 1424 1169 1495 primo
1215 1423 1613 1498 Antiquitatum
1663 1424 2010 1486 cudaicarum

430 1516 591 1585 libro,
628 1517 966 1579 saecularium
1018 1516 1321 1585 litterarum
1367 1516 1650 1582 historiam
1682 1514 2007 1587 proferens:

436 1624 457 1656 ι
494 1604 963 1673 Animadvertens,
994 1606 1189 1679 inquit,
1219 1604 1331 1661 Noe
1356 1612 1557 1661 terram
1594 1605 1795 1668 diluvio
1816 1606 2012 1661 libera-

431 1705 564 1761 tam,
587 1703 793 1768 septem
823 1696 956 1763 alios
998 1696 1111 1752 dies
1138 1696 1285 1759 abire
1327 1695 1604 1773 permisit;
1649 1703 1704 1750 et
1757 1697 2008 1753 universa

2103 520 2396 599 pontidem,
2430 535 2463 577 a
2502 516 2727 573 meridie
2773 514 3085 587 Egyptian:
3122 529 3293 571 mare.
3330 512 3506 571 liabet
3554 527 3686 583 pro-

2104 610 2311 665 vincias
2339 628 2353 665 :
2378 608 2707 681 Bithyniam,
2740 605 3053 677 Phrygiam,
3103 602 3391 670 Galatiam,
3439 602 3687 677 Lydiam,

2105 701 2344 767 Cariam,
2374 699 2755 770 Pamphiliam,
2783 694 3074 762 lsauriam',
3115 695 3360 766 Lyciam.
3391 693 3566 750 Habet
3593 709 3690 749 au—

2106 803 2217 853 tem
2238 798 2353 851 haec
2392 795 2445 849 in
2496 808 2555 849 se
2586 808 2659 846 vu
2690 790 2933 847 civitates
2953 790 3107 855 istas,
3128 789 3234 845 hoc
3264 797 3365 854 est,
3388 788 3699 861 Ephesum,-

2108 884 2415 957 Smyrnam,
2441 884 2783 954 Pergamum,
2815 880 3135 946 Thiatiram,
3169 879 3381 946 Sardis,
3415 880 3691 936 Philadel-

2106 976 2308 1045 phiam,
2357 975 2687 1031 Laodiciam.
2718 973 3107 1042 lnterpretatur
3131 987 3262 1027 vero
3307 971 3435 1027 Asia
3489 973 3690 1026 elevata

2109 1068 2224 1123 sive
2244 1068 2513 1138 gradiens,
2536 1066 2834 1123 Ecelesiam
2857 1065 3165 1135 signiﬁcans
3184 1063 3251 1119 ad
3272 1079 3506 1135 superna
3524 1064 3694 1119 virtu.

2111 1170 2223 1216 tum
2254 1161 2511 1231 gradibus
2550 1159 2917 1230 proﬁcientem
2947 1178 2962 1214 :
2987 1158 3128 1213 unde
3148 1155 3383 1212 Joannes
3407 1156 3463 1211 in
3482 1156 3694 1225 Apoca.
3789 1144 3793 1151 ’

2111 1249 2245 1320 lypsi
2263 1247 2495 1321 [scribit]
2509 1248 2907 1319 praenominatis
2928 1256 3129 1318 septem
3142 1245 3419 1310 Ecclesiis,
3433 1259 3553 1315 mla:
3568 1253 3696 1300 sunt

2112 1338 2167 1392 in
2187 1337 2329 1393 Asia.
2347 1335 2481 1392 Nam
2505 1337 2748 1408 Ephesus
2770 1338 3151 1406 interpretatur
3169 1336 3406 1391 voluntas
3431 1335 3545 1390 sive
3564 1352 3692 1390 con-

2110 1431 2288 1495 silium
2334 1448 2506 1497 meum
2540 1444 2558 1483 .'
2585 1430 2730 1500 quod
2750 1439 2833 1486 est
2857 1429 3095 1491 Ecclesia
3117 1427 3391 1483 voluntate
3433 1435 3489 1481 et
3517 1425 3695 1481 consi-

2113 1523 2187 1578 lio
2212 1523 2307 1578 Dei
2355 1521 2545 1578 electa.
2585 1519 2819 1592 Smyrna
2865 1520 3250 1590 interpretatur
3302 1517 3563 1571 canticum
3602 1531 3697 1572 ωε

2113 1628 2251 1676 rum,
2306 1611 2408 1667 hoc
2430 1618 2545 1675 est,
2584 1609 2820 1664 ﬁdelium
2850 1607 3137 1665 confessio.
3180 1605 3479 1676 Pergamus
3520 1605 3693 1659 inter-

2114 1709 2356 1772 pretatur
2409 1698 2642 1755 dividens
2689 1715 2888 1753 cornua
2929 1713 3144 1762 eorum,
3189 1696 3243 1751 id
3297 1706 3414 1762 est,
3456 1693 3695 1751 Ecclesia

431 1784 682 1841 animalia
703 1783 1011 1863 bestiasque
1028 1783 1594 1854 patentibuselaustris
1610 1785 1880 1849 emittens,
1898 1787 2012 1855 ipse
2041 1780 2086 1839 Β
2116 1792 2492 1851 haereticorum
2528 1790 2752 1849 timores
2784 1787 2869 1843 vel
2899 1788 3168 1842 aeriarum
3218 1792 3545 1858 potestatum
3577 1793 3696 1840 ten.

432 1889 559 1941 eum
589 1888 687 1930 sua
713 1874 864 1951 prole
891 1889 1141 1946 egressus
1165 1882 1271 1940 est,
1315 1874 1601 1931 immolans
1640 1876 1751 1935 Deo
1808 1877 2014 1934 hostias

431 1966 779 2038 gaudensque
800 1982 923 2022 eum
948 1967 1152 2028 liberis.
1176 1964 1331 2026 Hunc
1353 1966 1530 2023 locum
1549 1967 1772 2026 Armeni
1808 1970 2014 2026 exitum

430 2054 520 2111 vel
543 2069 821 2126 egressum
847 2063 1063 2111 vocant.
1089 2054 1366 2126 Siquidem
1396 2056 1471 2111 ibi
1508 2057 1745 2114 cultores
1796 2059 2011 2114 illarum

431 2147 714 2218 regionum
740 2162 920 2204 arcam
950 2148 1182 2227 primum
1207 2148 1410 2205 sedisse
1439 2155 1726 2218 testantur,
1758 2164 1814 2208 et
1846 2152 2016 2224 ligno-

431 2249 556 2295 rum
585 2236 829 2307 quaedam
855 2253 1140 2309 superesse
1183 2249 1533 2295 monumenta
1581 2256 1723 2298 arcae
1747 2243 1910 2315 hujus
1960 2252 2017 2300 et

432 2324 619 2383 diluvii
643 2342 854 2396 omnes,
886 2328 979 2399 qui
1001 2328 1262 2386 barbaras
1291 2331 1561 2401 scripsere
1598 2332 1873 2399 historias,
1928 2349 2016 2390 re-

432 2417 753 2484 cordamur,
798 2434 1029 2495 quorum
1059 2428 1143 2476 est
1168 2419 1403 2477 Berosus
1458 2418 1766 2488 Chaldaeus,
1801 2423 1895 2492 qui
1926 2439 2015 2478 su-

428 2524 530 2591 per
560 2509 761 2575 diluvio
789 2510 1028 2573 referens
1049 2513 1166 2568 haec
1198 2512 1408 2570 locutus
1432 2521 1517 2570 est
1538 2531 1551 2567 :
1581 2531 1601 2564 ι
1625 2512 1833 2570 Dicitur
1856 2513 2017 2584 hujus

432 2602 589 2672 navis
636 2604 691 2658 in
740 2604 995 2661 Armenia
1042 2614 1264 2676 propter
1298 2614 1541 2662 montem
1608 2605 2017 2662 Carduenorum

429 2703 560 2772 pars
598 2692 775 2762 aliqua
808 2708 1151 2763 permanere,
1188 2705 1243 2751 et
1286 2698 1548 2767 quosdam
1586 2697 1828 2753 bitumen
1855 2712 1921 2753 ex
1952 2712 2017 2754 ea

433 2782 726 2841 avellentes
746 2783 1130 2852 circumferre,
1159 2802 1266 2856 quo
1300 2796 1525 2842 utuntur
1565 2788 1650 2843 vel
1686 2788 1919 2843 maxime
1962 2788 2019 2843 hi

432 2870 525 2954 qui
550 2871 853 2928 lustrantur
879 2881 935 2929 et
977 2889 1035 2929 se
1086 2877 1323 2945 expiant.
1364 2895 1384 2929 ι
1420 2874 1527 2933 Sed
1554 2885 1611 2932 et
1663 2877 2020 2949 llieronymus

433 2960 745 3034 Egyptius,
779 2965 872 3036 qui
894 2956 1243 3036 antiquitates
1275 2968 1594 3023 Phoenicum
1636 2968 1862 3043 pulchro
1900 2985 2018 3027 ser-

378 3092 383 3097 .
434 3055 986 3125 mone‘eonscripsit,
1016 3064 1070 3112 et
1096 3054 1298 3113 Naseas
1335 3066 1389 3113 et
1418 3056 1572 3114 multi
1604 3058 1715 3133 alii,
1766 3057 2019 3133 Nicolaus

437 3159 652 3228 quoque
677 3136 1045 3221 Damascenus
1069 3148 1123 3203 in
1145 3165 1294 3205 xxvu
1312 3150 1453 3207 libro
1490 3150 1678 3207 refert.
1695 3131 1807 3209 Est
1832 3152 1885 3207 in
1907 3131 2019 3224 Arﬁ
2044 3131 2090 3194 (ἶ

436 3237 615 3295 menia
644 3253 807 3311 super
823 3238 1117 3299 Immadem
1140 3257 1294 3298 mons
1323 3243 1541 3299 nomine
1560 3244 1730 3314 Beris,
1764 3245 1832 3301 ad
1858 3260 2020 3315 quem

435 3328 640 3386 multos
677 3329 732 3385 in
771 3330 973 3407 diluvio
1000 3331 1308 3405 confugisse
1342 3342 1646 3403 autumant,
1692 3337 1875 3408 ibique
1902 3353 2023 3394 esse

438 3418 674 3480 salvatos
698 3436 713 3486 ;
744 3420 879 3477 alios
897 3436 1028 3478 vero
1052 3422 1106 3477 in
1149 3438 1288 3479 arca:
1312 3424 1464 3479 alveo
1495 3434 1928 3495 supernatantes,
1957 3428 2025 3482 ad

437 3510 557 3581 ejus
585 3511 845 3568 verticem
868 3514 1199 3583 pervenisse,
1230 3522 1285 3570 et
1312 3531 1482 3585 usque
1510 3517 1577 3572 ad
1610 3518 1807 3575 multas
1835 3528 2025 3577 aetates

439 3600 584 3677 ligna
619 3617 759 3659 arcae
785 3606 1075 3662 monstrari
1104 3606 1262 3662 solita
1292 3625 1307 3662 :
1332 3623 1468 3679 quos
1514 3610 1729 3680 quidem
1756 3626 1857 3684 ego
1898 3620 2027 3684 puto

438 3710 550 3752 non
579 3709 698 3751 esse
721 3695 885 3774 alios,
908 3697 1010 3753 nisi
1047 3711 1162 3764 eos,
1190 3712 1328 3768 quos
1356 3698 1567 3770 Moyses
1594 3700 1784 3773 legifer
1809 3700 2024 3757 .ludmo.

441 3799 563 3841 rum
576 3785 630 3847 in
645 3786 758 3863 suis
782 3786 1141 3861 voluminibus
1153 3774 1339 3844 edidit.
1357 3788 1579 3863 Mystice
1598 3775 1779 3855 autem
1793 3791 2026 3848 Ararath

442 3877 558 3934 sive
580 3877 835 3936 Armenia
865 3880 1049 3936 mundi
1076 3881 1235 3949 istius
1258 3868 1617 3954 principatum
1647 3883 1731 3939 vel
1772 3885 2028 3954 populum

442 3969 684 4051 gentium
710 3969 1015 4042 signiﬁcare
1036 3980 1236 4047 potest.
1267 3972 1372 4048 Qui
1394 3974 1532 4029 bene
1559 3990 1715 4031 mons
1742 3976 2028 4044 bellicatus

444 4058 661 4126 dicitur,
685 4062 813 4132 quia
841 4062 910 4118 ab
931 4063 1215 4120 altitudine
1238 4066 1503 4143 superbiae
1524 4073 1581 4121 et
1599 4066 1916 4139 idololatria:
1938 4083 2026 4124 er-

444 4164 570 4205 rore
588 4150 823 4220 avulsus,
838 4160 1039 4223 sancta:
1065 4170 1123 4210 se
1149 4156 1329 4212 subdit
1358 4156 1627 4222 Ecclesiae,
1650 4173 1769 4227 quae
1796 4167 1881 4213 est
1901 4174 2028 4214 arca

445 4241 543 4297 Dei
568 4243 673 4298 vivi
706 4262 718 4298 :
742 4252 798 4299 et
818 4246 1059 4317 omnium
1084 4247 1458 4317 animantium,
1487 4249 1592 4303 hoc
1617 4257 1721 4315 est,
1749 4251 2028 4306 hominum

446 4332 692 4386 continet
730 4333 784 4386 in
814 4348 874 4405 se
923 4349 1122 4401 genera
1156 4354 1169 4390 :
1214 4342 1269 4391 et
1313 4335 1368 4391 in
1409 4337 1728 4395 celsitudine
1770 4343 2029 4413 virtutum

2118 1890 2355 1940 lamenta
2416 1879 2710 1935 dissecans.
2771 1877 3014 1937 Thiatira
3059 1877 3445 1951 interpretatur
3493 1874 3692 1930 illumi-

2115 1984 2239 2035 nata
2268 2015 2283 2035 ,
2323 1971 2565 2033 Ecclesia
2627 1969 2879 2026 videlicet
2923 1969 3034 2029 sole
3095 1968 3319 2039 iustitiae
3369 1967 3690 2025 illuminata.

2117 2062 2303 2118 Sardis
2346 2061 2732 2132 interpretatur
2760 2059 3075 2129 principium
3122 2056 3547 2128 pulchritudinis,
3591 2056 3697 2116 hoc

2115 2164 2216 2218 est,
2242 2150 2479 2209 Ecclesia
2503 2150 2715 2207 Domini
2744 2149 2912 2205 nostri
2935 2148 3060 2203 Jesu
3085 2146 3304 2213 Christi,
3327 2147 3419 2217 qui
3441 2154 3524 2201 est
3546 2145 3698 2215 prin-v

2117 2244 2315 2315 eipium
2341 2242 2773 2315 pulchritudinis.
2818 2240 2923 2296 Sed
2963 2238 3328 2310 Philadelphia
3376 2238 3698 2309 interpreta-

2119 2343 2207 2390 tur
2247 2334 2478 2405 salvans,
2512 2334 2568 2390 id
2594 2342 2700 2400 est,
2731 2332 2969 2392 Ecclesia
3001 2331 3246 2402 proprios
3280 2330 3495 2386 salvans
3524 2345 3697 2400 popu-

2116 2425 2218 2482 los.
2265 2424 2545 2491 Laodicia,
2597 2440 2718 2496 qua:
2765 2425 3151 2494 interpretatur
3196 2421 3365 2477 tribus
3432 2420 3694 2487 amabilia,

2118 2521 2388 2592 significat
2413 2520 2733 2587 Ecelesiam,
2766 2534 2886 2590 quae
2914 2526 2998 2574 est
3025 2516 3271 2572 amabilis
3326 2516 3454 2575 Deo.
3488 2512 3697 2571 Galatia

2118 2615 2264 2671 dicta
2289 2629 2320 2670 a
2346 2614 2543 2684 priscis
2579 2611 2855 2669 Gallorum
2893 2609 3163 2682 gentibus,
3194 2624 3224 2663 a
3255 2608 3452 2679 quibus
3488 2605 3697 2666 exstitit

2118 2714 2402 2777 occupata.
2425 2704 2561 2760 Nam
2588 2703 2725 2760 Galli
2765 2705 2821 2759 in
2876 2701 3135 2757 auxilium
3182 2715 3213 2754 a
3264 2714 3392 2770 rege
3437 2696 3697 2767 Bithyniae

2119 2795 2329 2854 evocati
2372 2810 2595 2867 regnum
2634 2809 2759 2849 cum
2807 2808 2873 2848 eo
2915 2799 3067 2862 parta
3096 2788 3324 2845 victoria
3355 2786 3691 2850 diviserunt,

2121 2885 2308 2959 sicque
2355 2882 2546 2946 deinde
2573 2882 2775 2939 Graecis
2802 2880 3027 2936 admixti
3052 2919 3068 2945 ,
3096 2878 3329 2948 primum
3363 2873 3697 2946 Gallograeci,

2123 2990 2265 3035 nunc
2290 2989 2359 3030 ex
2389 2972 2608 3043 antiquo
2637 2970 2910 3029 Gallorum
2940 2968 3158 3023 nomine
3185 2964 3388 3021 Galatae
3423 2963 3695 3024 dicun;ur,

2123 3075 2181 3123 et
2218 3081 2407 3122 eorum
2451 3064 2602 3131 regio
2642 3060 2856 3117 Galatia
2905 3065 3262 3129 nuncupatur.
3310 3054 3700 3129 interpretatur

2124 3166 2306 3214 autem
2326 3155 2560 3220 Galatia,
2587 3151 2889 3221 magni/ica,
2920 3150 3037 3205 sive
3064 3145 3324 3205 translata
3349 3160 3367 3203 :
3398 3152 3453 3199 et
3481 3142 3694 3206 merito,

2123 3248 2250 3325 quia
2272 3248 2340 3311 ab
2361 3261 2547 3307 errore
2569 3243 2853 3308 translata,
2878 3242 2931 3296 in
2957 3240 3078 3295 ﬁdei
3104 3239 3304 3293 virtute
3325 3236 3465 3295 facta
3486 3241 3569 3288 est
3589 3247 3702 3287 ma-

2123 3323 2338 3411 gnilica.
2366 3337 2601 3411 Phrygia
2635 3336 2777 3391 dicta
2825 3349 2855 3389 a
2901 3330 3134 3402 Phrygia
3175 3328 3362 3398 lEsopi
3415 3326 3542 3386 lilia.
3573 3323 3700 3386 Haec

2122 3441 2179 3489 et
2202 3430 2471 3487 Dardania
2497 3444 2530 3485 a
2563 3428 2811 3483 Dardano
2833 3423 2981 3482 Jovis
3011 3423 3119 3478 ﬁlio
3153 3421 3317 3486 dicta,
3350 3418 3417 3475 de
3444 3432 3550 3489 quo
3591 3414 3699 3474 Ho-

2126 3538 2307 3587 merus
2337 3523 2412 3577 ait
2435 3535 2453 3574 :

2310 3591 2466 3674 Quem
2491 3613 2697 3675 primum
2718 3608 2893 3673 genuit
2911 3606 3097 3657 cmlesti
3120 3603 3314 3667 Jupiter
3335 3612 3468 3652 arce.

2124 3698 2225 3754 llic
2243 3697 2389 3765 enim
2421 3694 2695 3769 prolectus
2737 3695 2803 3749 de
2838 3690 3020 3750 Corito
3070 3688 3286 3744 civitate
3324 3686 3530 3756 primus
3555 3682 3701 3737 venit

2126 3790 2182 3844 in
2200 3788 2507 3861 Phrygiam.
2542 3787 2636 3841 Est
2665 3793 2845 3839 autem
2873 3782 3020 3854 regio
3054 3778 3248 3836 Troadi
3276 3777 3599 3848 superjecta,
3630 3776 3700 3833 ab

2126 3879 2390 3950 aquilonis
2416 3884 2570 3953 parte
2592 3874 2836 3938 Galatiae,
2867 3887 2897 3926 a
2927 3869 3221 3927 meridiana
3247 3867 3425 3921 vicina
3466 3873 3547 3920 est
3596 3864 3702 3935 Ly-

2128 3970 2351 4035 caoniae,
2395 3969 2463 4023 ab
2515 3966 2725 4023 oriente
2745 3963 2959 4035 -Lydiae
3002 3960 3256 4024 adhmret,
3309 3956 3378 4013 ab
3421 3955 3703 4012 occidente

2126 4058 2470 4129 Hellesponto
2493 4054 2630 4110 mari
2651 4052 2992 4109 terminatur.
3024 4046 3193 4116 Hujus
3227 4046 3374 4116 regio
3396 4044 3557 4114 Troja
3586 4051 3698 4111 est,

2128 4162 2290 4218 quam
2302 4161 2366 4201 ex
2383 4159 2482 4201 suo
2492 4142 2708 4209 nomine
2723 4139 3009 4211 appellavit
3022 4137 3158 4191 Tros
3184 4134 3538 4202 Troianorum
3564 4133 3695 4196 Rex,

2127 4235 2451 4313 Ganymedis
2478 4233 2661 4288 Pater.
2678 4232 2806 4286 Dum
2826 4237 2949 4285 sunt
2979 4235 3160 4282 autem
3178 4225 3444 4296 Phrygim,
3459 4222 3627 4313 major
3649 4230 3707 4279 et

2129 4311 2325 4395 minor.
2356 4323 2525 4405 Major
2548 4321 2782 4393 Phrygia
2805 4319 3091 4391 Smyrnam
3116 4317 3277 4371 habet
3301 4332 3315 4381 ;
3345 4314 3521 4368 minor
3539 4311 3707 4405 Phry-

446 4422 751 4489 eonsistens
780 4402 1118 4495 devotionem
1159 4424 1394 4481 futuram
1443 4438 1722 4498 exspectat
1760 4432 1813 4486 in
1861 4406 2026 4503 regno
2058 4479 2106 4503 ῃ
2130 4420 2215 4495 gia
2259 4418 2436 4480 Ilium.
2460 4402 2852 4503 Lycaonia“...
2904 4410 3295 4503 interpretatur
3324 4414 3514 4503 autem
3539 4402 3707 4473 Phry-

445 4514 675 4573 eelesti.
700 4492 1088 4599 Cappadociam
1108 4520 1237 4576 urbs
1250 4520 1468 4592 propria
1491 4479 1806 4595 ndminavit.
1834 4479 1957 4581 liae:
1978 4526 2021 4598 in

2132 4479 2220 4583 gia
2249 4509 2431 4565 scissio
2483 4479 2749 4578 pectorum
2778 4520 2797 4568 ;
2829 4498 3097 4572 Lycaonia
3146 4511 3278 4551 vero
3324 4494 3711 4563 interpretatur

2506 4595 2516 4599 -
2672 4593 2695 4599 -
2769 4592 2802 4599 -.
2946 4597 2953 4599 _
3149 4585 3170 4599 .
3246 4585 3259 4599 .
3522 4580 3680 4599 μμ-

445 4606 623 4678 capite
667 4593 840 4678 Syriae
870 4608 972 4662 sita
1009 4608 1077 4663 ab
1128 4610 1336 4664 oriente
1381 4609 1692 4679 Armenjam
1713 4593 1895 4685 tangit
1921 4633 1943 4683 ε,
1964 4593 2032 4669 ab

445 4714 642 4761 occasu
666 4698 850 4770 Asiam
880 4700 1144 4765 minorem
1183 4720 1195 4757 :
1230 4703 1297 4759 ab
1325 4703 1573 4773 aquilone
1623 4718 1774 4758 mare
1805 4703 2034 4767 Cimeri-

2134 4580 2203 4656 ad
2247 4595 2626 4659 suscitandum.
2671 4592 2846 4665 Lydia~
2868 4597 3046 4644 autem
3088 4602 3119 4641 a
3149 4585 3295 4655 Lydo
3330 4582 3472 4651 regis
3520 4580 3706 4643 fratre,

2134 4693 2225 4769 qui
2255 4693 2308 4747 in
2330 4686 2609 4765 provincia
2647 4687 3003 4746 remanserat,
3031 4674 3409 4749 cognominata
3435 4679 3539 4728 est.
3568 4669 3710 4724 Con—

447 4806 572 4853 eum
593 4800 649 4847 et
672 4763 1056 4863 Themiscirios
1084 4809 1324 4868 campos,
1350 4763 1488 4865 quos
1515 4795 1752 4851 habuere
1797 4763 2029 4860 Amazo-v,
2124 4763 2369 4870 jungitur
2392 4791 2570 4838 autem
2595 4778 2664 4834 ab
2685 4775 2964 4833 οοοίάθηιθ
2989 4769 3189 4870 ηιῖη-(ξτξ
3211 4765 3480 4870 Ρὶιιλγεῖξθν
3504 4763 3572 4870 θὶξ
3586 4768 3710 4870 ονξξ¹

448 4897 548 4947 nes
581 4896 596 4936 :
627 4898 659 4937 a
685 4883 912 4941 meridie
941 4886 1174 4939 Taurum
1203 4895 1465 4959 montem,
1498 4885 1584 4945 cui
1633 4885 1876 4962 subjacct
1901 4886 2030 4941 Cili-

449 4973 534 5029 cia
577 4979 633 5027 et
672 4970 874 5027 Isauria
904 4988 1073 5043 usque
1102 4973 1168 5027 ad
1197 4972 1421 5027 Cilicum
1455 4972 1657 5041 sinum,
1687 4975 1779 5043 qui
1823 4983 2028 5046 spectat

451 5071 641 5127 contra
664 5062 899 5129 insulam,
922 5063 1176 5135 Cyprum.
1207 5060 1373 5117 Terra
1398 5060 1514 5129 ejus
1536 5073 1660 5119 ante
1688 5063 1822 5128 alias
1845 5063 2027 5118 nutrix

452 5168 736 5223 equorum.
767 5152 932 5228 Halys
957 5154 1131 5223 amnis
1156 5170 1253 5226 per
1295 5168 1414 5223 eam
1457 5152 1593 5221 ﬂuit,
1623 5155 1715 5229 qui
1760 5153 2028 5224 quondam

454 5244 639 5316 Lydiae
674 5260 839 5317 regna
868 5230 1184 5329 disjunxita
1226 5244 1424 5310 Persis.
1466 5244 1814 5317 Cappadocia
1849 5251 2030 5298 autem

455 5334 866 5406 interpretatur,
916 5350 1077 5388 manu
1106 5335 1386 5406 redempta.
1438 5335 1566 5404 Haec
1610 5347 1824 5406 quoque
1858 5333 2032 5403 typice

457 5426 762 5497 signiﬁcare
802 5432 983 5496 potest
1016 5434 1257 5495 sanetam
1306 5426 1621 5495 Ecelesiam,
1670 5408 1790 5495 quae
1831 5423 2035 5479 Christi

459 5516 672 5584 Domini
708 5518 877 5572 nostri
907 5516 1218 5591 operatione
1249 5526 1565 5589 apotcstate
1602 5515 1798 5585 diaboli
1826 5516 2036 5570 redem-

460 5619 554 5694 pta
582 5618 683 5666 est.
710 5607 837 5665 Asia
866 5598 1041 5665 minor
1068 5611 1134 5675 ab
1161 5612 1365 5687 oriente
1392 5609 1725 5681 Cappadocia
1756 5608 1988 5683 cingitur
2018 5626 2030 5662 :

467 5700 533 5773 ab
556 5701 675 5775 aliis
703 5701 945 5777 partibus
970 5703 1201 5778 undique
1235 5702 1369 5758 mari
1393 5700 1783 5775 circumdatur.
1808 5700 1958 5780 Nam
2003 5716 2035 5767 a

2136 4856 2419 4950 Smyrnam
2454 4874 2638 4930 urbem
2677 4871 2865 4935 habet,
2895 4882 3057 4942 quam
3092 4863 3254 4919 Meles
3295 4860 3488 4920 fluvius
3523 4856 3708 4928 cingit,

2128 4947 2279 5039 cujus
2322 4980 2543 5035 campos
2582 4960 2833 5025 Pactolus
2888 4966 2942 5014 et
3005 4956 3236 5015 Hermus
3295 4947 3709 5013 circumﬂuunt,

2129 5058 2310 5131 arenis
2339 5054 2519 5110 aureis
2542 5049 2815 5107 ditissimi.
2862 5046 3032 5118 Lydia
3071 5052 3252 5101 autem
3298 5041 3710 5110 interpretatur,

2129 5130 2383 5225 dcfecata.
2410 5145 2614 5213 Isauria
2638 5157 2705 5198 ex
2726 5142 2831 5197 situ
2852 5140 2954 5195 ioci
2976 5138 3290 5208 perhibetur
3309 5130 3709 5203 cognominata,

2131 5224 2275 5325 quod
2300 5242 2533 5313 undique
2575 5246 2765 5310 aperta
2793 5251 3046 5291 aurarum
3083 5232 3557 5325 ‘ﬁatibushpateat.
3590 5225 3713 5325 Me-

2133 5314 2381 5405 tropolim
2418 5332 2605 5386 urbem
2659 5327 2962 5384 Seleuciam
3011 5322 3192 5378 habet.
3245 5319 3430 5375 Cilicia
3479 5332 3511 5371 a
3556 5314 3713 5370 cilice

2134 5426 2365 5497 quodam
2396 5406 2590 5479 nomen
2613 5420 2793 5483 traxit,
2821 5432 2980 5489 quem
3010 5423 3188 5471 ortum
3222 5412 3476 5467 thnice
3504 5408 3712 5472 dicunt,

2133 5513 2599 5583 antiquioremque
2626 5509 2757 5566 Jove
2807 5509 2971 5563 fuisse
2997 5511 3264 5562 asserunt.
3310 5503 3543 5558 Plurima
3566 5500 3717 5570 jacet

2136 5606 2371 5678 campis,
2394 5604 2661 5675 recipiens
2680 5601 2748 5657 ab
2769 5597 3245 5668 occiduoLyeiam,
3264 5611 3293 5649 a
3320 5593 3545 5649 meridie
3566 5602 3716 5645 mare

2136 5699 2377 5771 lssicum,
2412 5712 2443 5754 a
2479 5705 2632 5775 tergo
2668 5692 2867 5769 montis
2913 5691 3093 5748 Tauri”
3126 5690 3275 5763 juga.
3324 5687 3474 5744 lianc
3500 5683 3719 5768 Cydnus
