  <div class='ocr_page' id='page_1' title='image "/cluster/home/n/w/nwhite01/storage/ocr_20150623/111/hvd.32044009716333/180.png"; bbox 0 0 4074 6324; ppageno 0'>
   <div class='ocr_carea' id='block_1_1' title="bbox 319 357 427 416">
    <p class='ocr_par' dir='ltr' id='par_1_1' title="bbox 319 357 427 416">
     <span class='ocr_line' id='line_1_1' title="bbox 319 357 427 416; baseline -0.028 0"><span class='ocrx_word' id='word_1_1' title='bbox 319 357 427 416; x_wconf 67' lang='grc'><strong>545</strong></span> 
     </span>
    </p>
   </div>
   <div class='ocr_carea' id='block_1_2' title="bbox 1279 340 2603 405">
    <p class='ocr_par' dir='ltr' id='par_1_2' title="bbox 1279 340 2603 405">
     <span class='ocr_line' id='line_1_2' title="bbox 1279 340 2603 405; baseline -0.005 -1"><span class='ocrx_word' id='word_1_2' title='bbox 1279 349 1368 404; x_wconf 91' lang='lat' dir='ltr'><strong>DE</strong></span> <span class='ocrx_word' id='word_1_3' title='bbox 1405 343 1751 405; x_wconf 78' lang='lat' dir='ltr'><strong>UNIVERSO</strong></span> <span class='ocrx_word' id='word_1_4' title='bbox 1788 343 1964 399; x_wconf 77' lang='lat' dir='ltr'><strong>LIBRI</strong></span> <span class='ocrx_word' id='word_1_5' title='bbox 2007 340 2168 396; x_wconf 74' lang='lat' dir='ltr'><strong>XXII.</strong></span> <span class='ocrx_word' id='word_1_6' title='bbox 2211 372 2280 383; x_wconf 85' lang='lat'><strong>--</strong></span> <span class='ocrx_word' id='word_1_7' title='bbox 2318 344 2446 398; x_wconf 85' lang='lat' dir='ltr'><strong>LIB.</strong></span> <span class='ocrx_word' id='word_1_8' title='bbox 2488 343 2603 398; x_wconf 74' lang='lat' dir='ltr'><strong>XII.</strong></span> 
     </span>
    </p>
   </div>
   <div class='ocr_carea' id='block_1_3' title="bbox 3456 336 3562 398">
    <p class='ocr_par' dir='ltr' id='par_1_3' title="bbox 3456 336 3562 398">
     <span class='ocr_line' id='line_1_3' title="bbox 3456 336 3562 398; baseline 0 -1"><span class='ocrx_word' id='word_1_9' title='bbox 3456 336 3562 398; x_wconf 49' lang='lat'><strong>34‘6</strong></span> 
     </span>
    </p>
   </div>
   <div class='ocr_carea' id='block_1_4' title="bbox 312 453 3568 534">
    <p class='ocr_par' dir='ltr' id='par_1_4' title="bbox 312 453 3568 534">
     <span class='ocr_line' id='line_1_4' title="bbox 312 453 3568 534; baseline -0.006 -5"><span class='ocrx_word' id='word_1_10' title='bbox 312 476 626 534; x_wconf 73' lang='lat' dir='ltr'><strong>intersecat,</strong></span> <span class='ocrx_word' id='word_1_11' title='bbox 665 474 893 522; x_wconf 87' lang='lat' dir='ltr'><strong>matrem</strong></span> <span class='ocrx_word' id='word_1_12' title='bbox 940 463 1152 520; x_wconf 85' lang='lat' dir='ltr'><strong>urbium</strong></span> <span class='ocrx_word' id='word_1_13' title='bbox 1197 462 1361 518; x_wconf 82' lang='lat' dir='ltr'><strong>habet</strong></span> <span class='ocrx_word' id='word_1_14' title='bbox 1398 460 1686 516; x_wconf 86' lang='lat' dir='ltr'><strong>Tharsum.</strong></span> <span class='ocrx_word' id='word_1_15' title='bbox 1725 457 1783 513; x_wconf 92' lang='lat' dir='ltr'><strong>In</strong></span> <span class='ocrx_word' id='word_1_16' title='bbox 1817 473 1880 510; x_wconf 90' lang='lat' dir='ltr'><strong>ea</strong></span> <span class='ocrx_word' id='word_1_17' title='bbox 1911 463 1958 518; x_wconf 85' lang='grc' dir='ltr'>Α</span> <span class='ocrx_word' id='word_1_18' title='bbox 1987 473 2089 511; x_wconf 80' lang='lat' dir='ltr'><strong>me.</strong></span> <span class='ocrx_word' id='word_1_19' title='bbox 2122 456 2384 511; x_wconf 82' lang='lat' dir='ltr'><strong>Philistim</strong></span> <span class='ocrx_word' id='word_1_20' title='bbox 2413 457 2557 510; x_wconf 90' lang='lat' dir='ltr'><strong>enim</strong></span> <span class='ocrx_word' id='word_1_21' title='bbox 2606 456 2990 524; x_wconf 79' lang='lat' dir='ltr'><strong>interpretatur</strong></span> <span class='ocrx_word' id='word_1_22' title='bbox 3016 455 3168 507; x_wconf 85' lang='lat' dir='ltr'><strong>ruina</strong></span> <span class='ocrx_word' id='word_1_23' title='bbox 3201 453 3412 524; x_wconf 67' lang='lat' dir='ltr'><strong>duplex.</strong></span> <span class='ocrx_word' id='word_1_24' title='bbox 3459 453 3568 508; x_wconf 89' lang='lat' dir='ltr'><strong>Ge-</strong></span> 
     </span>
    </p>
   </div>
   <div class='ocr_carea' id='block_1_5' title="bbox 311 552 1887 636">
    <p class='ocr_par' dir='ltr' id='par_1_5' title="bbox 311 552 1887 636">
     <span class='ocr_line' id='line_1_5' title="bbox 311 552 1887 636; baseline -0.015 -11"><span class='ocrx_word' id='word_1_25' title='bbox 311 578 366 626; x_wconf 92' lang='lat' dir='ltr'><strong>et</strong></span> <span class='ocrx_word' id='word_1_26' title='bbox 402 567 638 636; x_wconf 85' lang='lat' dir='ltr'><strong>Corycus</strong></span> <span class='ocrx_word' id='word_1_27' title='bbox 671 561 924 630; x_wconf 85' lang='lat' dir='ltr'><strong>oppidum</strong></span> <span class='ocrx_word' id='word_1_28' title='bbox 956 565 1055 619; x_wconf 91' lang='lat' dir='ltr'><strong>est,</strong></span> <span class='ocrx_word' id='word_1_29' title='bbox 1085 555 1224 610; x_wconf 90' lang='lat' dir='ltr'><strong>unde</strong></span> <span class='ocrx_word' id='word_1_30' title='bbox 1256 570 1472 610; x_wconf 88' lang='lat' dir='ltr'><strong>crocum</strong></span> <span class='ocrx_word' id='word_1_31' title='bbox 1499 552 1786 622; x_wconf 91' lang='lat' dir='ltr'><strong>plurimum</strong></span> <span class='ocrx_word' id='word_1_32' title='bbox 1832 557 1887 602; x_wconf 88' lang='lat' dir='ltr'><strong>et</strong></span> 
     </span>
    </p>
   </div>
   <div class='ocr_carea' id='block_1_6' title="bbox 311 636 1885 728">
    <p class='ocr_par' dir='ltr' id='par_1_6' title="bbox 311 636 1885 728">
     <span class='ocr_line' id='line_1_6' title="bbox 311 636 1885 728; baseline -0.016 -13"><span class='ocrx_word' id='word_1_33' title='bbox 311 657 576 728; x_wconf 90' lang='lat' dir='ltr'><strong>optimum</strong></span> <span class='ocrx_word' id='word_1_34' title='bbox 620 649 768 703; x_wconf 81' lang='lat' dir='ltr'><strong>venit</strong></span> <span class='ocrx_word' id='word_1_35' title='bbox 817 647 1109 717; x_wconf 81' lang='lat' dir='ltr'><strong>spiramine</strong></span> <span class='ocrx_word' id='word_1_36' title='bbox 1143 643 1452 714; x_wconf 82' lang='lat' dir='ltr'><strong>ﬂagrantior</strong></span> <span class='ocrx_word' id='word_1_37' title='bbox 1494 636 1885 712; x_wconf 83' lang='lat' dir='ltr'><strong>[fragrantius],</strong></span> 
     </span>
    </p>
   </div>
   <div class='ocr_carea' id='block_1_7' title="bbox 311 728 1887 808">
    <p class='ocr_par' dir='ltr' id='par_1_7' title="bbox 311 728 1887 808">
     <span class='ocr_line' id='line_1_7' title="bbox 311 728 1887 808; baseline -0.013 -7"><span class='ocrx_word' id='word_1_38' title='bbox 311 757 368 800; x_wconf 92' lang='lat' dir='ltr'><strong>et</strong></span> <span class='ocrx_word' id='word_1_39' title='bbox 414 743 593 800; x_wconf 83' lang='lat' dir='ltr'><strong>colore</strong></span> <span class='ocrx_word' id='word_1_40' title='bbox 644 739 766 808; x_wconf 90' lang='lat' dir='ltr'><strong>plus</strong></span> <span class='ocrx_word' id='word_1_41' title='bbox 807 751 991 790; x_wconf 91' lang='lat' dir='ltr'><strong>aureo.</strong></span> <span class='ocrx_word' id='word_1_42' title='bbox 1037 735 1428 804; x_wconf 90' lang='lat' dir='ltr'><strong>Interpretatur</strong></span> <span class='ocrx_word' id='word_1_43' title='bbox 1477 741 1658 786; x_wconf 89' lang='lat' dir='ltr'><strong>autem</strong></span> <span class='ocrx_word' id='word_1_44' title='bbox 1699 728 1887 784; x_wconf 91' lang='lat' dir='ltr'><strong>Cilicia</strong></span> 
     </span>
    </p>
   </div>
   <div class='ocr_carea' id='block_1_8' title="bbox 314 817 1887 894">
    <p class='ocr_par' dir='ltr' id='par_1_8' title="bbox 314 817 1887 894">
     <span class='ocr_line' id='line_1_8' title="bbox 314 817 1887 894; baseline -0.013 -5"><span class='ocrx_word' id='word_1_45' title='bbox 314 845 474 891; x_wconf 72' lang='lat' dir='ltr'><strong>aetas</strong></span> <span class='ocrx_word' id='word_1_46' title='bbox 523 837 615 885; x_wconf 86' lang='lat' dir='ltr'><strong>aut</strong></span> <span class='ocrx_word' id='word_1_47' title='bbox 665 828 854 894; x_wconf 87' lang='lat' dir='ltr'><strong>luctus,</strong></span> <span class='ocrx_word' id='word_1_48' title='bbox 897 825 982 879; x_wconf 90' lang='lat' dir='ltr'><strong>vel</strong></span> <span class='ocrx_word' id='word_1_49' title='bbox 1025 824 1333 892; x_wconf 75' lang='lat' dir='ltr'><strong>assumptio,</strong></span> <span class='ocrx_word' id='word_1_50' title='bbox 1377 821 1461 875; x_wconf 91' lang='lat' dir='ltr'><strong>vel</strong></span> <span class='ocrx_word' id='word_1_51' title='bbox 1509 821 1708 874; x_wconf 88' lang='lat' dir='ltr'><strong>sonitus</strong></span> <span class='ocrx_word' id='word_1_52' title='bbox 1755 817 1887 886; x_wconf 84' lang='lat' dir='ltr'><strong>ejus.</strong></span> 
     </span>
    </p>
   </div>
   <div class='ocr_carea' id='block_1_9' title="bbox 313 908 1890 994">
    <p class='ocr_par' dir='ltr' id='par_1_9' title="bbox 313 908 1890 994">
     <span class='ocr_line' id='line_1_9' title="bbox 313 908 1890 994; baseline -0.012 -14"><span class='ocrx_word' id='word_1_53' title='bbox 313 925 442 982; x_wconf 69' lang='lat' dir='ltr'><strong>llaec</strong></span> <span class='ocrx_word' id='word_1_54' title='bbox 476 921 649 994; x_wconf 89' lang='lat' dir='ltr'><strong>typice</strong></span> <span class='ocrx_word' id='word_1_55' title='bbox 675 931 959 988; x_wconf 86' lang='lat' dir='ltr'><strong>personam</strong></span> <span class='ocrx_word' id='word_1_56' title='bbox 1007 913 1382 983; x_wconf 71' lang='lat' dir='ltr'><strong>pmnitentium</strong></span> <span class='ocrx_word' id='word_1_57' title='bbox 1429 910 1586 981; x_wconf 89' lang='lat' dir='ltr'><strong>gerit,</strong></span> <span class='ocrx_word' id='word_1_58' title='bbox 1625 908 1716 978; x_wconf 85' lang='lat' dir='ltr'><strong>qui</strong></span> <span class='ocrx_word' id='word_1_59' title='bbox 1768 920 1890 976; x_wconf 81' lang='lat' dir='ltr'><strong>pec-</strong></span> 
     </span>
    </p>
   </div>
   <div class='ocr_carea' id='block_1_10' title="bbox 312 999 1893 1078">
    <p class='ocr_par' dir='ltr' id='par_1_10' title="bbox 312 999 1893 1078">
     <span class='ocr_line' id='line_1_10' title="bbox 312 999 1893 1078; baseline -0.012 -11"><span class='ocrx_word' id='word_1_60' title='bbox 312 1023 435 1067; x_wconf 89' lang='lat' dir='ltr'><strong>cata</strong></span> <span class='ocrx_word' id='word_1_61' title='bbox 464 1026 560 1068; x_wconf 91' lang='lat' dir='ltr'><strong>sua</strong></span> <span class='ocrx_word' id='word_1_62' title='bbox 583 1006 822 1078; x_wconf 84' lang='lat' dir='ltr'><strong>quotidie</strong></span> <span class='ocrx_word' id='word_1_63' title='bbox 855 1006 907 1059; x_wconf 91' lang='lat' dir='ltr'><strong>in</strong></span> <span class='ocrx_word' id='word_1_64' title='bbox 929 1003 1132 1075; x_wconf 84' lang='lat' dir='ltr'><strong>jejunio</strong></span> <span class='ocrx_word' id='word_1_65' title='bbox 1154 1010 1207 1056; x_wconf 89' lang='lat' dir='ltr'><strong>et</strong></span> <span class='ocrx_word' id='word_1_66' title='bbox 1228 1002 1472 1056; x_wconf 88' lang='lat' dir='ltr'><strong>oratione</strong></span> <span class='ocrx_word' id='word_1_67' title='bbox 1502 999 1802 1068; x_wconf 84' lang='lat' dir='ltr'><strong>deplorant,</strong></span> <span class='ocrx_word' id='word_1_68' title='bbox 1838 1003 1893 1050; x_wconf 94' lang='lat' dir='ltr'><strong>et</strong></span> 
     </span>
    </p>
   </div>
   <div class='ocr_carea' id='block_1_11' title="bbox 311 1090 1890 1162">
    <p class='ocr_par' dir='ltr' id='par_1_11' title="bbox 311 1090 1890 1162">
     <span class='ocr_line' id='line_1_11' title="bbox 311 1090 1890 1162; baseline -0.011 -5"><span class='ocrx_word' id='word_1_69' title='bbox 311 1119 341 1157; x_wconf 87' lang='lat' dir='ltr'><strong>a</strong></span> <span class='ocrx_word' id='word_1_70' title='bbox 398 1101 626 1156; x_wconf 91' lang='lat' dir='ltr'><strong>Domino</strong></span> <span class='ocrx_word' id='word_1_71' title='bbox 680 1096 890 1152; x_wconf 89' lang='lat' dir='ltr'><strong>veniam</strong></span> <span class='ocrx_word' id='word_1_72' title='bbox 937 1094 1311 1162; x_wconf 89' lang='lat' dir='ltr'><strong>deprecantur.</strong></span> <span class='ocrx_word' id='word_1_73' title='bbox 1374 1090 1535 1160; x_wconf 81' lang='lat' dir='ltr'><strong>Lycia</strong></span> <span class='ocrx_word' id='word_1_74' title='bbox 1564 1095 1890 1157; x_wconf 87' lang='lat' dir='ltr'><strong>nuncupata,</strong></span> 
     </span>
    </p>
   </div>
   <div class='ocr_carea' id='block_1_12' title="bbox 312 1175 1893 1261">
    <p class='ocr_par' dir='ltr' id='par_1_12' title="bbox 312 1175 1893 1261">
     <span class='ocr_line' id='line_1_12' title="bbox 312 1175 1893 1261; baseline -0.011 -17"><span class='ocrx_word' id='word_1_75' title='bbox 312 1189 454 1261; x_wconf 90' lang='lat' dir='ltr'><strong>quod</strong></span> <span class='ocrx_word' id='word_1_76' title='bbox 493 1189 562 1244; x_wconf 84' lang='lat' dir='ltr'><strong>ab</strong></span> <span class='ocrx_word' id='word_1_77' title='bbox 605 1187 811 1242; x_wconf 89' lang='lat' dir='ltr'><strong>oriente</strong></span> <span class='ocrx_word' id='word_1_78' title='bbox 857 1183 1106 1253; x_wconf 89' lang='lat' dir='ltr'><strong>adjuncta</strong></span> <span class='ocrx_word' id='word_1_79' title='bbox 1148 1180 1295 1235; x_wconf 69' lang='lat' dir='ltr'><strong>Ciliae</strong></span> <span class='ocrx_word' id='word_1_80' title='bbox 1333 1177 1580 1250; x_wconf 65' lang='lat' dir='ltr'><strong>[Ciliciae]</strong></span> <span class='ocrx_word' id='word_1_81' title='bbox 1624 1177 1714 1231; x_wconf 87' lang='lat' dir='ltr'><strong>sit.</strong></span> <span class='ocrx_word' id='word_1_82' title='bbox 1760 1175 1893 1229; x_wconf 82' lang='lat' dir='ltr'><strong>Nam</strong></span> 
     </span>
    </p>
   </div>
   <div class='ocr_carea' id='block_1_13' title="bbox 313 1266 1891 1337">
    <p class='ocr_par' dir='ltr' id='par_1_13' title="bbox 313 1266 1891 1337">
     <span class='ocr_line' id='line_1_13' title="bbox 313 1266 1891 1337; baseline -0.013 -2"><span class='ocrx_word' id='word_1_83' title='bbox 313 1283 476 1336; x_wconf 82' lang='lat' dir='ltr'><strong>habet</strong></span> <span class='ocrx_word' id='word_1_84' title='bbox 498 1278 566 1332; x_wconf 92' lang='lat' dir='ltr'><strong>ab</strong></span> <span class='ocrx_word' id='word_1_85' title='bbox 594 1285 715 1331; x_wconf 89' lang='lat' dir='ltr'><strong>ortu</strong></span> <span class='ocrx_word' id='word_1_86' title='bbox 743 1273 1004 1337; x_wconf 90' lang='lat' dir='ltr'><strong>Ciliciam,</strong></span> <span class='ocrx_word' id='word_1_87' title='bbox 1055 1271 1124 1326; x_wconf 88' lang='lat' dir='ltr'><strong>ab</strong></span> <span class='ocrx_word' id='word_1_88' title='bbox 1147 1284 1342 1325; x_wconf 85' lang='lat' dir='ltr'><strong>occasu</strong></span> <span class='ocrx_word' id='word_1_89' title='bbox 1369 1277 1423 1322; x_wconf 93' lang='lat' dir='ltr'><strong>ct</strong></span> <span class='ocrx_word' id='word_1_90' title='bbox 1447 1266 1671 1321; x_wconf 90' lang='lat' dir='ltr'><strong>meridie</strong></span> <span class='ocrx_word' id='word_1_91' title='bbox 1722 1277 1891 1326; x_wconf 85' lang='lat' dir='ltr'><strong>mare,</strong></span> 
     </span>
    </p>
   </div>
   <div class='ocr_carea' id='block_1_14' title="bbox 314 1355 1897 1441">
    <p class='ocr_par' dir='ltr' id='par_1_14' title="bbox 314 1355 1897 1441">
     <span class='ocr_line' id='line_1_14' title="bbox 314 1355 1897 1441; baseline -0.012 -14"><span class='ocrx_word' id='word_1_92' title='bbox 314 1389 344 1427; x_wconf 91' lang='lat' dir='ltr'><strong>a</strong></span> <span class='ocrx_word' id='word_1_93' title='bbox 365 1368 726 1441; x_wconf 89' lang='lat' dir='ltr'><strong>septentrione</strong></span> <span class='ocrx_word' id='word_1_94' title='bbox 749 1364 981 1419; x_wconf 88' lang='lat' dir='ltr'><strong>Cariam.</strong></span> <span class='ocrx_word' id='word_1_95' title='bbox 1004 1362 1184 1417; x_wconf 91' lang='lat' dir='ltr'><strong>Ibiest</strong></span> <span class='ocrx_word' id='word_1_96' title='bbox 1209 1375 1364 1414; x_wconf 92' lang='lat' dir='ltr'><strong>mons</strong></span> <span class='ocrx_word' id='word_1_97' title='bbox 1381 1357 1668 1421; x_wconf 63' lang='lat' dir='ltr'><strong>Chimtera,</strong></span> <span class='ocrx_word' id='word_1_98' title='bbox 1694 1355 1782 1424; x_wconf 90' lang='lat' dir='ltr'><strong>qui</strong></span> <span class='ocrx_word' id='word_1_99' title='bbox 1806 1370 1897 1408; x_wconf 92' lang='lat' dir='ltr'><strong>no-</strong></span> 
     </span>
    </p>
   </div>
   <div class='ocr_carea' id='block_1_15' title="bbox 313 1444 1891 1524">
    <p class='ocr_par' dir='ltr' id='par_1_15' title="bbox 313 1444 1891 1524">
     <span class='ocr_line' id='line_1_15' title="bbox 313 1444 1891 1524; baseline -0.012 -8"><span class='ocrx_word' id='word_1_100' title='bbox 313 1460 521 1516; x_wconf 87' lang='lat' dir='ltr'><strong>cturnis</strong></span> <span class='ocrx_word' id='word_1_101' title='bbox 545 1457 765 1512; x_wconf 70' lang='lat' dir='ltr'><strong>mstibus</strong></span> <span class='ocrx_word' id='word_1_102' title='bbox 794 1455 972 1524; x_wconf 82' lang='lat' dir='ltr'><strong>ignem</strong></span> <span class='ocrx_word' id='word_1_103' title='bbox 995 1451 1230 1516; x_wconf 81' lang='lat' dir='ltr'><strong>exhalat,</strong></span> <span class='ocrx_word' id='word_1_104' title='bbox 1257 1450 1396 1506; x_wconf 89' lang='lat' dir='ltr'><strong>sicut</strong></span> <span class='ocrx_word' id='word_1_105' title='bbox 1422 1450 1474 1502; x_wconf 93' lang='lat' dir='ltr'><strong>in</strong></span> <span class='ocrx_word' id='word_1_106' title='bbox 1503 1446 1688 1502; x_wconf 85' lang='lat' dir='ltr'><strong>Sicilia</strong></span> <span class='ocrx_word' id='word_1_107' title='bbox 1707 1444 1891 1509; x_wconf 59' lang='lat' dir='ltr'><strong>IEma,</strong></span> 
     </span>
    </p>
   </div>
   <div class='ocr_carea' id='block_1_16' title="bbox 311 1534 1893 1613">
    <p class='ocr_par' dir='ltr' id='par_1_16' title="bbox 311 1534 1893 1613">
     <span class='ocr_line' id='line_1_16' title="bbox 311 1534 1893 1613; baseline -0.011 -9"><span class='ocrx_word' id='word_1_108' title='bbox 311 1561 368 1604; x_wconf 90' lang='lat' dir='ltr'><strong>ct</strong></span> <span class='ocrx_word' id='word_1_109' title='bbox 390 1548 651 1604; x_wconf 72' lang='lat' dir='ltr'><strong>Vesuvius</strong></span> <span class='ocrx_word' id='word_1_110' title='bbox 676 1546 728 1599; x_wconf 91' lang='lat' dir='ltr'><strong>in</strong></span> <span class='ocrx_word' id='word_1_111' title='bbox 757 1543 1068 1613; x_wconf 86' lang='lat' dir='ltr'><strong>Campania.</strong></span> <span class='ocrx_word' id='word_1_112' title='bbox 1097 1541 1486 1610; x_wconf 89' lang='lat' dir='ltr'><strong>Interpretatur</strong></span> <span class='ocrx_word' id='word_1_113' title='bbox 1507 1545 1684 1591; x_wconf 89' lang='lat' dir='ltr'><strong>autem</strong></span> <span class='ocrx_word' id='word_1_114' title='bbox 1709 1534 1893 1604; x_wconf 83' lang='lat' dir='ltr'><strong>Lycia,</strong></span> 
     </span>
    </p>
   </div>
   <div class='ocr_carea' id='block_1_17' title="bbox 313 1625 1897 1708">
    <p class='ocr_par' dir='ltr' id='par_1_17' title="bbox 313 1625 1897 1708">
     <span class='ocr_line' id='line_1_17' title="bbox 313 1625 1897 1708; baseline -0.008 -16"><span class='ocrx_word' id='word_1_115' title='bbox 313 1641 629 1708; x_wconf 79' lang='lat' dir='ltr'><strong>lacrymans.</strong></span> <span class='ocrx_word' id='word_1_116' title='bbox 662 1635 828 1690; x_wconf 86' lang='lat' dir='ltr'><strong>Albus</strong></span> <span class='ocrx_word' id='word_1_117' title='bbox 870 1635 1017 1703; x_wconf 83' lang='lat' dir='ltr'><strong>regio</strong></span> <span class='ocrx_word' id='word_1_118' title='bbox 1055 1633 1432 1696; x_wconf 79' lang='lat' dir='ltr'><strong>ldumaeorum,</strong></span> <span class='ocrx_word' id='word_1_119' title='bbox 1459 1645 1579 1699; x_wconf 66' lang='lat' dir='ltr'><strong>quae</strong></span> <span class='ocrx_word' id='word_1_120' title='bbox 1623 1643 1764 1682; x_wconf 92' lang='lat' dir='ltr'><strong>nunc</strong></span> <span class='ocrx_word' id='word_1_121' title='bbox 1793 1625 1897 1681; x_wconf 84' lang='lat' dir='ltr'><strong>Ga-</strong></span> 
     </span>
    </p>
   </div>
   <div class='ocr_carea' id='block_1_18' title="bbox 313 1717 1896 1791">
    <p class='ocr_par' dir='ltr' id='par_1_18' title="bbox 313 1717 1896 1791">
     <span class='ocr_line' id='line_1_18' title="bbox 313 1717 1896 1791; baseline -0.011 -5"><span class='ocrx_word' id='word_1_122' title='bbox 313 1731 506 1786; x_wconf 80' lang='lat' dir='ltr'><strong>balene</strong></span> <span class='ocrx_word' id='word_1_123' title='bbox 544 1728 761 1791; x_wconf 90' lang='lat' dir='ltr'><strong>dicitur,</strong></span> <span class='ocrx_word' id='word_1_124' title='bbox 816 1724 990 1779; x_wconf 87' lang='lat' dir='ltr'><strong>vicina</strong></span> <span class='ocrx_word' id='word_1_125' title='bbox 1040 1723 1214 1777; x_wconf 68' lang='lat' dir='ltr'><strong>Petrae</strong></span> <span class='ocrx_word' id='word_1_126' title='bbox 1263 1720 1490 1776; x_wconf 85' lang='lat' dir='ltr'><strong>civitati.</strong></span> <span class='ocrx_word' id='word_1_127' title='bbox 1534 1717 1896 1772; x_wconf 81' lang='lat' dir='ltr'><strong>Amalechitcs</strong></span> 
     </span>
    </p>
   </div>
   <div class='ocr_carea' id='block_1_19' title="bbox 316 1795 1966 1892">
    <p class='ocr_par' dir='ltr' id='par_1_19' title="bbox 316 1795 1966 1892">
     <span class='ocr_line' id='line_1_19' title="bbox 316 1795 1966 1892; baseline -0.012 -17"><span class='ocrx_word' id='word_1_128' title='bbox 316 1823 466 1892; x_wconf 84' lang='lat' dir='ltr'><strong>regio</strong></span> <span class='ocrx_word' id='word_1_129' title='bbox 498 1821 550 1874; x_wconf 91' lang='lat' dir='ltr'><strong>in</strong></span> <span class='ocrx_word' id='word_1_130' title='bbox 575 1819 790 1873; x_wconf 91' lang='lat' dir='ltr'><strong>deserto</strong></span> <span class='ocrx_word' id='word_1_131' title='bbox 815 1817 881 1870; x_wconf 84' lang='lat' dir='ltr'><strong>ad</strong></span> <span class='ocrx_word' id='word_1_132' title='bbox 911 1814 1188 1869; x_wconf 88' lang='lat' dir='ltr'><strong>meridiem</strong></span> <span class='ocrx_word' id='word_1_133' title='bbox 1222 1810 1437 1873; x_wconf 66' lang='lat' dir='ltr'><strong>Iudaaze,</strong></span> <span class='ocrx_word' id='word_1_134' title='bbox 1475 1819 1662 1864; x_wconf 91' lang='lat' dir='ltr'><strong>tenens</strong></span> <span class='ocrx_word' id='word_1_135' title='bbox 1704 1807 1892 1861; x_wconf 80' lang='lat' dir='ltr'><strong>urbem</strong></span> <span class='ocrx_word' id='word_1_136' title='bbox 1921 1795 1966 1854; x_wconf 88' lang='grc' dir='ltr'><strong>Β</strong></span> 
     </span>
    </p>
   </div>
   <div class='ocr_carea' id='block_1_20' title="bbox 316 1897 1895 1970">
    <p class='ocr_par' dir='ltr' id='par_1_20' title="bbox 316 1897 1895 1970">
     <span class='ocr_line' id='line_1_20' title="bbox 316 1897 1895 1970; baseline -0.009 -5"><span class='ocrx_word' id='word_1_137' title='bbox 316 1911 531 1965; x_wconf 87' lang='lat' dir='ltr'><strong>Petram</strong></span> <span class='ocrx_word' id='word_1_138' title='bbox 571 1907 823 1964; x_wconf 91' lang='lat' dir='ltr'><strong>euntibus</strong></span> <span class='ocrx_word' id='word_1_139' title='bbox 849 1905 1046 1968; x_wconf 79' lang='lat' dir='ltr'><strong>Ailam,</strong></span> <span class='ocrx_word' id='word_1_140' title='bbox 1077 1902 1230 1970; x_wconf 87' lang='lat' dir='ltr'><strong>cujus</strong></span> <span class='ocrx_word' id='word_1_141' title='bbox 1256 1909 1310 1955; x_wconf 89' lang='lat' dir='ltr'><strong>et</strong></span> <span class='ocrx_word' id='word_1_142' title='bbox 1340 1899 1615 1970; x_wconf 88' lang='lat' dir='ltr'><strong>Scriptura</strong></span> <span class='ocrx_word' id='word_1_143' title='bbox 1643 1897 1895 1953; x_wconf 87' lang='lat' dir='ltr'><strong>recorda-</strong></span> 
     </span>
    </p>
   </div>
   <div class='ocr_carea' id='block_1_21' title="bbox 318 1988 1894 2062">
    <p class='ocr_par' dir='ltr' id='par_1_21' title="bbox 318 1988 1894 2062">
     <span class='ocr_line' id='line_1_21' title="bbox 318 1988 1894 2062; baseline -0.011 -9"><span class='ocrx_word' id='word_1_144' title='bbox 318 2009 429 2062; x_wconf 89' lang='lat' dir='ltr'><strong>tur,</strong></span> <span class='ocrx_word' id='word_1_145' title='bbox 477 1996 708 2051; x_wconf 88' lang='lat' dir='ltr'><strong>dicens:</strong></span> <span class='ocrx_word' id='word_1_146' title='bbox 742 1993 986 2048; x_wconf 79' lang='lat' dir='ltr'><strong>Amalech</strong></span> <span class='ocrx_word' id='word_1_147' title='bbox 1031 1992 1230 2047; x_wconf 75' lang='lat' dir='ltr'><strong>habitat</strong></span> <span class='ocrx_word' id='word_1_148' title='bbox 1266 1991 1318 2042; x_wconf 85' lang='lat' dir='ltr'><strong>in</strong></span> <span class='ocrx_word' id='word_1_149' title='bbox 1350 2000 1488 2044; x_wconf 86' lang='lat' dir='ltr'><strong>terra</strong></span> <span class='ocrx_word' id='word_1_150' title='bbox 1535 1988 1604 2041; x_wconf 86' lang='lat' dir='ltr'><strong>ad</strong></span> <span class='ocrx_word' id='word_1_151' title='bbox 1658 1996 1894 2040; x_wconf 80' lang='lat' dir='ltr'><strong>austrum</strong></span> 
     </span>
    </p>
   </div>
   <div class='ocr_carea' id='block_1_22' title="bbox 318 2078 1896 2160">
    <p class='ocr_par' dir='ltr' id='par_1_22' title="bbox 318 2078 1896 2160">
     <span class='ocr_line' id='line_1_22' title="bbox 318 2078 1896 2160; baseline -0.008 -16"><span class='ocrx_word' id='word_1_152' title='bbox 318 2087 508 2160; x_wconf 83' lang='lat' dir='ltr'><strong>(Nunt.</strong></span> <span class='ocrx_word' id='word_1_153' title='bbox 537 2087 690 2158; x_wconf 79' lang='lat' dir='ltr'><strong>xui);</strong></span> <span class='ocrx_word' id='word_1_154' title='bbox 723 2086 815 2142; x_wconf 91' lang='lat' dir='ltr'><strong>sed</strong></span> <span class='ocrx_word' id='word_1_155' title='bbox 839 2095 894 2140; x_wconf 91' lang='lat' dir='ltr'><strong>et</strong></span> <span class='ocrx_word' id='word_1_156' title='bbox 925 2083 1081 2152; x_wconf 83' lang='lat' dir='ltr'><strong>juxta</strong></span> <span class='ocrx_word' id='word_1_157' title='bbox 1106 2098 1229 2138; x_wconf 89' lang='lat' dir='ltr'><strong>eum</strong></span> <span class='ocrx_word' id='word_1_158' title='bbox 1261 2082 1397 2140; x_wconf 89' lang='lat' dir='ltr'><strong>alius</strong></span> <span class='ocrx_word' id='word_1_159' title='bbox 1435 2081 1770 2139; x_wconf 68' lang='lat' dir='ltr'><strong>Chananazus</strong></span> <span class='ocrx_word' id='word_1_160' title='bbox 1801 2078 1896 2132; x_wconf 89' lang='lat' dir='ltr'><strong>ha-</strong></span> 
     </span>
    </p>
   </div>
   <div class='ocr_carea' id='block_1_23' title="bbox 316 2173 1893 2250">
    <p class='ocr_par' dir='ltr' id='par_1_23' title="bbox 316 2173 1893 2250">
     <span class='ocr_line' id='line_1_23' title="bbox 316 2173 1893 2250; baseline -0.007 -13"><span class='ocrx_word' id='word_1_161' title='bbox 316 2181 507 2237; x_wconf 88' lang='lat' dir='ltr'><strong>bitavit</strong></span> <span class='ocrx_word' id='word_1_162' title='bbox 532 2221 547 2246; x_wconf 90' lang='lat'><strong>,</strong></span> <span class='ocrx_word' id='word_1_163' title='bbox 575 2181 665 2250; x_wconf 86' lang='lat' dir='ltr'><strong>qui</strong></span> <span class='ocrx_word' id='word_1_164' title='bbox 712 2188 766 2233; x_wconf 92' lang='lat' dir='ltr'><strong>et</strong></span> <span class='ocrx_word' id='word_1_165' title='bbox 797 2178 1071 2234; x_wconf 89' lang='lat' dir='ltr'><strong>dimicavit</strong></span> <span class='ocrx_word' id='word_1_166' title='bbox 1122 2187 1310 2232; x_wconf 90' lang='lat' dir='ltr'><strong>contra</strong></span> <span class='ocrx_word' id='word_1_167' title='bbox 1341 2175 1479 2230; x_wconf 89' lang='lat' dir='ltr'><strong>ﬁlios</strong></span> <span class='ocrx_word' id='word_1_168' title='bbox 1504 2174 1668 2231; x_wconf 90' lang='lat' dir='ltr'><strong>Israel</strong></span> <span class='ocrx_word' id='word_1_169' title='bbox 1702 2173 1754 2228; x_wconf 92' lang='lat' dir='ltr'><strong>in</strong></span> <span class='ocrx_word' id='word_1_170' title='bbox 1801 2173 1893 2227; x_wconf 87' lang='lat' dir='ltr'><strong>de-</strong></span> 
     </span>
    </p>
   </div>
   <div class='ocr_carea' id='block_1_24' title="bbox 316 2263 1900 2341">
    <p class='ocr_par' dir='ltr' id='par_1_24' title="bbox 316 2263 1900 2341">
     <span class='ocr_line' id='line_1_24' title="bbox 316 2263 1900 2341; baseline -0.008 -13"><span class='ocrx_word' id='word_1_171' title='bbox 316 2283 486 2338; x_wconf 87' lang='lat' dir='ltr'><strong>serto,</strong></span> <span class='ocrx_word' id='word_1_172' title='bbox 520 2273 586 2327; x_wconf 85' lang='lat' dir='ltr'><strong>de</strong></span> <span class='ocrx_word' id='word_1_173' title='bbox 611 2273 804 2341; x_wconf 89' lang='lat' dir='ltr'><strong>quibus</strong></span> <span class='ocrx_word' id='word_1_174' title='bbox 828 2271 898 2324; x_wconf 88' lang='lat' dir='ltr'><strong>ita</strong></span> <span class='ocrx_word' id='word_1_175' title='bbox 915 2269 1207 2325; x_wconf 89' lang='lat' dir='ltr'><strong>scribitur:</strong></span> <span class='ocrx_word' id='word_1_176' title='bbox 1233 2267 1470 2324; x_wconf 83' lang='lat' dir='ltr'><strong>Amelech</strong></span> <span class='ocrx_word' id='word_1_177' title='bbox 1495 2277 1668 2320; x_wconf 87' lang='lat' dir='ltr'><strong>autem</strong></span> <span class='ocrx_word' id='word_1_178' title='bbox 1693 2275 1740 2320; x_wconf 85' lang='lat' dir='ltr'><strong>et</strong></span> <span class='ocrx_word' id='word_1_179' title='bbox 1768 2263 1900 2318; x_wconf 84' lang='lat' dir='ltr'><strong>Cha-</strong></span> 
     </span>
    </p>
   </div>
   <div class='ocr_carea' id='block_1_25' title="bbox 320 2355 1899 2430">
    <p class='ocr_par' dir='ltr' id='par_1_25' title="bbox 320 2355 1899 2430">
     <span class='ocr_line' id='line_1_25' title="bbox 320 2355 1899 2430; baseline -0.005 -14"><span class='ocrx_word' id='word_1_180' title='bbox 320 2379 538 2416; x_wconf 74' lang='lat' dir='ltr'><strong>nanwus</strong></span> <span class='ocrx_word' id='word_1_181' title='bbox 567 2361 800 2414; x_wconf 80' lang='lat' dir='ltr'><strong>habitant</strong></span> <span class='ocrx_word' id='word_1_182' title='bbox 841 2361 892 2413; x_wconf 88' lang='lat' dir='ltr'><strong>in</strong></span> <span class='ocrx_word' id='word_1_183' title='bbox 923 2359 1054 2412; x_wconf 86' lang='lat' dir='ltr'><strong>valle</strong></span> <span class='ocrx_word' id='word_1_184' title='bbox 1098 2358 1287 2430; x_wconf 73' lang='lat' dir='ltr'><strong>(Nam.</strong></span> <span class='ocrx_word' id='word_1_185' title='bbox 1340 2358 1471 2428; x_wconf 73' lang='lat' dir='ltr'><strong>XIV).</strong></span> <span class='ocrx_word' id='word_1_186' title='bbox 1524 2357 1704 2425; x_wconf 71' lang='lat' dir='ltr'><strong>Argo!)</strong></span> <span class='ocrx_word' id='word_1_187' title='bbox 1751 2355 1899 2426; x_wconf 85' lang='lat' dir='ltr'><strong>regio</strong></span> 
     </span>
    </p>
   </div>
   <div class='ocr_carea' id='block_1_26' title="bbox 320 2447 1901 2522">
    <p class='ocr_par' dir='ltr' id='par_1_26' title="bbox 320 2447 1901 2522">
     <span class='ocr_line' id='line_1_26' title="bbox 320 2447 1901 2522; baseline -0.004 -16"><span class='ocrx_word' id='word_1_188' title='bbox 320 2452 467 2522; x_wconf 84' lang='lat' dir='ltr'><strong>regis</strong></span> <span class='ocrx_word' id='word_1_189' title='bbox 494 2451 666 2505; x_wconf 81' lang='lat' dir='ltr'><strong>Busan</strong></span> <span class='ocrx_word' id='word_1_190' title='bbox 695 2466 858 2521; x_wconf 89' lang='lat' dir='ltr'><strong>supra</strong></span> <span class='ocrx_word' id='word_1_191' title='bbox 887 2448 1158 2506; x_wconf 86' lang='lat' dir='ltr'><strong>Iordanen</strong></span> <span class='ocrx_word' id='word_1_192' title='bbox 1186 2449 1239 2503; x_wconf 92' lang='lat' dir='ltr'><strong>in</strong></span> <span class='ocrx_word' id='word_1_193' title='bbox 1278 2457 1422 2503; x_wconf 86' lang='lat' dir='ltr'><strong>sorte</strong></span> <span class='ocrx_word' id='word_1_194' title='bbox 1457 2448 1690 2505; x_wconf 74' lang='lat' dir='ltr'><strong>dimidia:</strong></span> <span class='ocrx_word' id='word_1_195' title='bbox 1728 2447 1901 2501; x_wconf 91' lang='lat' dir='ltr'><strong>tribus</strong></span> 
     </span>
    </p>
   </div>
   <div class='ocr_carea' id='block_1_27' title="bbox 319 2538 1902 2612">
    <p class='ocr_par' dir='ltr' id='par_1_27' title="bbox 319 2538 1902 2612">
     <span class='ocr_line' id='line_1_27' title="bbox 319 2538 1902 2612; baseline -0.005 -14"><span class='ocrx_word' id='word_1_196' title='bbox 319 2545 585 2609; x_wconf 67' lang='lat' dir='ltr'><strong>llanasse,</strong></span> <span class='ocrx_word' id='word_1_197' title='bbox 613 2552 668 2598; x_wconf 92' lang='lat' dir='ltr'><strong>et</strong></span> <span class='ocrx_word' id='word_1_198' title='bbox 694 2551 776 2598; x_wconf 89' lang='lat' dir='ltr'><strong>cst</strong></span> <span class='ocrx_word' id='word_1_199' title='bbox 798 2558 970 2612; x_wconf 88' lang='lat' dir='ltr'><strong>usque</strong></span> <span class='ocrx_word' id='word_1_200' title='bbox 993 2542 1153 2597; x_wconf 87' lang='lat' dir='ltr'><strong>hodie</strong></span> <span class='ocrx_word' id='word_1_201' title='bbox 1194 2541 1347 2596; x_wconf 90' lang='lat' dir='ltr'><strong>vicus</strong></span> <span class='ocrx_word' id='word_1_202' title='bbox 1376 2541 1520 2595; x_wconf 90' lang='lat' dir='ltr'><strong>circa</strong></span> <span class='ocrx_word' id='word_1_203' title='bbox 1557 2538 1761 2594; x_wconf 88' lang='lat' dir='ltr'><strong>Gerasa</strong></span> <span class='ocrx_word' id='word_1_204' title='bbox 1812 2553 1902 2591; x_wconf 83' lang='lat' dir='ltr'><strong>ur-</strong></span> 
     </span>
    </p>
   </div>
   <div class='ocr_carea' id='block_1_28' title="bbox 320 2628 1904 2692">
    <p class='ocr_par' dir='ltr' id='par_1_28' title="bbox 320 2628 1904 2692">
     <span class='ocr_line' id='line_1_28' title="bbox 320 2628 1904 2692; baseline -0.006 -1"><span class='ocrx_word' id='word_1_205' title='bbox 320 2637 444 2692; x_wconf 90' lang='lat' dir='ltr'><strong>bem</strong></span> <span class='ocrx_word' id='word_1_206' title='bbox 466 2635 678 2690; x_wconf 77' lang='lat' dir='ltr'><strong>Arabiae</strong></span> <span class='ocrx_word' id='word_1_207' title='bbox 707 2651 774 2688; x_wconf 85' lang='lat' dir='ltr'><strong>xv</strong></span> <span class='ocrx_word' id='word_1_208' title='bbox 807 2633 876 2688; x_wconf 89' lang='lat' dir='ltr'><strong>ab</strong></span> <span class='ocrx_word' id='word_1_209' title='bbox 903 2649 966 2689; x_wconf 87' lang='lat' dir='ltr'><strong>ea</strong></span> <span class='ocrx_word' id='word_1_210' title='bbox 1005 2631 1242 2688; x_wconf 86' lang='lat' dir='ltr'><strong>millibus</strong></span> <span class='ocrx_word' id='word_1_211' title='bbox 1285 2632 1494 2686; x_wconf 86' lang='lat' dir='ltr'><strong>distans</strong></span> <span class='ocrx_word' id='word_1_212' title='bbox 1540 2637 1728 2684; x_wconf 90' lang='lat' dir='ltr'><strong>contra</strong></span> <span class='ocrx_word' id='word_1_213' title='bbox 1760 2628 1904 2683; x_wconf 92' lang='lat' dir='ltr'><strong>occi-</strong></span> 
     </span>
    </p>
   </div>
   <div class='ocr_carea' id='block_1_29' title="bbox 322 2721 1902 2795">
    <p class='ocr_par' dir='ltr' id='par_1_29' title="bbox 322 2721 1902 2795">
     <span class='ocr_line' id='line_1_29' title="bbox 322 2721 1902 2795; baseline -0.004 -15"><span class='ocrx_word' id='word_1_214' title='bbox 322 2728 568 2790; x_wconf 90' lang='lat' dir='ltr'><strong>dentem,</strong></span> <span class='ocrx_word' id='word_1_215' title='bbox 597 2726 689 2795; x_wconf 90' lang='lat' dir='ltr'><strong>qui</strong></span> <span class='ocrx_word' id='word_1_216' title='bbox 735 2726 879 2795; x_wconf 82' lang='lat' dir='ltr'><strong>Arga</strong></span> <span class='ocrx_word' id='word_1_217' title='bbox 935 2723 1268 2794; x_wconf 89' lang='lat' dir='ltr'><strong>appellatur,</strong></span> <span class='ocrx_word' id='word_1_218' title='bbox 1324 2721 1468 2792; x_wconf 88' lang='lat' dir='ltr'><strong>quod</strong></span> <span class='ocrx_word' id='word_1_219' title='bbox 1515 2721 1902 2790; x_wconf 82' lang='lat' dir='ltr'><strong>interpretatur</strong></span> 
     </span>
    </p>
   </div>
   <div class='ocr_carea' id='block_1_30' title="bbox 323 2811 1904 2887">
    <p class='ocr_par' dir='ltr' id='par_1_30' title="bbox 323 2811 1904 2887">
     <span class='ocr_line' id='line_1_30' title="bbox 323 2811 1904 2887; baseline -0.003 -17"><span class='ocrx_word' id='word_1_220' title='bbox 323 2815 700 2887; x_wconf 77' lang='lat' dir='ltr'><strong>Symmachus,</strong></span> <span class='ocrx_word' id='word_1_221' title='bbox 730 2831 1047 2869; x_wconf 79' lang='lat' dir='ltr'><strong>mensuram.</strong></span> <span class='ocrx_word' id='word_1_222' title='bbox 1075 2814 1466 2883; x_wconf 89' lang='lat' dir='ltr'><strong>Interpretatur</strong></span> <span class='ocrx_word' id='word_1_223' title='bbox 1514 2819 1695 2866; x_wconf 90' lang='lat' dir='ltr'><strong>autem</strong></span> <span class='ocrx_word' id='word_1_224' title='bbox 1723 2811 1904 2879; x_wconf 77' lang='lat' dir='ltr'><strong>Argob</strong></span> 
     </span>
    </p>
   </div>
   <div class='ocr_carea' id='block_1_31' title="bbox 321 2901 1907 2974">
    <p class='ocr_par' dir='ltr' id='par_1_31' title="bbox 321 2901 1907 2974">
     <span class='ocr_line' id='line_1_31' title="bbox 321 2901 1907 2974; baseline -0.005 -12"><span class='ocrx_word' id='word_1_225' title='bbox 321 2905 599 2967; x_wconf 72' lang='lat' dir='ltr'><strong>maledicta</strong></span> <span class='ocrx_word' id='word_1_226' title='bbox 627 2905 941 2961; x_wconf 81' lang='lat' dir='ltr'><strong>sublimitas.</strong></span> <span class='ocrx_word' id='word_1_227' title='bbox 973 2905 1042 2958; x_wconf 87' lang='lat' dir='ltr'><strong>Et</strong></span> <span class='ocrx_word' id='word_1_228' title='bbox 1070 2920 1187 2974; x_wconf 69' lang='lat' dir='ltr'><strong>quae</strong></span> <span class='ocrx_word' id='word_1_229' title='bbox 1225 2912 1308 2958; x_wconf 90' lang='lat' dir='ltr'><strong>est</strong></span> <span class='ocrx_word' id='word_1_230' title='bbox 1347 2903 1632 2958; x_wconf 87' lang='lat' dir='ltr'><strong>maledicta</strong></span> <span class='ocrx_word' id='word_1_231' title='bbox 1664 2901 1907 2956; x_wconf 90' lang='lat' dir='ltr'><strong>sublimi-</strong></span> 
     </span>
    </p>
   </div>
   <div class='ocr_carea' id='block_1_32' title="bbox 325 2993 1906 3064">
    <p class='ocr_par' dir='ltr' id='par_1_32' title="bbox 325 2993 1906 3064">
     <span class='ocr_line' id='line_1_32' title="bbox 325 2993 1906 3064; baseline -0.001 -16"><span class='ocrx_word' id='word_1_232' title='bbox 325 3003 426 3060; x_wconf 75' lang='lat' dir='ltr'><strong>tas,</strong></span> <span class='ocrx_word' id='word_1_233' title='bbox 459 2996 560 3050; x_wconf 91' lang='lat' dir='ltr'><strong>nisi</strong></span> <span class='ocrx_word' id='word_1_234' title='bbox 585 2994 756 3050; x_wconf 80' lang='lat' dir='ltr'><strong>fastus</strong></span> <span class='ocrx_word' id='word_1_235' title='bbox 768 2994 1054 3064; x_wconf 69' lang='lat' dir='ltr'><strong>superbiae,</strong></span> <span class='ocrx_word' id='word_1_236' title='bbox 1076 3009 1194 3063; x_wconf 63' lang='lat' dir='ltr'><strong>qua:</strong></span> <span class='ocrx_word' id='word_1_237' title='bbox 1211 2994 1598 3063; x_wconf 87' lang='lat' dir='ltr'><strong>interpretatur</strong></span> <span class='ocrx_word' id='word_1_238' title='bbox 1620 2993 1906 3047; x_wconf 87' lang='lat' dir='ltr'><strong>anathema</strong></span> 
     </span>
    </p>
   </div>
   <div class='ocr_carea' id='block_1_33' title="bbox 323 3083 1910 3154">
    <p class='ocr_par' dir='ltr' id='par_1_33' title="bbox 323 3083 1910 3154">
     <span class='ocr_line' id='line_1_33' title="bbox 323 3083 1910 3154; baseline -0.001 -15"><span class='ocrx_word' id='word_1_239' title='bbox 323 3085 589 3140; x_wconf 67' lang='lat' dir='ltr'><strong>tristitiae?</strong></span> <span class='ocrx_word' id='word_1_240' title='bbox 617 3085 816 3140; x_wconf 87' lang='lat' dir='ltr'><strong>Ermon</strong></span> <span class='ocrx_word' id='word_1_241' title='bbox 850 3085 996 3154; x_wconf 83' lang='lat' dir='ltr'><strong>regio</strong></span> <span class='ocrx_word' id='word_1_242' title='bbox 1022 3084 1367 3140; x_wconf 73' lang='lat' dir='ltr'><strong>Ilebrzeorum</strong></span> <span class='ocrx_word' id='word_1_243' title='bbox 1414 3092 1518 3149; x_wconf 86' lang='lat' dir='ltr'><strong>est,</strong></span> <span class='ocrx_word' id='word_1_244' title='bbox 1559 3099 1723 3154; x_wconf 89' lang='lat' dir='ltr'><strong>quam</strong></span> <span class='ocrx_word' id='word_1_245' title='bbox 1771 3083 1910 3139; x_wconf 89' lang='lat' dir='ltr'><strong>obti—</strong></span> 
     </span>
    </p>
   </div>
   <div class='ocr_carea' id='block_1_34' title="bbox 1989 542 3568 614">
    <p class='ocr_par' dir='ltr' id='par_1_34' title="bbox 1989 542 3568 614">
     <span class='ocr_line' id='line_1_34' title="bbox 1989 542 3568 614; baseline -0.002 -15"><span class='ocrx_word' id='word_1_246' title='bbox 1989 561 2134 609; x_wconf 91' lang='lat' dir='ltr'><strong>rara,</strong></span> <span class='ocrx_word' id='word_1_247' title='bbox 2183 561 2252 599; x_wconf 81' lang='lat' dir='ltr'><strong>ex</strong></span> <span class='ocrx_word' id='word_1_248' title='bbox 2310 545 2462 614; x_wconf 89' lang='lat' dir='ltr'><strong>cujus</strong></span> <span class='ocrx_word' id='word_1_249' title='bbox 2511 545 2726 599; x_wconf 91' lang='lat' dir='ltr'><strong>nomine</strong></span> <span class='ocrx_word' id='word_1_250' title='bbox 2771 543 3057 598; x_wconf 89' lang='lat' dir='ltr'><strong>Geratinea</strong></span> <span class='ocrx_word' id='word_1_251' title='bbox 3081 582 3098 608; x_wconf 90' lang='lat'><strong>,</strong></span> <span class='ocrx_word' id='word_1_252' title='bbox 3149 551 3374 597; x_wconf 90' lang='lat' dir='ltr'><strong>vocatur</strong></span> <span class='ocrx_word' id='word_1_253' title='bbox 3418 542 3568 610; x_wconf 75' lang='lat' dir='ltr'><strong>regio</strong></span> 
     </span>
    </p>
   </div>
   <div class='ocr_carea' id='block_1_35' title="bbox 1989 632 3568 705">
    <p class='ocr_par' dir='ltr' id='par_1_35' title="bbox 1989 632 3568 705">
     <span class='ocr_line' id='line_1_35' title="bbox 1989 632 3568 705; baseline -0.003 -13"><span class='ocrx_word' id='word_1_254' title='bbox 1989 638 2417 692; x_wconf 88' lang='lat' dir='ltr'><strong>transdoromam</strong></span> <span class='ocrx_word' id='word_1_255' title='bbox 2444 635 2630 705; x_wconf 90' lang='lat' dir='ltr'><strong>procul</strong></span> <span class='ocrx_word' id='word_1_256' title='bbox 2670 634 2738 689; x_wconf 91' lang='lat' dir='ltr'><strong>ab</strong></span> <span class='ocrx_word' id='word_1_257' title='bbox 2765 633 3145 703; x_wconf 86' lang='lat' dir='ltr'><strong>Eleuteropoli,</strong></span> <span class='ocrx_word' id='word_1_258' title='bbox 3178 632 3416 686; x_wconf 91' lang='lat' dir='ltr'><strong>millibus</strong></span> <span class='ocrx_word' id='word_1_259' title='bbox 3461 650 3568 687; x_wconf 86' lang='lat' dir='ltr'><strong>xxv</strong></span> 
     </span>
    </p>
   </div>
   <div class='ocr_carea' id='block_1_36' title="bbox 1988 722 3569 781">
    <p class='ocr_par' dir='ltr' id='par_1_36' title="bbox 1988 722 3569 781">
     <span class='ocr_line' id='line_1_36' title="bbox 1988 722 3569 781; baseline -0.003 -1"><span class='ocrx_word' id='word_1_260' title='bbox 1988 727 2056 781; x_wconf 88' lang='lat' dir='ltr'><strong>ad</strong></span> <span class='ocrx_word' id='word_1_261' title='bbox 2079 727 2377 781; x_wconf 87' lang='lat' dir='ltr'><strong>meridiem.</strong></span> <span class='ocrx_word' id='word_1_262' title='bbox 2399 726 2528 779; x_wconf 85' lang='lat' dir='ltr'><strong>Erat</strong></span> <span class='ocrx_word' id='word_1_263' title='bbox 2547 733 2727 778; x_wconf 86' lang='lat' dir='ltr'><strong>autem</strong></span> <span class='ocrx_word' id='word_1_264' title='bbox 2759 724 2888 778; x_wconf 92' lang='lat' dir='ltr'><strong>olim</strong></span> <span class='ocrx_word' id='word_1_265' title='bbox 2936 723 3199 778; x_wconf 89' lang='lat' dir='ltr'><strong>terminus</strong></span> <span class='ocrx_word' id='word_1_266' title='bbox 3236 722 3569 776; x_wconf 79' lang='lat' dir='ltr'><strong>Chanaan-</strong></span> 
     </span>
    </p>
   </div>
   <div class='ocr_carea' id='block_1_37' title="bbox 1990 816 3572 892">
    <p class='ocr_par' dir='ltr' id='par_1_37' title="bbox 1990 816 3572 892">
     <span class='ocr_line' id='line_1_37' title="bbox 1990 816 3572 892; baseline -0.006 -14"><span class='ocrx_word' id='word_1_267' title='bbox 1990 839 2108 878; x_wconf 90' lang='lat' dir='ltr'><strong>rum</strong></span> <span class='ocrx_word' id='word_1_268' title='bbox 2131 825 2196 877; x_wconf 88' lang='lat' dir='ltr'><strong>ad</strong></span> <span class='ocrx_word' id='word_1_269' title='bbox 2227 823 2517 878; x_wconf 88' lang='lat' dir='ltr'><strong>australem</strong></span> <span class='ocrx_word' id='word_1_270' title='bbox 2540 830 2769 892; x_wconf 90' lang='lat' dir='ltr'><strong>partem,</strong></span> <span class='ocrx_word' id='word_1_271' title='bbox 2787 828 2840 875; x_wconf 90' lang='lat' dir='ltr'><strong>et</strong></span> <span class='ocrx_word' id='word_1_272' title='bbox 2868 820 3060 875; x_wconf 88' lang='lat' dir='ltr'><strong>civitas</strong></span> <span class='ocrx_word' id='word_1_273' title='bbox 3081 818 3393 887; x_wconf 92' lang='lat' dir='ltr'><strong>metropolis</strong></span> <span class='ocrx_word' id='word_1_274' title='bbox 3405 816 3572 870; x_wconf 81' lang='lat' dir='ltr'><strong>Palae-</strong></span> 
     </span>
    </p>
   </div>
   <div class='ocr_carea' id='block_1_38' title="bbox 1990 911 3574 984">
    <p class='ocr_par' dir='ltr' id='par_1_38' title="bbox 1990 911 3574 984">
     <span class='ocr_line' id='line_1_38' title="bbox 1990 911 3574 984; baseline -0.004 -14"><span class='ocrx_word' id='word_1_275' title='bbox 1990 916 2164 971; x_wconf 62' lang='lat' dir='ltr'><strong>stium.</strong></span> <span class='ocrx_word' id='word_1_276' title='bbox 2191 916 2466 984; x_wconf 90' lang='lat' dir='ltr'><strong>Scriptura</strong></span> <span class='ocrx_word' id='word_1_277' title='bbox 2492 922 2879 969; x_wconf 88' lang='lat' dir='ltr'><strong>commemorat</strong></span> <span class='ocrx_word' id='word_1_278' title='bbox 2905 913 3073 968; x_wconf 84' lang='lat' dir='ltr'><strong>fuisse</strong></span> <span class='ocrx_word' id='word_1_279' title='bbox 3099 927 3220 966; x_wconf 88' lang='lat' dir='ltr'><strong>eam</strong></span> <span class='ocrx_word' id='word_1_280' title='bbox 3251 911 3574 966; x_wconf 89' lang='lat' dir='ltr'><strong>interCades</strong></span> 
     </span>
    </p>
   </div>
   <div class='ocr_carea' id='block_1_39' title="bbox 1989 1006 3572 1075">
    <p class='ocr_par' dir='ltr' id='par_1_39' title="bbox 1989 1006 3572 1075">
     <span class='ocr_line' id='line_1_39' title="bbox 1989 1006 3572 1075; baseline -0.004 -12"><span class='ocrx_word' id='word_1_281' title='bbox 1989 1018 2044 1063; x_wconf 90' lang='lat' dir='ltr'><strong>et</strong></span> <span class='ocrx_word' id='word_1_282' title='bbox 2079 1009 2206 1071; x_wconf 86' lang='lat' dir='ltr'><strong>Sur,</strong></span> <span class='ocrx_word' id='word_1_283' title='bbox 2229 1008 2330 1062; x_wconf 90' lang='lat' dir='ltr'><strong>hoc</strong></span> <span class='ocrx_word' id='word_1_284' title='bbox 2355 1015 2460 1069; x_wconf 91' lang='lat' dir='ltr'><strong>est,</strong></span> <span class='ocrx_word' id='word_1_285' title='bbox 2485 1007 2627 1061; x_wconf 88' lang='lat' dir='ltr'><strong>inter</strong></span> <span class='ocrx_word' id='word_1_286' title='bbox 2647 1007 2781 1060; x_wconf 84' lang='lat' dir='ltr'><strong>duas</strong></span> <span class='ocrx_word' id='word_1_287' title='bbox 2806 1006 3142 1071; x_wconf 86' lang='lat' dir='ltr'><strong>solitudines,</strong></span> <span class='ocrx_word' id='word_1_288' title='bbox 3190 1019 3417 1075; x_wconf 90' lang='lat' dir='ltr'><strong>quarum</strong></span> <span class='ocrx_word' id='word_1_289' title='bbox 3465 1020 3572 1057; x_wconf 87' lang='lat' dir='ltr'><strong>una</strong></span> 
     </span>
    </p>
   </div>
   <div class='ocr_carea' id='block_1_40' title="bbox 1992 1093 3572 1170">
    <p class='ocr_par' dir='ltr' id='par_1_40' title="bbox 1992 1093 3572 1170">
     <span class='ocr_line' id='line_1_40' title="bbox 1992 1093 3572 1170; baseline -0.004 -18"><span class='ocrx_word' id='word_1_290' title='bbox 1992 1099 2224 1170; x_wconf 60' lang='lat' dir='ltr'><strong>Egypto</strong></span> <span class='ocrx_word' id='word_1_291' title='bbox 2257 1097 2520 1168; x_wconf 83' lang='lat' dir='ltr'><strong>jungitur,</strong></span> <span class='ocrx_word' id='word_1_292' title='bbox 2575 1099 2641 1151; x_wconf 91' lang='lat' dir='ltr'><strong>ad</strong></span> <span class='ocrx_word' id='word_1_293' title='bbox 2689 1112 2849 1165; x_wconf 90' lang='lat' dir='ltr'><strong>quam</strong></span> <span class='ocrx_word' id='word_1_294' title='bbox 2899 1097 3124 1166; x_wconf 92' lang='lat' dir='ltr'><strong>populus</strong></span> <span class='ocrx_word' id='word_1_295' title='bbox 3178 1105 3326 1150; x_wconf 91' lang='lat' dir='ltr'><strong>trans</strong></span> <span class='ocrx_word' id='word_1_296' title='bbox 3375 1093 3572 1150; x_wconf 80' lang='lat' dir='ltr'><strong>fretum</strong></span> 
     </span>
    </p>
   </div>
   <div class='ocr_carea' id='block_1_41' title="bbox 1991 1189 3576 1259">
    <p class='ocr_par' dir='ltr' id='par_1_41' title="bbox 1991 1189 3576 1259">
     <span class='ocr_line' id='line_1_41' title="bbox 1991 1189 3576 1259; baseline -0.003 -14"><span class='ocrx_word' id='word_1_297' title='bbox 1991 1191 2161 1245; x_wconf 87' lang='lat' dir='ltr'><strong>Rubri</strong></span> <span class='ocrx_word' id='word_1_298' title='bbox 2209 1191 2375 1244; x_wconf 90' lang='lat' dir='ltr'><strong>maris</strong></span> <span class='ocrx_word' id='word_1_299' title='bbox 2399 1191 2662 1259; x_wconf 89' lang='lat' dir='ltr'><strong>pervenit.</strong></span> <span class='ocrx_word' id='word_1_300' title='bbox 2699 1189 2881 1244; x_wconf 83' lang='lat' dir='ltr'><strong>Altera</strong></span> <span class='ocrx_word' id='word_1_301' title='bbox 2912 1205 3041 1244; x_wconf 88' lang='lat' dir='ltr'><strong>vero</strong></span> <span class='ocrx_word' id='word_1_302' title='bbox 3090 1190 3262 1244; x_wconf 87' lang='lat' dir='ltr'><strong>Cades</strong></span> <span class='ocrx_word' id='word_1_303' title='bbox 3294 1204 3462 1259; x_wconf 86' lang='lat' dir='ltr'><strong>usque</strong></span> <span class='ocrx_word' id='word_1_304' title='bbox 3509 1189 3576 1242; x_wconf 81' lang='lat' dir='ltr'><strong>ad</strong></span> 
     </span>
    </p>
   </div>
   <div class='ocr_carea' id='block_1_42' title="bbox 1994 1282 3578 1350">
    <p class='ocr_par' dir='ltr' id='par_1_42' title="bbox 1994 1282 3578 1350">
     <span class='ocr_line' id='line_1_42' title="bbox 1994 1282 3578 1350; baseline -0.001 -14"><span class='ocrx_word' id='word_1_305' title='bbox 1994 1284 2414 1336; x_wconf 88' lang='lat' dir='ltr'><strong>Sarracenorum</strong></span> <span class='ocrx_word' id='word_1_306' title='bbox 2484 1296 2726 1336; x_wconf 90' lang='lat' dir='ltr'><strong>eremum</strong></span> <span class='ocrx_word' id='word_1_307' title='bbox 2793 1282 3120 1336; x_wconf 85' lang='lat' dir='ltr'><strong>extenditur.</strong></span> <span class='ocrx_word' id='word_1_308' title='bbox 3183 1282 3578 1350; x_wconf 87' lang='lat' dir='ltr'><strong>Interpretatur</strong></span> 
     </span>
    </p>
   </div>
   <div class='ocr_carea' id='block_1_43' title="bbox 1993 1371 3575 1436">
    <p class='ocr_par' dir='ltr' id='par_1_43' title="bbox 1993 1371 3575 1436">
     <span class='ocr_line' id='line_1_43' title="bbox 1993 1371 3575 1436; baseline -0.001 -10"><span class='ocrx_word' id='word_1_309' title='bbox 1993 1381 2171 1426; x_wconf 90' lang='lat' dir='ltr'><strong>autem</strong></span> <span class='ocrx_word' id='word_1_310' title='bbox 2197 1371 2401 1426; x_wconf 87' lang='lat' dir='ltr'><strong>Gerara</strong></span> <span class='ocrx_word' id='word_1_311' title='bbox 2441 1373 2845 1425; x_wconf 85' lang='lat' dir='ltr'><strong>ruminationem</strong></span> <span class='ocrx_word' id='word_1_312' title='bbox 2894 1372 3042 1436; x_wconf 86' lang='lat' dir='ltr'><strong>vidit,</strong></span> <span class='ocrx_word' id='word_1_313' title='bbox 3097 1372 3212 1426; x_wconf 85' lang='lat' dir='ltr'><strong>sive</strong></span> <span class='ocrx_word' id='word_1_314' title='bbox 3262 1371 3575 1424; x_wconf 80' lang='lat' dir='ltr'><strong>maclterias.</strong></span> 
     </span>
    </p>
   </div>
   <div class='ocr_carea' id='block_1_44' title="bbox 1994 1459 3580 1530">
    <p class='ocr_par' dir='ltr' id='par_1_44' title="bbox 1994 1459 3580 1530">
     <span class='ocr_line' id='line_1_44' title="bbox 1994 1459 3580 1530; baseline -0.002 -15"><span class='ocrx_word' id='word_1_315' title='bbox 1994 1459 2161 1516; x_wconf 87' lang='lat' dir='ltr'><strong>Gesse</strong></span> <span class='ocrx_word' id='word_1_316' title='bbox 2190 1460 2337 1529; x_wconf 83' lang='lat' dir='ltr'><strong>regio</strong></span> <span class='ocrx_word' id='word_1_317' title='bbox 2364 1459 2601 1530; x_wconf 55' lang='lat' dir='ltr'><strong>(Egypti,</strong></span> <span class='ocrx_word' id='word_1_318' title='bbox 2632 1461 2684 1514; x_wconf 93' lang='lat' dir='ltr'><strong>in</strong></span> <span class='ocrx_word' id='word_1_319' title='bbox 2716 1475 2818 1529; x_wconf 89' lang='lat' dir='ltr'><strong>qua</strong></span> <span class='ocrx_word' id='word_1_320' title='bbox 2852 1460 3114 1514; x_wconf 89' lang='lat' dir='ltr'><strong>habitavit</strong></span> <span class='ocrx_word' id='word_1_321' title='bbox 3159 1459 3324 1515; x_wconf 73' lang='lat' dir='ltr'><strong>Iacob</strong></span> <span class='ocrx_word' id='word_1_322' title='bbox 3363 1475 3486 1514; x_wconf 89' lang='lat' dir='ltr'><strong>cum</strong></span> <span class='ocrx_word' id='word_1_323' title='bbox 3518 1459 3580 1512; x_wconf 89' lang='lat' dir='ltr'><strong>li-</strong></span> 
     </span>
    </p>
   </div>
   <div class='ocr_carea' id='block_1_45' title="bbox 1993 1548 3582 1620">
    <p class='ocr_par' dir='ltr' id='par_1_45' title="bbox 1993 1548 3582 1620">
     <span class='ocr_line' id='line_1_45' title="bbox 1993 1548 3582 1620; baseline -0.003 -13"><span class='ocrx_word' id='word_1_324' title='bbox 1993 1553 2140 1608; x_wconf 88' lang='lat' dir='ltr'><strong>beris</strong></span> <span class='ocrx_word' id='word_1_325' title='bbox 2165 1551 2297 1605; x_wconf 90' lang='lat' dir='ltr'><strong>suis.</strong></span> <span class='ocrx_word' id='word_1_326' title='bbox 2329 1550 2497 1605; x_wconf 88' lang='lat' dir='ltr'><strong>Gesse</strong></span> <span class='ocrx_word' id='word_1_327' title='bbox 2535 1551 2958 1620; x_wconf 84' lang='lat' dir='ltr'><strong>interpretatur,</strong></span> <span class='ocrx_word' id='word_1_328' title='bbox 3011 1551 3434 1620; x_wconf 78' lang='lat' dir='ltr'><strong>appropinquans</strong></span> <span class='ocrx_word' id='word_1_329' title='bbox 3485 1548 3582 1602; x_wconf 80' lang='lat' dir='ltr'><strong>atl-</strong></span> 
     </span>
    </p>
   </div>
   <div class='ocr_carea' id='block_1_46' title="bbox 1993 1639 3575 1712">
    <p class='ocr_par' dir='ltr' id='par_1_46' title="bbox 1993 1639 3575 1712">
     <span class='ocr_line' id='line_1_46' title="bbox 1993 1639 3575 1712; baseline -0.002 -19"><span class='ocrx_word' id='word_1_330' title='bbox 1993 1641 2281 1712; x_wconf 83' lang='lat' dir='ltr'><strong>palpationi</strong></span> <span class='ocrx_word' id='word_1_331' title='bbox 2309 1656 2510 1701; x_wconf 90' lang='lat' dir='ltr'><strong>eorum,</strong></span> <span class='ocrx_word' id='word_1_332' title='bbox 2541 1640 2654 1694; x_wconf 88' lang='lat' dir='ltr'><strong>sive</strong></span> <span class='ocrx_word' id='word_1_333' title='bbox 2684 1641 2940 1694; x_wconf 81' lang='lat' dir='ltr'><strong>vicinitas.</strong></span> <span class='ocrx_word' id='word_1_334' title='bbox 2967 1640 3197 1693; x_wconf 71' lang='lat' dir='ltr'><strong>Idumma</strong></span> <span class='ocrx_word' id='word_1_335' title='bbox 3236 1641 3383 1710; x_wconf 84' lang='lat' dir='ltr'><strong>regio</strong></span> <span class='ocrx_word' id='word_1_336' title='bbox 3412 1639 3575 1701; x_wconf 84' lang='lat' dir='ltr'><strong>Esau,</strong></span> 
     </span>
    </p>
   </div>
   <div class='ocr_carea' id='block_1_47' title="bbox 1995 1729 3576 1802">
    <p class='ocr_par' dir='ltr' id='par_1_47' title="bbox 1995 1729 3576 1802">
     <span class='ocr_line' id='line_1_47' title="bbox 1995 1729 3576 1802; baseline -0.001 -18"><span class='ocrx_word' id='word_1_337' title='bbox 1995 1747 2115 1802; x_wconf 68' lang='lat' dir='ltr'><strong>quae</strong></span> <span class='ocrx_word' id='word_1_338' title='bbox 2139 1748 2207 1787; x_wconf 86' lang='lat' dir='ltr'><strong>ex</strong></span> <span class='ocrx_word' id='word_1_339' title='bbox 2236 1747 2322 1796; x_wconf 92' lang='lat' dir='ltr'><strong>eo,</strong></span> <span class='ocrx_word' id='word_1_340' title='bbox 2347 1731 2488 1800; x_wconf 89' lang='lat' dir='ltr'><strong>quod</strong></span> <span class='ocrx_word' id='word_1_341' title='bbox 2506 1729 2592 1784; x_wconf 93' lang='lat' dir='ltr'><strong>ille</strong></span> <span class='ocrx_word' id='word_1_342' title='bbox 2615 1730 2780 1784; x_wconf 87' lang='lat' dir='ltr'><strong>Edom</strong></span> <span class='ocrx_word' id='word_1_343' title='bbox 2799 1730 3112 1794; x_wconf 88' lang='lat' dir='ltr'><strong>vocabatur,</strong></span> <span class='ocrx_word' id='word_1_344' title='bbox 3139 1746 3333 1784; x_wconf 88' lang='lat' dir='ltr'><strong>nomen</strong></span> <span class='ocrx_word' id='word_1_345' title='bbox 3349 1729 3576 1798; x_wconf 84' lang='lat' dir='ltr'><strong>accepit.</strong></span> 
     </span>
    </p>
   </div>
   <div class='ocr_carea' id='block_1_48' title="bbox 1995 1818 3576 1887">
    <p class='ocr_par' dir='ltr' id='par_1_48' title="bbox 1995 1818 3576 1887">
     <span class='ocr_line' id='line_1_48' title="bbox 1995 1818 3576 1887; baseline -0.005 -11"><span class='ocrx_word' id='word_1_346' title='bbox 1995 1822 2088 1877; x_wconf 87' lang='lat' dir='ltr'><strong>Est</strong></span> <span class='ocrx_word' id='word_1_347' title='bbox 2115 1829 2292 1875; x_wconf 90' lang='lat' dir='ltr'><strong>autem</strong></span> <span class='ocrx_word' id='word_1_348' title='bbox 2315 1821 2458 1874; x_wconf 90' lang='lat' dir='ltr'><strong>circa</strong></span> <span class='ocrx_word' id='word_1_349' title='bbox 2490 1820 2674 1874; x_wconf 86' lang='lat' dir='ltr'><strong>urbem</strong></span> <span class='ocrx_word' id='word_1_350' title='bbox 2722 1818 2958 1882; x_wconf 89' lang='lat' dir='ltr'><strong>Petram,</strong></span> <span class='ocrx_word' id='word_1_351' title='bbox 3012 1834 3132 1887; x_wconf 74' lang='lat' dir='ltr'><strong>qua:</strong></span> <span class='ocrx_word' id='word_1_352' title='bbox 3183 1835 3326 1872; x_wconf 88' lang='lat' dir='ltr'><strong>nune</strong></span> <span class='ocrx_word' id='word_1_353' title='bbox 3378 1819 3576 1872; x_wconf 86' lang='lat' dir='ltr'><strong>dicitur</strong></span> 
     </span>
    </p>
   </div>
   <div class='ocr_carea' id='block_1_49' title="bbox 1995 1906 3577 1979">
    <p class='ocr_par' dir='ltr' id='par_1_49' title="bbox 1995 1906 3577 1979">
     <span class='ocr_line' id='line_1_49' title="bbox 1995 1906 3577 1979; baseline -0.004 -13"><span class='ocrx_word' id='word_1_354' title='bbox 1995 1911 2285 1966; x_wconf 90' lang='lat' dir='ltr'><strong>Gabalene.</strong></span> <span class='ocrx_word' id='word_1_355' title='bbox 2310 1909 2529 1964; x_wconf 80' lang='lat' dir='ltr'><strong>Jotlieth</strong></span> <span class='ocrx_word' id='word_1_356' title='bbox 2558 1909 2705 1979; x_wconf 89' lang='lat' dir='ltr'><strong>regio</strong></span> <span class='ocrx_word' id='word_1_357' title='bbox 2732 1909 3033 1978; x_wconf 88' lang='lat' dir='ltr'><strong>principum</strong></span> <span class='ocrx_word' id='word_1_358' title='bbox 3071 1907 3236 1961; x_wconf 77' lang='lat' dir='ltr'><strong>Edoni</strong></span> <span class='ocrx_word' id='word_1_359' title='bbox 3271 1907 3321 1960; x_wconf 91' lang='lat' dir='ltr'><strong>in</strong></span> <span class='ocrx_word' id='word_1_360' title='bbox 3368 1906 3577 1969; x_wconf 86' lang='lat' dir='ltr'><strong>eadem,</strong></span> 
     </span>
    </p>
   </div>
   <div class='ocr_carea' id='block_1_50' title="bbox 1996 1995 3581 2068">
    <p class='ocr_par' dir='ltr' id='par_1_50' title="bbox 1996 1995 3581 2068">
     <span class='ocr_line' id='line_1_50' title="bbox 1996 1995 3581 2068; baseline -0.003 -14"><span class='ocrx_word' id='word_1_361' title='bbox 1996 1999 2063 2054; x_wconf 89' lang='lat' dir='ltr'><strong>de</strong></span> <span class='ocrx_word' id='word_1_362' title='bbox 2087 2014 2193 2068; x_wconf 91' lang='lat' dir='ltr'><strong>qua</strong></span> <span class='ocrx_word' id='word_1_363' title='bbox 2243 2007 2297 2054; x_wconf 93' lang='lat' dir='ltr'><strong>et</strong></span> <span class='ocrx_word' id='word_1_364' title='bbox 2352 2014 2515 2067; x_wconf 87' lang='lat' dir='ltr'><strong>supra</strong></span> <span class='ocrx_word' id='word_1_365' title='bbox 2564 1998 2814 2056; x_wconf 78' lang='lat' dir='ltr'><strong>diximus.</strong></span> <span class='ocrx_word' id='word_1_366' title='bbox 2855 1996 3148 2051; x_wconf 81' lang='lat' dir='ltr'><strong>Gabalene.</strong></span> <span class='ocrx_word' id='word_1_367' title='bbox 3205 1996 3376 2050; x_wconf 79' lang='lat' dir='ltr'><strong>Messe</strong></span> <span class='ocrx_word' id='word_1_368' title='bbox 3431 1995 3581 2066; x_wconf 87' lang='lat' dir='ltr'><strong>regio</strong></span> 
     </span>
    </p>
   </div>
   <div class='ocr_carea' id='block_1_51' title="bbox 1996 2084 3578 2158">
    <p class='ocr_par' dir='ltr' id='par_1_51' title="bbox 1996 2084 3578 2158">
     <span class='ocr_line' id='line_1_51' title="bbox 1996 2084 3578 2158; baseline -0.003 -14"><span class='ocrx_word' id='word_1_369' title='bbox 1996 2089 2180 2154; x_wconf 72' lang='lat' dir='ltr'><strong>Indiae,</strong></span> <span class='ocrx_word' id='word_1_370' title='bbox 2236 2089 2288 2142; x_wconf 91' lang='lat' dir='ltr'><strong>in</strong></span> <span class='ocrx_word' id='word_1_371' title='bbox 2333 2104 2439 2158; x_wconf 86' lang='lat' dir='ltr'><strong>qua</strong></span> <span class='ocrx_word' id='word_1_372' title='bbox 2474 2086 2854 2142; x_wconf 87' lang='lat' dir='ltr'><strong>habitaverunt</strong></span> <span class='ocrx_word' id='word_1_373' title='bbox 2896 2085 2990 2139; x_wconf 90' lang='lat' dir='ltr'><strong>ﬁlii</strong></span> <span class='ocrx_word' id='word_1_374' title='bbox 3038 2084 3228 2140; x_wconf 89' lang='lat' dir='ltr'><strong>Iectan</strong></span> <span class='ocrx_word' id='word_1_375' title='bbox 3276 2085 3366 2140; x_wconf 92' lang='lat' dir='ltr'><strong>ﬁlii</strong></span> <span class='ocrx_word' id='word_1_376' title='bbox 3419 2085 3578 2140; x_wconf 89' lang='lat' dir='ltr'><strong>Eber.</strong></span> 
     </span>
    </p>
   </div>
   <div class='ocr_carea' id='block_1_52' title="bbox 1999 2177 3579 2250">
    <p class='ocr_par' dir='ltr' id='par_1_52' title="bbox 1999 2177 3579 2250">
     <span class='ocr_line' id='line_1_52' title="bbox 1999 2177 3579 2250; baseline -0.004 -14"><span class='ocrx_word' id='word_1_377' title='bbox 1999 2181 2173 2236; x_wconf 78' lang='lat' dir='ltr'><strong>Messe</strong></span> <span class='ocrx_word' id='word_1_378' title='bbox 2215 2182 2412 2250; x_wconf 90' lang='lat' dir='ltr'><strong>quippe</strong></span> <span class='ocrx_word' id='word_1_379' title='bbox 2459 2180 2847 2246; x_wconf 84' lang='lat' dir='ltr'><strong>interpretatur</strong></span> <span class='ocrx_word' id='word_1_380' title='bbox 2896 2194 3032 2247; x_wconf 87' lang='lat' dir='ltr'><strong>aqua</strong></span> <span class='ocrx_word' id='word_1_381' title='bbox 3065 2194 3211 2242; x_wconf 86' lang='lat' dir='ltr'><strong>rara,</strong></span> <span class='ocrx_word' id='word_1_382' title='bbox 3271 2178 3350 2230; x_wconf 88' lang='lat' dir='ltr'><strong>vel</strong></span> <span class='ocrx_word' id='word_1_383' title='bbox 3402 2177 3579 2231; x_wconf 87' lang='lat' dir='ltr'><strong>elatio.</strong></span> 
     </span>
    </p>
   </div>
   <div class='ocr_carea' id='block_1_53' title="bbox 2001 2268 3578 2342">
    <p class='ocr_par' dir='ltr' id='par_1_53' title="bbox 2001 2268 3578 2342">
     <span class='ocr_line' id='line_1_53' title="bbox 2001 2268 3578 2342; baseline -0.004 -15"><span class='ocrx_word' id='word_1_384' title='bbox 2001 2273 2242 2328; x_wconf 88' lang='lat' dir='ltr'><strong>Theman</strong></span> <span class='ocrx_word' id='word_1_385' title='bbox 2271 2271 2418 2342; x_wconf 86' lang='lat' dir='ltr'><strong>regio</strong></span> <span class='ocrx_word' id='word_1_386' title='bbox 2447 2271 2750 2340; x_wconf 91' lang='lat' dir='ltr'><strong>principum</strong></span> <span class='ocrx_word' id='word_1_387' title='bbox 2778 2269 2944 2324; x_wconf 82' lang='lat' dir='ltr'><strong>Edom</strong></span> <span class='ocrx_word' id='word_1_388' title='bbox 2978 2269 3030 2322; x_wconf 92' lang='lat' dir='ltr'><strong>in</strong></span> <span class='ocrx_word' id='word_1_389' title='bbox 3078 2276 3221 2323; x_wconf 89' lang='lat' dir='ltr'><strong>terra</strong></span> <span class='ocrx_word' id='word_1_390' title='bbox 3251 2268 3578 2330; x_wconf 90' lang='lat' dir='ltr'><strong>Gebaletica,</strong></span> 
     </span>
    </p>
   </div>
   <div class='ocr_carea' id='block_1_54' title="bbox 2003 2360 3579 2436">
    <p class='ocr_par' dir='ltr' id='par_1_54' title="bbox 2003 2360 3579 2436">
     <span class='ocr_line' id='line_1_54' title="bbox 2003 2360 3579 2436; baseline -0.003 -19"><span class='ocrx_word' id='word_1_391' title='bbox 2003 2363 2078 2436; x_wconf 83' lang='lat' dir='ltr'><strong>[a]</strong></span> <span class='ocrx_word' id='word_1_392' title='bbox 2111 2364 2351 2418; x_wconf 87' lang='lat' dir='ltr'><strong>Theman</strong></span> <span class='ocrx_word' id='word_1_393' title='bbox 2403 2362 2511 2416; x_wconf 88' lang='lat' dir='ltr'><strong>ﬁlio</strong></span> <span class='ocrx_word' id='word_1_394' title='bbox 2541 2361 2785 2430; x_wconf 83' lang='lat' dir='ltr'><strong>Elipham</strong></span> <span class='ocrx_word' id='word_1_395' title='bbox 2815 2361 2955 2415; x_wconf 85' lang='lat' dir='ltr'><strong>Esau</strong></span> <span class='ocrx_word' id='word_1_396' title='bbox 3005 2361 3194 2415; x_wconf 90' lang='lat' dir='ltr'><strong>sortita</strong></span> <span class='ocrx_word' id='word_1_397' title='bbox 3242 2360 3579 2425; x_wconf 86' lang='lat' dir='ltr'><strong>vocabulum,</strong></span> 
     </span>
    </p>
   </div>
   <div class='ocr_carea' id='block_1_55' title="bbox 2001 2449 3584 2522">
    <p class='ocr_par' dir='ltr' id='par_1_55' title="bbox 2001 2449 3584 2522">
     <span class='ocr_line' id='line_1_55' title="bbox 2001 2449 3584 2522; baseline -0.003 -13"><span class='ocrx_word' id='word_1_398' title='bbox 2001 2455 2094 2509; x_wconf 90' lang='lat' dir='ltr'><strong>sed</strong></span> <span class='ocrx_word' id='word_1_399' title='bbox 2121 2468 2288 2522; x_wconf 89' lang='lat' dir='ltr'><strong>usque</strong></span> <span class='ocrx_word' id='word_1_400' title='bbox 2317 2451 2475 2507; x_wconf 91' lang='lat' dir='ltr'><strong>hodie</strong></span> <span class='ocrx_word' id='word_1_401' title='bbox 2499 2460 2582 2506; x_wconf 94' lang='lat' dir='ltr'><strong>est</strong></span> <span class='ocrx_word' id='word_1_402' title='bbox 2607 2451 2754 2515; x_wconf 89' lang='lat' dir='ltr'><strong>villa,</strong></span> <span class='ocrx_word' id='word_1_403' title='bbox 2803 2450 3045 2506; x_wconf 88' lang='lat' dir='ltr'><strong>Theman</strong></span> <span class='ocrx_word' id='word_1_404' title='bbox 3081 2450 3320 2514; x_wconf 89' lang='lat' dir='ltr'><strong>nomine,</strong></span> <span class='ocrx_word' id='word_1_405' title='bbox 3376 2449 3584 2504; x_wconf 81' lang='lat' dir='ltr'><strong>distans</strong></span> 
     </span>
    </p>
   </div>
   <div class='ocr_carea' id='block_1_56' title="bbox 2003 2543 3586 2610">
    <p class='ocr_par' dir='ltr' id='par_1_56' title="bbox 2003 2543 3586 2610">
     <span class='ocr_line' id='line_1_56' title="bbox 2003 2543 3586 2610; baseline -0.001 -12"><span class='ocrx_word' id='word_1_406' title='bbox 2003 2546 2072 2599; x_wconf 90' lang='lat' dir='ltr'><strong>ab</strong></span> <span class='ocrx_word' id='word_1_407' title='bbox 2099 2545 2230 2599; x_wconf 90' lang='lat' dir='ltr'><strong>urbe</strong></span> <span class='ocrx_word' id='word_1_408' title='bbox 2265 2543 2420 2599; x_wconf 88' lang='lat' dir='ltr'><strong>Petra</strong></span> <span class='ocrx_word' id='word_1_409' title='bbox 2449 2561 2482 2598; x_wconf 94' lang='lat' dir='ltr'><strong>v</strong></span> <span class='ocrx_word' id='word_1_410' title='bbox 2528 2544 2782 2610; x_wconf 89' lang='lat' dir='ltr'><strong>millibus,</strong></span> <span class='ocrx_word' id='word_1_411' title='bbox 2814 2544 2905 2600; x_wconf 89' lang='lat' dir='ltr'><strong>ubi</strong></span> <span class='ocrx_word' id='word_1_412' title='bbox 2944 2555 2998 2600; x_wconf 92' lang='lat' dir='ltr'><strong>ct</strong></span> <span class='ocrx_word' id='word_1_413' title='bbox 3057 2544 3418 2598; x_wconf 69' lang='lat' dir='ltr'><strong>Ronranorum</strong></span> <span class='ocrx_word' id='word_1_414' title='bbox 3443 2543 3586 2597; x_wconf 80' lang='lat' dir='ltr'><strong>utili-</strong></span> 
     </span>
    </p>
   </div>
   <div class='ocr_carea' id='block_1_57' title="bbox 2003 2634 3588 2707">
    <p class='ocr_par' dir='ltr' id='par_1_57' title="bbox 2003 2634 3588 2707">
     <span class='ocr_line' id='line_1_57' title="bbox 2003 2634 3588 2707; baseline -0.002 -16"><span class='ocrx_word' id='word_1_415' title='bbox 2003 2645 2116 2691; x_wconf 90' lang='lat' dir='ltr'><strong>tum</strong></span> <span class='ocrx_word' id='word_1_416' title='bbox 2148 2635 2472 2707; x_wconf 69' lang='lat' dir='ltr'><strong>prmsidium.</strong></span> <span class='ocrx_word' id='word_1_417' title='bbox 2504 2634 2606 2690; x_wconf 79' lang='lat' dir='ltr'><strong>Sed</strong></span> <span class='ocrx_word' id='word_1_418' title='bbox 2636 2635 2703 2690; x_wconf 92' lang='lat' dir='ltr'><strong>de</strong></span> <span class='ocrx_word' id='word_1_419' title='bbox 2723 2652 2830 2704; x_wconf 90' lang='lat' dir='ltr'><strong>quo</strong></span> <span class='ocrx_word' id='word_1_420' title='bbox 2856 2635 2972 2690; x_wconf 92' lang='lat' dir='ltr'><strong>loco</strong></span> <span class='ocrx_word' id='word_1_421' title='bbox 3001 2634 3222 2704; x_wconf 88' lang='lat' dir='ltr'><strong>Eliphas</strong></span> <span class='ocrx_word' id='word_1_422' title='bbox 3245 2651 3337 2690; x_wconf 74' lang='lat' dir='ltr'><strong>rex</strong></span> <span class='ocrx_word' id='word_1_423' title='bbox 3362 2635 3588 2689; x_wconf 51' lang='lat' dir='ltr'><strong>Thema-</strong></span> 
     </span>
    </p>
   </div>
   <div class='ocr_carea' id='block_1_58' title="bbox 2005 2724 3588 2796">
    <p class='ocr_par' dir='ltr' id='par_1_58' title="bbox 2005 2724 3588 2796">
     <span class='ocr_line' id='line_1_58' title="bbox 2005 2724 3588 2796; baseline -0.002 -16"><span class='ocrx_word' id='word_1_424' title='bbox 2005 2743 2220 2790; x_wconf 90' lang='lat' dir='ltr'><strong>norum,</strong></span> <span class='ocrx_word' id='word_1_425' title='bbox 2277 2726 2647 2796; x_wconf 85' lang='lat' dir='ltr'><strong>unusquisque</strong></span> <span class='ocrx_word' id='word_1_426' title='bbox 2696 2726 2927 2780; x_wconf 90' lang='lat' dir='ltr'><strong>ﬁliorutn</strong></span> <span class='ocrx_word' id='word_1_427' title='bbox 2984 2725 3177 2780; x_wconf 90' lang='lat' dir='ltr'><strong>Ismael</strong></span> <span class='ocrx_word' id='word_1_428' title='bbox 3217 2724 3588 2796; x_wconf 86' lang='lat' dir='ltr'><strong>appellabatur</strong></span> 
     </span>
    </p>
   </div>
   <div class='ocr_carea' id='block_1_59' title="bbox 2005 2817 3590 2888">
    <p class='ocr_par' dir='ltr' id='par_1_59' title="bbox 2005 2817 3590 2888">
     <span class='ocr_line' id='line_1_59' title="bbox 2005 2817 3590 2888; baseline -0.002 -12"><span class='ocrx_word' id='word_1_429' title='bbox 2005 2821 2272 2876; x_wconf 87' lang='lat' dir='ltr'><strong>Theman.</strong></span> <span class='ocrx_word' id='word_1_430' title='bbox 2318 2819 2606 2874; x_wconf 86' lang='lat' dir='ltr'><strong>Sciendum</strong></span> <span class='ocrx_word' id='word_1_431' title='bbox 2659 2827 2858 2882; x_wconf 90' lang='lat' dir='ltr'><strong>autem,</strong></span> <span class='ocrx_word' id='word_1_432' title='bbox 2910 2818 3052 2888; x_wconf 88' lang='lat' dir='ltr'><strong>quod</strong></span> <span class='ocrx_word' id='word_1_433' title='bbox 3106 2819 3281 2872; x_wconf 86' lang='lat' dir='ltr'><strong>OlllllIS</strong></span> <span class='ocrx_word' id='word_1_434' title='bbox 3335 2817 3590 2873; x_wconf 86' lang='lat' dir='ltr'><strong>australis</strong></span> 
     </span>
    </p>
   </div>
   <div class='ocr_carea' id='block_1_60' title="bbox 2007 2908 3589 2980">
    <p class='ocr_par' dir='ltr' id='par_1_60' title="bbox 2007 2908 3589 2980">
     <span class='ocr_line' id='line_1_60' title="bbox 2007 2908 3589 2980; baseline -0.001 -16"><span class='ocrx_word' id='word_1_435' title='bbox 2007 2911 2154 2980; x_wconf 80' lang='lat' dir='ltr'><strong>regio</strong></span> <span class='ocrx_word' id='word_1_436' title='bbox 2177 2910 2440 2964; x_wconf 91' lang='lat' dir='ltr'><strong>Ilebraice</strong></span> <span class='ocrx_word' id='word_1_437' title='bbox 2469 2909 2710 2964; x_wconf 87' lang='lat' dir='ltr'><strong>Theman</strong></span> <span class='ocrx_word' id='word_1_438' title='bbox 2737 2909 2950 2963; x_wconf 90' lang='lat' dir='ltr'><strong>dicitur.</strong></span> <span class='ocrx_word' id='word_1_439' title='bbox 2985 2908 3372 2979; x_wconf 89' lang='lat' dir='ltr'><strong>Interpretatur</strong></span> <span class='ocrx_word' id='word_1_440' title='bbox 3408 2918 3589 2963; x_wconf 87' lang='lat' dir='ltr'><strong>autem</strong></span> 
     </span>
    </p>
   </div>
   <div class='ocr_carea' id='block_1_61' title="bbox 2009 3000 3591 3070">
    <p class='ocr_par' dir='ltr' id='par_1_61' title="bbox 2009 3000 3591 3070">
     <span class='ocr_line' id='line_1_61' title="bbox 2009 3000 3591 3070; baseline -0.001 -13"><span class='ocrx_word' id='word_1_441' title='bbox 2009 3003 2273 3066; x_wconf 88' lang='lat' dir='ltr'><strong>Theman,</strong></span> <span class='ocrx_word' id='word_1_442' title='bbox 2304 3012 2501 3067; x_wconf 83' lang='lat' dir='ltr'><strong>auster,</strong></span> <span class='ocrx_word' id='word_1_443' title='bbox 2525 3000 2609 3056; x_wconf 92' lang='lat' dir='ltr'><strong>vel</strong></span> <span class='ocrx_word' id='word_1_444' title='bbox 2638 3000 2867 3070; x_wconf 79' lang='lat' dir='ltr'><strong>Africus.</strong></span> <span class='ocrx_word' id='word_1_445' title='bbox 2901 3000 3092 3063; x_wconf 84' lang='lat' dir='ltr'><strong>Cedar,</strong></span> <span class='ocrx_word' id='word_1_446' title='bbox 3123 3000 3189 3055; x_wconf 91' lang='lat' dir='ltr'><strong>de</strong></span> <span class='ocrx_word' id='word_1_447' title='bbox 3225 3015 3332 3070; x_wconf 91' lang='lat' dir='ltr'><strong>quo</strong></span> <span class='ocrx_word' id='word_1_448' title='bbox 3361 3000 3414 3054; x_wconf 91' lang='lat' dir='ltr'><strong>in</strong></span> <span class='ocrx_word' id='word_1_449' title='bbox 3461 3001 3591 3056; x_wconf 84' lang='lat' dir='ltr'><strong>Eze-</strong></span> 
     </span>
    </p>
   </div>
   <div class='ocr_carea' id='block_1_62' title="bbox 2012 3091 3595 3162">
    <p class='ocr_par' dir='ltr' id='par_1_62' title="bbox 2012 3091 3595 3162">
     <span class='ocr_line' id='line_1_62' title="bbox 2012 3091 3595 3162; baseline 0.001 -14"><span class='ocrx_word' id='word_1_450' title='bbox 2012 3093 2183 3148; x_wconf 90' lang='lat' dir='ltr'><strong>chiele</strong></span> <span class='ocrx_word' id='word_1_451' title='bbox 2205 3093 2476 3162; x_wconf 87' lang='lat' dir='ltr'><strong>principes</strong></span> <span class='ocrx_word' id='word_1_452' title='bbox 2500 3091 2672 3146; x_wconf 88' lang='lat' dir='ltr'><strong>Cedar</strong></span> <span class='ocrx_word' id='word_1_453' title='bbox 2692 3091 2941 3161; x_wconf 85' lang='lat' dir='ltr'><strong>leguntur</strong></span> <span class='ocrx_word' id='word_1_454' title='bbox 2970 3109 2982 3144; x_wconf 89' lang='lat'><strong>:</strong></span> <span class='ocrx_word' id='word_1_455' title='bbox 3013 3092 3106 3146; x_wconf 86' lang='lat' dir='ltr'><strong>sed</strong></span> <span class='ocrx_word' id='word_1_456' title='bbox 3136 3100 3193 3145; x_wconf 91' lang='lat' dir='ltr'><strong>et</strong></span> <span class='ocrx_word' id='word_1_457' title='bbox 3219 3091 3516 3148; x_wconf 91' lang='lat' dir='ltr'><strong>Ilieremias</strong></span> <span class='ocrx_word' id='word_1_458' title='bbox 3537 3102 3595 3149; x_wconf 88' lang='lat' dir='ltr'><strong>et</strong></span> 
     </span>
    </p>
   </div>
   <div class='ocr_carea' id='block_1_63' title="bbox 321 3162 1904 3251">
    <p class='ocr_par' dir='ltr' id='par_1_63' title="bbox 321 3173 1904 3246">
     <span class='ocr_line' id='line_1_63' title="bbox 321 3173 1904 3246; baseline -0.001 -15"><span class='ocrx_word' id='word_1_459' title='bbox 321 3179 442 3231; x_wconf 87' lang='lat' dir='ltr'><strong>nuit</strong></span> <span class='ocrx_word' id='word_1_460' title='bbox 467 3175 640 3232; x_wconf 86' lang='lat' dir='ltr'><strong>Iesus.</strong></span> <span class='ocrx_word' id='word_1_461' title='bbox 665 3175 922 3230; x_wconf 80' lang='lat' dir='ltr'><strong>Hebraeus</strong></span> <span class='ocrx_word' id='word_1_462' title='bbox 939 3189 1086 3238; x_wconf 85' lang='lat' dir='ltr'><strong>vero,</strong></span> <span class='ocrx_word' id='word_1_463' title='bbox 1117 3191 1222 3246; x_wconf 89' lang='lat' dir='ltr'><strong>quo</strong></span> <span class='ocrx_word' id='word_1_464' title='bbox 1254 3175 1574 3246; x_wconf 74' lang='lat' dir='ltr'><strong>pnelegente</strong></span> <span class='ocrx_word' id='word_1_465' title='bbox 1601 3173 1904 3244; x_wconf 88' lang='lat' dir='ltr'><strong>Scripturas</strong></span> 
     </span>
    </p>
   </div>
   <div class='ocr_carea' id='block_1_64' title="bbox 2004 3162 3592 3251">
    <p class='ocr_par' dir='ltr' id='par_1_64' title="bbox 2011 3180 3592 3251">
     <span class='ocr_line' id='line_1_64' title="bbox 2011 3180 3592 3251; baseline -0.001 -13"><span class='ocrx_word' id='word_1_466' title='bbox 2011 3183 2173 3238; x_wconf 90' lang='lat' dir='ltr'><strong>Isaias</strong></span> <span class='ocrx_word' id='word_1_467' title='bbox 2207 3184 2260 3237; x_wconf 89' lang='lat' dir='ltr'><strong>in</strong></span> <span class='ocrx_word' id='word_1_468' title='bbox 2293 3183 2498 3237; x_wconf 89' lang='lat' dir='ltr'><strong>visione</strong></span> <span class='ocrx_word' id='word_1_469' title='bbox 2521 3181 2748 3245; x_wconf 65' lang='lat' dir='ltr'><strong>Arabiae,</strong></span> <span class='ocrx_word' id='word_1_470' title='bbox 2766 3182 2926 3251; x_wconf 87' lang='lat' dir='ltr'><strong>hujus</strong></span> <span class='ocrx_word' id='word_1_471' title='bbox 2947 3180 3191 3236; x_wconf 88' lang='lat' dir='ltr'><strong>vocabuli</strong></span> <span class='ocrx_word' id='word_1_472' title='bbox 3213 3182 3592 3237; x_wconf 89' lang='lat' dir='ltr'><strong>recordantur.</strong></span> 
     </span>
    </p>
   </div>
   <div class='ocr_carea' id='block_1_65' title="bbox 325 3265 1905 3331">
    <p class='ocr_par' dir='ltr' id='par_1_65' title="bbox 325 3265 1905 3331">
     <span class='ocr_line' id='line_1_65' title="bbox 325 3265 1905 3331; baseline -0.003 -8"><span class='ocrx_word' id='word_1_473' title='bbox 325 3267 506 3331; x_wconf 85' lang='lat' dir='ltr'><strong>didici,</strong></span> <span class='ocrx_word' id='word_1_474' title='bbox 531 3266 758 3320; x_wconf 84' lang='lat' dir='ltr'><strong>allirmat</strong></span> <span class='ocrx_word' id='word_1_475' title='bbox 785 3275 1019 3321; x_wconf 88' lang='lat' dir='ltr'><strong>montem</strong></span> <span class='ocrx_word' id='word_1_476' title='bbox 1064 3266 1296 3319; x_wconf 86' lang='lat' dir='ltr'><strong>Hermon</strong></span> <span class='ocrx_word' id='word_1_477' title='bbox 1324 3265 1574 3321; x_wconf 88' lang='lat' dir='ltr'><strong>Pancade</strong></span> <span class='ocrx_word' id='word_1_478' title='bbox 1602 3265 1905 3330; x_wconf 90' lang='lat' dir='ltr'><strong>imminere,</strong></span> 
     </span>
    </p>
   </div>
   <div class='ocr_carea' id='block_1_66' title="bbox 325 3357 1909 3429">
    <p class='ocr_par' dir='ltr' id='par_1_66' title="bbox 325 3357 1909 3429">
     <span class='ocr_line' id='line_1_66' title="bbox 325 3357 1909 3429; baseline -0.001 -17"><span class='ocrx_word' id='word_1_479' title='bbox 325 3374 488 3428; x_wconf 88' lang='lat' dir='ltr'><strong>quam</strong></span> <span class='ocrx_word' id='word_1_480' title='bbox 509 3359 778 3429; x_wconf 87' lang='lat' dir='ltr'><strong>quondam</strong></span> <span class='ocrx_word' id='word_1_481' title='bbox 803 3366 1094 3414; x_wconf 86' lang='lat' dir='ltr'><strong>tenuerunt</strong></span> <span class='ocrx_word' id='word_1_482' title='bbox 1123 3358 1263 3412; x_wconf 72' lang='lat' dir='ltr'><strong>Evzei</strong></span> <span class='ocrx_word' id='word_1_483' title='bbox 1291 3367 1346 3412; x_wconf 92' lang='lat' dir='ltr'><strong>et</strong></span> <span class='ocrx_word' id='word_1_484' title='bbox 1372 3358 1658 3422; x_wconf 76' lang='lat' dir='ltr'><strong>Amorrzci,</strong></span> <span class='ocrx_word' id='word_1_485' title='bbox 1701 3357 1769 3412; x_wconf 89' lang='lat' dir='ltr'><strong>de</strong></span> <span class='ocrx_word' id='word_1_486' title='bbox 1800 3371 1909 3428; x_wconf 84' lang='lat' dir='ltr'><strong>quo</strong></span> 
     </span>
    </p>
   </div>
   <div class='ocr_carea' id='block_1_67' title="bbox 325 3447 1904 3520">
    <p class='ocr_par' dir='ltr' id='par_1_67' title="bbox 325 3447 1904 3520">
     <span class='ocr_line' id='line_1_67' title="bbox 325 3447 1904 3520; baseline -0.003 -16"><span class='ocrx_word' id='word_1_487' title='bbox 325 3465 468 3504; x_wconf 91' lang='lat' dir='ltr'><strong>nuuc</strong></span> <span class='ocrx_word' id='word_1_488' title='bbox 488 3449 687 3504; x_wconf 66' lang='lat' dir='ltr'><strong>arstivte</strong></span> <span class='ocrx_word' id='word_1_489' title='bbox 722 3448 876 3503; x_wconf 88' lang='lat' dir='ltr'><strong>nives</strong></span> <span class='ocrx_word' id='word_1_490' title='bbox 920 3447 1120 3520; x_wconf 86' lang='lat' dir='ltr'><strong>Tyrum</strong></span> <span class='ocrx_word' id='word_1_491' title='bbox 1174 3448 1244 3502; x_wconf 91' lang='lat' dir='ltr'><strong>ob</strong></span> <span class='ocrx_word' id='word_1_492' title='bbox 1297 3447 1519 3502; x_wconf 89' lang='lat' dir='ltr'><strong>delicias</strong></span> <span class='ocrx_word' id='word_1_493' title='bbox 1566 3447 1904 3503; x_wconf 80' lang='lat' dir='ltr'><strong>deferuntur.</strong></span> 
     </span>
    </p>
   </div>
   <div class='ocr_carea' id='block_1_68' title="bbox 324 3538 1908 3610">
    <p class='ocr_par' dir='ltr' id='par_1_68' title="bbox 324 3538 1908 3610">
     <span class='ocr_line' id='line_1_68' title="bbox 324 3538 1908 3610; baseline -0.004 -14"><span class='ocrx_word' id='word_1_494' title='bbox 324 3541 470 3596; x_wconf 90' lang='lat' dir='ltr'><strong>Cene</strong></span> <span class='ocrx_word' id='word_1_495' title='bbox 525 3541 672 3610; x_wconf 82' lang='lat' dir='ltr'><strong>regio</strong></span> <span class='ocrx_word' id='word_1_496' title='bbox 721 3539 1020 3609; x_wconf 86' lang='lat' dir='ltr'><strong>principum</strong></span> <span class='ocrx_word' id='word_1_497' title='bbox 1072 3539 1427 3595; x_wconf 72' lang='lat' dir='ltr'><strong>Idumtcorum</strong></span> <span class='ocrx_word' id='word_1_498' title='bbox 1477 3538 1908 3607; x_wconf 84' lang='lat' dir='ltr'><strong>interpretatur,</strong></span> 
     </span>
    </p>
   </div>
   <div class='ocr_carea' id='block_1_69' title="bbox 322 3615 1912 3706">
    <p class='ocr_par' dir='ltr' id='par_1_69' title="bbox 322 3615 1912 3706">
     <span class='ocr_line' id='line_1_69' title="bbox 322 3615 1912 3706; baseline -0.001 -22"><span class='ocrx_word' id='word_1_499' title='bbox 322 3632 580 3706; x_wconf 79' lang='lat' dir='ltr'><strong>possessio</strong></span> <span class='ocrx_word' id='word_1_500' title='bbox 609 3644 624 3680; x_wconf 92' lang='lat'><strong><em>:</em></strong></span> <span class='ocrx_word' id='word_1_501' title='bbox 654 3615 825 3692; x_wconf 82' lang='lat' dir='ltr'><strong>Evila,</strong></span> <span class='ocrx_word' id='word_1_502' title='bbox 856 3628 945 3682; x_wconf 90' lang='lat' dir='ltr'><strong>ubi</strong></span> <span class='ocrx_word' id='word_1_503' title='bbox 988 3643 1179 3687; x_wconf 88' lang='lat' dir='ltr'><strong>aurum</strong></span> <span class='ocrx_word' id='word_1_504' title='bbox 1207 3629 1572 3697; x_wconf 89' lang='lat' dir='ltr'><strong>purissimum,</strong></span> <span class='ocrx_word' id='word_1_505' title='bbox 1625 3629 1768 3698; x_wconf 90' lang='lat' dir='ltr'><strong>quod</strong></span> <span class='ocrx_word' id='word_1_506' title='bbox 1807 3627 1912 3683; x_wconf 56' lang='lat' dir='ltr'><strong>Ile-</strong></span> 
     </span>
    </p>
   </div>
   <div class='ocr_carea' id='block_1_70' title="bbox 320 3716 1912 3785">
    <p class='ocr_par' dir='ltr' id='par_1_70' title="bbox 320 3716 1912 3785">
     <span class='ocr_line' id='line_1_70' title="bbox 320 3716 1912 3785; baseline -0.004 -9"><span class='ocrx_word' id='word_1_507' title='bbox 320 3721 508 3776; x_wconf 82' lang='lat' dir='ltr'><strong>bralee</strong></span> <span class='ocrx_word' id='word_1_508' title='bbox 536 3717 732 3776; x_wconf 86' lang='lat' dir='ltr'><strong>dicitur</strong></span> <span class='ocrx_word' id='word_1_509' title='bbox 759 3716 922 3780; x_wconf 83' lang='lat' dir='ltr'><strong>Zaab,</strong></span> <span class='ocrx_word' id='word_1_510' title='bbox 951 3724 1004 3774; x_wconf 89' lang='lat' dir='ltr'><strong>et</strong></span> <span class='ocrx_word' id='word_1_511' title='bbox 1031 3731 1256 3785; x_wconf 67' lang='lat' dir='ltr'><strong>gemmze</strong></span> <span class='ocrx_word' id='word_1_512' title='bbox 1301 3717 1707 3785; x_wconf 73' lang='lat' dir='ltr'><strong>pretiosissima:</strong></span> <span class='ocrx_word' id='word_1_513' title='bbox 1725 3757 1739 3782; x_wconf 92' lang='lat'><strong>,</strong></span> <span class='ocrx_word' id='word_1_514' title='bbox 1792 3733 1912 3772; x_wconf 86' lang='lat' dir='ltr'><strong>car-</strong></span> 
     </span>
    </p>
   </div>
   <div class='ocr_carea' id='block_1_71' title="bbox 322 3805 1912 3884">
    <p class='ocr_par' dir='ltr' id='par_1_71' title="bbox 322 3805 1912 3884">
     <span class='ocr_line' id='line_1_71' title="bbox 322 3805 1912 3884; baseline -0.003 -19"><span class='ocrx_word' id='word_1_515' title='bbox 322 3808 594 3873; x_wconf 84' lang='lat' dir='ltr'><strong>bunculus</strong></span> <span class='ocrx_word' id='word_1_516' title='bbox 617 3806 1036 3884; x_wconf 85' lang='lat' dir='ltr'><strong>smaragdusque</strong></span> <span class='ocrx_word' id='word_1_517' title='bbox 1068 3813 1382 3860; x_wconf 90' lang='lat' dir='ltr'><strong>nascuntur.</strong></span> <span class='ocrx_word' id='word_1_518' title='bbox 1423 3805 1518 3861; x_wconf 86' lang='lat' dir='ltr'><strong>Est</strong></span> <span class='ocrx_word' id='word_1_519' title='bbox 1542 3815 1723 3860; x_wconf 87' lang='lat' dir='ltr'><strong>autem</strong></span> <span class='ocrx_word' id='word_1_520' title='bbox 1765 3807 1912 3877; x_wconf 86' lang='lat' dir='ltr'><strong>regio</strong></span> 
     </span>
    </p>
   </div>
   <div class='ocr_carea' id='block_1_72' title="bbox 322 3895 1915 3969">
    <p class='ocr_par' dir='ltr' id='par_1_72' title="bbox 322 3895 1915 3969">
     <span class='ocr_line' id='line_1_72' title="bbox 322 3895 1915 3969; baseline -0.004 -11"><span class='ocrx_word' id='word_1_521' title='bbox 322 3903 393 3958; x_wconf 84' lang='lat' dir='ltr'><strong>ad</strong></span> <span class='ocrx_word' id='word_1_522' title='bbox 425 3901 688 3954; x_wconf 88' lang='lat' dir='ltr'><strong>orientem</strong></span> <span class='ocrx_word' id='word_1_523' title='bbox 720 3912 965 3969; x_wconf 79' lang='lat' dir='ltr'><strong>vergens,</strong></span> <span class='ocrx_word' id='word_1_524' title='bbox 997 3911 1160 3967; x_wconf 90' lang='lat' dir='ltr'><strong>quam</strong></span> <span class='ocrx_word' id='word_1_525' title='bbox 1187 3897 1385 3951; x_wconf 89' lang='lat' dir='ltr'><strong>circuit</strong></span> <span class='ocrx_word' id='word_1_526' title='bbox 1409 3897 1475 3951; x_wconf 89' lang='lat' dir='ltr'><strong>de</strong></span> <span class='ocrx_word' id='word_1_527' title='bbox 1503 3895 1762 3952; x_wconf 87' lang='lat' dir='ltr'><strong>Paradiso</strong></span> <span class='ocrx_word' id='word_1_528' title='bbox 1789 3895 1915 3951; x_wconf 82' lang='lat' dir='ltr'><strong>Phi-</strong></span> 
     </span>
    </p>
   </div>
   <div class='ocr_carea' id='block_1_73' title="bbox 325 3987 1909 4062">
    <p class='ocr_par' dir='ltr' id='par_1_73' title="bbox 325 3987 1909 4062">
     <span class='ocr_line' id='line_1_73' title="bbox 325 3987 1909 4062; baseline -0.001 -17"><span class='ocrx_word' id='word_1_529' title='bbox 325 4007 424 4046; x_wconf 86' lang='lat' dir='ltr'><strong>son</strong></span> <span class='ocrx_word' id='word_1_530' title='bbox 452 3990 754 4062; x_wconf 89' lang='lat' dir='ltr'><strong>egrediens,</strong></span> <span class='ocrx_word' id='word_1_531' title='bbox 781 4003 938 4058; x_wconf 90' lang='lat' dir='ltr'><strong>quem</strong></span> <span class='ocrx_word' id='word_1_532' title='bbox 986 3988 1156 4042; x_wconf 88' lang='lat' dir='ltr'><strong>nostri</strong></span> <span class='ocrx_word' id='word_1_533' title='bbox 1204 3997 1410 4042; x_wconf 87' lang='lat' dir='ltr'><strong>mutato</strong></span> <span class='ocrx_word' id='word_1_534' title='bbox 1446 3989 1661 4042; x_wconf 90' lang='lat' dir='ltr'><strong>nomine</strong></span> <span class='ocrx_word' id='word_1_535' title='bbox 1691 3987 1909 4059; x_wconf 87' lang='lat' dir='ltr'><strong>Gangen</strong></span> 
     </span>
    </p>
   </div>
   <div class='ocr_carea' id='block_1_74' title="bbox 324 4077 1912 4136">
    <p class='ocr_par' dir='ltr' id='par_1_74' title="bbox 324 4077 1912 4136">
     <span class='ocr_line' id='line_1_74' title="bbox 324 4077 1912 4136; baseline 0 -2"><span class='ocrx_word' id='word_1_536' title='bbox 324 4089 540 4136; x_wconf 88' lang='lat' dir='ltr'><strong>vocant.</strong></span> <span class='ocrx_word' id='word_1_537' title='bbox 570 4080 674 4134; x_wconf 86' lang='lat' dir='ltr'><strong>Sed</strong></span> <span class='ocrx_word' id='word_1_538' title='bbox 704 4087 757 4134; x_wconf 89' lang='lat' dir='ltr'><strong>et</strong></span> <span class='ocrx_word' id='word_1_539' title='bbox 786 4095 922 4133; x_wconf 90' lang='lat' dir='ltr'><strong>unus</strong></span> <span class='ocrx_word' id='word_1_540' title='bbox 949 4079 1014 4133; x_wconf 89' lang='lat' dir='ltr'><strong>de</strong></span> <span class='ocrx_word' id='word_1_541' title='bbox 1041 4078 1338 4134; x_wconf 88' lang='lat' dir='ltr'><strong>minoribus</strong></span> <span class='ocrx_word' id='word_1_542' title='bbox 1391 4078 1503 4133; x_wconf 86' lang='lat' dir='ltr'><strong>Noe</strong></span> <span class='ocrx_word' id='word_1_543' title='bbox 1545 4077 1694 4132; x_wconf 88' lang='lat' dir='ltr'><strong>Evila</strong></span> <span class='ocrx_word' id='word_1_544' title='bbox 1739 4079 1912 4135; x_wconf 90' lang='lat' dir='ltr'><strong>dictus</strong></span> 
     </span>
    </p>
   </div>
   <div class='ocr_carea' id='block_1_75' title="bbox 326 4168 1912 4241">
    <p class='ocr_par' dir='ltr' id='par_1_75' title="bbox 326 4168 1912 4241">
     <span class='ocr_line' id='line_1_75' title="bbox 326 4168 1912 4241; baseline -0.003 -14"><span class='ocrx_word' id='word_1_545' title='bbox 326 4184 430 4236; x_wconf 87' lang='lat' dir='ltr'><strong>est,</strong></span> <span class='ocrx_word' id='word_1_546' title='bbox 465 4187 621 4241; x_wconf 89' lang='lat' dir='ltr'><strong>quem</strong></span> <span class='ocrx_word' id='word_1_547' title='bbox 645 4169 908 4240; x_wconf 80' lang='lat' dir='ltr'><strong>Iosephus</strong></span> <span class='ocrx_word' id='word_1_548' title='bbox 943 4169 1110 4223; x_wconf 83' lang='lat' dir='ltr'><strong>refert</strong></span> <span class='ocrx_word' id='word_1_549' title='bbox 1137 4185 1260 4224; x_wconf 90' lang='lat' dir='ltr'><strong>cum</strong></span> <span class='ocrx_word' id='word_1_550' title='bbox 1308 4168 1568 4224; x_wconf 82' lang='lat' dir='ltr'><strong>fratribus</strong></span> <span class='ocrx_word' id='word_1_551' title='bbox 1597 4171 1711 4225; x_wconf 90' lang='lat' dir='ltr'><strong>suis</strong></span> <span class='ocrx_word' id='word_1_552' title='bbox 1756 4186 1786 4224; x_wconf 92' lang='lat' dir='ltr'><strong>a</strong></span> <span class='ocrx_word' id='word_1_553' title='bbox 1817 4169 1912 4224; x_wconf 87' lang='lat' dir='ltr'><strong>ﬁu-</strong></span> 
     </span>
    </p>
   </div>
   <div class='ocr_carea' id='block_1_76' title="bbox 329 4261 1909 4334">
    <p class='ocr_par' dir='ltr' id='par_1_76' title="bbox 329 4261 1909 4334">
     <span class='ocr_line' id='line_1_76' title="bbox 329 4261 1909 4334; baseline -0.003 -16"><span class='ocrx_word' id='word_1_554' title='bbox 329 4265 475 4318; x_wconf 88' lang='lat' dir='ltr'><strong>mine</strong></span> <span class='ocrx_word' id='word_1_555' title='bbox 505 4262 700 4318; x_wconf 78' lang='lat' dir='ltr'><strong>Calene</strong></span> <span class='ocrx_word' id='word_1_556' title='bbox 720 4271 774 4316; x_wconf 84' lang='lat' dir='ltr'><strong>et</strong></span> <span class='ocrx_word' id='word_1_557' title='bbox 799 4261 1016 4334; x_wconf 75' lang='lat' dir='ltr'><strong>regione</strong></span> <span class='ocrx_word' id='word_1_558' title='bbox 1040 4261 1202 4317; x_wconf 73' lang='lat' dir='ltr'><strong>Indize</strong></span> <span class='ocrx_word' id='word_1_559' title='bbox 1224 4277 1393 4331; x_wconf 88' lang='lat' dir='ltr'><strong>usque</strong></span> <span class='ocrx_word' id='word_1_560' title='bbox 1431 4263 1498 4316; x_wconf 91' lang='lat' dir='ltr'><strong>ad</strong></span> <span class='ocrx_word' id='word_1_561' title='bbox 1544 4277 1666 4316; x_wconf 90' lang='lat' dir='ltr'><strong>cum</strong></span> <span class='ocrx_word' id='word_1_562' title='bbox 1707 4261 1909 4327; x_wconf 90' lang='lat' dir='ltr'><strong>locum,</strong></span> 
     </span>
    </p>
   </div>
   <div class='ocr_carea' id='block_1_77' title="bbox 328 4353 1908 4429">
    <p class='ocr_par' dir='ltr' id='par_1_77' title="bbox 328 4353 1908 4429">
     <span class='ocr_line' id='line_1_77' title="bbox 328 4353 1908 4429; baseline 0.001 -22"><span class='ocrx_word' id='word_1_563' title='bbox 328 4356 420 4425; x_wconf 89' lang='lat' dir='ltr'><strong>qui</strong></span> <span class='ocrx_word' id='word_1_564' title='bbox 454 4355 753 4424; x_wconf 83' lang='lat' dir='ltr'><strong>appellatur</strong></span> <span class='ocrx_word' id='word_1_565' title='bbox 783 4353 983 4416; x_wconf 80' lang='lat' dir='ltr'><strong>IIieira,</strong></span> <span class='ocrx_word' id='word_1_566' title='bbox 1010 4354 1331 4429; x_wconf 80' lang='lat' dir='ltr'><strong>possedisse.</strong></span> <span class='ocrx_word' id='word_1_567' title='bbox 1375 4353 1480 4408; x_wconf 88' lang='lat' dir='ltr'><strong>Sed</strong></span> <span class='ocrx_word' id='word_1_568' title='bbox 1528 4363 1582 4409; x_wconf 89' lang='lat' dir='ltr'><strong>et</strong></span> <span class='ocrx_word' id='word_1_569' title='bbox 1629 4354 1818 4412; x_wconf 86' lang='lat' dir='ltr'><strong>Ismael</strong></span> <span class='ocrx_word' id='word_1_570' title='bbox 1854 4354 1908 4408; x_wconf 89' lang='lat' dir='ltr'><strong>in</strong></span> 
     </span>
    </p>
   </div>
   <div class='ocr_carea' id='block_1_78' title="bbox 327 4445 1906 4516">
    <p class='ocr_par' dir='ltr' id='par_1_78' title="bbox 327 4445 1906 4516">
     <span class='ocr_line' id='line_1_78' title="bbox 327 4445 1906 4516; baseline 0 -14"><span class='ocrx_word' id='word_1_571' title='bbox 327 4447 614 4502; x_wconf 76' lang='lat' dir='ltr'><strong>solitudine</strong></span> <span class='ocrx_word' id='word_1_572' title='bbox 660 4445 806 4499; x_wconf 84' lang='lat' dir='ltr'><strong>Evila</strong></span> <span class='ocrx_word' id='word_1_573' title='bbox 859 4445 1131 4499; x_wconf 82' lang='lat' dir='ltr'><strong>habitasse</strong></span> <span class='ocrx_word' id='word_1_574' title='bbox 1185 4445 1461 4510; x_wconf 90' lang='lat' dir='ltr'><strong>scribitur,</strong></span> <span class='ocrx_word' id='word_1_575' title='bbox 1511 4463 1672 4516; x_wconf 83' lang='lat' dir='ltr'><strong>quant</strong></span> <span class='ocrx_word' id='word_1_576' title='bbox 1720 4459 1906 4502; x_wconf 87' lang='lat' dir='ltr'><strong>sancta</strong></span> 
     </span>
    </p>
   </div>
   <div class='ocr_carea' id='block_1_79' title="bbox 2010 3271 3592 3343">
    <p class='ocr_par' dir='ltr' id='par_1_79' title="bbox 2010 3271 3592 3343">
     <span class='ocr_line' id='line_1_79' title="bbox 2010 3271 3592 3343; baseline -0.001 -13"><span class='ocrx_word' id='word_1_577' title='bbox 2010 3277 2108 3330; x_wconf 90' lang='lat' dir='ltr'><strong>Est</strong></span> <span class='ocrx_word' id='word_1_578' title='bbox 2149 3284 2326 3329; x_wconf 91' lang='lat' dir='ltr'><strong>autem</strong></span> <span class='ocrx_word' id='word_1_579' title='bbox 2372 3273 2519 3343; x_wconf 82' lang='lat' dir='ltr'><strong>regio</strong></span> <span class='ocrx_word' id='word_1_580' title='bbox 2569 3274 2622 3327; x_wconf 92' lang='lat' dir='ltr'><strong>in</strong></span> <span class='ocrx_word' id='word_1_581' title='bbox 2657 3287 2842 3327; x_wconf 89' lang='lat' dir='ltr'><strong>eremo</strong></span> <span class='ocrx_word' id='word_1_582' title='bbox 2891 3271 3336 3338; x_wconf 89' lang='lat' dir='ltr'><strong>Sarracenorum,</strong></span> <span class='ocrx_word' id='word_1_583' title='bbox 3397 3288 3426 3326; x_wconf 90' lang='lat' dir='ltr'><strong>a</strong></span> <span class='ocrx_word' id='word_1_584' title='bbox 3479 3272 3592 3328; x_wconf 90' lang='lat' dir='ltr'><strong>ﬁlio</strong></span> 
     </span>
    </p>
   </div>
   <div class='ocr_carea' id='block_1_80' title="bbox 2009 3363 3593 3434">
    <p class='ocr_par' dir='ltr' id='par_1_80' title="bbox 2009 3363 3593 3434">
     <span class='ocr_line' id='line_1_80' title="bbox 2009 3363 3593 3434; baseline -0.002 -13"><span class='ocrx_word' id='word_1_585' title='bbox 2009 3366 2250 3422; x_wconf 85' lang='lat' dir='ltr'><strong>Ismaelis</strong></span> <span class='ocrx_word' id='word_1_586' title='bbox 2279 3365 2455 3420; x_wconf 86' lang='lat' dir='ltr'><strong>Cedar</strong></span> <span class='ocrx_word' id='word_1_587' title='bbox 2478 3364 2552 3418; x_wconf 88' lang='lat' dir='ltr'><strong>ita</strong></span> <span class='ocrx_word' id='word_1_588' title='bbox 2575 3363 2974 3434; x_wconf 82' lang='lat' dir='ltr'><strong>cognominata.</strong></span> <span class='ocrx_word' id='word_1_589' title='bbox 2998 3364 3174 3417; x_wconf 89' lang='lat' dir='ltr'><strong>Cedar</strong></span> <span class='ocrx_word' id='word_1_590' title='bbox 3220 3372 3402 3418; x_wconf 89' lang='lat' dir='ltr'><strong>autem</strong></span> <span class='ocrx_word' id='word_1_591' title='bbox 3429 3363 3593 3418; x_wconf 80' lang='lat' dir='ltr'><strong>inter-</strong></span> 
     </span>
    </p>
   </div>
   <div class='ocr_carea' id='block_1_81' title="bbox 2009 3454 3596 3528">
    <p class='ocr_par' dir='ltr' id='par_1_81' title="bbox 2009 3454 3596 3528">
     <span class='ocr_line' id='line_1_81' title="bbox 2009 3454 3596 3528; baseline -0.003 -17"><span class='ocrx_word' id='word_1_592' title='bbox 2009 3466 2254 3528; x_wconf 89' lang='lat' dir='ltr'><strong>pretatur</strong></span> <span class='ocrx_word' id='word_1_593' title='bbox 2303 3455 2548 3520; x_wconf 71' lang='lat' dir='ltr'><strong>tenebra&#39;,</strong></span> <span class='ocrx_word' id='word_1_594' title='bbox 2593 3454 2680 3509; x_wconf 90' lang='lat' dir='ltr'><strong>vel</strong></span> <span class='ocrx_word' id='word_1_595' title='bbox 2722 3470 2929 3508; x_wconf 76' lang='lat' dir='ltr'><strong>mwror.</strong></span> <span class='ocrx_word' id='word_1_596' title='bbox 2962 3454 3137 3508; x_wconf 87' lang='lat' dir='ltr'><strong>Gotha</strong></span> <span class='ocrx_word' id='word_1_597' title='bbox 3168 3454 3316 3524; x_wconf 81' lang='lat' dir='ltr'><strong>regio</strong></span> <span class='ocrx_word' id='word_1_598' title='bbox 3345 3455 3596 3524; x_wconf 78' lang='lat' dir='ltr'><strong>Assyrio-</strong></span> 
     </span>
    </p>
   </div>
   <div class='ocr_carea' id='block_1_82' title="bbox 2014 3544 3596 3613">
    <p class='ocr_par' dir='ltr' id='par_1_82' title="bbox 2014 3544 3596 3613">
     <span class='ocr_line' id='line_1_82' title="bbox 2014 3544 3596 3613; baseline -0.003 -12"><span class='ocrx_word' id='word_1_599' title='bbox 2014 3562 2180 3610; x_wconf 90' lang='lat' dir='ltr'><strong>rum;</strong></span> <span class='ocrx_word' id='word_1_600' title='bbox 2237 3544 2412 3600; x_wconf 87' lang='lat' dir='ltr'><strong>Gotha</strong></span> <span class='ocrx_word' id='word_1_601' title='bbox 2464 3544 2852 3613; x_wconf 90' lang='lat' dir='ltr'><strong>interpretatur</strong></span> <span class='ocrx_word' id='word_1_602' title='bbox 2888 3544 3225 3613; x_wconf 81' lang='lat' dir='ltr'><strong>principium.</strong></span> <span class='ocrx_word' id='word_1_603' title='bbox 3276 3544 3555 3612; x_wconf 81' lang='lat' dir='ltr'><strong>Deeapolis</strong></span> <span class='ocrx_word' id='word_1_604' title='bbox 3581 3585 3596 3609; x_wconf 93' lang='lat'><strong>,</strong></span> 
     </span>
    </p>
   </div>
   <div class='ocr_carea' id='block_1_83' title="bbox 2011 3632 3596 3704">
    <p class='ocr_par' dir='ltr' id='par_1_83' title="bbox 2011 3632 3596 3704">
     <span class='ocr_line' id='line_1_83' title="bbox 2011 3632 3596 3704; baseline -0.003 -11"><span class='ocrx_word' id='word_1_605' title='bbox 2011 3638 2153 3693; x_wconf 90' lang='lat' dir='ltr'><strong>sicut</strong></span> <span class='ocrx_word' id='word_1_606' title='bbox 2173 3636 2224 3689; x_wconf 93' lang='lat' dir='ltr'><strong>in</strong></span> <span class='ocrx_word' id='word_1_607' title='bbox 2259 3633 2547 3704; x_wconf 86' lang='lat' dir='ltr'><strong>Evangelio</strong></span> <span class='ocrx_word' id='word_1_608' title='bbox 2570 3632 2819 3703; x_wconf 86' lang='lat' dir='ltr'><strong>legimus,</strong></span> <span class='ocrx_word' id='word_1_609' title='bbox 2859 3635 3044 3689; x_wconf 92' lang='lat' dir='ltr'><strong>decem</strong></span> <span class='ocrx_word' id='word_1_610' title='bbox 3070 3634 3283 3688; x_wconf 90' lang='lat' dir='ltr'><strong>urbium</strong></span> <span class='ocrx_word' id='word_1_611' title='bbox 3318 3636 3464 3704; x_wconf 83' lang='lat' dir='ltr'><strong>regio</strong></span> <span class='ocrx_word' id='word_1_612' title='bbox 3512 3644 3596 3690; x_wconf 89' lang='lat' dir='ltr'><strong>est</strong></span> 
     </span>
    </p>
   </div>
   <div class='ocr_carea' id='block_1_84' title="bbox 2012 3725 3594 3796">
    <p class='ocr_par' dir='ltr' id='par_1_84' title="bbox 2012 3725 3594 3796">
     <span class='ocr_line' id='line_1_84' title="bbox 2012 3725 3594 3796; baseline -0.004 -11"><span class='ocrx_word' id='word_1_613' title='bbox 2012 3739 2162 3786; x_wconf 89' lang='lat' dir='ltr'><strong>trans</strong></span> <span class='ocrx_word' id='word_1_614' title='bbox 2181 3727 2466 3782; x_wconf 87' lang='lat' dir='ltr'><strong>Iordanem</strong></span> <span class='ocrx_word' id='word_1_615' title='bbox 2495 3726 2641 3780; x_wconf 87' lang='lat' dir='ltr'><strong>circa</strong></span> <span class='ocrx_word' id='word_1_616' title='bbox 2670 3725 2902 3796; x_wconf 90' lang='lat' dir='ltr'><strong>IIippum</strong></span> <span class='ocrx_word' id='word_1_617' title='bbox 2924 3737 2975 3780; x_wconf 90' lang='lat' dir='ltr'><strong>et</strong></span> <span class='ocrx_word' id='word_1_618' title='bbox 3008 3726 3206 3780; x_wconf 85' lang='lat' dir='ltr'><strong>Pellam</strong></span> <span class='ocrx_word' id='word_1_619' title='bbox 3233 3735 3285 3779; x_wconf 91' lang='lat' dir='ltr'><strong>et</strong></span> <span class='ocrx_word' id='word_1_620' title='bbox 3304 3725 3594 3779; x_wconf 83' lang='lat' dir='ltr'><strong>Cadaram.</strong></span> 
     </span>
    </p>
   </div>
   <div class='ocr_carea' id='block_1_85' title="bbox 2011 3815 3599 3888">
    <p class='ocr_par' dir='ltr' id='par_1_85' title="bbox 2011 3815 3599 3888">
     <span class='ocr_line' id='line_1_85' title="bbox 2011 3815 3599 3888; baseline -0.003 -16"><span class='ocrx_word' id='word_1_621' title='bbox 2011 3819 2278 3878; x_wconf 81' lang='lat' dir='ltr'><strong>Fatburcs</strong></span> <span class='ocrx_word' id='word_1_622' title='bbox 2307 3817 2456 3888; x_wconf 84' lang='lat' dir='ltr'><strong>regio</strong></span> <span class='ocrx_word' id='word_1_623' title='bbox 2483 3815 2700 3886; x_wconf 62' lang='lat' dir='ltr'><strong>zEgypti</strong></span> <span class='ocrx_word' id='word_1_624' title='bbox 2735 3815 2889 3884; x_wconf 88' lang='lat' dir='ltr'><strong>juxta</strong></span> <span class='ocrx_word' id='word_1_625' title='bbox 2919 3816 3257 3872; x_wconf 85' lang='lat' dir='ltr'><strong>Ezechielem</strong></span> <span class='ocrx_word' id='word_1_626' title='bbox 3305 3825 3359 3869; x_wconf 86' lang='lat' dir='ltr'><strong>et</strong></span> <span class='ocrx_word' id='word_1_627' title='bbox 3411 3815 3599 3870; x_wconf 89' lang='lat' dir='ltr'><strong>Ilicrc-</strong></span> 
     </span>
    </p>
   </div>
   <div class='ocr_carea' id='block_1_86' title="bbox 2013 3906 3602 3978">
    <p class='ocr_par' dir='ltr' id='par_1_86' title="bbox 2013 3906 3602 3978">
     <span class='ocr_line' id='line_1_86' title="bbox 2013 3906 3602 3978; baseline -0.003 -14"><span class='ocrx_word' id='word_1_628' title='bbox 2013 3911 2199 3974; x_wconf 87' lang='lat' dir='ltr'><strong>miam,</strong></span> <span class='ocrx_word' id='word_1_629' title='bbox 2228 3910 2282 3964; x_wconf 91' lang='lat' dir='ltr'><strong>in</strong></span> <span class='ocrx_word' id='word_1_630' title='bbox 2328 3923 2433 3978; x_wconf 91' lang='lat' dir='ltr'><strong>qua</strong></span> <span class='ocrx_word' id='word_1_631' title='bbox 2480 3907 2691 3977; x_wconf 80' lang='lat' dir='ltr'><strong>profugi</strong></span> <span class='ocrx_word' id='word_1_632' title='bbox 2735 3907 3048 3962; x_wconf 89' lang='lat' dir='ltr'><strong>habitavere</strong></span> <span class='ocrx_word' id='word_1_633' title='bbox 3094 3906 3282 3961; x_wconf 79' lang='lat' dir='ltr'><strong>Iudaei.</strong></span> <span class='ocrx_word' id='word_1_634' title='bbox 3335 3906 3602 3960; x_wconf 86' lang='lat' dir='ltr'><strong>Fatbures</strong></span> 
     </span>
    </p>
   </div>
   <div class='ocr_carea' id='block_1_87' title="bbox 2013 3994 3594 4069">
    <p class='ocr_par' dir='ltr' id='par_1_87' title="bbox 2013 3994 3594 4069">
     <span class='ocr_line' id='line_1_87' title="bbox 2013 3994 3594 4069; baseline -0.006 -13"><span class='ocrx_word' id='word_1_635' title='bbox 2013 4016 2142 4056; x_wconf 91' lang='lat' dir='ltr'><strong>vero</strong></span> <span class='ocrx_word' id='word_1_636' title='bbox 2178 4000 2562 4069; x_wconf 82' lang='lat' dir='ltr'><strong>interpretatur</strong></span> <span class='ocrx_word' id='word_1_637' title='bbox 2604 3999 2709 4052; x_wconf 88' lang='lat' dir='ltr'><strong>oris</strong></span> <span class='ocrx_word' id='word_1_638' title='bbox 2743 3997 3052 4068; x_wconf 71' lang='lat' dir='ltr'><strong>exploratio,</strong></span> <span class='ocrx_word' id='word_1_639' title='bbox 3078 3997 3190 4051; x_wconf 89' lang='lat' dir='ltr'><strong>sive</strong></span> <span class='ocrx_word' id='word_1_640' title='bbox 3237 3995 3465 4050; x_wconf 79' lang='lat' dir='ltr'><strong>burrella</strong></span> <span class='ocrx_word' id='word_1_641' title='bbox 3510 3994 3594 4048; x_wconf 85' lang='lat' dir='ltr'><strong>lu-</strong></span> 
     </span>
    </p>
   </div>
   <div class='ocr_carea' id='block_1_88' title="bbox 2011 4085 3601 4158">
    <p class='ocr_par' dir='ltr' id='par_1_88' title="bbox 2011 4085 3601 4158">
     <span class='ocr_line' id='line_1_88' title="bbox 2011 4085 3601 4158; baseline -0.007 -11"><span class='ocrx_word' id='word_1_642' title='bbox 2011 4094 2190 4158; x_wconf 90' lang='lat' dir='ltr'><strong>minis,</strong></span> <span class='ocrx_word' id='word_1_643' title='bbox 2213 4091 2294 4146; x_wconf 89' lang='lat' dir='ltr'><strong>vel</strong></span> <span class='ocrx_word' id='word_1_644' title='bbox 2324 4108 2380 4147; x_wconf 90' lang='lat' dir='ltr'><strong>os</strong></span> <span class='ocrx_word' id='word_1_645' title='bbox 2402 4090 2643 4144; x_wconf 86' lang='lat' dir='ltr'><strong>turturis.</strong></span> <span class='ocrx_word' id='word_1_646' title='bbox 2697 4087 2902 4145; x_wconf 87' lang='lat' dir='ltr'><strong>Gellum</strong></span> <span class='ocrx_word' id='word_1_647' title='bbox 2951 4086 3058 4141; x_wconf 87' lang='lat' dir='ltr'><strong>Sur</strong></span> <span class='ocrx_word' id='word_1_648' title='bbox 3112 4087 3261 4157; x_wconf 85' lang='lat' dir='ltr'><strong>regio</strong></span> <span class='ocrx_word' id='word_1_649' title='bbox 3307 4085 3601 4155; x_wconf 71' lang='lat' dir='ltr'><strong>allophylu-</strong></span> 
     </span>
    </p>
   </div>
   <div class='ocr_carea' id='block_1_89' title="bbox 2012 4177 3600 4252">
    <p class='ocr_par' dir='ltr' id='par_1_89' title="bbox 2012 4177 3600 4252">
     <span class='ocr_line' id='line_1_89' title="bbox 2012 4177 3600 4252; baseline -0.006 -15"><span class='ocrx_word' id='word_1_650' title='bbox 2012 4199 2163 4248; x_wconf 82' lang='lat' dir='ltr'><strong>rum;</strong></span> <span class='ocrx_word' id='word_1_651' title='bbox 2195 4197 2357 4252; x_wconf 87' lang='lat' dir='ltr'><strong>porro</strong></span> <span class='ocrx_word' id='word_1_652' title='bbox 2385 4179 2535 4236; x_wconf 77' lang='lat' dir='ltr'><strong>Cella</strong></span> <span class='ocrx_word' id='word_1_653' title='bbox 2588 4179 2978 4248; x_wconf 87' lang='lat' dir='ltr'><strong>interpretatur</strong></span> <span class='ocrx_word' id='word_1_654' title='bbox 3023 4179 3189 4249; x_wconf 82' lang='lat' dir='ltr'><strong>migra</strong></span> <span class='ocrx_word' id='word_1_655' title='bbox 3226 4177 3308 4231; x_wconf 91' lang='lat' dir='ltr'><strong>vel</strong></span> <span class='ocrx_word' id='word_1_656' title='bbox 3353 4177 3600 4230; x_wconf 78' lang='lat' dir='ltr'><strong>transmi-</strong></span> 
     </span>
    </p>
   </div>
   <div class='ocr_carea' id='block_1_90' title="bbox 2011 4267 3603 4346">
    <p class='ocr_par' dir='ltr' id='par_1_90' title="bbox 2011 4267 3603 4346">
     <span class='ocr_line' id='line_1_90' title="bbox 2011 4267 3603 4346; baseline -0.003 -19"><span class='ocrx_word' id='word_1_657' title='bbox 2011 4274 2203 4346; x_wconf 84' lang='lat' dir='ltr'><strong>granti.</strong></span> <span class='ocrx_word' id='word_1_658' title='bbox 2232 4273 2435 4330; x_wconf 88' lang='lat' dir='ltr'><strong>Cessur</strong></span> <span class='ocrx_word' id='word_1_659' title='bbox 2479 4271 2630 4341; x_wconf 87' lang='lat' dir='ltr'><strong>regio</strong></span> <span class='ocrx_word' id='word_1_660' title='bbox 2678 4271 3101 4341; x_wconf 79' lang='lat' dir='ltr'><strong>alienigenarum</strong></span> <span class='ocrx_word' id='word_1_661' title='bbox 3143 4270 3196 4324; x_wconf 88' lang='lat' dir='ltr'><strong>in</strong></span> <span class='ocrx_word' id='word_1_662' title='bbox 3239 4267 3393 4340; x_wconf 75' lang='lat' dir='ltr'><strong>Syria</strong></span> <span class='ocrx_word' id='word_1_663' title='bbox 3426 4287 3438 4323; x_wconf 93' lang='lat'><strong>:</strong></span> <span class='ocrx_word' id='word_1_664' title='bbox 3473 4283 3603 4322; x_wconf 88' lang='lat' dir='ltr'><strong>nam</strong></span> 
     </span>
    </p>
   </div>
   <div class='ocr_carea' id='block_1_91' title="bbox 2011 4359 3602 4436">
    <p class='ocr_par' dir='ltr' id='par_1_91' title="bbox 2011 4359 3602 4436">
     <span class='ocr_line' id='line_1_91' title="bbox 2011 4359 3602 4436; baseline -0.009 -9"><span class='ocrx_word' id='word_1_665' title='bbox 2011 4370 2212 4428; x_wconf 86' lang='lat' dir='ltr'><strong>Gessur</strong></span> <span class='ocrx_word' id='word_1_666' title='bbox 2245 4369 2630 4436; x_wconf 87' lang='lat' dir='ltr'><strong>interpretatur</strong></span> <span class='ocrx_word' id='word_1_667' title='bbox 2666 4365 2825 4435; x_wconf 78' lang='lat' dir='ltr'><strong>juxta</strong></span> <span class='ocrx_word' id='word_1_668' title='bbox 2871 4363 3045 4417; x_wconf 88' lang='lat' dir='ltr'><strong>lumen</strong></span> <span class='ocrx_word' id='word_1_669' title='bbox 3075 4379 3266 4427; x_wconf 87' lang='lat' dir='ltr'><strong>meum,</strong></span> <span class='ocrx_word' id='word_1_670' title='bbox 3299 4361 3381 4414; x_wconf 88' lang='lat' dir='ltr'><strong>vel</strong></span> <span class='ocrx_word' id='word_1_671' title='bbox 3431 4359 3602 4432; x_wconf 84' lang='lat' dir='ltr'><strong>appli-</strong></span> 
     </span>
    </p>
   </div>
   <div class='ocr_carea' id='block_1_92' title="bbox 2013 4451 3602 4524">
    <p class='ocr_par' dir='ltr' id='par_1_92' title="bbox 2013 4451 3602 4524">
     <span class='ocr_line' id='line_1_92' title="bbox 2013 4451 3602 4524; baseline -0.004 -10"><span class='ocrx_word' id='word_1_672' title='bbox 2013 4478 2136 4514; x_wconf 87' lang='lat' dir='ltr'><strong>cans</strong></span> <span class='ocrx_word' id='word_1_673' title='bbox 2173 4477 2226 4514; x_wconf 89' lang='lat' dir='ltr'><strong>se</strong></span> <span class='ocrx_word' id='word_1_674' title='bbox 2256 4459 2442 4512; x_wconf 89' lang='lat' dir='ltr'><strong>lumini</strong></span> <span class='ocrx_word' id='word_1_675' title='bbox 2472 4475 2605 4512; x_wconf 87' lang='lat' dir='ltr'><strong>meo.</strong></span> <span class='ocrx_word' id='word_1_676' title='bbox 2643 4456 2862 4512; x_wconf 63' lang='lat' dir='ltr'><strong>Galilaea</strong></span> <span class='ocrx_word' id='word_1_677' title='bbox 2889 4454 3087 4510; x_wconf 91' lang='lat' dir='ltr'><strong>dicitur</strong></span> <span class='ocrx_word' id='word_1_678' title='bbox 3114 4454 3281 4524; x_wconf 87' lang='lat' dir='ltr'><strong>regio.</strong></span> <span class='ocrx_word' id='word_1_679' title='bbox 3309 4452 3441 4506; x_wconf 85' lang='lat' dir='ltr'><strong>Nam</strong></span> <span class='ocrx_word' id='word_1_680' title='bbox 3479 4451 3602 4507; x_wconf 66' lang='lat' dir='ltr'><strong>dua}</strong></span> 
     </span>
    </p>
   </div>
   <div class='ocr_carea' id='block_1_93' title="bbox 328 4515 3597 4618">
    <p class='ocr_par' dir='ltr' id='par_1_93' title="bbox 328 4515 3597 4618">
     <span class='ocr_line' id='line_1_93' title="bbox 328 4515 3597 4618; baseline -0.004 -11"><span class='ocrx_word' id='word_1_681' title='bbox 328 4537 607 4606; x_wconf 52' lang='lat' dir='ltr'><strong>Scriptum</strong></span> <span class='ocrx_word' id='word_1_682' title='bbox 633 4537 708 4589; x_wconf 62' lang='grc' dir='ltr'><strong>³η</strong></span> <span class='ocrx_word' id='word_1_683' title='bbox 731 4551 851 4589; x_wconf 66' lang='lat'><strong>355°</strong></span> <span class='ocrx_word' id='word_1_684' title='bbox 875 4536 925 4588; x_wconf 73' lang='grc' dir='ltr'><strong>Ῐ¹¹</strong></span> <span class='ocrx_word' id='word_1_685' title='bbox 944 4536 1155 4590; x_wconf 46' lang='lat' dir='ltr'><strong>deserto</strong></span> <span class='ocrx_word' id='word_1_686' title='bbox 1185 4535 1290 4588; x_wconf 70' lang='lat'><strong>5&quot;&quot;</strong></span> <span class='ocrx_word' id='word_1_687' title='bbox 1313 4545 1498 4590; x_wconf 70' lang='lat' dir='ltr'><strong>comm</strong></span> <span class='ocrx_word' id='word_1_688' title='bbox 1523 4536 1713 4591; x_wconf 62' lang='lat' dir='ltr'><strong>faelem</strong></span> <span class='ocrx_word' id='word_1_689' title='bbox 1745 4537 1905 4608; x_wconf 54' lang='lat' dir='ltr'><strong>Eg)&quot;</strong></span> <span class='ocrx_word' id='word_1_690' title='bbox 1935 4515 1987 4575; x_wconf 68' lang='grc' dir='ltr'><strong><em>Β</em></strong></span> <span class='ocrx_word' id='word_1_691' title='bbox 2014 4561 2138 4607; x_wconf 91' lang='lat' dir='ltr'><strong>sunt</strong></span> <span class='ocrx_word' id='word_1_692' title='bbox 2161 4551 2400 4613; x_wconf 64' lang='lat' dir='ltr'><strong>Galilem,</strong></span> <span class='ocrx_word' id='word_1_693' title='bbox 2427 4565 2457 4603; x_wconf 91' lang='lat' dir='ltr'><strong>e</strong></span> <span class='ocrx_word' id='word_1_694' title='bbox 2479 4550 2676 4618; x_wconf 87' lang='lat' dir='ltr'><strong>quibus</strong></span> <span class='ocrx_word' id='word_1_695' title='bbox 2704 4564 2808 4601; x_wconf 90' lang='lat' dir='ltr'><strong>una</strong></span> <span class='ocrx_word' id='word_1_696' title='bbox 2834 4547 3055 4601; x_wconf 72' lang='lat' dir='ltr'><strong>Galilma</strong></span> <span class='ocrx_word' id='word_1_697' title='bbox 3080 4546 3318 4615; x_wconf 87' lang='lat' dir='ltr'><strong>gentium</strong></span> <span class='ocrx_word' id='word_1_698' title='bbox 3346 4553 3597 4608; x_wconf 79' lang='lat' dir='ltr'><strong>vocatur,</strong></span> 
     </span>
    </p>
   </div>
   <div class='ocr_carea' id='block_1_94' title="bbox 322 4625 1909 4703">
    <p class='ocr_par' dir='ltr' id='par_1_94' title="bbox 322 4625 1909 4703">
     <span class='ocr_line' id='line_1_94' title="bbox 322 4625 1909 4703; baseline 0 -23"><span class='ocrx_word' id='word_1_699' title='bbox 322 4627 426 4703; x_wconf 83' lang='lat' dir='ltr'><strong>pti,</strong></span> <span class='ocrx_word' id='word_1_700' title='bbox 455 4635 509 4682; x_wconf 91' lang='lat' dir='ltr'><strong>et</strong></span> <span class='ocrx_word' id='word_1_701' title='bbox 531 4626 748 4682; x_wconf 87' lang='lat' dir='ltr'><strong>tendere</strong></span> <span class='ocrx_word' id='word_1_702' title='bbox 773 4639 942 4695; x_wconf 81' lang='lat' dir='ltr'><strong>usque</strong></span> <span class='ocrx_word' id='word_1_703' title='bbox 985 4625 1052 4678; x_wconf 89' lang='lat' dir='ltr'><strong>ad</strong></span> <span class='ocrx_word' id='word_1_704' title='bbox 1083 4634 1280 4677; x_wconf 88' lang='lat' dir='ltr'><strong>terram</strong></span> <span class='ocrx_word' id='word_1_705' title='bbox 1334 4625 1696 4700; x_wconf 83' lang='lat' dir='ltr'><strong>Assyriorum.</strong></span> <span class='ocrx_word' id='word_1_706' title='bbox 1735 4627 1909 4682; x_wconf 87' lang='lat' dir='ltr'><strong>Inter-</strong></span> 
     </span>
    </p>
   </div>
   <div class='ocr_carea' id='block_1_95' title="bbox 324 4716 1908 4791">
    <p class='ocr_par' dir='ltr' id='par_1_95' title="bbox 324 4716 1908 4791">
     <span class='ocr_line' id='line_1_95' title="bbox 324 4716 1908 4791; baseline -0.003 -17"><span class='ocrx_word' id='word_1_707' title='bbox 324 4729 572 4791; x_wconf 88' lang='lat' dir='ltr'><strong>pretatur</strong></span> <span class='ocrx_word' id='word_1_708' title='bbox 605 4729 782 4776; x_wconf 88' lang='lat' dir='ltr'><strong>autem</strong></span> <span class='ocrx_word' id='word_1_709' title='bbox 812 4718 959 4771; x_wconf 85' lang='lat' dir='ltr'><strong>Evila</strong></span> <span class='ocrx_word' id='word_1_710' title='bbox 991 4716 1192 4780; x_wconf 84' lang='lat' dir='ltr'><strong>dolens,</strong></span> <span class='ocrx_word' id='word_1_711' title='bbox 1219 4717 1333 4770; x_wconf 89' lang='lat' dir='ltr'><strong>sive</strong></span> <span class='ocrx_word' id='word_1_712' title='bbox 1353 4717 1671 4786; x_wconf 83' lang='lat' dir='ltr'><strong>parturiens.</strong></span> <span class='ocrx_word' id='word_1_713' title='bbox 1695 4717 1908 4786; x_wconf 88' lang='lat' dir='ltr'><strong>Ephra-</strong></span> 
     </span>
    </p>
   </div>
   <div class='ocr_carea' id='block_1_96' title="bbox 328 4807 1910 4880">
    <p class='ocr_par' dir='ltr' id='par_1_96' title="bbox 328 4807 1910 4880">
     <span class='ocr_line' id='line_1_96' title="bbox 328 4807 1910 4880; baseline -0.004 -13"><span class='ocrx_word' id='word_1_714' title='bbox 328 4816 418 4868; x_wconf 86' lang='lat' dir='ltr'><strong>tha</strong></span> <span class='ocrx_word' id='word_1_715' title='bbox 446 4812 594 4880; x_wconf 81' lang='lat' dir='ltr'><strong>regio</strong></span> <span class='ocrx_word' id='word_1_716' title='bbox 622 4809 956 4873; x_wconf 82' lang='lat' dir='ltr'><strong>Bethleltem,</strong></span> <span class='ocrx_word' id='word_1_717' title='bbox 993 4808 1184 4862; x_wconf 89' lang='lat' dir='ltr'><strong>civitas</strong></span> <span class='ocrx_word' id='word_1_718' title='bbox 1213 4807 1405 4871; x_wconf 90' lang='lat' dir='ltr'><strong>David,</strong></span> <span class='ocrx_word' id='word_1_719' title='bbox 1441 4807 1493 4860; x_wconf 93' lang='lat' dir='ltr'><strong>in</strong></span> <span class='ocrx_word' id='word_1_720' title='bbox 1517 4822 1620 4876; x_wconf 91' lang='lat' dir='ltr'><strong>qua</strong></span> <span class='ocrx_word' id='word_1_721' title='bbox 1643 4815 1802 4860; x_wconf 88' lang='lat' dir='ltr'><strong>natus</strong></span> <span class='ocrx_word' id='word_1_722' title='bbox 1827 4816 1910 4862; x_wconf 88' lang='lat' dir='ltr'><strong>est</strong></span> 
     </span>
    </p>
   </div>
   <div class='ocr_carea' id='block_1_97' title="bbox 327 4895 1910 4966">
    <p class='ocr_par' dir='ltr' id='par_1_97' title="bbox 327 4895 1910 4966">
     <span class='ocr_line' id='line_1_97' title="bbox 327 4895 1910 4966; baseline -0.006 -8"><span class='ocrx_word' id='word_1_723' title='bbox 327 4902 595 4958; x_wconf 88' lang='lat' dir='ltr'><strong>Christus.</strong></span> <span class='ocrx_word' id='word_1_724' title='bbox 645 4901 740 4954; x_wconf 89' lang='lat' dir='ltr'><strong>Est</strong></span> <span class='ocrx_word' id='word_1_725' title='bbox 787 4907 964 4952; x_wconf 89' lang='lat' dir='ltr'><strong>autem</strong></span> <span class='ocrx_word' id='word_1_726' title='bbox 1017 4897 1068 4951; x_wconf 94' lang='lat' dir='ltr'><strong>in</strong></span> <span class='ocrx_word' id='word_1_727' title='bbox 1125 4898 1265 4951; x_wconf 87' lang='lat' dir='ltr'><strong>tribu</strong></span> <span class='ocrx_word' id='word_1_728' title='bbox 1320 4895 1478 4962; x_wconf 87' lang='lat' dir='ltr'><strong>Iuda,</strong></span> <span class='ocrx_word' id='word_1_729' title='bbox 1508 4896 1632 4951; x_wconf 90' lang='lat' dir='ltr'><strong>licet</strong></span> <span class='ocrx_word' id='word_1_730' title='bbox 1665 4895 1910 4966; x_wconf 89' lang='lat' dir='ltr'><strong>plerique</strong></span> 
     </span>
    </p>
   </div>
   <div class='ocr_carea' id='block_1_98' title="bbox 327 4985 1909 5056">
    <p class='ocr_par' dir='ltr' id='par_1_98' title="bbox 327 4985 1909 5056">
     <span class='ocr_line' id='line_1_98' title="bbox 327 4985 1909 5056; baseline -0.005 -10"><span class='ocrx_word' id='word_1_731' title='bbox 327 4991 470 5046; x_wconf 88' lang='lat' dir='ltr'><strong>male</strong></span> <span class='ocrx_word' id='word_1_732' title='bbox 514 4989 782 5044; x_wconf 76' lang='lat' dir='ltr'><strong>testiment</strong></span> <span class='ocrx_word' id='word_1_733' title='bbox 835 4987 885 5041; x_wconf 93' lang='lat' dir='ltr'><strong>in</strong></span> <span class='ocrx_word' id='word_1_734' title='bbox 918 4987 1056 5040; x_wconf 90' lang='lat' dir='ltr'><strong>tribu</strong></span> <span class='ocrx_word' id='word_1_735' title='bbox 1087 4986 1362 5054; x_wconf 82' lang='lat' dir='ltr'><strong>Benjamin</strong></span> <span class='ocrx_word' id='word_1_736' title='bbox 1405 4987 1559 5056; x_wconf 80' lang='lat' dir='ltr'><strong>juxta</strong></span> <span class='ocrx_word' id='word_1_737' title='bbox 1596 4987 1760 5047; x_wconf 90' lang='lat' dir='ltr'><strong>viam,</strong></span> <span class='ocrx_word' id='word_1_738' title='bbox 1819 4985 1909 5039; x_wconf 90' lang='lat' dir='ltr'><strong>ubi</strong></span> 
     </span>
    </p>
   </div>
   <div class='ocr_carea' id='block_1_99' title="bbox 328 5074 1908 5152">
    <p class='ocr_par' dir='ltr' id='par_1_99' title="bbox 328 5074 1908 5152">
     <span class='ocr_line' id='line_1_99' title="bbox 328 5074 1908 5152; baseline -0.005 -16"><span class='ocrx_word' id='word_1_739' title='bbox 328 5081 536 5152; x_wconf 87' lang='lat' dir='ltr'><strong>sepulta</strong></span> <span class='ocrx_word' id='word_1_740' title='bbox 564 5089 648 5136; x_wconf 88' lang='lat' dir='ltr'><strong>est</strong></span> <span class='ocrx_word' id='word_1_741' title='bbox 674 5078 896 5140; x_wconf 78' lang='lat' dir='ltr'><strong>Rachel,</strong></span> <span class='ocrx_word' id='word_1_742' title='bbox 932 5078 1119 5146; x_wconf 85' lang='lat' dir='ltr'><strong>quinto</strong></span> <span class='ocrx_word' id='word_1_743' title='bbox 1167 5076 1414 5130; x_wconf 82' lang='lat' dir='ltr'><strong>milliaria</strong></span> <span class='ocrx_word' id='word_1_744' title='bbox 1448 5077 1516 5128; x_wconf 93' lang='lat' dir='ltr'><strong>ab</strong></span> <span class='ocrx_word' id='word_1_745' title='bbox 1551 5074 1908 5139; x_wconf 89' lang='lat' dir='ltr'><strong>Ilierusalem,</strong></span> 
     </span>
    </p>
   </div>
   <div class='ocr_carea' id='block_1_100' title="bbox 327 5165 1912 5240">
    <p class='ocr_par' dir='ltr' id='par_1_100' title="bbox 327 5165 1912 5240">
     <span class='ocr_line' id='line_1_100' title="bbox 327 5165 1912 5240; baseline -0.004 -13"><span class='ocrx_word' id='word_1_746' title='bbox 327 5174 382 5228; x_wconf 87' lang='lat' dir='ltr'><strong>in</strong></span> <span class='ocrx_word' id='word_1_747' title='bbox 410 5187 475 5226; x_wconf 85' lang='lat' dir='ltr'><strong>eo</strong></span> <span class='ocrx_word' id='word_1_748' title='bbox 500 5172 634 5235; x_wconf 88' lang='lat' dir='ltr'><strong>loco,</strong></span> <span class='ocrx_word' id='word_1_749' title='bbox 659 5170 748 5240; x_wconf 86' lang='lat' dir='ltr'><strong>qui</strong></span> <span class='ocrx_word' id='word_1_750' title='bbox 774 5186 802 5223; x_wconf 89' lang='lat' dir='ltr'><strong>a</strong></span> <span class='ocrx_word' id='word_1_751' title='bbox 828 5167 968 5223; x_wconf 73' lang='lat' dir='ltr'><strong>LXX</strong></span> <span class='ocrx_word' id='word_1_752' title='bbox 993 5177 1216 5222; x_wconf 88' lang='lat' dir='ltr'><strong>vocatur</strong></span> <span class='ocrx_word' id='word_1_753' title='bbox 1244 5165 1654 5236; x_wconf 77' lang='lat' dir='ltr'><strong>Ilippodromns,</strong></span> <span class='ocrx_word' id='word_1_754' title='bbox 1678 5169 1814 5220; x_wconf 87' lang='lat' dir='ltr'><strong>sicut</strong></span> <span class='ocrx_word' id='word_1_755' title='bbox 1838 5167 1912 5221; x_wconf 86' lang='lat' dir='ltr'><strong>le-</strong></span> 
     </span>
    </p>
   </div>
   <div class='ocr_carea' id='block_1_101' title="bbox 329 5254 1910 5331">
    <p class='ocr_par' dir='ltr' id='par_1_101' title="bbox 329 5254 1910 5331">
     <span class='ocr_line' id='line_1_101' title="bbox 329 5254 1910 5331; baseline -0.004 -19"><span class='ocrx_word' id='word_1_756' title='bbox 329 5262 506 5331; x_wconf 72' lang='lat' dir='ltr'><strong>gimus</strong></span> <span class='ocrx_word' id='word_1_757' title='bbox 534 5259 587 5313; x_wconf 91' lang='lat' dir='ltr'><strong>in</strong></span> <span class='ocrx_word' id='word_1_758' title='bbox 635 5259 774 5312; x_wconf 89' lang='lat' dir='ltr'><strong>libro</strong></span> <span class='ocrx_word' id='word_1_759' title='bbox 821 5257 1282 5325; x_wconf 82' lang='lat' dir='ltr'><strong>Paralipomenon.</strong></span> <span class='ocrx_word' id='word_1_760' title='bbox 1315 5254 1702 5326; x_wconf 87' lang='lat' dir='ltr'><strong>Interpretatur</strong></span> <span class='ocrx_word' id='word_1_761' title='bbox 1731 5264 1910 5309; x_wconf 88' lang='lat' dir='ltr'><strong>autem</strong></span> 
     </span>
    </p>
   </div>
   <div class='ocr_carea' id='block_1_102' title="bbox 327 5344 1913 5420">
    <p class='ocr_par' dir='ltr' id='par_1_102' title="bbox 327 5344 1913 5420">
     <span class='ocr_line' id='line_1_102' title="bbox 327 5344 1913 5420; baseline -0.004 -15"><span class='ocrx_word' id='word_1_762' title='bbox 327 5350 629 5420; x_wconf 83' lang='lat' dir='ltr'><strong>Ephratha,</strong></span> <span class='ocrx_word' id='word_1_763' title='bbox 689 5349 916 5411; x_wconf 80' lang='lat' dir='ltr'><strong>ubertas,</strong></span> <span class='ocrx_word' id='word_1_764' title='bbox 965 5347 1079 5400; x_wconf 89' lang='lat' dir='ltr'><strong>sive</strong></span> <span class='ocrx_word' id='word_1_765' title='bbox 1124 5344 1502 5415; x_wconf 81' lang='lat' dir='ltr'><strong>pulverulenta.</strong></span> <span class='ocrx_word' id='word_1_766' title='bbox 1562 5344 1719 5398; x_wconf 87' lang='lat' dir='ltr'><strong>Elath</strong></span> <span class='ocrx_word' id='word_1_767' title='bbox 1766 5344 1913 5414; x_wconf 82' lang='lat' dir='ltr'><strong>regio</strong></span> 
     </span>
    </p>
   </div>
   <div class='ocr_carea' id='block_1_103' title="bbox 325 5436 1914 5520">
    <p class='ocr_par' dir='ltr' id='par_1_103' title="bbox 325 5436 1914 5520">
     <span class='ocr_line' id='line_1_103' title="bbox 325 5436 1914 5520; baseline -0.005 -21"><span class='ocrx_word' id='word_1_768' title='bbox 325 5445 630 5520; x_wconf 80' lang='lat' dir='ltr'><strong>principum</strong></span> <span class='ocrx_word' id='word_1_769' title='bbox 660 5443 850 5507; x_wconf 89' lang='lat' dir='ltr'><strong>Edom,</strong></span> <span class='ocrx_word' id='word_1_770' title='bbox 881 5450 934 5496; x_wconf 87' lang='lat' dir='ltr'><strong>et</strong></span> <span class='ocrx_word' id='word_1_771' title='bbox 963 5440 1152 5495; x_wconf 89' lang='lat' dir='ltr'><strong>civitas</strong></span> <span class='ocrx_word' id='word_1_772' title='bbox 1180 5439 1320 5492; x_wconf 81' lang='lat' dir='ltr'><strong>Esau</strong></span> <span class='ocrx_word' id='word_1_773' title='bbox 1359 5438 1410 5491; x_wconf 91' lang='lat' dir='ltr'><strong>in</strong></span> <span class='ocrx_word' id='word_1_774' title='bbox 1443 5436 1651 5491; x_wconf 91' lang='lat' dir='ltr'><strong>decimo</strong></span> <span class='ocrx_word' id='word_1_775' title='bbox 1680 5453 1710 5490; x_wconf 90' lang='lat' dir='ltr'><strong>a</strong></span> <span class='ocrx_word' id='word_1_776' title='bbox 1754 5436 1914 5491; x_wconf 90' lang='lat' dir='ltr'><strong>Petra</strong></span> 
     </span>
    </p>
   </div>
   <div class='ocr_carea' id='block_1_104' title="bbox 328 5527 1912 5598">
    <p class='ocr_par' dir='ltr' id='par_1_104' title="bbox 328 5527 1912 5598">
     <span class='ocr_line' id='line_1_104' title="bbox 328 5527 1912 5598; baseline -0.007 -6"><span class='ocrx_word' id='word_1_777' title='bbox 328 5535 584 5592; x_wconf 86' lang='lat' dir='ltr'><strong>milliario</strong></span> <span class='ocrx_word' id='word_1_778' title='bbox 619 5544 806 5588; x_wconf 89' lang='lat' dir='ltr'><strong>contra</strong></span> <span class='ocrx_word' id='word_1_779' title='bbox 836 5533 1118 5586; x_wconf 84' lang='lat' dir='ltr'><strong>orientem.</strong></span> <span class='ocrx_word' id='word_1_780' title='bbox 1154 5530 1546 5598; x_wconf 83' lang='lat' dir='ltr'><strong>Interpretatur</strong></span> <span class='ocrx_word' id='word_1_781' title='bbox 1576 5527 1718 5580; x_wconf 92' lang='lat' dir='ltr'><strong>enim</strong></span> <span class='ocrx_word' id='word_1_782' title='bbox 1754 5527 1912 5582; x_wconf 91' lang='lat' dir='ltr'><strong>Elath</strong></span> 
     </span>
    </p>
   </div>
   <div class='ocr_carea' id='block_1_105' title="bbox 329 5615 1915 5687">
    <p class='ocr_par' dir='ltr' id='par_1_105' title="bbox 329 5615 1915 5687">
     <span class='ocr_line' id='line_1_105' title="bbox 329 5615 1915 5687; baseline -0.004 -10"><span class='ocrx_word' id='word_1_783' title='bbox 329 5624 400 5678; x_wconf 81' lang='lat' dir='ltr'><strong>ad</strong></span> <span class='ocrx_word' id='word_1_784' title='bbox 430 5623 630 5687; x_wconf 88' lang='lat' dir='ltr'><strong>solum,</strong></span> <span class='ocrx_word' id='word_1_785' title='bbox 661 5622 744 5676; x_wconf 89' lang='lat' dir='ltr'><strong>vel</strong></span> <span class='ocrx_word' id='word_1_786' title='bbox 778 5621 1063 5683; x_wconf 84' lang='lat' dir='ltr'><strong>solitarius,</strong></span> <span class='ocrx_word' id='word_1_787' title='bbox 1113 5628 1205 5672; x_wconf 87' lang='lat' dir='ltr'><strong>aut</strong></span> <span class='ocrx_word' id='word_1_788' title='bbox 1235 5633 1415 5670; x_wconf 85' lang='lat' dir='ltr'><strong>unum.</strong></span> <span class='ocrx_word' id='word_1_789' title='bbox 1464 5615 1753 5679; x_wconf 82' lang='lat' dir='ltr'><strong>Pliilistim,</strong></span> <span class='ocrx_word' id='word_1_790' title='bbox 1795 5632 1915 5684; x_wconf 73' lang='lat' dir='ltr'><strong>qua:</strong></span> 
     </span>
    </p>
   </div>
   <div class='ocr_carea' id='block_1_106' title="bbox 335 5705 1915 5788">
    <p class='ocr_par' dir='ltr' id='par_1_106' title="bbox 335 5705 1915 5788">
     <span class='ocr_line' id='line_1_106' title="bbox 335 5705 1915 5788; baseline -0.005 -18"><span class='ocrx_word' id='word_1_791' title='bbox 335 5732 476 5788; x_wconf 85' lang='lat' dir='ltr'><strong>nunc</strong></span> <span class='ocrx_word' id='word_1_792' title='bbox 500 5714 694 5785; x_wconf 72' lang='lat' dir='ltr'><strong>dicitur</strong></span> <span class='ocrx_word' id='word_1_793' title='bbox 717 5713 970 5783; x_wconf 74' lang='lat' dir='ltr'><strong>Ascalon,</strong></span> <span class='ocrx_word' id='word_1_794' title='bbox 999 5720 1053 5766; x_wconf 92' lang='lat' dir='ltr'><strong>et</strong></span> <span class='ocrx_word' id='word_1_795' title='bbox 1074 5710 1218 5766; x_wconf 88' lang='lat' dir='ltr'><strong>circa</strong></span> <span class='ocrx_word' id='word_1_796' title='bbox 1241 5724 1358 5765; x_wconf 85' lang='lat' dir='ltr'><strong>eam</strong></span> <span class='ocrx_word' id='word_1_797' title='bbox 1393 5707 1538 5780; x_wconf 81' lang='lat' dir='ltr'><strong>regio</strong></span> <span class='ocrx_word' id='word_1_798' title='bbox 1565 5715 1650 5762; x_wconf 86' lang='lat' dir='ltr'><strong>est</strong></span> <span class='ocrx_word' id='word_1_799' title='bbox 1676 5705 1915 5764; x_wconf 79' lang='lat' dir='ltr'><strong>Palaesti-</strong></span> 
     </span>
    </p>
   </div>
   <div class='ocr_carea' id='block_1_107' title="bbox 2010 4633 3599 4708">
    <p class='ocr_par' dir='ltr' id='par_1_107' title="bbox 2010 4633 3599 4708">
     <span class='ocr_line' id='line_1_107' title="bbox 2010 4633 3599 4708; baseline -0.008 -12"><span class='ocrx_word' id='word_1_800' title='bbox 2010 4644 2188 4698; x_wconf 90' lang='lat' dir='ltr'><strong>vicina</strong></span> <span class='ocrx_word' id='word_1_801' title='bbox 2212 4641 2408 4694; x_wconf 92' lang='lat' dir='ltr'><strong>ﬁnibus</strong></span> <span class='ocrx_word' id='word_1_802' title='bbox 2437 4639 2724 4708; x_wconf 85' lang='lat' dir='ltr'><strong>Tyrorum,</strong></span> <span class='ocrx_word' id='word_1_803' title='bbox 2769 4638 2858 4691; x_wconf 93' lang='lat' dir='ltr'><strong>ubi</strong></span> <span class='ocrx_word' id='word_1_804' title='bbox 2890 4645 2946 4690; x_wconf 91' lang='lat' dir='ltr'><strong>et</strong></span> <span class='ocrx_word' id='word_1_805' title='bbox 2977 4636 3230 4689; x_wconf 83' lang='lat' dir='ltr'><strong>Salomon</strong></span> <span class='ocrx_word' id='word_1_806' title='bbox 3262 4649 3366 4686; x_wconf 89' lang='lat' dir='ltr'><strong>xxv</strong></span> <span class='ocrx_word' id='word_1_807' title='bbox 3409 4633 3599 4686; x_wconf 87' lang='lat' dir='ltr'><strong>civita-</strong></span> 
     </span>
    </p>
   </div>
   <div class='ocr_carea' id='block_1_108' title="bbox 2012 4721 3600 4795">
    <p class='ocr_par' dir='ltr' id='par_1_108' title="bbox 2012 4721 3600 4795">
     <span class='ocr_line' id='line_1_108' title="bbox 2012 4721 3600 4795; baseline -0.006 -11"><span class='ocrx_word' id='word_1_808' title='bbox 2012 4739 2092 4786; x_wconf 90' lang='lat' dir='ltr'><strong>tes</strong></span> <span class='ocrx_word' id='word_1_809' title='bbox 2112 4728 2522 4784; x_wconf 83' lang='lat' dir='ltr'><strong>donavitllirant</strong></span> <span class='ocrx_word' id='word_1_810' title='bbox 2540 4727 2647 4795; x_wconf 86' lang='lat' dir='ltr'><strong>regi</strong></span> <span class='ocrx_word' id='word_1_811' title='bbox 2661 4726 2786 4794; x_wconf 84' lang='lat' dir='ltr'><strong>Tyri</strong></span> <span class='ocrx_word' id='word_1_812' title='bbox 2806 4727 2856 4779; x_wconf 87' lang='lat' dir='ltr'><strong>in</strong></span> <span class='ocrx_word' id='word_1_813' title='bbox 2871 4735 3015 4778; x_wconf 89' lang='lat' dir='ltr'><strong>sorte</strong></span> <span class='ocrx_word' id='word_1_814' title='bbox 3033 4725 3202 4777; x_wconf 81' lang='lat' dir='ltr'><strong>tribus</strong></span> <span class='ocrx_word' id='word_1_815' title='bbox 3218 4721 3555 4792; x_wconf 76' lang='lat' dir='ltr'><strong>Neplithalim</strong></span> <span class='ocrx_word' id='word_1_816' title='bbox 3579 4738 3600 4775; x_wconf 60' lang='grc' dir='ltr'><strong>ξ</strong></span> 
     </span>
    </p>
   </div>
   <div class='ocr_carea' id='block_1_109' title="bbox 2012 4813 3594 4881">
    <p class='ocr_par' dir='ltr' id='par_1_109' title="bbox 2012 4813 3594 4881">
     <span class='ocr_line' id='line_1_109' title="bbox 2012 4813 3594 4881; baseline -0.004 -8"><span class='ocrx_word' id='word_1_817' title='bbox 2012 4819 2180 4874; x_wconf 88' lang='lat' dir='ltr'><strong>altera</strong></span> <span class='ocrx_word' id='word_1_818' title='bbox 2217 4817 2436 4874; x_wconf 72' lang='lat' dir='ltr'><strong>Galiltea</strong></span> <span class='ocrx_word' id='word_1_819' title='bbox 2467 4817 2665 4872; x_wconf 87' lang='lat' dir='ltr'><strong>dicitur</strong></span> <span class='ocrx_word' id='word_1_820' title='bbox 2693 4815 2838 4869; x_wconf 90' lang='lat' dir='ltr'><strong>circa</strong></span> <span class='ocrx_word' id='word_1_821' title='bbox 2871 4813 3234 4876; x_wconf 84' lang='lat' dir='ltr'><strong>Tiberiadem,</strong></span> <span class='ocrx_word' id='word_1_822' title='bbox 3263 4822 3317 4866; x_wconf 92' lang='lat' dir='ltr'><strong>et</strong></span> <span class='ocrx_word' id='word_1_823' title='bbox 3345 4821 3594 4881; x_wconf 84' lang='lat' dir='ltr'><strong>stagnum</strong></span> 
     </span>
    </p>
   </div>
   <div class='ocr_carea' id='block_1_110' title="bbox 2011 4905 3594 4972">
    <p class='ocr_par' dir='ltr' id='par_1_110' title="bbox 2011 4905 3594 4972">
     <span class='ocr_line' id='line_1_110' title="bbox 2011 4905 3594 4972; baseline -0.006 -7"><span class='ocrx_word' id='word_1_824' title='bbox 2011 4911 2346 4966; x_wconf 82' lang='lat' dir='ltr'><strong>Cenesareth</strong></span> <span class='ocrx_word' id='word_1_825' title='bbox 2398 4909 2450 4962; x_wconf 91' lang='lat' dir='ltr'><strong>in</strong></span> <span class='ocrx_word' id='word_1_826' title='bbox 2489 4907 2631 4962; x_wconf 90' lang='lat' dir='ltr'><strong>tribu</strong></span> <span class='ocrx_word' id='word_1_827' title='bbox 2667 4906 2928 4962; x_wconf 80' lang='lat' dir='ltr'><strong>Zabulon.</strong></span> <span class='ocrx_word' id='word_1_828' title='bbox 2984 4905 3371 4972; x_wconf 89' lang='lat' dir='ltr'><strong>Interpretatur</strong></span> <span class='ocrx_word' id='word_1_829' title='bbox 3416 4913 3594 4957; x_wconf 77' lang='lat' dir='ltr'><strong>autem</strong></span> 
     </span>
    </p>
   </div>
   <div class='ocr_carea' id='block_1_111' title="bbox 2011 4993 3594 5063">
    <p class='ocr_par' dir='ltr' id='par_1_111' title="bbox 2011 4993 3594 5063">
     <span class='ocr_line' id='line_1_111' title="bbox 2011 4993 3594 5063; baseline -0.009 -5"><span class='ocrx_word' id='word_1_830' title='bbox 2011 5002 2228 5058; x_wconf 68' lang='lat' dir='ltr'><strong>Galilaza</strong></span> <span class='ocrx_word' id='word_1_831' title='bbox 2285 4999 2612 5062; x_wconf 85' lang='lat' dir='ltr'><strong>volutabilis,</strong></span> <span class='ocrx_word' id='word_1_832' title='bbox 2669 5006 2759 5052; x_wconf 90' lang='lat' dir='ltr'><strong>aut</strong></span> <span class='ocrx_word' id='word_1_833' title='bbox 2817 4993 3208 5063; x_wconf 82' lang='lat' dir='ltr'><strong>transmigratio</strong></span> <span class='ocrx_word' id='word_1_834' title='bbox 3259 5002 3594 5063; x_wconf 76' lang='lat' dir='ltr'><strong>perpetrata,</strong></span> 
     </span>
    </p>
   </div>
   <div class='ocr_carea' id='block_1_112' title="bbox 2010 5079 3594 5156">
    <p class='ocr_par' dir='ltr' id='par_1_112' title="bbox 2010 5079 3594 5156">
     <span class='ocr_line' id='line_1_112' title="bbox 2010 5079 3594 5156; baseline -0.008 -10"><span class='ocrx_word' id='word_1_835' title='bbox 2010 5091 2095 5146; x_wconf 89' lang='lat' dir='ltr'><strong>vel</strong></span> <span class='ocrx_word' id='word_1_836' title='bbox 2123 5099 2257 5143; x_wconf 90' lang='lat' dir='ltr'><strong>rota.</strong></span> <span class='ocrx_word' id='word_1_837' title='bbox 2290 5087 2510 5142; x_wconf 89' lang='lat' dir='ltr'><strong>Gamela</strong></span> <span class='ocrx_word' id='word_1_838' title='bbox 2551 5087 2697 5156; x_wconf 79' lang='lat' dir='ltr'><strong>regio</strong></span> <span class='ocrx_word' id='word_1_839' title='bbox 2724 5085 3098 5145; x_wconf 75' lang='lat' dir='ltr'><strong>Idummorum,</strong></span> <span class='ocrx_word' id='word_1_840' title='bbox 3130 5097 3228 5150; x_wconf 89' lang='lat' dir='ltr'><strong>pro</strong></span> <span class='ocrx_word' id='word_1_841' title='bbox 3253 5097 3358 5150; x_wconf 87' lang='lat' dir='ltr'><strong>qna</strong></span> <span class='ocrx_word' id='word_1_842' title='bbox 3399 5079 3594 5149; x_wconf 81' lang='lat' dir='ltr'><strong>Aquila</strong></span> 
     </span>
    </p>
   </div>
   <div class='ocr_carea' id='block_1_113' title="bbox 2011 5172 3597 5254">
    <p class='ocr_par' dir='ltr' id='par_1_113' title="bbox 2011 5172 3597 5254">
     <span class='ocr_line' id='line_1_113' title="bbox 2011 5172 3597 5254; baseline -0.006 -18"><span class='ocrx_word' id='word_1_843' title='bbox 2011 5192 2067 5238; x_wconf 91' lang='lat' dir='ltr'><strong>et</strong></span> <span class='ocrx_word' id='word_1_844' title='bbox 2097 5181 2452 5254; x_wconf 84' lang='lat' dir='ltr'><strong>Symmachus</strong></span> <span class='ocrx_word' id='word_1_845' title='bbox 2500 5179 2926 5248; x_wconf 88' lang='lat' dir='ltr'><strong>interpretantur</strong></span> <span class='ocrx_word' id='word_1_846' title='bbox 2975 5172 3158 5227; x_wconf 83' lang='lat' dir='ltr'><strong>vallem</strong></span> <span class='ocrx_word' id='word_1_847' title='bbox 3211 5172 3357 5227; x_wconf 87' lang='lat' dir='ltr'><strong>salis.</strong></span> <span class='ocrx_word' id='word_1_848' title='bbox 3408 5172 3597 5226; x_wconf 84' lang='lat' dir='ltr'><strong>Maclta</strong></span> 
     </span>
    </p>
   </div>
   <div class='ocr_carea' id='block_1_114' title="bbox 2012 5259 3594 5340">
    <p class='ocr_par' dir='ltr' id='par_1_114' title="bbox 2012 5259 3594 5340">
     <span class='ocr_line' id='line_1_114' title="bbox 2012 5259 3594 5340; baseline -0.006 -16"><span class='ocrx_word' id='word_1_849' title='bbox 2012 5269 2161 5340; x_wconf 83' lang='lat' dir='ltr'><strong>regio</strong></span> <span class='ocrx_word' id='word_1_850' title='bbox 2211 5269 2354 5337; x_wconf 84' lang='lat' dir='ltr'><strong>regis</strong></span> <span class='ocrx_word' id='word_1_851' title='bbox 2389 5266 2612 5329; x_wconf 87' lang='lat' dir='ltr'><strong>Gessur,</strong></span> <span class='ocrx_word' id='word_1_852' title='bbox 2671 5266 3056 5333; x_wconf 87' lang='lat' dir='ltr'><strong>interpretatur</strong></span> <span class='ocrx_word' id='word_1_853' title='bbox 3103 5261 3290 5316; x_wconf 80' lang='lat' dir='ltr'><strong>Macba</strong></span> <span class='ocrx_word' id='word_1_854' title='bbox 3341 5259 3594 5327; x_wconf 87' lang='lat' dir='ltr'><strong>mollitus,</strong></span> 
     </span>
    </p>
   </div>
   <div class='ocr_carea' id='block_1_115' title="bbox 2014 5353 3598 5428">
    <p class='ocr_par' dir='ltr' id='par_1_115' title="bbox 2014 5353 3598 5428">
     <span class='ocr_line' id='line_1_115' title="bbox 2014 5353 3598 5428; baseline -0.005 -12"><span class='ocrx_word' id='word_1_855' title='bbox 2014 5362 2128 5416; x_wconf 92' lang='lat' dir='ltr'><strong>sive</strong></span> <span class='ocrx_word' id='word_1_856' title='bbox 2157 5361 2474 5428; x_wconf 80' lang='lat' dir='ltr'><strong>confractus.</strong></span> <span class='ocrx_word' id='word_1_857' title='bbox 2510 5358 2781 5428; x_wconf 83' lang='lat' dir='ltr'><strong>Masagam</strong></span> <span class='ocrx_word' id='word_1_858' title='bbox 2810 5357 2957 5426; x_wconf 86' lang='lat' dir='ltr'><strong>regio</strong></span> <span class='ocrx_word' id='word_1_859' title='bbox 2979 5355 3356 5419; x_wconf 83' lang='lat' dir='ltr'><strong>Moabitarum,</strong></span> <span class='ocrx_word' id='word_1_860' title='bbox 3387 5363 3446 5408; x_wconf 94' lang='lat' dir='ltr'><strong>ut</strong></span> <span class='ocrx_word' id='word_1_861' title='bbox 3468 5353 3598 5409; x_wconf 85' lang='lat' dir='ltr'><strong>scri-</strong></span> 
     </span>
    </p>
   </div>
   <div class='ocr_carea' id='block_1_116' title="bbox 2011 5447 3601 5519">
    <p class='ocr_par' dir='ltr' id='par_1_116' title="bbox 2011 5447 3601 5519">
     <span class='ocr_line' id='line_1_116' title="bbox 2011 5447 3601 5519; baseline -0.004 -12"><span class='ocrx_word' id='word_1_862' title='bbox 2011 5452 2094 5507; x_wconf 90' lang='lat' dir='ltr'><strong>bit</strong></span> <span class='ocrx_word' id='word_1_863' title='bbox 2152 5451 2472 5506; x_wconf 86' lang='lat' dir='ltr'><strong>IIicremias.</strong></span> <span class='ocrx_word' id='word_1_864' title='bbox 2526 5449 2740 5519; x_wconf 81' lang='lat' dir='ltr'><strong>Masaga</strong></span> <span class='ocrx_word' id='word_1_865' title='bbox 2797 5449 3185 5518; x_wconf 90' lang='lat' dir='ltr'><strong>interpretatur</strong></span> <span class='ocrx_word' id='word_1_866' title='bbox 3256 5447 3601 5517; x_wconf 74' lang='lat' dir='ltr'><strong>requirentem</strong></span> 
     </span>
    </p>
   </div>
   <div class='ocr_carea' id='block_1_117' title="bbox 2015 5538 3596 5614">
    <p class='ocr_par' dir='ltr' id='par_1_117' title="bbox 2015 5538 3596 5614">
     <span class='ocr_line' id='line_1_117' title="bbox 2015 5538 3596 5614; baseline -0.006 -13"><span class='ocrx_word' id='word_1_867' title='bbox 2015 5548 2127 5602; x_wconf 91' lang='lat' dir='ltr'><strong>sive</strong></span> <span class='ocrx_word' id='word_1_868' title='bbox 2157 5547 2472 5600; x_wconf 84' lang='lat' dir='ltr'><strong>retinentem.</strong></span> <span class='ocrx_word' id='word_1_869' title='bbox 2504 5543 2666 5598; x_wconf 82' lang='lat' dir='ltr'><strong>Miser</strong></span> <span class='ocrx_word' id='word_1_870' title='bbox 2697 5545 2844 5614; x_wconf 87' lang='lat' dir='ltr'><strong>regio</strong></span> <span class='ocrx_word' id='word_1_871' title='bbox 2874 5543 3028 5598; x_wconf 80' lang='lat' dir='ltr'><strong>Moab</strong></span> <span class='ocrx_word' id='word_1_872' title='bbox 3064 5541 3216 5611; x_wconf 85' lang='lat' dir='ltr'><strong>juxta</strong></span> <span class='ocrx_word' id='word_1_873' title='bbox 3243 5538 3596 5603; x_wconf 84' lang='lat' dir='ltr'><strong>Hieremiam,</strong></span> 
     </span>
    </p>
   </div>
   <div class='ocr_carea' id='block_1_118' title="bbox 2015 5629 3590 5707">
    <p class='ocr_par' dir='ltr' id='par_1_118' title="bbox 2015 5629 3590 5707">
     <span class='ocr_line' id='line_1_118' title="bbox 2015 5629 3590 5707; baseline -0.008 -15"><span class='ocrx_word' id='word_1_874' title='bbox 2015 5638 2400 5707; x_wconf 87' lang='lat' dir='ltr'><strong>interpretatur</strong></span> <span class='ocrx_word' id='word_1_875' title='bbox 2433 5637 2631 5690; x_wconf 83' lang='lat' dir='ltr'><strong>directa</strong></span> <span class='ocrx_word' id='word_1_876' title='bbox 2679 5636 2792 5690; x_wconf 89' lang='lat' dir='ltr'><strong>sive</strong></span> <span class='ocrx_word' id='word_1_877' title='bbox 2835 5635 3139 5706; x_wconf 85' lang='lat' dir='ltr'><strong>campestris</strong></span> <span class='ocrx_word' id='word_1_878' title='bbox 3167 5633 3250 5686; x_wconf 91' lang='lat' dir='ltr'><strong>vel</strong></span> <span class='ocrx_word' id='word_1_879' title='bbox 3302 5629 3590 5685; x_wconf 83' lang='lat' dir='ltr'><strong>tribulatio.</strong></span> 
     </span>
    </p>
   </div>
   <div class='ocr_carea' id='block_1_119' title="bbox 2017 5717 3592 5799">
    <p class='ocr_par' dir='ltr' id='par_1_119' title="bbox 2017 5717 3592 5799">
     <span class='ocr_line' id='line_1_119' title="bbox 2017 5717 3592 5799; baseline -0.009 -15"><span class='ocrx_word' id='word_1_880' title='bbox 2017 5729 2244 5788; x_wconf 81' lang='lat' dir='ltr'><strong>Masl&#39;ath</strong></span> <span class='ocrx_word' id='word_1_881' title='bbox 2282 5727 2428 5799; x_wconf 75' lang='lat' dir='ltr'><strong>regio</strong></span> <span class='ocrx_word' id='word_1_882' title='bbox 2469 5725 2838 5792; x_wconf 79' lang='lat' dir='ltr'><strong>Moabitarum,</strong></span> <span class='ocrx_word' id='word_1_883' title='bbox 2879 5726 3016 5786; x_wconf 78' lang='lat' dir='ltr'><strong>sicut</strong></span> <span class='ocrx_word' id='word_1_884' title='bbox 3060 5726 3121 5790; x_wconf 16' lang='lat' dir='ltr'><strong>in,</strong></span> <span class='ocrx_word' id='word_1_885' title='bbox 3163 5721 3429 5781; x_wconf 80' lang='lat' dir='ltr'><strong>lliercmia</strong></span> <span class='ocrx_word' id='word_1_886' title='bbox 3463 5717 3592 5786; x_wconf 79' lang='lat' dir='ltr'><strong>legi-</strong></span> 
     </span>
    </p>
   </div>
  </div>
