4074 6324
486 365 594 424 347

1146 366 1205 423 Β.
1247 364 1502 422 HABANI
1540 364 1758 423 MAURI
1792 345 2122 420 ARCHIEP.
2157 361 2468 422 MOGUNT.
2510 364 2797 423 OPERUM
2831 364 3012 422 PARS
3050 364 3117 421 II.

3653 374 3764 435 348

487 493 632 536 mus.
652 478 834 535 Posita
856 488 942 535 est
965 486 1143 534 autem
1169 488 1223 534 ct
1247 493 1410 549 supra
1456 479 1510 532 in
1553 478 1712 532 Isaia.
1740 474 2065 545 Interpreta—
2090 475 2143 536 Α
2166 472 2380 531 ludibus
2426 476 2706 546 incipiens,
2739 477 2881 532 inter
2930 475 3233 531 Danubium
3277 484 3335 534 et
3372 460 3651 539 oceanum
3675 498 3768 541 se.

490 577 582 626 tur
610 578 790 626 autem
816 569 1045 625 Maslath
1074 587 1330 642 aquarum
1354 571 1575 640 impetus
1600 569 1793 624 habens
1819 576 2068 638 tempora.

489 659 646 717 Maon
672 660 820 731 regio
849 659 1203 715 Moabitarnm
1226 658 1381 728 juxta
1404 659 1752 716 Hieremiam.
1786 657 1941 713 Maon
1994 657 2075 712 in-

487 758 822 820 terpretatur
862 750 1241 805 habitaculum.
1293 751 1552 822 Magedan
1579 792 1594 818 ,
1636 751 1706 807 ad
1743 751 1895 820 cujus
1941 749 2075 803 ﬁnes

486 837 773 895 Matthaeus
805 840 1135 910 evangelista
1165 840 1353 896 scribit
1399 841 1685 896 Dominum
1714 838 2027 910 pervenisse
2054 856 2067 893 :

488 929 586 985 sed
632 936 689 984 et
718 928 931 985 Marcus
982 929 1223 1000 ejusdem
1267 930 1502 985 nominis
1533 929 1872 994 recordatur,
1930 942 2074 982 nunc

489 1030 671 1079 autem
694 1021 842 1091 regio
869 1021 1069 1076 dicitur
1106 1020 1397 1092 Magedana
1448 1022 1591 1076 circa
1641 1019 1906 1075 Gerasan.
1963 1018 2075 1073 Ma-

490 1112 663 1183 gedon
689 1112 832 1167 enim
860 1111 1250 1182 interpretatur
1277 1128 1549 1183 pomorum
1577 1112 1714 1182 ejus,
1766 1112 1881 1166 sive
1904 1126 2076 1165 caena—

488 1200 610 1255 cula
644 1201 780 1271 ejus.
805 1199 1045 1257 Nebeoth
1078 1203 1247 1274 regio,
1277 1203 1345 1257 de
1368 1218 1474 1272 qua
1502 1201 1692 1257 scribit
1721 1201 1910 1256 Isaias.
1938 1199 2074 1256 Nam

486 1288 733 1347 Nebeoth
777 1292 1165 1361 interpretatur
1206 1293 1541 1363 prophetam.
1589 1289 1722 1363 Olyr
1769 1300 1853 1347 est
1879 1290 2030 1347 locus
2055 1331 2071 1358 ,

486 1383 631 1439 unde
656 1383 818 1453 (sicut
848 1385 902 1438 in
937 1383 1246 1456 Regnorum
1269 1382 1423 1439 libris
1446 1382 1696 1455 legimus)
1726 1398 1917 1437 aurum
1948 1382 2076 1439 aﬂ'e-

486 1477 710 1532 rebatur
738 1476 1015 1533 Salomoni
1043 1495 1057 1532 :
1082 1478 1186 1532 fuit
1205 1487 1386 1532 autem
1410 1492 1548 1532 unus
1567 1476 1634 1531 de
1651 1477 1882 1546 posteris
1913 1476 2073 1543 Eber,

486 1568 707 1623 nomine
740 1567 892 1640 Ol‘yr,
923 1584 990 1624 ex
1020 1569 1175 1640 cujus
1205 1569 1373 1637 stirpe
1406 1568 1689 1623 venientes
1716 1583 1745 1622 a
1772 1566 1933 1623 ﬂuvio
1970 1567 2076 1624 Co-

488 1658 610 1717 fene
637 1674 809 1729 usque
836 1661 903 1716 ad
931 1660 1208 1731 regiOnem
1231 1658 1414 1725 Indiae,
1442 1675 1563 1729 quae
1589 1668 1820 1714 vocatur
1869 1659 2074 1726 Hieria,

488 1751 766 1807 habitasse
807 1750 979 1807 refert
1013 1749 1300 1819 Iosephus,
1351 1764 1382 1803 a
1411 1763 1518 1818 quo
1543 1756 1672 1817 puto
1713 1756 1768 1804 et
1797 1748 2072 1820 regionem

2173 566 2588 636 ptentrionalem
2612 582 2782 638 usque
2806 568 2874 622 ad
2898 565 3246 624 Germaniam
3273 571 3595 643 porrigitur,
3638 590 3767 647 qua:

2174 667 2320 711 terra
2366 657 2690 728 generaliter
2731 666 2954 729 propter
2994 657 3256 714 barbaras
3304 668 3526 732 gentes,
3565 662 3765 732 quibus

2174 745 2525 814 inhabitatur,‘
2544 747 2827 803 barbarica
2849 748 3066 804 dicitur.
3090 747 3261 820 Hujus
3281 764 3410 819 pars
3432 766 3538 806 una
3567 751 3764 808 Alania

2173 843 2277 902 est,
2305 852 2424 907 quae
2452 838 2521 891 ad
2563 834 2838 894 Maeotidas
2877 836 3100 908 paludes
3149 840 3410 913 pertingit
3434 859 3447 895 :
3467 849 3590 912 post
3619 842 3766 899 hanc

2173 924 2358 992 Dacia,
2374 928 2464 983 ubi
2489 935 2544 983 et
2562 928 2787 996 Gothia;
2815 930 3008 985 deinde
3030 931 3449 1000 Germania,ubi
3471 936 3767 1006 plurimam

2173 1025 2384 1085 partem
2412 1017 2573 1074 Sucvi
2600 1019 2959 1075 incoluerunt.
2997 1020 3286 1077 Germania
3326 1034 3449 1094 post
3477 1024 3767 1096 Scythiam

2174 1104 2484 1162 inferiorem
2515 1124 2546 1161 a
2575 1109 2818 1165 Danubio
2864 1110 3009 1164 inter
3044 1111 3291 1167 Rhenum
3332 1111 3552 1170 ﬂuvium
3585 1115 3766 1172 Ocea-

2174 1210 2412 1265 numque
2442 1197 2693 1254 conclusa
2710 1239 2725 1264 ,
2752 1199 2985 1271 cingitur
3012 1216 3042 1254 a
3081 1201 3452 1273 septentrione
3479 1212 3535 1260 et
3564 1220 3765 1262 occasu

2175 1283 2409 1351 Oceano,
2438 1286 2507 1341 ab
2554 1296 2675 1342 ortu
2722 1303 2852 1345 vero
2905 1290 3182 1357 Danubio,
3216 1307 3245 1345 a
3299 1293 3525 1349 meridie
3570 1293 3765 1352 Rheno

2174 1372 2394 1430 ﬂumine
2443 1375 2746 1443 dirimitur;
2787 1386 2931 1434 terra
2983 1380 3134 1435 dives
3181 1382 3410 1450 virium,
3444 1399 3510 1440 ac
3550 1385 3764 1456 populis

2176 1468 2481 1524 numerosis
2510 1477 2566 1523 et
2593 1469 2939 1526 immanibus.
2992 1471 3144 1528 Unde
3170 1482 3227 1529 et
3252 1483 3475 1545 propter
3516 1476 3765 1534 fecundi-

2176 1563 2344 1612 tatem
2370 1558 2757 1630 gigncndorum
2798 1562 3118 1632 populorum
3160 1563 3447 1621 Germania
3474 1577 3560 1623 est
3597 1570 3762 1626 dicta.

2176 1647 2358 1721 Gignit
2370 1665 2497 1707 aves
2513 1650 2811 1724 Hyrcanias
2830 1652 3120 1726 [Hercynia
3134 1656 3313 1729 silva],
3330 1673 3559 1729 quarum
3573 1676 3767 1731 pennae

2177 1747 2335 1796 nocte
2360 1741 2656 1812 perlucent.
2687 1742 2931 1800 Bisontes
2957 1761 3171 1817 quoque
3195 1746 3339 1804 feras
3362 1757 3417 1805 et
3440 1765 3569 1805 uros
3596 1759 3763 1824 atque

486 1840 808 1897 vocabulum
857 1847 1224 1895 consecutam,
1281 1838 1415 1910 Ofyr
1450 1847 1632 1894 autem
1682 1839 2071 1910 interpretatur
2096 1823 2146 1884 Β
2173 1831 2317 1889 alces
2333 1835 2584 1903 parturit.
2602 1834 3002 1910 Nutrit[Mittit]
3020 1847 3075 1893 et
3094 1854 3354 1909 gemmas,
3376 1823 3688 1916 crystallum
3709 1853 3767 1902 et

488 1933 798 2004 ignominia.
839 1932 1106 1988 Reblatha
1143 1934 1294 2006 regio
1335 1940 1420 1990 est
1466 1933 1906 2005 Babyloniorum,
1964 1935 2078 1992 sive

488 2024 638 2090 urbs,
663 2040 825 2096 quam
849 2040 993 2080 nunc
1039 2024 1383 2081 Antiochiam
1407 2034 1621 2081 vocant.
1657 2025 1922 2080 Reblatha
1949 2040 2078 2081 vero

2179 1926 2479 1982 succinum.
2511 1927 2807 1984 Callaicum
2834 1945 3047 2000 quoque
3079 1932 3331 2000 viridem,
3361 1942 3417 1989 et
3448 1938 3765 1993 ceraunium

2179 2017 2488 2073 candidum.
2512 2018 2639 2074 Duae
2660 2027 2788 2075 sunt
2806 2028 2987 2075 autem
3008 2019 3331 2089 Germaniae,
3348 2024 3765 2095 superiorjuxta

488 2115 879 2186 interpretatur
907 2114 1075 2170 multa
1103 2116 1238 2182 ista,
1268 2116 1384 2172 sive
1414 2116 1715 2170 multitudo.
1754 2114 1952 2182 Saron,
1983 2132 2079 2172 cu-
2179 2110 2654 2179 septentrionalem
2695 2110 2991 2180 Oceanum,
3038 2100 3264 2170 inferior
3302 2116 3449 2173 circa
3490 2117 3764 2174 Rhenum.

483 2203 575 2273 jus
598 2211 655 2258 et
678 2202 845 2261 Isaias
873 2204 1137 2267 meminit,
1201 2204 1387 2261 dicens
1413 2223 1427 2259 :
1455 2203 1523 2259 In
1550 2203 1772 2274 paludes
1801 2222 1978 2260 uersus
2001 2214 2076 2261 est

491 2292 666 2349 Saron
693 2292 828 2365 (Isa.
852 2296 1074 2365 xxxiii).
1098 2292 1280 2365 Usque
1308 2295 1375 2349 ad
1388 2303 1708 2364 praesentem
1728 2304 1908 2349 autem
1932 2294 2076 2350 diem

491 2387 641 2456 regio
673 2385 817 2441 inter
853 2394 1094 2442 montem
1124 2384 1345 2442 Thabor
1371 2393 1428 2441 et
1472 2394 1723 2456 stagnum
1776 2386 2076 2442 Tiberiadis

490 2474 790 2544 appellatur
814 2491 829 2530 :
852 2476 950 2532 sed
975 2484 1031 2532 et
1056 2475 1291 2532 Caesaria
1312 2474 1615 2532 Palaestinae
1639 2490 1810 2546 usque
1829 2475 1896 2530 ad
1923 2475 2077 2546 Oppi-

490 2562 619 2617 dum
643 2562 833 2635 Joppe,
861 2565 1042 2621 omnis
1072 2574 1242 2633 terra,
1290 2580 1412 2637 quae
1440 2567 1703 2632 cernitur,
1734 2566 1931 2622 dicitur
1977 2564 2076 2621 Sa-

492 2668 675 2710 rouas.
723 2655 1118 2727 Interpretatur
1149 2673 1280 2715 vero
1312 2658 1485 2715 Saron
1533 2660 1772 2731 princeps
1816 2661 2074 2716 maeroris.

492 2742 694 2811 Sefela,
709 2746 850 2802 sicut
865 2749 1056 2804 scribit
1073 2749 1260 2816 Isaias,
1273 2764 1375 2821 pro
1387 2765 1493 2821 qua
1505 2750 1697 2821 Aquila
1713 2760 2070 2823 campestrem,

494 2832 855 2905 Symmachus
867 2837 1052 2892 uallem
1067 2838 1516 2910 interpretantur,
1532 2856 1705 2911 usque
1717 2840 1878 2896 hodie
1896 2843 2074 2897 omnis

491 2928 644 2998 regio
657 2926 812 2998 juxta
832 2929 1291 3001 Eleutheropolim
1322 2934 1642 3002 campestris
1667 2941 1722 2989 et
1746 2933 1924 3003 plana,
1953 2948 2075 3006 quae

492 3022 669 3092 vergit
681 3022 747 3077 ad
762 3023 1066 3095 aquilonem
1079 3032 1133 3080 et
1146 3025 1500 3090 occidentem,
1517 3023 1694 3081 Sefela
1707 3026 1923 3082 dicitur.
1939 3025 2077 3081 Tha-

490 3110 666 3168 lassar
681 3115 829 3186 regio
849 3125 932 3171 est
945 3116 1144 3189 Syriae;
1175 3117 1467 3174 Thalassar
1480 3126 1660 3173 autem
1687 3119 2076 3187 interpretatur

2174 2203 2489 2261 Provincias
2519 2214 2723 2272 autem,
2750 2221 2885 2276 quas
2909 2207 3184 2263 Danubius
3205 2223 3236 2263 a
3258 2208 3543 2266 barbarico
3571 2212 3637 2266 ad
3660 2210 3763 2267 Me-

2177 2295 2543 2352 diterraneum
2570 2313 2717 2353 mare
2746 2299 2996 2365 secludit,
3027 2300 3203 2370 prima
3231 2310 3313 2356 est
3336 2300 3545 2369 Mmsia,
3570 2318 3601 2357 a
3628 2318 3769 2361 mes-

2177 2385 2319 2440 sium
2353 2396 2615 2455 proventu
2645 2396 2854 2443 vocata.
2890 2388 3042 2444 Unde
3071 2396 3125 2444 et
3158 2405 3279 2445 eam
3316 2399 3529 2447 veteres
3554 2392 3769 2450 Cereris

2178 2472 2433 2529 horreum
2461 2475 2868 2545 nuncupabant.
2902 2476 3029 2533 Haec
3056 2486 3235 2534 autem
3264 2481 3332 2535 ab
3366 2480 3586 2537 Oriente
3609 2483 3768 2538 ostiis

2177 2561 2406 2619 Danubii
2429 2564 2691 2635 jungitur,
2721 2567 2788 2621 ab
2822 2567 2967 2623 Euro
2995 2584 3124 2623 vero
3160 2568 3427 2636 Thraciae,
3476 2587 3505 2625 a
3542 2571 3770 2628 meridie

2178 2654 2520 2722 Macedoniae,
2544 2655 2612 2710 ab
2635 2671 2828 2712 occasu
2857 2657 3025 2712 [striae
3049 2659 3348 2729 copulatur.
3373 2659 3503 2716 Post
3525 2659 3769 2717 Moesiam

2177 2753 2356 2802 autem
2380 2747 2652 2803 Pannonia
2672 2755 2777 2813 est,
2795 2748 2917 2803 inde
2933 2746 3159 2803 Noricus
3175 2764 3305 2819 ager
3326 2748 3552 2821 frigidus
3572 2759 3625 2805 et
3646 2766 3770 2821 par-

2177 2836 2294 2892 cius
2320 2834 2642 2903 fructuosus,
2673 2846 2797 2907 post
2837 2852 2997 2907 quem
3027 2838 3285 2894 liheticus
3314 2837 3560 2910 frugibus
3594 2839 3769 2908 ferax,

2177 2928 2269 2998 qui
2290 2927 2489 2999 excipit
2503 2926 2732 2984 Galliam
2747 2929 2998 2984 Bellicam
3015 2928 3353 3002 [Belgicam].
3373 2929 3621 2988 Thraciae
3640 2931 3770 2991 Thi-

2180 3031 2271 3072 ras
2296 3014 2490 3088 Japbet
2516 3017 2657 3072 ﬁlius
2682 3019 2902 3073 veniens
2943 3034 3141 3074 nomen
3170 3019 3385 3075 dedisse
3411 3021 3728 3090 perhibetur
3749 3039 3769 3080 :

2177 3106 2266 3162 alii
2289 3122 2319 3161 a
2334 3109 2539 3164 saevitia
2555 3108 2849 3164 incolarum
2867 3108 3153 3165 Thraciam
3167 3110 3484 3181 appellatam
3498 3113 3771 3170 dixerunt.

488 3183 1006 3279 apparatu-princeps
1032 3226 1051 3274 ;
1082 3207 1394 3279 Ethiopum
1423 3210 1572 3281 regio
1598 3211 1668 3264 ab
1699 3183 2074 3265 Indo-ﬂumine
2100 3183 2146 3245 δ
2177 3197 2314 3254 Huic
2343 3199 2411 3254 ab
2438 3199 2645 3255 oriente
2682 3199 2970 3270 Propontis
3012 3209 3067 3256 et
3094 3200 3223 3255 urbs
3268 3200 3768 3275 Constantinopolis

488 3308 822 3367 consurgens
841 3296 997 3366 juxta
1025 3299 1318 3371 Egyptum
1343 3301 1398 3355 in
1428 3299 1603 3356 Nilum
1631 3309 1687 3357 et
1715 3300 1989 3358 Oceanum
2021 3301 2075 3356 in

487 3388 716 3447 meridie
769 3390 871 3445 sub
915 3389 1031 3459 ipsa
1078 3390 1207 3446 solis
1253 3390 1532 3446 vicinitate
1577 3390 1744 3462 jacet.
1794 3390 2072 3458 Chanaan,

486 3474 632 3533 ﬁlius
654 3477 845 3544 Cham,
875 3480 1109 3535 obtinuit
1154 3489 1355 3535 terram
1385 3496 1417 3533 a
1450 3480 1650 3537 Sidone
1674 3496 1843 3552 usque
1867 3481 1935 3536 ad
1969 3479 2077 3536 Ga-

486 3581 630 3634 zam,
657 3583 817 3638 quam
842 3569 1011 3626 Judaei
1036 3570 1290 3642 deinceps
1329 3572 1701 3642 possederunt,
1727 3573 1913 3644 ejectis
1935 3572 2076 3627 Cha-

489 3661 715 3721 nanazis.
752 3663 1143 3733 Interpretatur
1164 3672 1343 3719 autem
1373 3664 1630 3720 Chanaan
1663 3676 1834 3720 motus
1870 3681 2073 3732 eorum,

487 3750 572 3806 vel
603 3752 915 3821 negotiator,
939 3760 1034 3807 aut
1055 3752 1288 3808 humilis.
1311 3753 1592 3826 Signiﬁcat
1617 3762 1797 3811 autem
1816 3755 2074 3811 Chanaan

486 3841 713 3912 cupidos
752 3850 808 3898 et
855 3859 1050 3900 avaros
1096 3846 1665 3903 inﬁrmarumrerum
1693 3855 1749 3903 et
1776 3856 2076 3925 sectatores

486 3932 826 3989 saecularium
861 3936 1223 4008 negotiorum,
1250 3954 1387 4008 quos
1414 3940 1740 3996 amovendos
1767 3957 1800 3995 a
1824 3942 1947 3997 suis
1991 3956 2076 3997 se-

486 4026 644 4083 dibus
681 4036 916 4095 constat,
944 4028 1070 4100 quia
1097 4030 1325 4086 mundus
1358 4034 1546 4086 transit
1579 4041 1627 4086 et
1657 4034 2075 4105 concupiscentia

485 4115 601 4186 ejus
631 4116 685 4190 (Ι
709 4118 871 4173 Joan.
918 4118 1004 4191 ιι).
1055 4119 1258 4176 Pontus
1307 4121 1465 4191 rcgio-
1499 4120 1787 4175 multarum
1834 4121 2073 4190 gentium

482 4201 635 4283 juxta
658 4222 810 4263 mare
830 4207 1133 4275 Ponticum,
1163 4210 1306 4279 quod
1332 4209 1537 4275 Asiam,
1567 4211 1945 4281 Europamque
1971 4211 2078 4267 δίε,

489 4297 763 4360 terminat.
818 4297 1023 4355 Pontus
1044 4314 1175 4355 vero
1214 4300 1606 4371 interpretatur
1634 4300 1911 4357 inclinans.
1972 4302 2074 4358 Sa~

491 4398 673 4450 tonas,
699 4400 819 4456 quae
862 4387 1248 4459 interpretatur
1285 4392 1619 4461 campestris,
1651 4392 1800 4463 regio
1842 4400 1926 4448 est
1972 4393 2076 4449 Pa-

490 4471 717 4551 ltestinte
738 4489 909 4546 usque
935 4477 1004 4531 ad
1028 4478 1279 4548 oppidum
1308 4478 1474 4550 Joppe
1499 4482 1828 4553 pertingens.
1863 4483 2071 4541 Sarona

474 4578 705 4634 quoque
747 4565 1134 4637 interpretatur
1158 4579 1378 4626 cantans
1404 4573 1695 4627 tristitiam.
1734 4573 1863 4631 Post
1890 4575 2074 4632 Asiam

488 4654 558 4711 ad
602 4654 873 4729 Europam
913 4657 1112 4732 stylum
1163 4661 1444 4718 vertimus.
1492 4664 1705 4735 Europa
1752 4667 1950 4737 quippe
1995 4669 2077 4740 (ut

491 4746 717 4823 gentiles
739 4746 941 4821 ferunt)
974 4749 1236 4822 Agenoris
1261 4754 1405 4824 regis
1430 4753 1614 4829 Libyae
1644 4757 1751 4811 ﬁlia
1776 4758 1877 4813 fuit
1910 4775 2074 4830 quam

420 4884 435 4891 κ
490 4832 699 4903 Jupiter
721 4837 790 4891 ab
816 4837 1000 4897 Africa
1030 4849 1237 4911 raptam
1274 4843 1491 4898 Cretam
1519 4846 1755 4911 advexit,
1786 4857 1843 4902 et
1864 4857 2074 4918 partem

493 4924 708 4979 tertiam
736 4926 884 4983 orbis
912 4944 981 4983 ex
1005 4930 1124 5001 ejus
1154 4932 1375 4986 nomine
1395 4933 1701 5002 appellavit.
1731 4935 1836 4992 Iste
1868 4946 1952 4993 est
1980 4954 2076 4993 au-

494 5023 601 5077 tem
626 5014 843 5086 Agenor
866 5017 1047 5090 Libyae
1068 5019 1228 5086 ﬁlius,
1260 5035 1327 5076 ex
1351 5038 1455 5093 qua
1478 5023 1668 5096 Libya,
1700 5027 1754 5081 id
1778 5037 1863 5082 est
1890 5027 2075 5085 Africa

493 5104 666 5170 fertur
686 5111 1082 5178 cognominata.
1117 5111 1268 5173 Unde
1293 5126 1515 5184 apparet
1549 5117 1697 5186 prius
1733 5117 1957 5190 Libyam
1985 5135 2077 5175 ac-

492 5199 701 5269 cepisse
728 5201 1067 5269 vocabulum,
1093 5213 1277 5274 postca
1313 5206 1605 5278 Europam.
1654 5208 1866 5283 Europa
1894 5218 2076 5265 autem

494 5289 549 5344 in
578 5291 791 5346 tertiam
829 5300 1037 5363 partem
1069 5295 1216 5351 Orbis
1245 5297 1415 5353 divisa
1445 5299 1634 5370 incipit
1659 5314 1690 5352 a
1717 5298 1937 5354 ﬂumine
1964 5298 2073 5355 Ta-

492 5380 604 5447 nai,
637 5382 975 5441 descendens
1024 5386 1091 5441 ad
1145 5402 1396 5445 occasura
1452 5405 1549 5461 per
1597 5391 2073 5462 septentrionalem

494 5468 767 5529 Oceanum
794 5490 969 5547 usque
996 5477 1050 5532 in
1081 5478 1215 5536 ﬁnes
1235 5480 1505 5551 Hispaniae
1529 5501 1543 5536 :
1568 5481 1720 5551 cujus
1743 5498 1869 5553 pars
1898 5483 2077 5539 orien-

495 5562 620 5620 talis
671 5573 726 5621 et
761 5568 1056 5625 meridiana
1095 5585 1127 5624 a
1172 5570 1345 5627 Ponto
1389 5587 1749 5643 consurgens,
1783 5580 1894 5628 tota
1939 5573 2076 5628 mari

496 5670 691 5729 magno
716 5658 1076 5732 conjungitur,
1100 5670 1155 5718 et
1178 5662 1232 5716 in
1262 5662 1453 5718 insulis
1473 5662 1638 5719 Gadis
1664 5664 1862 5719 linitur.
1893 5664 2074 5719 Prima

498 5749 724 5824 Ευτοιλτι
757 5753 904 5827 rosio
931 5753 1453 5836 sentences.
1472 5754 1943 5837 QQFQLMEEEP
1982 5769 2077 5837 pa:

1083 5824 1453 5836 ...ομ-αρ’..-ιρ-...ς.
1492 5824 1507 5825 ί
1532 5831 1557 5837 .-
1578 5828 1959 5841 -“mm-
1982 5824 2075 5842 -..Δρ

2174 3290 2416 3360 opposita
2432 3299 2534 3345 est.
2551 3289 2593 3344 A
2608 3291 2975 3359 septentrione
2988 3305 3117 3345 vero
3130 3289 3266 3345 Ister
3276 3290 3608 3359 obtenditur,
3624 3307 3652 3346 a
3666 3307 3761 3349 me

2174 3380 2309 3435 ridie
2329 3395 2458 3434 vero
2482 3379 2671 3451 Egan
2694 3381 2829 3435 mari
2855 3381 3116 3447 adhzeret,
3148 3382 3217 3437 ab
3238 3397 3435 3437 occasu
3458 3381 3770 3441 Macedonia

2176 3471 2251 3526 illi
2276 3470 2536 3541 subjaect,
2568 3471 2722 3542 cujus
2744 3471 3016 3542 regionem
3038 3472 3167 3527 olim
3188 3473 3387 3529 diversi
3414 3474 3592 3545 populi
3618 3472 3771 3549 [Bes-

2174 3575 2356 3617 sorum
2390 3562 2664 3634 populus],
2692 3561 3019 3634 Massagetae,
3055 3563 3337 3632 Sarmatae,
3356 3564 3569 3637 Scythae
3583 3574 3636 3621 et
3655 3565 3773 3622 aliae

2173 3649 2419 3721 plurimae
2441 3652 2688 3708 nationes
2708 3652 3063 3707 incoluerunt.
3099 3653 3300 3725 Ampla
3323 3663 3407 3711 est
3430 3656 3596 3723 enim,
3625 3656 3772 3713 ideo-

2174 3755 2278 3810 que
2296 3742 2556 3812 plurimas
2574 3743 2839 3799 continuit
2857 3751 3064 3815 gentes.
3086 3744 3287 3799 Ebrum
3307 3745 3523 3802 ﬂuvium
3542 3747 3774 3805 Thracia

2174 3830 2370 3898 fundit,
2395 3835 2485 3904 qui
2512 3835 2676 3889 etiam
2696 3841 2882 3905 gentes
2910 3834 3262 3890 barbarorum
3293 3836 3557 3906 plurimas
3582 3841 3771 3912 tangit.

2174 3923 2382 3980 Graecia
2402 3941 2432 3980 a
2454 3924 2644 3980 Graeco
2671 3940 2794 3995 rege
2820 3933 3028 3991 vocata,
3053 3926 3142 3995 qui
3175 3936 3424 3982 cunctam
3451 3941 3572 3981 eam
3598 3917 3776 4000 regio-

2174 4029 2296 4069 nem
2314 4014 2945 4070 incoluit..Andromacha
2959 4017 3023 4071 de
3035 4015 3245 4086 Pyrrho
3258 4015 3546 4072 Molossum
3565 4019 3771 4090 genuit,

2174 4118 2205 4159 a
2233 4119 2339 4175 quo
2368 4119 2495 4174 pars
2520 4103 2666 4174 Epiri
2691 4104 2938 4160 Molossia
2966 4106 3109 4161 dicta
3141 4115 3243 4162 est.
3272 4106 3413 4162 Sunt
3436 4116 3616 4162 autem
3646 4123 3773 4177 pro-

2176 4197 2367 4252 vinciae
2400 4195 2622 4252 Graeciae
2668 4207 2892 4268 septem,
2926 4214 3154 4269 quarum
3190 4200 3364 4270 prima
3396 4200 3463 4254 ab
3492 4200 3772 4256 occidente

2177 4292 2462 4359 Dalmatia,
2494 4293 2618 4349 inde
2637 4293 2854 4365 Epirus,
2891 4295 3013 4349 inde
3050 4292 3265 4360 Ilellas,
3293 4294 3415 4349 inde
3455 4293 3769 4362 Thessalia,

2177 4384 2301 4439 inde
2325 4383 2657 4451 Macedonia,
2682 4385 2806 4441 inde.
2820 4384 3045 4452 Achaia,
3067 4393 3122 4441 et
3143 4386 3261 4441 dum
3286 4386 3338 4440 in
3366 4386 3520 4451 mari,
3538 4385 3696 4440 Creta
3719 4392 3775 4440 et

2178 4474 2458 4546 Cyclades.
2498 4474 2743 4548 lllyricns
2780 4485 2957 4531 autem
3000 4477 3323 4548 generaliter
3360 4478 3536 4533 omnis
3563 4477 3775 4532 Graecia

2182 4572 2283 4621 est.
2309 4564 2633 4622 Dalmatiam
2657 4582 2688 4621 a
2726 4567 2918 4634 Delmi,
2952 4568 3190 4622 maxima
3212 4566 3450 4637 ejusdem
3480 4567 3776 4638 provinciae

2181 4656 2421 4722 civitate,
2453 4656 2683 4712 traxisse
2715 4671 2909 4711 nomen
2941 4657 3284 4727 perhibetur;
3316 4658 3556 4712 adhaeret
3594 4668 3775 4713 autem

2181 4746 2248 4800 ab
2273 4746 2481 4802 oriente
2508 4745 2852 4814 Macedoniae,
2881 4763 2910 4801 a
2944 4747 3308 4817 septentrione
3338 4746 3555 4811 Massiua,
3587 4749 3655 4802 ab
3682 4763 3777 4804 oc-

2182 4853 2308 4892 casu
2331 4837 2530 4893 Histria
2550 4838 2886 4902 tcrminatur,
2906 4855 2936 4894 a
2959 4838 3182 4892 meridie
3199 4853 3326 4893 vero
3346 4839 3625 4895 Adriatico
3649 4841 3775 4896 sinu

2181 4928 2465 4984 clauditur.
2493 4928 2685 4998 Epirus
2707 4945 2737 4982 a
2757 4927 2963 5000 Pyrrho
2984 4929 3209 4984 Achillis
3232 4929 3343 4985 ﬁlio
3367 4933 3773 5002 cognominata,

2181 5019 2336 5089 cujus
2363 5034 2487 5089 pars
2507 5020 2767 5085 Chaonia,
2791 5035 2909 5089 qum
2936 5028 3061 5075 ante
3083 5019 3303 5076 Molosia
3329 5021 3470 5077 dicta
3501 5031 3582 5077 est
3607 5040 3636 5076 a
3660 5023 3773 5079 Mo-

2180 5115 2324 5171 losso
2354 5114 2466 5170 ﬁlio
2491 5116 2706 5186 Pyrrhi,
2733 5132 2893 5187 quem
2926 5118 2991 5172 de
3014 5116 3394 5171 Andromacha
3422 5115 3610 5170 habuit
3633 5133 3648 5179 ;
3679 5116 3774 5171 sed

2180 5213 2463 5276 postquam
2491 5207 2703 5265 occisus
2723 5214 2807 5261 cst
2823 5206 3065 5279 Pyrrhus
3079 5205 3289 5262 Orestis
3308 5204 3536 5268 insidiis,
3561 5203 3776 5258 Andro—

2180 5297 2427 5353 macham
2446 5297 2677 5357 Helenus
2697 5299 2950 5369 suscepit,
2978 5299 3256 5369 tenuitque
3272 5312 3493 5368 regnum
3515 5294 3772 5366 privigni,

2180 5389 2272 5458 qui
2320 5398 2657 5446 successerat
2682 5392 2845 5462 patri,
2879 5407 2908 5445 a
2936 5407 3044 5462 quo
3087 5390 3339 5447 Molossia
3368 5390 3510 5446 dicta
3533 5397 3618 5444 est
3644 5403 3773 5459 pars

2180 5479 2347 5550 Epiri,
2371 5495 2530 5550 quam
2555 5479 2789 5537 Helenus
2811 5491 2999 5552 postea
3023 5498 3053 5537 a
3082 5481 3249 5537 fratre
3269 5480 3507 5544 Chaone,
3529 5494 3692 5549 quem
3715 5477 3773 5532 in

2179 5582 2378 5626 venatu
2406 5587 2505 5643 per
2538 5573 2895 5645 ignorantiam
2938 5573 3138 5629 dicitur
3156 5573 3440 5636 occidisse,
3472 5568 3772 5626 Chaoniam

2182 5663 2501 5730 nominavit,
2524 5663 2676 5733 quasi
2705 5663 2772 5717 ad
2799 5663 3052 5717 solatium
3081 5664 3266 5720 l‘mtris
3286 5661 3559 5719 exstincti.
3589 5657 3769 5713 Hellas

2184 5754 2327 5843 dicta
2369 5770 2572 5845 a_rege
2590 5754 2831 5847 Ilellenc
2875 5755 3220 5848 Deucalionis
3264 5762 3323 5813 et
3365 5751 3600 5829 Pyrrhae
3632 5747 3769 5829 (ilic
3800 5742 3855 5775 δ’
