4074 6324
375 376 484 434 549

1356 375 1446 433 DE
1485 375 1830 436 UNIVERSO
1866 373 2047 432 LIBRI
2083 374 2245 433 XXII.
2273 405 2345 419 -—
2381 376 2512 434 LIB.
2548 376 2664 434 XII.

3511 387 3622 446 350

377 507 409 548 a
430 504 540 562 quo
561 497 618 546 et
645 489 795 561 prius
834 490 1007 547 Grzeci
1043 489 1292 548 Hellenes
1321 493 1612 562 nuneupati
1639 501 1780 548 sunt.
1829 493 1949 562 Ipsa
1977 493 2028 552 A
2055 491 2124 546 ab
2149 491 2374 562 Alpibus
2393 491 2688 563 Apenninis
2707 499 2791 550 est
2813 504 3138 566 nuncupata,
3165 498 3360 567 quibus
3383 499 3453 556 ab
3473 499 3625 558 Italia

375 590 459 637 est
487 581 664 636 Attica
696 589 860 645 terra,
880 579 1014 636 Acte
1036 582 1188 651 prius
1210 582 1374 636 dicta.
1398 581 1533 636 Nam
1562 582 1805 637 Cranous
1828 583 1948 652 qui-

377 672 502 727 dam
541 669 764 726 Graeciae
803 670 1049 742 indigena
1093 671 1215 737 fuit,
1239 686 1306 726 ex
1341 671 1492 742 cujus
1519 671 1647 738 ﬁlia,
1679 672 1820 728 Attis
1854 688 1950 726 no-

375 764 541 828 mine,
567 762 740 818 Attica
766 770 907 818 terra
933 775 1017 818 est
1036 773 1224 819 vocata
1251 782 1264 818 :
1290 764 1404 820 lucc
1423 765 1563 820 inter
1587 763 1946 820 Macedoniam

374 865 431 912 et
463 855 722 910 Achaiam
769 856 942 910 media
988 853 1156 923 jacet,
1197 856 1443 911 Arcadiae
1479 871 1510 910 a
1544 857 1947 926 septentrionali

374 955 526 1016 parte
544 945 845 1016 conjuncta.
870 945 987 1014 Ipsa
1008 954 1090 1000 est
1108 962 1233 1001 vera
1255 946 1484 1012 Grzecia,
1499 947 1590 1004 ubi
1612 947 1710 1001 fuit
1726 948 1950 1003 Athena:

372 1035 582 1099 civitas,
614 1043 789 1090 mater
826 1035 1126 1091 liberalium
1168 1036 1490 1103 litterarum,
1525 1047 1580 1093 et
1607 1039 1950 1109 philosopho-

371 1143 492 1181 rum
536 1127 734 1190 nutrix,
770 1142 874 1195 qua
909 1127 1043 1182 nihil
1081 1127 1269 1183 habuit
1309 1128 1518 1184 Grzecia
1557 1129 1753 1186 clarius
1787 1139 1949 1200 atque

371 1221 624 1278 nobilius.
657 1221 712 1275 In
735 1236 799 1276 ea
821 1230 905 1276 est
931 1229 986 1276 et
1025 1222 1390 1278 Marathonius
1427 1239 1671 1294 campus,
1697 1225 1947 1294 opinione

372 1315 641 1383 quondam
668 1315 837 1384 przelii
868 1317 1295 1372 cruentissimus.
1333 1318 1571 1374 Helladis
1609 1329 1788 1376 autem
1830 1322 1948 1375 duze

371 1413 499 1459 sunt
511 1405 816 1474 provinciae,
832 1405 1034 1461 Bmotia
1048 1417 1100 1461 et
1113 1407 1530 1477 Peloponnesus.
1548 1411 1751 1466 Bceotia
1767 1419 1946 1465 autem

369 1497 514 1551 dicta
561 1497 661 1551 hac
710 1512 777 1552 ex
823 1512 1006 1552 causa.
1052 1498 1188 1552 Dum
1233 1498 1468 1554 Cadmus
1493 1500 1757 1571 Agenoris
1806 1500 1947 1555 ﬁlius

370 1587 641 1658 Europam
680 1604 917 1644 sororem
947 1605 978 1644 a
1001 1589 1133 1645 Jove
1172 1597 1375 1659 raptam
1405 1605 1470 1646 ex
1506 1601 1774 1662 praecepto
1797 1593 1946 1660 geni-

373 1680 506 1736 toris
532 1689 813 1750 quzereret,
833 1697 934 1736 nec
959 1683 1250 1750 reperiret,
1275 1683 1445 1751 patris
1466 1682 1600 1736 iram
1627 1683 1942 1749 formidans,

2048 585 2383 640 secernitur:
2410 588 2556 657 regio
2611 577 2745 643 vero
2783 589 2939 643 fortis
2979 597 3033 644 et
3075 589 3190 644 solo
3233 589 3386 658 lzeta,
3420 593 3628 651 duobus

2049 675 2183 730 satis
2207 677 2425 732 acribus
2447 678 2641 744 ﬂuviis,
2674 679 2851 734 Drabo
2879 679 3127 749 Saboque
3150 681 3368 737 vallata.
3393 682 3626 752 Conjun-

2048 767 2192 838 gitur
2239 777 2417 824 autem
2470 786 2592 825 cum
2645 770 2841 826 Norico
2882 779 2938 826 et
2985 771 3158 837 Retia,
3185 772 3504 829 habentibus
3551 775 3622 831 ab

2046 858 2255 914 oriente
2294 860 2569 928 Moesiam,
2607 863 2675 919 ab
2722 879 2854 919 euro
2895 863 3128 927 Istriam,
3157 863 3226 918 ab
3269 864 3451 920 Africo
3495 880 3627 922 vero

2046 947 2210 1018 Alpes
2230 950 2558 1021 Apenninas.
2588 948 2757 1009 Habet
2777 956 2846 1009 ab
2866 970 3062 1009 occasu
3083 953 3309 1010 Galliam
3332 955 3624 1026 Belgicam,

2047 1053 2079 1090 a
2109 1042 2471 1108 septentrione
2507 1043 2734 1098 Danubii
2755 1044 2954 1100 fontem
2982 1044 3066 1099 vel
3096 1044 3338 1112 limitem,
3371 1048 3460 1116 qui
3483 1046 3623 1102 Ger-

2047 1129 2281 1182 maniam
2323 1129 2659 1202 Galliamque
2698 1133 2950 1189 secernit.
2993 1132 3144 1188 Italia
3191 1134 3319 1190 olim
3362 1150 3391 1188 a
3421 1134 3625 1191 Gnecis

2044 1219 2256 1287 populis
2279 1232 2559 1292 occupata,
2589 1240 2782 1294 magna
2813 1224 3020 1280 Graecia
3050 1226 3342 1296 appellata,
3373 1228 3563 1283 deinde
3594 1244 3624 1282 a

2048 1308 2189 1378 regis
2217 1311 2432 1366 nomine
2456 1311 2728 1379 Saturnia,
2752 1330 2875 1368 mox
2897 1323 2950 1369 et
2972 1313 3185 1369 Latium
3211 1316 3368 1378 dicta,
3393 1332 3459 1371 eo
3482 1316 3624 1385 quod

2046 1395 2186 1450 idem
2216 1396 2500 1466 Saturnus,
2523 1416 2553 1454 a
2580 1398 2712 1456 Jove
2734 1402 2953 1457 sedibus
2980 1404 3094 1458 suis
3124 1403 3330 1472 pulsus,
3357 1404 3428 1458 ibi
3456 1405 3625 1459 latueo

2046 1488 2136 1542 rit.
2169 1487 2514 1545 Postmodum
2538 1493 2604 1548 ab
2633 1493 2762 1547 Italo
2787 1509 2910 1565 rege
2933 1496 3005 1549 ibi
3037 1503 3298 1567 regnante
3319 1506 3624 1568 nuncupata

2043 1589 2144 1633 est.
2177 1579 2339 1648 Cujus
2367 1583 2502 1637 situs
2527 1584 2859 1655 longitudine
2897 1585 3126 1654 amplius
3159 1601 3319 1656 quam
3345 1585 3626 1640 latitudine

2042 1687 2074 1725 a
2101 1672 2277 1728 Circio
2310 1675 2362 1729 in
2405 1675 2608 1730 Eurum
2637 1677 2976 1743 extenditur,
3024 1694 3054 1732 a
3095 1679 3318 1733 meridie
3343 1677 3623 1749 Tyrrheno

370 1773 688 1828 conﬁrmato
725 1773 904 1828 animo
947 1773 1105 1844 elegit
1145 1774 1413 1828 exsilium.
1448 1773 1583 1828 Nam
1623 1775 1775 1830 bovis
1804 1774 1942 1829 forte
1973 1834 2013 1844 _
2043 1763 2200 1825 mari.
2233 1764 2301 1818 ab
2350 1766 2602 1835 εκμιίιοηθ
2645 1767 2920 1823 Adriatico
2967 1769 3256 1835 ειειιιάίιυνν
3283 1770 3351 1824 ab
3394 1769 3620 1824 000ίάυο

369 1871 671 1934 conspecta:
697 1871 914 1918 secutus
939 1834 1184 1934 vestigia,
1209 1864 1483 1934 amplexus
1505 1874 1590 1920 est
1616 1865 1820 1928 sedem,
1851 1867 1938 1920 ubi
1971 1834 2015 1892 Β
2042 1855 2252 1924 Alpium
2295 1855 2439 1927 Ῑυὲῖε
2486 1859 2671 1913 ﬁnitur
2695 1876 2708 1913 ε
2735 1867 2878 1914 terra
2923 1860 3173 1915 Omnibus
3210 1861 3263 1914 ίη
3306 1861 3466 1915 rebus
3507 1859 3624 1930 ΡυῙ·

370 1953 460 2008 illa
493 1954 811 2010 recubuerat
834 1971 848 2008 :
869 1954 1050 2022 sicque
1072 1953 1246 2009 locum
1277 1956 1344 2009 de
1368 1956 1585 2011 nomine
1613 1955 1765 2011 bovis
1792 1956 1941 2010 Boeo-

371 2045 520 2107 tiam,
549 2044 639 2098 ubi
680 2052 734 2099 ct
780 2043 989 2098 Thebas
1032 2045 1217 2098 urbem
1251 2047 1570 2109 construxit,
1600 2045 1652 2098 in
1681 2062 1785 2115 qua
1815 2047 1940 2101 olim

369 2133 547 2186 civilia
576 2132 714 2187 bella
756 2132 1135 2196 detonuerunt,
1165 2141 1220 2187 ct
1245 2133 1336 2187 ubi
1367 2133 1479 2186 nati
1512 2141 1636 2188 sunt
1671 2133 1859 2203 Apollo
1890 2142 1945 2188 et

370 2223 626 2279 Hercules
678 2223 852 2293 major
893 2223 980 2290 ille
1032 2223 1341 2278 Thebanus.
1392 2223 1594 2278 Eadem
1641 2232 1724 2278 est
1769 2224 1941 2278 Aonia

366 2324 558 2370 vocata
591 2331 620 2368 a
651 2314 797 2369 fonte
823 2314 1052 2383 quodam
1079 2314 1306 2382 Apollini
1330 2322 1384 2368 et
1410 2315 1579 2369 musis
1601 2322 1939 2377 consecrato,

366 2404 462 2473 qui
492 2403 542 2456 in
570 2403 753 2458 eadem
775 2402 978 2457 Bteotia
1007 2411 1107 2457 est.
1131 2402 1527 2470 Peloponnesus
1553 2418 1684 2458 vero
1709 2404 1940 2459 secunda

368 2509 495 2564 pars
520 2493 748 2548 Helladis
773 2509 802 2547 a
837 2493 1032 2563 Pelope
1062 2503 1284 2564 regnata
1313 2504 1472 2564 atque
1516 2503 1725 2550 vocata.
1771 2495 1942 2550 Thes-

369 2583 500 2638 salia
529 2599 560 2638 a
587 2583 845 2638 Thessalo
872 2598 997 2654 rege
1023 2584 1424 2654 cognominata,
1455 2599 1575 2654 qua:
1603 2583 1670 2638 ad
1693 2585 1944 2640 meridia-

367 2691 492 2730 nam
525 2676 734 2747 plagam
764 2674 1088 2731 Macedoniae
1111 2677 1395 2746 conjuncta
1419 2685 1520 2740 est,
1549 2676 1703 2746 cujus
1729 2693 1759 2731 a
1791 2685 1942 2749 tergo

334 2835 338 2838 ﬁ
365 2765 539 2820 Pieria
569 2774 672 2820 est.
715 2765 875 2820 Multa
904 2766 955 2820 in
981 2765 1256 2821 Thessalia
1289 2764 1508 2820 ﬂumina
1537 2774 1592 2820 et
1615 2766 1829 2835 oppida,
1858 2767 1941 2820 in-

368 2865 452 2910 ter
479 2871 596 2925 qua:
623 2856 888 2925 przecipue
909 2856 1319 2920 Thessalonica;
1347 2856 1418 2911 ibi
1443 2864 1526 2911 est
1551 2864 1606 2911 et
1631 2872 1787 2912 mons
1811 2856 1942 2910 Par-

367 2963 560 3003 nassus
615 2948 883 3016 quondam
937 2947 1168 3018 Apollini
1237 2955 1603 3004 consecratus.
1662 2948 1939 3004 Thessalia

365 3041 539 3110 patria
573 3040 814 3105 Achillis,
853 3048 906 3095 et
930 3042 1080 3112 origo
1106 3041 1455 3112 Lapitharum
1485 3041 1608 3106 fuit,
1636 3041 1703 3096 de
1744 3041 1938 3110 quibus

368 3132 559 3196 fertur,
583 3134 723 3202 quod
758 3132 812 3187 bi
842 3133 1018 3204 primo
1041 3147 1207 3203 equos
1235 3133 1400 3188 frenis
1427 3134 1748 3189 domuerint.
1782 3133 1934 3189 Unde

366 3223 606 3279 centauri
636 3223 764 3276 dicti
793 3231 936 3276 sunt.
960 3222 1018 3276 In
1042 3223 1315 3278 Thessalia
1343 3224 1575 3294 primum
1600 3224 1756 3280 solidi
1784 3225 1935 3279 aurei

367 3312 494 3370 facti
519 3323 664 3379 sunt,
680 3315 1064 3370 domandorum
1086 3330 1300 3385 quoque
1319 3331 1579 3386 equorum
1604 3332 1734 3372 usus
1755 3331 1935 3386 reper-

368 3412 454 3458 tus
478 3413 578 3460 est.
610 3403 930 3459 Macedonia:
949 3405 1002 3459 in
1030 3407 1251 3462 exordio
1272 3409 1340 3463 ab
1371 3409 1585 3464 Emutio
1618 3424 1746 3479 rege
1777 3410 1938 3464 Ema-

367 3494 496 3549 thia:
523 3510 714 3549 nomen
741 3504 876 3560 erat,
909 3495 1002 3550 sed
1035 3496 1270 3563 Macedo,
1294 3498 1634 3555 Deucalionis
1661 3511 1936 3555 maternus

365 3598 552 3653 nepos,
601 3591 883 3652 postquam
932 3585 1003 3638 ibi
1040 3587 1246 3655 accepit
1282 3589 1661 3658 principatum,
1709 3591 1937 3644 mutavit

361 3673 683 3727 vocabulum
714 3671 1182 3742 Macedoniamque
1207 3691 1236 3728 a
1266 3692 1364 3730 suo
1400 3680 1615 3735 nomine
1645 3679 1799 3734 dixit.
1842 3681 1936 3735 Est

363 3772 548 3817 autem
594 3759 820 3815 conﬁnis
864 3761 932 3814 ab
975 3763 1183 3818 oriente
1231 3764 1400 3834 Egeo
1436 3769 1591 3833 mari,
1635 3786 1664 3823 a
1711 3771 1936 3825 meridie

361 3851 599 3915 Achaiae,
627 3851 695 3904 ab
721 3865 914 3906 occasu
941 3851 1233 3919 Dalmatiae,
1265 3870 1295 3908 a
1323 3859 1684 3924 septentrione
1714 3860 1931 3915 Mmsize.

364 3942 546 3996 Patria
573 3941 863 3996 Alexandri
893 3941 1091 4012 Magni,
1116 3952 1172 3998 et
1194 3946 1344 4017 regio
1370 3947 1549 4002 aureis
1565 3949 1715 4003 venis
1746 3966 1935 4020 argen-

364 4031 571 4100 teisque
593 4031 788 4102 opima,
818 4031 1047 4102 lapidem
1075 4049 1232 4104 quem
1252 4039 1574 4105 paeantidem
1599 4051 1812 4107 vocant,
1835 4043 1935 4098 ista

365 4121 568 4192 gignit;
609 4137 763 4176 mons
791 4121 1048 4192 Olympus
1076 4125 1129 4177 in
1156 4140 1216 4179 ea
1248 4136 1348 4190 est,
1382 4129 1475 4198 qui
1503 4131 1784 4186 excellenti
1809 4149 1932 4188 vcr-

365 4214 472 4268 ticc
500 4223 676 4268 tantus
711 4214 993 4280 attollitur,
1023 4224 1082 4269 ut
1110 4217 1162 4270 in
1194 4220 1472 4273 cacumine
1497 4219 1611 4289 ejus
1637 4238 1735 4278 nec
1765 4223 1934 4280 nubes

363 4320 464 4362 nec
492 4305 638 4360 venti
673 4307 992 4361 sentiantur.
1025 4307 1322 4366 Achaia.ab
1348 4312 1544 4367 Achaco
1573 4329 1696 4386 rege
1725 4324 1778 4370 et
1805 4315 1933 4372 urbs

363 4405 420 4452 et
443 4397 716 4467 provincia
742 4398 1003 4468 appellata
1033 4409 1136 4454 est.
1163 4401 1290 4458 Haec
1316 4418 1450 4474 pene
1479 4405 1651 4460 insula
1671 4416 1770 4461 cst.
1796 4405 1930 4462 Nam

364 4486 564 4554 absque
587 4487 988 4554 septentrionali
1007 4499 1177 4558 parte,
1201 4506 1305 4560 qua
1327 4493 1644 4550 Macedonia:
1663 4495 1927 4568 jungitur,

366 4577 601 4646 undique
627 4587 776 4646 septa
806 4586 889 4632 est
913 4555 1068 4633 mari.
1098 4580 1181 4634 Ab
1214 4555 1421 4638 oriente
1445 4586 1589 4639 enim
1620 4555 1794 4641 hanc?
1807 4555 1933 4642 Μίιηζ
1959 4555 2010 4614 θ

368 4668 547 4724 tbeum
590 4683 759 4732 mare,
786 4669 853 4723 ab
889 4684 1022 4723 euro
1061 4670 1352 4736 Creticum,
1385 4689 1414 4726 a
1437 4675 1661 4730 meridie
1703 4678 1928 4745 Ionium,

365 4759 434 4812 ah
460 4757 642 4813 Africo
663 4767 716 4813 et
739 4774 934 4813 occasu
955 4759 1235 4829 Cassiopas
1267 4762 1487 4827 insulas,
1520 4779 1549 4816 a
1579 4765 1689 4819 sola
1719 4775 1932 4836 septen-

366 4848 580 4903 trionali
621 4859 772 4919 parte
815 4849 1139 4904 Macedonia:
1164 4851 1244 4905 vel
1275 4851 1464 4906 Atticae
1501 4861 1660 4909 terra:
1688 4856 1932 4930 adjungi-

365 4952 473 4998 tur.
505 4943 672 5012 Ilujus
710 4954 868 5015 caput
893 4954 974 5000 est
999 4947 1125 5001 urbs
1155 4947 1461 5016 Corinthus,
1491 4950 1712 5008 Graecia:
1745 4956 1927 5013 decus.

363 5034 593 5090 Inachus
613 5045 697 5091 est
716 5037 928 5091 Achate
949 5037 1159 5093 ﬂuvius.
1176 5039 1404 5096 Arcadia
1428 5045 1576 5099 sinus
1593 5045 1806 5102 Achaia:
1826 5059 1929 5118 est,

364 5133 424 5180 ut
449 5127 645 5196 platani
681 5128 883 5194 folium,
920 5131 1060 5186 inter
1086 5131 1290 5186 Ionium
1311 5142 1365 5188 et
1385 5133 1634 5206 Egreum
1657 5155 1805 5193 mare
1834 5156 1931 5198 ex-

364 5216 559 5286 posita,
599 5234 756 5287 quam
792 5221 962 5275 Arcas
990 5219 1136 5278 Jovis
1174 5231 1230 5278 et
1256 5223 1467 5282 Calistm
1499 5228 1657 5296 ﬁlius,
1696 5230 1933 5305 Pelasgis

364 5306 420 5362 in
485 5309 740 5365 ditionem
800 5313 1059 5377 redactis,
1110 5329 1176 5369 ex
1225 5332 1321 5371 suo
1375 5321 1590 5375 nomine
1647 5323 1930 5379 Arcadiam

363 5403 712 5472 nuncupavit.
741 5403 858 5474 Ipsa
881 5414 963 5460 est
991 5405 1238 5478 Sicyonia
1279 5424 1309 5462 a
1337 5409 1567 5480 Sicyone
1595 5429 1739 5484 rege,
1769 5430 1799 5468 a
1826 5431 1932 5484 quo

363 5496 420 5545 et
447 5505 666 5562 regnum
691 5493 1062 5565 Sicyoniorum
1088 5507 1172 5552 est
1190 5498 1410 5554 dictum.
1437 5501 1606 5557 Habet
1630 5513 1806 5560 autem
1825 5507 1932 5560 Ar-

363 5580 514 5636 cadia
542 5580 758 5642 ﬁvxium
787 5601 1035 5657 magnum
1066 5589 1417 5658 Erimantum,
1447 5594 1694 5648 asbeston
1721 5612 1934 5668 quoque

361 5669 615 5740 lapidem,
649 5677 739 5746 qui
765 5678 930 5733 semel
962 5694 1220 5736 accensus
1245 5698 1513 5752 nunquam
1541 5685 1928 5757 exstinguitur;

365 5764 757 5828 candidissima?
781 5770 944 5828 etiam
974 5772 1190 5828 mcrul:e
1219 5775 1290 5831 ibi
1316 5785 1623 5834 nascuntur.
1657 5778 1929 5844 Pannonia

2042 1949 2334 2013 cherrima,
2366 1950 2464 2004 soli
2492 1950 2790 2017 fertilitate,
2812 1953 2992 2022 pabuli
3023 1955 3266 2007 ubertate
3292 1951 3618 2022 gratissima.

2043 2041 2215 2096 Habet
2243 2043 2410 2105 lacus,
2437 2043 2704 2099 Benacum
2725 2054 2884 2115 atque
2906 2045 3197 2100 Lucrinum
3226 2062 3238 2097 :
3265 2043 3475 2107 ﬂuvios,
3499 2045 3619 2098 Eri-

2043 2131 2240 2186 danum
2289 2141 2343 2186 et
2397 2133 2633 2186 Tiberim
2664 2173 2680 2198 ,
2730 2143 2785 2190 ει
2829 2143 3070 2205 tepentes
3120 2133 3356 2188 fontibus
3411 2133 3619 2200 Baias;

2045 2223 2214 2293 gignit
2270 2237 2538 2293 gemmas,
2580 2225 2856 2294 syrtitem,
2894 2225 3193 2297 lyncurium
3231 2235 3284 2280 et
3323 2225 3620 2280 corallium.

2039 2314 2206 2368 Boam
2252 2331 2466 2384 quoque
2520 2324 2864 2385 serpentem,
2916 2317 3127 2386 lyncem
3178 2317 3346 2372 feram
3391 2327 3444 2372 ct
3486 2317 3619 2372 Dio-

2043 2405 2262 2460 medeas
2289 2420 2435 2459 aves.
2471 2404 2617 2459 Italia
2640 2414 2814 2460 autem
2841 2414 2896 2461 et
2918 2405 3172 2476 Hispania
3195 2407 3396 2461 idcirco
3419 2406 3620 2475 Hespe-

2050 2494 2146 2549 ria:
2176 2495 2354 2559 dictze,
2382 2496 2524 2564 quod
2553 2493 2727 2550 Graeci
2754 2495 2992 2565 Hespero
3020 2495 3176 2550 stella
3207 2495 3459 2566 navigent
3483 2504 3538 2549 et
3566 2494 3620 2548 in

2040 2588 2248 2644 Italiam
2269 2596 2323 2643 et
2350 2589 2403 2642 in
2435 2588 2768 2658 Hispaniam.
2798 2588 2926 2656 Quae
2949 2589 3052 2643 hac
3073 2589 3279 2644 ratione
3307 2588 3623 2642 discernun-

2041 2687 2150 2733 tur.
2178 2678 2286 2732 Aut
2317 2679 2461 2734 enim
2501 2678 2813 2748 Hesperiam
2854 2679 3020 2734 solam
3065 2679 3222 2742 dicis,
3251 2687 3305 2732 et
3350 2675 3620 2747 signiﬁcas

2041 2767 2248 2821 Italiam
2275 2785 2286 2820 :
2315 2775 2408 2821 aut
2436 2767 2586 2822 addis
2617 2769 2875 2830 ultimam,
2907 2777 2962 2823 et
2985 2768 3256 2838 signiﬁcas
3286 2766 3616 2836 Hispaniam,

2041 2857 2167 2926 quia
2197 2857 2252 2911 in
2282 2857 2580 2912 occidentis
2613 2865 2696 2912 est
2725 2857 2846 2912 ﬁne.
2880 2857 3072 2912 Tuscia
3098 2872 3224 2925 pars
3264 2856 3448 2920 Italiae,
3483 2855 3618 2911 Um-

2041 2949 2216 3004 briam
2262 2965 2392 3004 vero
2439 2951 2717 3020 (historize
2759 2950 3010 3018 narrant)
3075 2965 3139 3006 eo
3186 2950 3327 3020 quod
3383 2959 3622 3019 tempore

2043 3054 2258 3108 aquosa:
2304 3039 2471 3094 cladis
2523 3040 2783 3096 imbribus
2821 3039 3177 3109 superfuerit,
3229 3041 3297 3095 ob
3342 3041 3445 3095 hoc
3493 3040 3623 3096 Um-

2041 3132 2216 3186 briam
2242 3130 2427 3186 Grzecc
2452 3132 2900 3202 cognominatam.
2925 3132 3020 3186 Est
3049 3133 3188 3186 enim
3219 3132 3270 3186 in
3288 3131 3623 3202 jugisApcn-

2037 3221 2152 3275 nini
2198 3220 2396 3275 montis
2444 3221 2578 3285 sita,
2609 3220 2664 3274 in
2717 3230 2867 3289 parte
2908 3221 3072 3275 Itali:e
3114 3219 3266 3289 juxta
3317 3222 3618 3276 meridiem.

2035 3309 2248 3365 Etruria
2246 3325 2404 3411 .pars
2432 3311 2596 3365 Italize
2638 3312 2796 3376 dicta,
2826 3313 2966 3382 quod
3005 3311 3120 3380 ejus
3163 3312 3296 3368 ﬁnes
3325 3312 3620 3368 tendeban-

2036 3409 2127 3457 tur
2147 3403 2316 3472 υειιύε
2345 3405 2410 3457 ad
2441 3403 2611 3473 ripam
2634 3403 2843 3459 Tiberis
2866 3405 3016 3474 quasi
3044 3413 3221 3462 etcros
3241 3420 3385 3462 oros.

2106 3510 2242 3565 Nam
2268 3521 2447 3567 cteros
2477 3513 2634 3577 alter,
2665 3529 2788 3568 oros
2835 3513 2956 3569 ﬁnis
2992 3524 3233 3571 vocatur.
3265 3516 3450 3571 Romze
3477 3518 3620 3573 enim

2039 3599 2160 3656 ﬁnis
2194 3609 2349 3656 antea
2388 3619 2548 3656 unam
2587 3611 2792 3657 tantum
2821 3603 3028 3659 Tiberis
3054 3606 3220 3675 ripam
3251 3608 3482 3661 tenebat.
3514 3607 3618 3663 Alii

2034 3690 2308 3744 Etruriam
2347 3691 2544 3746 dictam
2587 3694 2652 3746 ab
2697 3693 2922 3748 Etrusco
2967 3695 3208 3765 principe
3237 3705 3445 3764 putant.
3478 3697 3608 3752 Item

2037 3789 2091 3834 et
2117 3779 2412 3849 Tyrrhema
2436 3795 2466 3833 a
2489 3781 2766 3852 Tyrrheno
2797 3782 2945 3853 Lydii
2977 3783 3171 3849 fratre,
3196 3785 3287 3854 qui
3312 3800 3376 3839 cx
3405 3786 3618 3841 oriente

2039 3866 2234 3939 [sorte]
2275 3883 2397 3921 cum
2438 3870 2616 3937 populi
2652 3881 2803 3938 parte
2849 3872 2914 3926 de
2947 3873 3175 3926 Mmonia
3217 3875 3359 3928 venit
3400 3877 3466 3928 ad
3503 3874 3612 3928 Ita-

2037 3957 2184 4012 liam.
2233 3957 2359 4012 Haec
2401 3967 2487 4013 est
2517 3968 2570 4014 et
2618 3960 2829 4026 Tuscia,
2858 3965 2950 4017 sed
2996 3963 3242 4019 Tusciam
3290 3966 3468 4020 dicere
3507 3982 3613 4021 non

2037 4049 2495 4118 debemustquia
2541 4066 2803 4121 nusquam
2845 4051 3087 4122 legimus.
3137 4054 3328 4108 Tuscia
3374 4064 3553 4110 autem
3581 4071 3614 4112 a

2035 4136 2333 4208 frequentia
2364 4139 2616 4194 sacriﬁcii
2645 4148 2698 4195 et
2726 4142 2898 4196 thuris
2927 4142 3066 4197 dicta
3097 4152 3198 4198 est.
3229 4143 3397 4200 Gallia
3428 4163 3457 4200 a
3482 4163 3610 4202 can-

2035 4229 2164 4284 dore
2186 4229 2363 4298 populi
2388 4239 2713 4298 nuncupata.
2745 4229 2874 4286 Gala
2899 4233 3041 4288 enim
3065 4233 3250 4289 Graece
3280 4235 3362 4291 lac
3389 4237 3605 4293 dicitur.

2035 4317 2243 4373 Montes
2263 4329 2318 4373 et
2343 4320 2485 4390 rigor
2509 4319 2627 4374 εωιὶ
2652 4321 2718 4374 ab
2741 4336 2802 4375 ea
2831 4331 2985 4390 parte
3008 4325 3137 4380 solis
3161 4328 3408 4381 ardorem
3431 4329 3616 4384 excluq

2034 4411 2184 4464 dunt.
2231 4411 2347 4476 Quo
2397 4413 2473 4476 ﬁt,
2500 4421 2558 4466 ut
2585 4413 2786 4466 candor
2832 4429 3115 4484 corporum
3168 4434 3273 4472 non
3318 4420 3616 4487 eoloretur.

2035 4502 2185 4558 Hanc
2233 4504 2300 4558 ab
2345 4505 2551 4558 oriente
2591 4505 2800 4574 Alpium
2841 4505 2969 4577 juga
3020 4517 3255 4574 tuentur,
3305 4512 3372 4565 ab
3416 4527 3612 4570 occasu

2037 4595 2281 4649 Oceanus
2327 4594 2572 4660 includit,
2613 4611 2644 4649 a
2695 4597 2917 4651 meridie
2963 4609 3233 4668 praerupta
3280 4601 3540 4670 Pyrenmi,
3580 4620 3612 4658 a

2037 4682 2401 4751 septentrione
2443 4683 2615 4737 Rheni
2661 4683 2857 4738 ﬂuenta
2897 4699 3060 4755 atque
3106 4687 3412 4753 Germania,
3460 4691 3613 4759 cujus

2038 4775 2247 4830 initium
2277 4772 2489 4844 Belgica
2517 4774 2656 4828 ﬁnis.
2688 4775 2976 4844 Aquitania
3001 4787 3083 4831 est
3109 4779 3254 4846 regio
3282 4778 3433 4846 gleba
3462 4780 3610 4838 uberi

2036 4875 2092 4922 et
2119 4865 2394 4936 pabulosa,
2419 4874 2474 4920 et
2494 4866 2559 4919 ad
2587 4882 2738 4920 usum
2761 4868 3111 4922 animantium
3141 4877 3281 4939 apta,
3307 4869 3612 4929 ﬂuminibus

2037 4969 2248 5024 quoque
2277 4963 2331 5008 et
2377 4954 2612 5011 fontibus
2654 4956 2874 5027 irrigua,
2908 4958 3122 5027 perfusa
3154 4959 3360 5016 duobus
3404 4964 3615 5032 magnis

2035 5045 2223 5100 Rheno
2251 5055 2306 5100 et
2333 5045 2592 5101 Rhodano
2630 5047 2824 5103 ﬂuviis.
2876 5048 3050 5119 Belgis
3091 5059 3265 5105 autem
3307 5053 3498 5108 civitas
3525 5063 3610 5112 est

2033 5135 2242 5197 Gallia),
2272 5153 2302 5189 a
2330 5153 2433 5206 qua
2465 5136 2676 5207 Belgica
2715 5137 2989 5207 provincia
3019 5139 3156 5194 dicta
3183 5150 3285 5206 est,
3314 5143 3606 5214 Cisalpina,

2035 5225 2158 5293 quia
2187 5226 2326 5279 citra
2350 5225 2530 5294 Alpes,
2559 5225 2642 5280 vel
2673 5225 3001 5295 transalpina
3021 5267 3035 5290 ,
3065 5228 3117 5282 id
3157 5239 3239 5284 est
3270 5239 3418 5287 trans
3445 5215 3610 5304 Alpes

2035 5322 2221 5366 contra
2243 5314 2680 5381 septentrionem.
2708 5314 2898 5368 Rhetia
2921 5331 3048 5370 vero
3077 5327 3219 5372 terra
3246 5321 3423 5377 hieme
3445 5331 3610 5393 atque

2034 5411 2220 5457 testate
2251 5403 2566 5470 vernat,.sol
2600 5403 2672 5458 ibi
2703 5404 2869 5468 mitis,
2893 5415 3044 5474 grata
3089 5409 3397 5478 temperies,
3438 5425 3608 5480 purus

2033 5507 2128 5546 aer
2147 5501 2201 5546 et
2230 5492 2455 5546 blandus
2481 5511 2492 5545 :
2519 5493 2640 5547 inde
2661 5503 2870 5560 vocata,
2895 5498 3037 5564 quod
3063 5499 3135 5552 sit
3156 5498 3306 5566 juxta
3336 5501 3608 5560 Rhenum:

2031 5580 2318 5650 Aquitania
2360 5591 2538 5636 autem
2583 5583 2650 5638 ab
2676 5584 2906 5655 obliquis
2950 5589 3104 5656 aquis
3150 5588 3328 5661 Ligeri
3372 5591 3608 5647 ﬂuminis

2033 5672 2315 5741 appellata,
2345 5673 2470 5743 quia
2496 5689 2562 5729 ex
2606 5674 2832 5743 plurima
2876 5687 3028 5746 parte
3057 5680 3317 5734 terminus
3343 5679 3460 5749 ejus
3501 5690 3604 5746 est,

2031 5779 2256 5838 eamque
2278 5780 2413 5837 pene
2437 5765 2488 5821 in
2513 5765 2693 5822 orbem
2717 5767 2897 5836 cingit.
2923 5767 3175 5843 Hispania
3199 5771 3347 5843 prius
3369 5771 3436 5828 ab
3453 5771 3607 5827 Ibero
