4074 6324
459 336 649 418 δει“

1096 362 1156 416 Β.
1194 359 1446 417 ΒΛΒΛΝΙ
1488 357 1704 417 ΜΑυηί
1740 354 2033 414 Αιιειιιιξι)

2134 356 2408 415 IOGUNT.
2447 355 2732 416 OPERUM
2773 359 2955 416 PARS
2993 360 3058 415 II.

3604 366 3709 423 559

461 490 620 531 amne
637 475 811 530 Iberia
832 483 1135 544 nuncupata
1160 482 1262 528 est.
1286 474 1477 528 Postea
1498 473 1567 527 ab
1585 471 1802 541 Ilispalo
1832 470 2026 541 Hispa-
2054 475 2103 533 Α
2129 479 2504 527 renascantur.
2535 471 2758 543 Zeugis,
2790 474 2880 527 ubi
2911 472 3182 544 Carthago
3211 489 3426 547 magna,
3467 477 3584 546 Ipsa
3625 488 3711 534 cst

459 567 547 621 nia
562 566 934 637 cognominata
950 574 1050 619 est.
1066 564 1184 634 Ipsa
1195 571 1278 619 εει
1291 578 1416 618 vera
1434 561 1689 632 Hesperia
1709 562 1779 615 ab
1792 559 2030 630 Hespero

457 659 612 715 stella
633 657 946 714 occidentali
971 658 1112 712 dicta
1141 674 1155 710 :
1182 657 1284 711 sita
1310 664 1394 711 est
1418 665 1598 710 autem
1627 656 1767 709 inter
1791 653 2031 709 Africam

457 758 514 805 et
539 748 784 815 Galliam,
801 764 832 802 a
851 747 1213 817 septentrione
1238 746 1508 817 Pyrenaeis
1531 746 1801 800 montibus
1826 744 2027 810 clausa,

458 853 490 893 a
523 838 741 907 reliquis
765 838 1007 907 partibus
1035 836 1273 906 undique
1310 836 1445 890 mari
1485 835 1735 891 conclusa
1755 874 1769 899 ,
1797 833 2029 888 salubri-

461 937 573 984 tate
605 927 729 983 εαξιί
776 926 1017 995 :equalis,
1043 926 1283 980 omnium
1335 924 1605 979 fructuum
1634 923 1919 993 generibus
1948 921 2028 979 fe—

458 1019 653 1084 cunda,
681 1032 1014 1089 gemmarum
1046 1015 1493 1084 metallorumque
1533 1014 1704 1084 copiis
1743 1013 2027 1068 ditissima.

456 1106 772 1164 Interﬂuunt
792 1122 911 1161 eam
927 1106 1147 1161 flumina
1169 1121 1380 1175 magna,
1405 1103 1590 1162 Btetis.
1610 1103 1824 1165 Minius,
1848 1102 2032 1157 Iberus

458 1205 514 1251 ct
553 1195 765 1264 Tagus,
791 1210 981 1249 aurum
1014 1194 1258 1257 trahens,
1286 1202 1346 1247 ut
1376 1192 1649 1246 Pactolus.
1696 1190 1870 1245 Habet
1908 1205 2032 1259 pro-

458 1289 663 1343 vincias
709 1303 804 1342 sex
831 1304 844 1340 ;
868 1287 1088 1342 Terram
1127 1301 1413 1342 conensem
1463 1284 1962 1357 [Tarraconensem
1986 1280 2028 1353 ],

456 1375 949 1445 Carthaginensem,
973 1374 1323 1437 Lusitaniam,
1348 1373 1660 1436 Galleciam,
1684 1370 1958 1433 Baeticam,
1977 1377 2034 1424 et

457 1474 608 1521 trans
636 1465 769 1521 freta
798 1465 853 1519 in
880 1465 1097 1536 regione
1117 1462 1314 1519 Africa:
1339 1462 1719 1533 Tingitaniam.
1753 1461 1881 1514 Duae
1907 1467 2033 1515 sunt

457 1556 727 1626 Hispaniae
774 1574 787 1610 :
833 1556 1084 1619 citerior,
1118 1569 1239 1624 qua:
1284 1554 1339 1608 in
1382 1551 1763 1623 septentrionis
1803 1551 1960 1622 plaga
1999 1566 2032 1606 a

456 1647 714 1717 Pyrenaeo
743 1661 912 1715 usque
939 1645 1006 1700 ad
1037 1643 1415 1712 Carthaginem
1440 1642 1761 1713 porrigitur;
1788 1641 2030 1705 ulterior,

456 1751 577 1804 quae
614 1736 668 1790 in
712 1736 991 1791 meridiem
1015 1751 1044 1788 a
1072 1733 1355 1790 Celtiberis
1395 1748 1566 1802 usque
1604 1732 1672 1786 ad
1707 1731 2032 1787 Gaditanum

2129 568 2185 613 et
2229 576 2356 615 vera
2399 561 2580 616 Africa
2628 563 2770 617 inter
2795 561 3119 633 Byzancium
3151 575 3208 619 et
3236 563 3541 620 Numidiam
3579 566 3704 635 sita,

2130 666 2161 704 a
2187 652 2547 719 septentrione
2567 652 2702 705 mari
2726 652 2908 706 Siculo
2927 649 3137 720 juncta,
3160 661 3213 707 et
3232 668 3264 707 a
3284 654 3510 710 meridie
3535 671 3707 726 usque

2129 741 2197 795 ad
2243 741 2555 796 Getulorum
2603 742 2878 812 regionem
2926 752 3206 813 porrecta,
3255 741 3408 810 cujus
3459 746 3710 814 proxima

2128 847 2354 902 quaeque
2400 831 2657 903 frugifera
2709 841 2855 898 sunt,
2901 832 3156 888 ulteriora
3204 842 3384 888 autem
3423 834 3612 890 bestiis
3656 843 3712 891 et

2129 920 2469 991 serpentibus
2503 920 2690 990 plena,
2721 929 2883 990 atque
2917 923 3133 991 onagris
3178 923 3386 994 magnis
3415 922 3470 977 in
3496 924 3710 981 deserto

2126 1011 2465 1081 vagantibus.
2513 1009 2724 1065 Getulia
2768 1017 2947 1065 autem
2996 1009 3194 1066 Africa:
3230 1026 3360 1081 pars
3404 1010 3712 1069 Mediterra-

2129 1116 2231 1156 nea
2278 1109 2379 1156 est.
2409 1100 2656 1156 Numidia
2700 1105 2769 1157 ab
2808 1102 3001 1159 incolis
3040 1105 3240 1173 passim
3283 1107 3602 1178 vagantibus
3630 1109 3711 1164 sic

2130 1200 2338 1257 vocata,
2368 1192 2513 1261 quod
2535 1191 2736 1247 nullam
2782 1200 2987 1248 certam
3029 1194 3294 1251 haberent
3320 1197 3523 1252 sedem.
3573 1196 3710 1255 Nam

2130 1281 2309 1353 lingua
2333 1296 2520 1337 eorum
2545 1281 2766 1338 incerta:
2790 1283 2943 1338 sedes
2965 1291 3021 1338 et
3037 1298 3203 1355 vagae,
3230 1284 3488 1341 Numidia
3514 1288 3708 1344 dicun—

2133 1383 2239 1429 tur.
2286 1374 2478 1445 Incipit
2518 1382 2698 1431 autem
2745 1390 2777 1429 a
2830 1375 3050 1432 ﬂumine
3078 1377 3381 1448 Ampsaga,
3421 1379 3475 1433 in
3520 1380 3713 1452 Ζευεί-

2133 1472 2316 1520 Ianum
2346 1465 2570 1521 limitem
2598 1465 2818 1531 desinit,
2851 1465 3056 1521 habens
3077 1467 3144 1522 ab
3164 1476 3285 1522 ortu
3311 1468 3503 1540 Syrtes
3531 1470 3710 1525 mino-

2133 1569 2243 1619 res,
2268 1570 2299 1609 a
2337 1556 2703 1626 septentrione
2731 1571 2911 1620 mare,
2943 1556 3084 1626 quod
3113 1556 3344 1613 intendit
3373 1558 3710 1626 Sardiniam,

2133 1643 2202 1698 ab
2223 1659 2421 1699 occasu
2444 1643 2821 1699 Mauritaniam
2846 1643 3175 1712 Sitifensem,
3198 1662 3229 1701 a
3255 1648 3480 1702 meridie
3506 1646 3716 1703 Ethio-

2134 1749 2261 1803 pum
2312 1742 2538 1802 gentes:
2564 1736 2713 1805 regio
2756 1734 2960 1804 campis
2997 1737 3354 1806 praepinguis,
3403 1738 3493 1792 ubi
3533 1745 3711 1794 autem

454 1826 653 1880 fretum
698 1825 1005 1880 extenditur
1028 1843 1041 1876 :
1063 1823 1285 1879 citerior
1325 1831 1382 1878 et
1419 1822 1645 1877 ulterior
1684 1822 1845 1887 dicta,
1877 1821 2031 1892 quasi
2060 1812 2106 1871 Β
2135 1825 2399 1880 silvestris
2432 1834 2534 1889 est,
2563 1824 2705 1880 feras
2742 1825 2971 1891 educat;
3014 1826 3105 1881 ubi
3143 1825 3289 1897 jugis
3329 1828 3518 1894 ardua,
3544 1843 3714 1898 equos

454 1918 590 1972 citra
618 1924 674 1971 et
700 1916 873 1980 ultra;
901 1915 995 1971 sed
1018 1915 1185 1980 circa,
1214 1915 1367 1984 quasi
1395 1915 1532 1970 citra
1560 1925 1762 1979 terras,
1790 1923 1846 1969 et
1871 1913 2031 1979 ultra,

455 2007 542 2060 vel
567 2006 711 2077 quod
731 2007 937 2070 ultima,
960 2006 1045 2061 vel
1071 2007 1211 2076 quod
1244 2022 1346 2061 non
1375 2007 1443 2061 sit
1465 2016 1585 2077 post
1611 2007 1749 2061 hanc
1774 2005 1908 2070 ulla',
1933 2006 2038 2062 hoc

456 2107 542 2153 est
565 2096 669 2151 alia
706 2105 869 2151 terra.
904 2096 1031 2152 Haec
1051 2097 1116 2152 de
1143 2097 1369 2166 Europae
1397 2097 1700 2168 regionibus
1722 2097 1865 2153 dicta
1892 2096 2039 2153 suﬁi-

458 2188 622 2254 ciant,
654 2205 799 2243 nunc
820 2188 889 2245 de
915 2190 1157 2259 partibus
1180 2189 1377 2243 Africa:
1404 2190 1641 2244 breviter
1666 2189 1927 2244 dicamus.
1954 2188 2039 2244 Li-

455 2279 558 2349 bya
580 2288 663 2334 est
691 2280 856 2344 dicta,
879 2279 1023 2349 quod
1074 2279 1198 2334 inde
1226 2279 1352 2333 Libs
1377 2278 1488 2344 ﬁat,
1529 2279 1632 2333 hoc
1662 2285 1746 2334 est
1777 2278 1990 2335 Africus
2019 2296 2033 2333 :

455 2368 547 2423 alii
578 2369 730 2424 aiunt
772 2368 1049 2440 Epaphum
1089 2367 1238 2425 Jovis
1286 2368 1472 2434 ﬁlium,
1505 2368 1598 2438 qui
1653 2367 1942 2438 Memphim
1981 2368 2034 2422 in

455 2445 689 2530 Egypto
713 2458 971 2524 condidit,
993 2474 1058 2514 ex
1080 2458 1334 2529 Cassiopa
1354 2474 1522 2514 uxore
1539 2473 1853 2529 procreasse
1876 2457 2037 2512 ﬁliam

452 2546 700 2619 Libyam,
725 2564 843 2619 quae
864 2558 1049 2618 postea
1074 2550 1127 2603 in
1155 2548 1337 2605 Africa
1364 2564 1585 2619 regnum
1606 2548 1863 2619 possedit,
1885 2548 2038 2618 cujus

456 2651 526 2691 ex
548 2638 766 2692 nomine
785 2646 930 2692 terra
958 2647 1045 2693 est
1069 2638 1155 2692 illa
1173 2638 1336 2710 Libya
1359 2639 1658 2709 appellata;
1677 2636 1915 2693 Africam
1939 2653 2036 2692 au-

459 2737 567 2807 tem
593 2729 923 2783 nominatam
962 2729 1178 2798 quidam
1205 2730 1328 2784 inde
1355 2731 1692 2795 existimant,
1718 2730 1872 2799 quasi
1897 2729 2040 2799 apri-

459 2834 595 2881 cam,
619 2818 760 2888 quod
778 2820 848 2874 sit
871 2828 1054 2890 aperta
1077 2819 1213 2874 ccelo
1233 2820 1318 2875 vel
1340 2821 1460 2885 soli,
1487 2829 1541 2875 et
1554 2821 1672 2876 sine
1692 2820 1917 2876 horrore
1938 2818 1963 2874 f
1962 2819 2037 2874 ri-

457 2909 636 2980 goris:
661 2910 748 2964 alii
766 2911 949 2965 dicunt
972 2909 1206 2965 Africam
1232 2911 1487 2981 appellari
1511 2911 1576 2966 ab
1592 2925 1699 2965 uno
1721 2925 1786 2966 ex
1808 2910 2040 2981 posteris

456 3001 689 3061 Abrahae
732 3002 799 3058 de
847 3002 1078 3058 Cethura
1098 3043 1113 3068 ,
1143 3004 1233 3073 qui
1280 3013 1499 3058 vocatus
1532 3011 1616 3059 est
1642 3000 1792 3067 Afer,
1821 3003 1887 3057 de
1929 3017 2038 3072 quo

456 3107 619 3161 supra
664 3094 1023 3150 meminimus.
1076 3094 1268 3165 Incipit
1299 3104 1479 3150 autem
1505 3111 1536 3150 a
1569 3095 1763 3150 ﬁnibus
1791 3094 2030 3166 Egypti,

2132 1925 2190 1972 et
2213 1931 2447 1986 onagros
2485 1924 2751 1986 procreat.
2783 1915 2988 1970 Eximio
3013 1916 3177 1970 etiam
3222 1932 3494 1972 marmore
3521 1917 3716 1988 praedi-

2133 2012 2299 2071 tatur,
2327 2004 2470 2074 quod
2507 2004 2846 2059 Numidicum
2877 2003 3094 2060 dicitur.
3138 2003 3313 2060 Habet
3343 2013 3522 2059 autem
3549 2005 3715 2060 urbes

2133 2096 2453 2167 praecipuas,
2472 2094 2766 2166 Hipponem
2790 2095 2994 2167 regium
3015 2104 3072 2151 et
3087 2093 3431 2153 Rusicadam.
3452 2095 3712 2151 Maurita-

2134 2187 2224 2242 nia
2250 2195 2441 2242 vocata
2462 2202 2493 2241 a
2524 2186 2705 2243 colore
2742 2186 3094 2257 populorum;
3121 2185 3296 2244 Graeci
3322 2188 3466 2243 enim
3494 2189 3711 2259 nigrum

2136 2291 2361 2333 mauron
2390 2284 2603 2332 vocant.
2637 2275 2790 2331 Sicut
2814 2277 2956 2330 enim
2987 2275 3156 2332 Gallia
3182 2293 3214 2330 a
3235 2277 3469 2332 candore
3508 2280 3711 2349 populi,

2136 2367 2213 2422 ita
2236 2367 2554 2421 Mauritania
2574 2381 2603 2420 a
2627 2366 2782 2436 nigro
2800 2381 2996 2421 nomen
3017 2366 3206 2422 sortita
3224 2374 3327 2422 est.
3353 2365 3517 2436 Cujus
3539 2368 3713 2437 prima

2138 2458 2417 2530 provincia
2469 2457 2788 2513 Mauritania
2829 2456 3102 2513 Sitifensis
3138 2465 3253 2525 est,
3280 2474 3402 2528 qua:
3436 2459 3573 2515 Sitili
3614 2460 3713 2514 ha-

2137 2553 2230 2607 bet
2265 2549 2540 2621 oppidum,
2572 2565 2601 2603 a
2626 2564 2734 2618 quo
2754 2557 2807 2605 et
2830 2548 3143 2605 vocabulum
3167 2548 3398 2604 traxisse
3423 2549 3569 2620 regio
3590 2564 3712 2619 per-

2137 2640 2371 2698 hibetur.
2396 2640 2714 2694 Mauritania
2743 2655 2870 2695 vero
2893 2639 3240 2695 Caesariensis
3264 2639 3496 2706 colonia,
3534 2638 3713 2694 Caesa-

2141 2732 2219 2786 ria
2258 2730 2451 2787 civitas
2483 2730 2603 2796 fuit,
2643 2739 2700 2786 et
2733 2744 2928 2785 nomen
2966 2730 3257 2800 provincia:
3284 2744 3351 2785 ex
3388 2745 3450 2785 ea
3484 2729 3709 2784 dictum.

2139 2820 2392 2891 Utraque
2430 2820 2594 2891 igitur
2621 2821 2908 2890 provinciae
2948 2820 3052 2876 sibi
3080 2820 3379 2891 conjuncta:
3403 2821 3471 2875 ab
3502 2820 3712 2875 oriente

2139 2910 2443 2966 Numidiam
2471 2911 2691 2978 habent,
2722 2927 2753 2965 a
2777 2913 3139 2983 septentrione
3164 2927 3314 2966 mare
3338 2911 3609 2982 Magnum,
3643 2911 3710 2966 ab

2137 3016 2335 3058 occasu
2362 3000 2558 3057 ﬁumen
2590 3001 2834 3067 Malvam,
2855 3017 2885 3055 a
2914 3002 3139 3059 meridie
3161 3011 3399 3057 montem
3425 3001 3710 3067 Astrixim,

2140 3092 2232 3163 qui
2257 3092 2516 3150 discernit
2539 3093 2680 3147 inter
2708 3092 2989 3147 fecundam
3014 3100 3214 3146 terram
3234 3100 3290 3146 et
3307 3106 3501 3147 arenas
3520 3089 3684 3160 jacen
3698 3121 3713 3132 -

453 3157 686 3254 pergens
724 3182 878 3253 juxta
926 3157 1204 3241 meridiem
1250 3201 1346 3255 per
1390 3184 1723 3255 Aitliiopiam
1764 3157 2032 3255 usque-ad
2061 3157 2105 3219 Ο
2140 3157 2219 3237 tes
2247 3197 2417 3252 usque
2438 3181 2505 3235 ad
2530 3180 2826 3236 Oceanum.
2858 3180 3174 3236 Mauritania
3198 3157 3556 3252 Tingitana,a
3583 3181 3713 3235 Tin-

457 3271 727 3329 Atlantem
760 3283 1023 3339 montem,
1064 3289 1095 3327 a
1138 3273 1543 3345 septentrionali
1581 3288 1711 3328 vero
1745 3282 1898 3343 parte
1926 3272 2035 3328 Me-

459 3361 769 3417 diterranco
812 3362 946 3416 mari
995 3362 1282 3433 conjuncta
1326 3362 1623 3429 clauditur,
1671 3371 1727 3418 et
1767 3360 2035 3418 Gaditano

460 3450 601 3505 freto
625 3450 825 3517 linitur,
844 3452 1049 3508 habens
1072 3454 1379 3523 provincias
1403 3452 1625 3525 Libyam
1648 3452 2030 3524 Cyrenensem,

456 3536 810 3610 Pentapolim,
835 3539 1115 3611 Tripolim,
1136 3541 1480 3613 Byzaneium,
1506 3541 1903 3613 Carthaginem,
1928 3541 2037 3595 Nu-

462 3627 706 3694 midiam,
731 3628 1107 3685 Mauritaniam
1137 3630 1477 3697 Sitifensem,
1500 3632 1874 3686 Mauritaniam
1903 3630 2035 3685 Tin-

461 3717 723 3788 gitanam,
766 3729 821 3773 et
849 3721 992 3775 circa
1031 3721 1160 3777 solis
1204 3722 1450 3776 ardorem
1481 3720 1831 3791 IEtbiopiam.
1868 3719 2035 3791 Libya

461 3806 784 3881 Cyrenensis
812 3811 864 3864 in
892 3820 1044 3881 parte
1066 3811 1263 3867 Africae
1297 3812 1469 3882 prima
1493 3822 1576 3867 est
1608 3828 1637 3866 a
1666 3811 1872 3882 Cyrene
1902 3810 2036 3867 urbe

459 3900 761 3970 metropoli,
784 3916 904 3971 qua:
924 3910 1009 3957 est
1029 3902 1082 3957 in
1104 3903 1219 3974 ejus
1242 3902 1438 3959 ﬁnibus
1457 3911 1784 3974 nuncupata.
1814 3902 1948 3959 IIuic
1967 3901 2035 3959 ab

457 3990 665 4046 oriente
711 3989 979 4063 Aigyptus
1011 4003 1109 4055 est,
1148 3994 1216 4048 ab
1259 4008 1453 4049 occasu
1492 3992 1680 4064 Syrtes
1726 3991 1955 4061 majores
1980 4000 2035 4049 et

458 4078 815 4150 Troglodytae,
839 4096 867 4134 a
889 4082 1253 4151 septentrione
1279 4097 1428 4138 mare
1450 4082 1726 4152 Libycum,
1755 4098 1786 4136 a
1813 4082 2036 4136 meridie

457 4166 732 4239 Ethiopia
758 4179 808 4224 et
831 4172 1185 4227 barbarorum
1200 4173 1362 4226 variae
1383 4172 1625 4227 nationes
1647 4180 1701 4226 et
1719 4170 2036 4228 solitudines

457 4258 881 4325 lnaecessibiles,
905 4277 1025 4331 qua:
1046 4262 1208 4317 etiam
1235 4262 1511 4316 basiliscos
1528 4270 1804 4332 serpentes
1829 4269 2032 4317 creant.

458 4346 767 4417 Pentapolis
801 4346 986 4403 Graeca
1027 4349 1204 4421 lingua
1233 4365 1262 4403 a
1308 4351 1545 4421 quinque
1571 4351 1793 4406 urbibus
1832 4366 2037 4407 nuncu-

457 4446 604 4512 pata,
638 4437 692 4491 id
721 4445 803 4495 cst
830 4437 1057 4510 Cyrene,
1087 4439 1345 4496 Berenice
1377 4442 1443 4496 de
1472 4440 1708 4508 Ceutria,
1734 4442 2032 4513 Apollonia,

458 4526 768 4592 Ptolomais,
818 4543 881 4582 ex
925 4529 1119 4600 quibus
1164 4530 1454 4587 Ptolomais
1492 4541 1548 4587 et
1585 4532 1844 4589 Berenice
1880 4549 1912 4587 a
1952 4548 2037 4588 re-

458 4621 612 4699 gibus
657 4623 948 4679 nominata:
985 4631 1127 4677 sunt.
1171 4623 1266 4678 Est
1293 4631 1470 4679 autem
1508 4623 1814 4697 Pentapolis
1856 4625 2036 4699 Libya:

458 4713 753 4785 Cyrenensi
794 4714 1041 4784 adjuncta
1070 4724 1124 4769 et
1151 4716 1203 4769 in
1238 4715 1354 4786 ejus
1382 4715 1577 4772 ﬁnibus
1604 4717 1875 4788 deputata.
1916 4717 2037 4773 Tri-

457 4802 750 4877 politanam
795 4820 1008 4874 quoque
1047 4805 1376 4874 provinciam
1413 4803 1584 4861 Graeci
1612 4805 1790 4877 lingua
1824 4822 1919 4862 sua
1962 4808 2035 4862 si-

456 4901 627 4971 gnant
650 4892 716 4948 de
744 4909 968 4948 numero
998 4895 1156 4948 trium
1182 4911 1497 4967 magnarum
1525 4896 1757 4961 urbium,
1779 4893 1907 4960 Oea,
1937 4894 2036 4950 Sa-

455 4986 641 5050 brate,
679 4985 861 5054 Leptis
897 5003 1122 5058 magnae.
1150 4987 1275 5044 Ilaec
1304 4990 1468 5045 habet
1504 4992 1573 5044 ab
1599 4990 1806 5045 oriente
1847 4987 2033 5058 Syrtes

458 5073 693 5143 majores
727 5084 782 5131 et
816 5075 1186 5148 Troglodytas,
1219 5095 1250 5133 a
1286 5079 1649 5149 septentrione
1673 5094 1822 5133 mare
1846 5079 2033 5135 Adria-

461 5163 646 5229 ticum,
671 5164 737 5219 ab
756 5180 950 5221 occasu
973 5167 1309 5237 Byzantium,
1328 5183 1358 5221 a
1377 5166 1602 5222 meridie
1622 5166 1842 5224 Getulos
1861 5179 1915 5224 ει
1928 5168 2034 5225 Ga-

457 5264 731 5313 ramantes
756 5274 925 5327 usque
951 5259 1018 5313 ad
1042 5273 1300 5317 oceannm
1324 5256 1688 5329 AEthiopicum
1712 5261 2032 5329 pertenden-

458 5355 562 5411 tes.
580 5345 853 5419 Bysacena
878 5350 1025 5421 regio
1047 5367 1110 5405 ex
1130 5349 1336 5404 duobus
1350 5349 1694 5406 nobilissimis
1705 5351 1914 5422 Oppidis
1936 5367 2031 5407 no-

458 5453 582 5497 men
607 5426 794 5495 sOrtita
815 5452 919 5509 εει,
941 5458 1009 5498 ex
1033 5441 1227 5511 quibus
1251 5456 1414 5499 unum
1442 5440 1768 5497 Adrumetus
1786 5452 2029 5497 vocatur.

460 5533 585 5596 ﬂare
603 5533 703 5590 sub
719 5534 919 5605 Tripoli
935 5542 1017 5590 est
1037 5543 1227 5604 patens
1248 5549 1500 5604 passuum
1523 5532 1753 5590 ducenta
1768 5535 1935 5589 millia
1950 5533 2031 5590 vel

459 5626 710 5696 amplius,
742 5625 967 5681 fecunda
1012 5624 1175 5689 oleis,
1205 5633 1259 5678 ει
1287 5624 1454 5695 glebis
1492 5626 1564 5680 ita
1597 5625 1942 5696 praepinguis,
1975 5634 2034 5680 ut

453 5715 597 5784 jccta
628 5716 699 5781 ibi
732 5717 934 5780 semina
978 5714 1308 5775 incremento
1355 5730 1491 5790 pene
1528 5716 1822 5777 centesimo
1864 5714 2032 5786 frugis

2137 3272 2189 3344 gi
2237 3272 2514 3342 meti-Opoli
2564 3272 2723 3342 hujus
2770 3271 3061 3342 provinciae
3113 3270 3331 3326 civitate
3377 3280 3565 3326 vocata
3608 3278 3709 3326 est.

2136 3362 2263 3417 Ilaec
2313 3363 2498 3417 ultima
2544 3361 2741 3417 Africa:
2775 3362 3015 3433 exsurgit
3064 3377 3096 3416 a
3140 3360 3412 3418 montibus
3469 3375 3711 3433 septem,

2137 3453 2344 3509 habens
2385 3454 2454 3508 ab
2495 3455 2703 3510 oriente
2747 3452 2945 3508 ﬂumen
2991 3452 3251 3517 Malvam,
3280 3469 3311 3508 a
3351 3455 3715 3524 septentrione

2135 3541 2332 3599 fretum
2352 3542 2694 3610 Gaditanum,
2721 3543 2790 3599 ab
2817 3543 3041 3599 occiduo
3067 3558 3329 3599 oceanum
3348 3543 3671 3600 Atlanticum
3694 3583 3710 3609 ,

2137 3651 2170 3690 a
2198 3635 2424 3690 meridie
2451 3632 2731 3689 Gaulalum
2769 3642 2958 3706 gentes
2997 3649 3169 3705 usque
3212 3633 3280 3688 ad
3309 3649 3569 3689 oceanum
3606 3632 3710 3687 Ile—

2135 3724 2372 3794 sperium
2397 3731 2759 3794 pererrantes,
2783 3722 2929 3793 regio
2953 3722 3179 3793 gignens
3200 3722 3563 3778 ferocissimos
3589 3722 3713 3777 dra-

2135 3828 2298 3870 cones
2323 3823 2379 3870 et
2392 3813 2742 3877 struthiones,
2766 3813 2892 3868 olim
2910 3814 3074 3867 etiam
3094 3821 3150 3868 et
3167 3812 3541 3882 elephantibus
3557 3812 3713 3881 plena

2136 3903 2254 3969 fuit,
2284 3920 2421 3976 quos
2454 3905 2567 3961 sola
2595 3919 2738 3960 nunc
2777 3902 2926 3958 India
2960 3902 3209 3973 parturit.
3239 3900 3586 3957 Garamantis
3622 3918 3713 3957 res

2135 3999 2307 4071 gionis
2333 4007 2495 4069 caput
2520 3996 2790 4054 Garaman
2815 3995 3065 4067 oppidum
3090 3994 3208 4048 fuit.
3239 3993 3335 4050 Est
3358 4001 3538 4049 autem
3568 3993 3714 4049 inter

2133 4089 2495 4161 Cyrenensem
2514 4098 2570 4145 et
2587 4086 2936 4157 EthiOpiam,
2958 4085 3050 4142 ubi
3075 4094 3158 4143 est
3180 4085 3320 4149 fons,
3341 4085 3433 4154 qui
3458 4093 3515 4139 et
3530 4085 3712 4140 calore

2134 4179 2243 4236 dici
2277 4178 2533 4250 frigescit,
2560 4185 2616 4233 et
2638 4175 2775 4232 calet
2804 4173 3005 4247 frigore
3028 4175 3223 4230 noctis.
3257 4172 3535 4242 Althiopia
3567 4173 3711 4229 dicta

2136 4286 2167 4325 a
2199 4269 2381 4325 colore
2409 4267 2753 4340 populorum,
2782 4282 2918 4338 quos
2943 4265 3073 4323 solis
3101 4265 3349 4320 vicinitas
3386 4272 3574 4318 torret.
3607 4263 3713 4319 De-

2136 4363 2297 4432 nique
2334 4361 2441 4416 vim
2484 4359 2676 4416 sideris
2708 4359 2885 4430 prodit
2915 4357 3063 4414 color
3100 4357 3398 4412 hominum.
3442 4354 3538 4409 Est
3566 4355 3713 4408 enim

2139 4452 2213 4507 ibi
2253 4450 2399 4522 jugis
2437 4459 2617 4507 aestus.
2660 4448 2796 4503 Nam
2833 4445 3094 4519 quidquid
3132 4446 3250 4516 ejus
3284 4454 3385 4510 εει,
3417 4444 3517 4498 sub
3549 4442 3711 4498 meri-

2137 4542 2296 4597 diano
2322 4540 2540 4597 cardine
2568 4547 2670 4603 est,
2694 4540 2838 4595 circa
2863 4536 3146 4595 occiduum
3190 4543 3371 4589 autem
3417 4542 3707 4589 montuosa

2135 4638 2240 4693 est,
2265 4644 2491 4684 arenosa
2533 4628 2586 4684 in
2618 4626 2815 4692 medio,
2846 4624 2914 4680 ad
2957 4624 3275 4680 orientalem
3317 4637 3447 4677 vero
3493 4621 3706 4692 plagam

2136 4722 2368 4787 deserta,
2404 4721 2556 4791 cujus
2581 4720 2718 4774 situs
2764 4719 2832 4772 ab
2859 4718 3083 4773 occiduo
3111 4715 3346 4770 Altantis
3396 4714 3596 4769 montis
3640 4711 3708 4767 ad

2134 4812 2397 4867 orientem
2429 4826 2595 4881 usque
2621 4811 2675 4865 in
2697 4808 2914 4880 Αἴθη)ιί
2940 4806 3075 4861 ﬁnes
3092 4806 3403 4876 porrigitur.
3418 4803 3463 4856 Δ
3486 4803 3710 4858 meridie

2135 4897 2368 4963 Oceano,
2397 4911 2426 4951 a
2453 4897 2816 4966 septentrione
2839 4894 2958 4948 Nilo
2987 4893 3204 4948 flumine
3228 4892 3510 4957 clauditur,
3537 4890 3709 4961 pluri-

2137 5004 2254 5043 mas
2285 4988 2487 5042 habens
2506 4995 2690 5057 gentes
2716 4986 2928 5039 diverso
2952 4984 3097 5036 vultu
3125 4990 3180 5036 ει
3223 4990 3561 5036 monstruosa
3595 4993 3711 5049 spe-

2134 5076 2547 5145 cie_horribiles,
2576 5074 2808 5128 ferarum
2837 5087 3048 5142 quoque
3074 5079 3124 5127 et
3155 5070 3486 5141 serpentium
3511 5068 3709 5125 referta

2134 5180 2218 5227 est
2231 5168 2586 5225 multitudine.
2604 5167 2714 5222 Illic
2726 5168 2920 5238 quippe
2943 5166 3254 5220 rhinoceros
3274 5164 3441 5219 bestia
3457 5171 3509 5217 ει
3525 5178 3705 5218 came-

2135 5260 2410 5331 lopardus,
2444 5258 2747 5321 basiliscus,
2780 5258 3040 5311 dracones
3077 5254 3353 5325 ingentes,
3380 5268 3445 5307 ex
3479 5267 3709 5323 quorum

2136 5351 2358 5406 cerebro
2383 5365 2608 5421 gemma:
2637 5348 3017 5412 extrahuntur;
3062 5344 3384 5415 hyacinthus
3419 5356 3633 5412 quoque
3656 5348 3714 5397 et

2131 5440 2606 5511 chrysoprasusibi
2632 5437 2986 5509 reperiuntur,
3008 5435 3407 5490 cinnamomum
3434 5432 3543 5487 illic
3556 5430 3711 5486 colli-

2130 5534 2294 5604 gitur.
2315 5532 2441 5587 Dua:
2463 5540 2589 5586 sunt
2606 5539 2786 5584 autem
2803 5526 3112 5595 Ethiopian,
3128 5540 3233 5579 una
3255 5525 3400 5579 circa
3424 5529 3602 5575 ortum
3617 5535 3712 5575 so-

2131 5622 2219 5686 lis,
2250 5621 2415 5675 altera
2431 5621 2573 5675 circa
2597 5632 2847 5673 occasum
2862 5616 2915 5670 in
2932 5613 3271 5668 Mauritania.
3295 5611 3462 5669 Extra
3480 5618 3591 5663 tres
3610 5624 3713 5663 au-

2135 5726 2239 5771 tem
2274 5721 2454 5787 partes
2477 5711 2623 5768 orbis
2652 5717 2843 5782 quarta
2867 5721 2994 5781 pars
3015 5713 3166 5763 trans
3189 5704 3461 5763 Oceanum
3489 5700 3711 5763 interior
