  <div class='ocr_page' id='page_1' title='image "/cluster/home/n/w/nwhite01/storage/ocr_20150623/111/hvd.32044009716333/185.png"; bbox 0 0 4074 6324; ppageno 0'>
   <div class='ocr_carea' id='block_1_1' title="bbox 390 321 498 385">
    <p class='ocr_par' dir='ltr' id='par_1_1' title="bbox 390 321 498 385">
     <span class='ocr_line' id='line_1_1' title="bbox 390 321 498 385; baseline -0.056 0"><span class='ocrx_word' id='word_1_1' title='bbox 390 321 498 385; x_wconf 73' lang='grc'><strong>355</strong></span> 
     </span>
    </p>
   </div>
   <div class='ocr_carea' id='block_1_2' title="bbox 1007 283 2977 370">
    <p class='ocr_par' dir='ltr' id='par_1_2' title="bbox 1007 283 2977 370">
     <span class='ocr_line' id='line_1_2' title="bbox 1007 283 2977 370; baseline -0.015 0"><span class='ocrx_word' id='word_1_2' title='bbox 1007 313 1070 370; x_wconf 81' lang='grc' dir='ltr'><strong>Β.</strong></span> <span class='ocrx_word' id='word_1_3' title='bbox 1108 306 1362 366; x_wconf 75' lang='lat' dir='ltr'><strong>RABANI</strong></span> <span class='ocrx_word' id='word_1_4' title='bbox 1399 301 1620 362; x_wconf 78' lang='lat' dir='ltr'><strong>MAUBl</strong></span> <span class='ocrx_word' id='word_1_5' title='bbox 1654 295 1982 356; x_wconf 80' lang='lat' dir='ltr'><strong>ARCHIEP.</strong></span> <span class='ocrx_word' id='word_1_6' title='bbox 2021 291 2336 352; x_wconf 79' lang='lat' dir='ltr'><strong>MOGUNT.</strong></span> <span class='ocrx_word' id='word_1_7' title='bbox 2375 287 2661 349; x_wconf 74' lang='lat' dir='ltr'><strong>OPERUM</strong></span> <span class='ocrx_word' id='word_1_8' title='bbox 2693 283 2876 346; x_wconf 75' lang='lat' dir='ltr'><strong>PARS</strong></span> <span class='ocrx_word' id='word_1_9' title='bbox 2911 284 2977 342; x_wconf 88' lang='lat' dir='ltr'><strong>H.</strong></span> 
     </span>
    </p>
   </div>
   <div class='ocr_carea' id='block_1_3' title="bbox 3565 280 3716 342">
    <p class='ocr_par' dir='ltr' id='par_1_3' title="bbox 3565 280 3716 342">
     <span class='ocr_line' id='line_1_3' title="bbox 3565 280 3716 342; baseline -0.007 -19"><span class='ocrx_word' id='word_1_10' title='bbox 3565 280 3676 342; x_wconf 69' lang='lat'><strong>356</strong></span> <span class='ocrx_word' id='word_1_11' title='bbox 3710 316 3716 322; x_wconf 89' lang='lat'><strong>.</strong></span> 
     </span>
    </p>
   </div>
   <div class='ocr_carea' id='block_1_4' title="bbox 393 399 3681 512">
    <p class='ocr_par' dir='ltr' id='par_1_4' title="bbox 393 399 3681 512">
     <span class='ocr_line' id='line_1_4' title="bbox 393 399 3681 512; baseline -0.011 -15"><span class='ocrx_word' id='word_1_12' title='bbox 393 454 562 497; x_wconf 82' lang='lat' dir='ltr'><strong>versae</strong></span> <span class='ocrx_word' id='word_1_13' title='bbox 584 433 956 512; x_wconf 87' lang='lat' dir='ltr'><strong>promontorio</strong></span> <span class='ocrx_word' id='word_1_14' title='bbox 982 430 1126 502; x_wconf 92' lang='lat' dir='ltr'><strong>quod</strong></span> <span class='ocrx_word' id='word_1_15' title='bbox 1158 435 1380 484; x_wconf 79' lang='lat' dir='ltr'><strong>vocatur</strong></span> <span class='ocrx_word' id='word_1_16' title='bbox 1404 423 1826 494; x_wconf 89' lang='lat' dir='ltr'><strong>Hesperuceras,</strong></span> <span class='ocrx_word' id='word_1_17' title='bbox 1846 429 1982 486; x_wconf 90' lang='lat' dir='ltr'><strong>quas</strong></span> <span class='ocrx_word' id='word_1_18' title='bbox 2011 416 2058 476; x_wconf 80' lang='grc' dir='ltr'>Α</span> <span class='ocrx_word' id='word_1_19' title='bbox 2087 418 2180 512; x_wconf 70' lang='lat' dir='ltr'><strong>tur</strong></span> <span class='ocrx_word' id='word_1_20' title='bbox 2199 408 2468 512; x_wconf 45' lang='grc' dir='ltr'><strong>εαξεεὶοζ</strong></span> <span class='ocrx_word' id='word_1_21' title='bbox 2495 405 2580 512; x_wconf 66' lang='lat' dir='ltr'><strong>vel</strong></span> <span class='ocrx_word' id='word_1_22' title='bbox 2623 400 3255 512; x_wconf 41' lang='lat' dir='ltr'><strong>praestolatio..Cyclla‘des</strong></span> <span class='ocrx_word' id='word_1_23' title='bbox 3297 399 3491 512; x_wconf 69' lang='lat' dir='ltr'><strong>insulae</strong></span> <span class='ocrx_word' id='word_1_24' title='bbox 3537 403 3681 462; x_wconf 84' lang='lat' dir='ltr'><strong>anti-</strong></span> 
     </span>
    </p>
   </div>
   <div class='ocr_carea' id='block_1_5' title="bbox 397 511 1985 594">
    <p class='ocr_par' dir='ltr' id='par_1_5' title="bbox 397 511 1985 594">
     <span class='ocr_line' id='line_1_5' title="bbox 397 511 1985 594; baseline -0.016 -8"><span class='ocrx_word' id='word_1_25' title='bbox 397 531 742 587; x_wconf 87' lang='lat' dir='ltr'><strong>incoluerunt</strong></span> <span class='ocrx_word' id='word_1_26' title='bbox 789 525 1088 594; x_wconf 77' lang='lat' dir='ltr'><strong>Gorgones,</strong></span> <span class='ocrx_word' id='word_1_27' title='bbox 1144 518 1362 574; x_wconf 79' lang='lat' dir='ltr'><strong>feminae</strong></span> <span class='ocrx_word' id='word_1_28' title='bbox 1409 515 1594 570; x_wconf 79' lang='lat' dir='ltr'><strong>alitum</strong></span> <span class='ocrx_word' id='word_1_29' title='bbox 1640 511 1985 584; x_wconf 80' lang='lat' dir='ltr'><strong>pernicitate,</strong></span> 
     </span>
    </p>
   </div>
   <div class='ocr_carea' id='block_1_6' title="bbox 397 599 1989 684">
    <p class='ocr_par' dir='ltr' id='par_1_6' title="bbox 397 599 1989 684">
     <span class='ocr_line' id='line_1_6' title="bbox 397 599 1989 684; baseline -0.016 -8"><span class='ocrx_word' id='word_1_30' title='bbox 397 617 610 676; x_wconf 89' lang='lat' dir='ltr'><strong>hirsuto</strong></span> <span class='ocrx_word' id='word_1_31' title='bbox 635 623 690 672; x_wconf 93' lang='lat' dir='ltr'><strong>et</strong></span> <span class='ocrx_word' id='word_1_32' title='bbox 716 627 908 684; x_wconf 87' lang='lat' dir='ltr'><strong>aspero</strong></span> <span class='ocrx_word' id='word_1_33' title='bbox 936 625 1183 682; x_wconf 90' lang='lat' dir='ltr'><strong>corpore,</strong></span> <span class='ocrx_word' id='word_1_34' title='bbox 1207 617 1263 664; x_wconf 91' lang='lat' dir='ltr'><strong>et</strong></span> <span class='ocrx_word' id='word_1_35' title='bbox 1292 623 1360 662; x_wconf 82' lang='lat' dir='ltr'><strong>ex</strong></span> <span class='ocrx_word' id='word_1_36' title='bbox 1388 605 1474 660; x_wconf 91' lang='lat' dir='ltr'><strong>his</strong></span> <span class='ocrx_word' id='word_1_37' title='bbox 1495 603 1684 660; x_wconf 72' lang='lat' dir='ltr'><strong>insula:</strong></span> <span class='ocrx_word' id='word_1_38' title='bbox 1712 599 1989 672; x_wconf 87' lang='lat' dir='ltr'><strong>cognomi-</strong></span> 
     </span>
    </p>
   </div>
   <div class='ocr_carea' id='block_1_7' title="bbox 400 691 1988 766">
    <p class='ocr_par' dir='ltr' id='par_1_7' title="bbox 400 691 1988 766">
     <span class='ocr_line' id='line_1_7' title="bbox 400 691 1988 766; baseline -0.015 0"><span class='ocrx_word' id='word_1_39' title='bbox 400 717 562 766; x_wconf 79' lang='lat' dir='ltr'><strong>natae.</strong></span> <span class='ocrx_word' id='word_1_40' title='bbox 595 707 808 762; x_wconf 85' lang='lat' dir='ltr'><strong>Distant</strong></span> <span class='ocrx_word' id='word_1_41' title='bbox 831 713 1011 758; x_wconf 89' lang='lat' dir='ltr'><strong>autem</strong></span> <span class='ocrx_word' id='word_1_42' title='bbox 1036 716 1066 755; x_wconf 91' lang='lat' dir='ltr'><strong>a</strong></span> <span class='ocrx_word' id='word_1_43' title='bbox 1091 697 1388 754; x_wconf 87' lang='lat' dir='ltr'><strong>continenti</strong></span> <span class='ocrx_word' id='word_1_44' title='bbox 1415 707 1557 751; x_wconf 88' lang='lat' dir='ltr'><strong>terra</strong></span> <span class='ocrx_word' id='word_1_45' title='bbox 1588 692 1740 750; x_wconf 86' lang='lat' dir='ltr'><strong>bidui</strong></span> <span class='ocrx_word' id='word_1_46' title='bbox 1773 691 1988 760; x_wconf 89' lang='lat' dir='ltr'><strong>naviga-</strong></span> 
     </span>
    </p>
   </div>
   <div class='ocr_carea' id='block_1_8' title="bbox 400 782 1986 866">
    <p class='ocr_par' dir='ltr' id='par_1_8' title="bbox 400 782 1986 866">
     <span class='ocr_line' id='line_1_8' title="bbox 400 782 1986 866; baseline -0.015 -9"><span class='ocrx_word' id='word_1_47' title='bbox 400 801 570 857; x_wconf 86' lang='lat' dir='ltr'><strong>tione.</strong></span> <span class='ocrx_word' id='word_1_48' title='bbox 602 794 959 866; x_wconf 70' lang='lat' dir='ltr'><strong>Hesperidum</strong></span> <span class='ocrx_word' id='word_1_49' title='bbox 1005 790 1192 846; x_wconf 83' lang='lat' dir='ltr'><strong>insulae</strong></span> <span class='ocrx_word' id='word_1_50' title='bbox 1235 797 1441 844; x_wconf 78' lang='lat' dir='ltr'><strong>vocatae</strong></span> <span class='ocrx_word' id='word_1_51' title='bbox 1476 801 1508 840; x_wconf 88' lang='lat' dir='ltr'><strong>a</strong></span> <span class='ocrx_word' id='word_1_52' title='bbox 1530 785 1747 840; x_wconf 86' lang='lat' dir='ltr'><strong>civitate</strong></span> <span class='ocrx_word' id='word_1_53' title='bbox 1781 782 1986 850; x_wconf 85' lang='lat' dir='ltr'><strong>Hespe-</strong></span> 
     </span>
    </p>
   </div>
   <div class='ocr_carea' id='block_1_9' title="bbox 402 871 1990 958">
    <p class='ocr_par' dir='ltr' id='par_1_9' title="bbox 402 871 1990 958">
     <span class='ocr_line' id='line_1_9' title="bbox 402 871 1990 958; baseline -0.014 -13"><span class='ocrx_word' id='word_1_54' title='bbox 402 890 537 953; x_wconf 88' lang='lat' dir='ltr'><strong>ride,</strong></span> <span class='ocrx_word' id='word_1_55' title='bbox 572 902 691 958; x_wconf 87' lang='lat' dir='ltr'><strong>quae</strong></span> <span class='ocrx_word' id='word_1_56' title='bbox 719 884 820 940; x_wconf 87' lang='lat' dir='ltr'><strong>fuit</strong></span> <span class='ocrx_word' id='word_1_57' title='bbox 851 883 906 937; x_wconf 91' lang='lat' dir='ltr'><strong>in</strong></span> <span class='ocrx_word' id='word_1_58' title='bbox 937 881 1044 936; x_wconf 82' lang='lat' dir='ltr'><strong>fine</strong></span> <span class='ocrx_word' id='word_1_59' title='bbox 1073 879 1428 934; x_wconf 80' lang='lat' dir='ltr'><strong>Mauritaniae.</strong></span> <span class='ocrx_word' id='word_1_60' title='bbox 1457 876 1598 931; x_wconf 89' lang='lat' dir='ltr'><strong>Sunt</strong></span> <span class='ocrx_word' id='word_1_61' title='bbox 1619 873 1758 928; x_wconf 89' lang='lat' dir='ltr'><strong>ultra</strong></span> <span class='ocrx_word' id='word_1_62' title='bbox 1783 871 1990 942; x_wconf 87' lang='lat' dir='ltr'><strong>Gorga-</strong></span> 
     </span>
    </p>
   </div>
   <div class='ocr_carea' id='block_1_10' title="bbox 403 959 1988 1048">
    <p class='ocr_par' dir='ltr' id='par_1_10' title="bbox 403 959 1988 1048">
     <span class='ocr_line' id='line_1_10' title="bbox 403 959 1988 1048; baseline -0.013 -14"><span class='ocrx_word' id='word_1_63' title='bbox 403 977 486 1034; x_wconf 89' lang='lat' dir='ltr'><strong>dis</strong></span> <span class='ocrx_word' id='word_1_64' title='bbox 523 976 640 1031; x_wconf 80' lang='lat' dir='ltr'><strong>sita:</strong></span> <span class='ocrx_word' id='word_1_65' title='bbox 679 973 787 1048; x_wconf 76' lang='lat' dir='ltr'><strong>sub</strong></span> <span class='ocrx_word' id='word_1_66' title='bbox 812 970 1140 1026; x_wconf 80' lang='lat' dir='ltr'><strong>Atlanticum</strong></span> <span class='ocrx_word' id='word_1_67' title='bbox 1187 967 1339 1022; x_wconf 87' lang='lat' dir='ltr'><strong>littus</strong></span> <span class='ocrx_word' id='word_1_68' title='bbox 1368 965 1422 1020; x_wconf 92' lang='lat' dir='ltr'><strong>in</strong></span> <span class='ocrx_word' id='word_1_69' title='bbox 1460 963 1668 1018; x_wconf 90' lang='lat' dir='ltr'><strong>intimis</strong></span> <span class='ocrx_word' id='word_1_70' title='bbox 1708 959 1876 1016; x_wconf 89' lang='lat' dir='ltr'><strong>maris</strong></span> <span class='ocrx_word' id='word_1_71' title='bbox 1914 959 1988 1014; x_wconf 86' lang='lat' dir='ltr'><strong>si-</strong></span> 
     </span>
    </p>
   </div>
   <div class='ocr_carea' id='block_1_11' title="bbox 401 1053 1989 1135">
    <p class='ocr_par' dir='ltr' id='par_1_11' title="bbox 401 1053 1989 1135">
     <span class='ocr_line' id='line_1_11' title="bbox 401 1053 1989 1135; baseline -0.013 -10"><span class='ocrx_word' id='word_1_72' title='bbox 401 1068 600 1134; x_wconf 84' lang='lat' dir='ltr'><strong>nibus,</strong></span> <span class='ocrx_word' id='word_1_73' title='bbox 635 1065 690 1121; x_wconf 92' lang='lat' dir='ltr'><strong>in</strong></span> <span class='ocrx_word' id='word_1_74' title='bbox 728 1076 961 1135; x_wconf 87' lang='lat' dir='ltr'><strong>quarum</strong></span> <span class='ocrx_word' id='word_1_75' title='bbox 1012 1058 1189 1116; x_wconf 85' lang='lat' dir='ltr'><strong>hortis</strong></span> <span class='ocrx_word' id='word_1_76' title='bbox 1225 1057 1433 1126; x_wconf 82' lang='lat' dir='ltr'><strong>ﬁngunt</strong></span> <span class='ocrx_word' id='word_1_77' title='bbox 1469 1053 1665 1110; x_wconf 82' lang='lat' dir='ltr'><strong>fabulae</strong></span> <span class='ocrx_word' id='word_1_78' title='bbox 1698 1055 1989 1108; x_wconf 82' lang='lat' dir='ltr'><strong>draconem</strong></span> 
     </span>
    </p>
   </div>
   <div class='ocr_carea' id='block_1_12' title="bbox 401 1142 1992 1230">
    <p class='ocr_par' dir='ltr' id='par_1_12' title="bbox 401 1142 1992 1230">
     <span class='ocr_line' id='line_1_12' title="bbox 401 1142 1992 1230; baseline -0.011 -17"><span class='ocrx_word' id='word_1_79' title='bbox 401 1156 716 1230; x_wconf 73' lang='lat' dir='ltr'><strong>pervigilem</strong></span> <span class='ocrx_word' id='word_1_80' title='bbox 745 1167 912 1209; x_wconf 89' lang='lat' dir='ltr'><strong>aurea</strong></span> <span class='ocrx_word' id='word_1_81' title='bbox 941 1150 1082 1206; x_wconf 89' lang='lat' dir='ltr'><strong>mala</strong></span> <span class='ocrx_word' id='word_1_82' title='bbox 1113 1159 1458 1205; x_wconf 89' lang='lat' dir='ltr'><strong>servantem:</strong></span> <span class='ocrx_word' id='word_1_83' title='bbox 1486 1143 1656 1200; x_wconf 83' lang='lat' dir='ltr'><strong>fertur</strong></span> <span class='ocrx_word' id='word_1_84' title='bbox 1689 1142 1834 1198; x_wconf 92' lang='lat' dir='ltr'><strong>enim</strong></span> <span class='ocrx_word' id='word_1_85' title='bbox 1870 1155 1992 1196; x_wconf 91' lang='lat' dir='ltr'><strong>esse</strong></span> 
     </span>
    </p>
   </div>
   <div class='ocr_carea' id='block_1_13' title="bbox 404 1232 1985 1305">
    <p class='ocr_par' dir='ltr' id='par_1_13' title="bbox 404 1232 1985 1305">
     <span class='ocr_line' id='line_1_13' title="bbox 404 1232 1985 1305; baseline -0.012 -3"><span class='ocrx_word' id='word_1_86' title='bbox 404 1259 558 1302; x_wconf 88' lang='lat' dir='ltr'><strong>mare</strong></span> <span class='ocrx_word' id='word_1_87' title='bbox 601 1241 912 1299; x_wconf 72' lang='lat' dir='ltr'><strong>aestuarium</strong></span> <span class='ocrx_word' id='word_1_88' title='bbox 940 1279 956 1305; x_wconf 98' lang='lat'><strong>,</strong></span> <span class='ocrx_word' id='word_1_89' title='bbox 1005 1237 1143 1292; x_wconf 89' lang='lat' dir='ltr'><strong>adeo</strong></span> <span class='ocrx_word' id='word_1_90' title='bbox 1189 1233 1411 1290; x_wconf 87' lang='lat' dir='ltr'><strong>undosis</strong></span> <span class='ocrx_word' id='word_1_91' title='bbox 1459 1232 1721 1288; x_wconf 89' lang='lat' dir='ltr'><strong>lateribus</strong></span> <span class='ocrx_word' id='word_1_92' title='bbox 1771 1238 1985 1285; x_wconf 87' lang='lat' dir='ltr'><strong>tortuo-</strong></span> 
     </span>
    </p>
   </div>
   <div class='ocr_carea' id='block_1_14' title="bbox 407 1325 1988 1404">
    <p class='ocr_par' dir='ltr' id='par_1_14' title="bbox 407 1325 1988 1404">
     <span class='ocr_line' id='line_1_14' title="bbox 407 1325 1988 1404; baseline -0.01 -11"><span class='ocrx_word' id='word_1_93' title='bbox 407 1353 551 1404; x_wconf 90' lang='lat' dir='ltr'><strong>sum,</strong></span> <span class='ocrx_word' id='word_1_94' title='bbox 595 1343 656 1392; x_wconf 92' lang='lat' dir='ltr'><strong>ut</strong></span> <span class='ocrx_word' id='word_1_95' title='bbox 691 1333 990 1390; x_wconf 88' lang='lat' dir='ltr'><strong>visentibus</strong></span> <span class='ocrx_word' id='word_1_96' title='bbox 1031 1329 1220 1402; x_wconf 87' lang='lat' dir='ltr'><strong>procul</strong></span> <span class='ocrx_word' id='word_1_97' title='bbox 1265 1328 1448 1398; x_wconf 87' lang='lat' dir='ltr'><strong>lapsus</strong></span> <span class='ocrx_word' id='word_1_98' title='bbox 1494 1325 1686 1397; x_wconf 88' lang='lat' dir='ltr'><strong>anguis</strong></span> <span class='ocrx_word' id='word_1_99' title='bbox 1727 1325 1988 1380; x_wconf 87' lang='lat' dir='ltr'><strong>imitetur.</strong></span> 
     </span>
    </p>
   </div>
   <div class='ocr_carea' id='block_1_15' title="bbox 405 1413 1992 1499">
    <p class='ocr_par' dir='ltr' id='par_1_15' title="bbox 405 1413 1992 1499">
     <span class='ocr_line' id='line_1_15' title="bbox 405 1413 1992 1499; baseline -0.01 -15"><span class='ocrx_word' id='word_1_100' title='bbox 405 1427 611 1499; x_wconf 84' lang='lat' dir='ltr'><strong>Chryse</strong></span> <span class='ocrx_word' id='word_1_101' title='bbox 640 1433 695 1482; x_wconf 91' lang='lat' dir='ltr'><strong>et</strong></span> <span class='ocrx_word' id='word_1_102' title='bbox 716 1423 923 1495; x_wconf 81' lang='lat' dir='ltr'><strong>Argyre</strong></span> <span class='ocrx_word' id='word_1_103' title='bbox 949 1421 1140 1476; x_wconf 80' lang='lat' dir='ltr'><strong>insulae</strong></span> <span class='ocrx_word' id='word_1_104' title='bbox 1171 1419 1224 1474; x_wconf 91' lang='lat' dir='ltr'><strong>in</strong></span> <span class='ocrx_word' id='word_1_105' title='bbox 1249 1418 1432 1474; x_wconf 91' lang='lat' dir='ltr'><strong>lndico</strong></span> <span class='ocrx_word' id='word_1_106' title='bbox 1456 1431 1660 1472; x_wconf 87' lang='lat' dir='ltr'><strong>oceano</strong></span> <span class='ocrx_word' id='word_1_107' title='bbox 1693 1415 1832 1483; x_wconf 87' lang='lat' dir='ltr'><strong>sitae,</strong></span> <span class='ocrx_word' id='word_1_108' title='bbox 1857 1413 1992 1469; x_wconf 87' lang='lat' dir='ltr'><strong>adeo</strong></span> 
     </span>
    </p>
   </div>
   <div class='ocr_carea' id='block_1_16' title="bbox 407 1507 1995 1584">
    <p class='ocr_par' dir='ltr' id='par_1_16' title="bbox 407 1507 1995 1584">
     <span class='ocr_line' id='line_1_16' title="bbox 407 1507 1995 1584; baseline -0.009 -12"><span class='ocrx_word' id='word_1_109' title='bbox 407 1516 654 1574; x_wconf 79' lang='lat' dir='ltr'><strong>fecundae</strong></span> <span class='ocrx_word' id='word_1_110' title='bbox 681 1515 835 1584; x_wconf 91' lang='lat' dir='ltr'><strong>copia</strong></span> <span class='ocrx_word' id='word_1_111' title='bbox 871 1511 1234 1576; x_wconf 82' lang='lat' dir='ltr'><strong>metallorum,</strong></span> <span class='ocrx_word' id='word_1_112' title='bbox 1267 1517 1326 1562; x_wconf 91' lang='lat' dir='ltr'><strong>ut</strong></span> <span class='ocrx_word' id='word_1_113' title='bbox 1353 1507 1596 1580; x_wconf 87' lang='lat' dir='ltr'><strong>plerique</strong></span> <span class='ocrx_word' id='word_1_114' title='bbox 1633 1521 1728 1561; x_wconf 91' lang='lat' dir='ltr'><strong>eas</strong></span> <span class='ocrx_word' id='word_1_115' title='bbox 1765 1519 1995 1560; x_wconf 87' lang='lat' dir='ltr'><strong>auream</strong></span> 
     </span>
    </p>
   </div>
   <div class='ocr_carea' id='block_1_17' title="bbox 409 1593 1998 1679">
    <p class='ocr_par' dir='ltr' id='par_1_17' title="bbox 409 1593 1998 1679">
     <span class='ocr_line' id='line_1_17' title="bbox 409 1593 1998 1679; baseline -0.01 -13"><span class='ocrx_word' id='word_1_116' title='bbox 409 1605 752 1679; x_wconf 82' lang='lat' dir='ltr'><strong>superﬁciem</strong></span> <span class='ocrx_word' id='word_1_117' title='bbox 794 1613 849 1660; x_wconf 91' lang='lat' dir='ltr'><strong>et</strong></span> <span class='ocrx_word' id='word_1_118' title='bbox 883 1611 1196 1674; x_wconf 79' lang='lat' dir='ltr'><strong>argenteam</strong></span> <span class='ocrx_word' id='word_1_119' title='bbox 1227 1601 1422 1655; x_wconf 88' lang='lat' dir='ltr'><strong>habere</strong></span> <span class='ocrx_word' id='word_1_120' title='bbox 1453 1596 1788 1668; x_wconf 88' lang='lat' dir='ltr'><strong>prodiderint</strong></span> <span class='ocrx_word' id='word_1_121' title='bbox 1811 1593 1998 1650; x_wconf 50' lang='lat' dir='ltr'><strong>funde</strong></span> 
     </span>
    </p>
   </div>
   <div class='ocr_carea' id='block_1_18' title="bbox 409 1686 2000 1759">
    <p class='ocr_par' dir='ltr' id='par_1_18' title="bbox 409 1686 2000 1759">
     <span class='ocr_line' id='line_1_18' title="bbox 409 1686 2000 1759; baseline -0.01 -3"><span class='ocrx_word' id='word_1_122' title='bbox 409 1707 468 1756; x_wconf 84' lang='lat' dir='ltr'><strong>et</strong></span> <span class='ocrx_word' id='word_1_123' title='bbox 503 1695 764 1754; x_wconf 87' lang='lat' dir='ltr'><strong>vocabula</strong></span> <span class='ocrx_word' id='word_1_124' title='bbox 809 1693 1016 1751; x_wconf 84' lang='lat' dir='ltr'><strong>sortitae</strong></span> <span class='ocrx_word' id='word_1_125' title='bbox 1051 1699 1200 1746; x_wconf 89' lang='lat' dir='ltr'><strong>sunt.</strong></span> <span class='ocrx_word' id='word_1_126' title='bbox 1245 1687 1564 1759; x_wconf 86' lang='lat' dir='ltr'><strong>Taprobana</strong></span> <span class='ocrx_word' id='word_1_127' title='bbox 1615 1687 1788 1742; x_wconf 88' lang='lat' dir='ltr'><strong>insula</strong></span> <span class='ocrx_word' id='word_1_128' title='bbox 1834 1686 2000 1741; x_wconf 79' lang='lat' dir='ltr'><strong>Indiae</strong></span> 
     </span>
    </p>
   </div>
   <div class='ocr_carea' id='block_1_19' title="bbox 2092 493 3684 572">
    <p class='ocr_par' dir='ltr' id='par_1_19' title="bbox 2092 493 3684 572">
     <span class='ocr_line' id='line_1_19' title="bbox 2092 493 3684 572; baseline -0.001 -17"><span class='ocrx_word' id='word_1_129' title='bbox 2092 501 2275 572; x_wconf 87' lang='lat' dir='ltr'><strong>quitus</strong></span> <span class='ocrx_word' id='word_1_130' title='bbox 2297 498 2518 555; x_wconf 83' lang='lat' dir='ltr'><strong>Graeciae</strong></span> <span class='ocrx_word' id='word_1_131' title='bbox 2541 497 2778 563; x_wconf 89' lang='lat' dir='ltr'><strong>fuerunt,</strong></span> <span class='ocrx_word' id='word_1_132' title='bbox 2810 511 2948 568; x_wconf 89' lang='lat' dir='ltr'><strong>quas</strong></span> <span class='ocrx_word' id='word_1_133' title='bbox 2975 495 3100 551; x_wconf 90' lang='lat' dir='ltr'><strong>inde</strong></span> <span class='ocrx_word' id='word_1_134' title='bbox 3119 493 3377 567; x_wconf 85' lang='lat' dir='ltr'><strong>Cycladas</strong></span> <span class='ocrx_word' id='word_1_135' title='bbox 3397 505 3684 554; x_wconf 84' lang='lat' dir='ltr'><strong>autumant</strong></span> 
     </span>
    </p>
   </div>
   <div class='ocr_carea' id='block_1_20' title="bbox 2090 585 3684 662">
    <p class='ocr_par' dir='ltr' id='par_1_20' title="bbox 2090 585 3684 662">
     <span class='ocr_line' id='line_1_20' title="bbox 2090 585 3684 662; baseline -0.003 -14"><span class='ocrx_word' id='word_1_136' title='bbox 2090 592 2288 656; x_wconf 89' lang='lat' dir='ltr'><strong>dictas,</strong></span> <span class='ocrx_word' id='word_1_137' title='bbox 2339 591 2484 662; x_wconf 90' lang='lat' dir='ltr'><strong>quod</strong></span> <span class='ocrx_word' id='word_1_138' title='bbox 2521 589 2712 660; x_wconf 87' lang='lat' dir='ltr'><strong>spatiis</strong></span> <span class='ocrx_word' id='word_1_139' title='bbox 2755 587 3087 659; x_wconf 81' lang='lat' dir='ltr'><strong>longioribus</strong></span> <span class='ocrx_word' id='word_1_140' title='bbox 3115 601 3148 642; x_wconf 88' lang='lat' dir='ltr'><strong>a</strong></span> <span class='ocrx_word' id='word_1_141' title='bbox 3183 586 3314 643; x_wconf 92' lang='lat' dir='ltr'><strong>Delo</strong></span> <span class='ocrx_word' id='word_1_142' title='bbox 3339 585 3600 658; x_wconf 75' lang='lat' dir='ltr'><strong>proiectae</strong></span> <span class='ocrx_word' id='word_1_143' title='bbox 3626 587 3684 644; x_wconf 91' lang='lat' dir='ltr'><strong>in</strong></span> 
     </span>
    </p>
   </div>
   <div class='ocr_carea' id='block_1_21' title="bbox 2090 675 3684 747">
    <p class='ocr_par' dir='ltr' id='par_1_21' title="bbox 2090 675 3684 747">
     <span class='ocr_line' id='line_1_21' title="bbox 2090 675 3684 747; baseline -0.003 -9"><span class='ocrx_word' id='word_1_144' title='bbox 2090 683 2301 747; x_wconf 90' lang='lat' dir='ltr'><strong>orbem,</strong></span> <span class='ocrx_word' id='word_1_145' title='bbox 2341 688 2523 735; x_wconf 90' lang='lat' dir='ltr'><strong>tamen</strong></span> <span class='ocrx_word' id='word_1_146' title='bbox 2563 678 2710 734; x_wconf 89' lang='lat' dir='ltr'><strong>circa</strong></span> <span class='ocrx_word' id='word_1_147' title='bbox 2755 677 2944 732; x_wconf 89' lang='lat' dir='ltr'><strong>Delum</strong></span> <span class='ocrx_word' id='word_1_148' title='bbox 2988 676 3106 732; x_wconf 85' lang='lat' dir='ltr'><strong>sitae</strong></span> <span class='ocrx_word' id='word_1_149' title='bbox 3143 675 3296 732; x_wconf 90' lang='lat' dir='ltr'><strong>sint:</strong></span> <span class='ocrx_word' id='word_1_150' title='bbox 3332 691 3459 732; x_wconf 91' lang='lat' dir='ltr'><strong>nam</strong></span> <span class='ocrx_word' id='word_1_151' title='bbox 3491 675 3684 733; x_wconf 88' lang='lat' dir='ltr'><strong>orbem</strong></span> 
     </span>
    </p>
   </div>
   <div class='ocr_carea' id='block_1_22' title="bbox 2091 771 3686 848">
    <p class='ocr_par' dir='ltr' id='par_1_22' title="bbox 2091 771 3686 848">
     <span class='ocr_line' id='line_1_22' title="bbox 2091 771 3686 848; baseline -0.003 -16"><span class='ocrx_word' id='word_1_152' title='bbox 2091 775 2280 848; x_wconf 87' lang='lat' dir='ltr'><strong>cyclon</strong></span> <span class='ocrx_word' id='word_1_153' title='bbox 2321 771 2495 829; x_wconf 82' lang='lat' dir='ltr'><strong>Graeci</strong></span> <span class='ocrx_word' id='word_1_154' title='bbox 2537 773 2853 844; x_wconf 91' lang='lat' dir='ltr'><strong>loquuntur.</strong></span> <span class='ocrx_word' id='word_1_155' title='bbox 2885 771 3116 840; x_wconf 84' lang='lat' dir='ltr'><strong>Quidam</strong></span> <span class='ocrx_word' id='word_1_156' title='bbox 3147 787 3277 829; x_wconf 88' lang='lat' dir='ltr'><strong>vero</strong></span> <span class='ocrx_word' id='word_1_157' title='bbox 3309 787 3419 828; x_wconf 90' lang='lat' dir='ltr'><strong>non</strong></span> <span class='ocrx_word' id='word_1_158' title='bbox 3447 773 3594 844; x_wconf 88' lang='lat' dir='ltr'><strong>quod</strong></span> <span class='ocrx_word' id='word_1_159' title='bbox 3626 773 3686 829; x_wconf 89' lang='lat' dir='ltr'><strong>in</strong></span> 
     </span>
    </p>
   </div>
   <div class='ocr_carea' id='block_1_23' title="bbox 2092 864 3688 936">
    <p class='ocr_par' dir='ltr' id='par_1_23' title="bbox 2092 864 3688 936">
     <span class='ocr_line' id='line_1_23' title="bbox 2092 864 3688 936; baseline 0 -13"><span class='ocrx_word' id='word_1_160' title='bbox 2092 867 2279 923; x_wconf 90' lang='lat' dir='ltr'><strong>orbem</strong></span> <span class='ocrx_word' id='word_1_161' title='bbox 2309 866 2550 936; x_wconf 68' lang='lat' dir='ltr'><strong>digestae,</strong></span> <span class='ocrx_word' id='word_1_162' title='bbox 2580 865 2676 920; x_wconf 91' lang='lat' dir='ltr'><strong>sed</strong></span> <span class='ocrx_word' id='word_1_163' title='bbox 2704 872 2925 936; x_wconf 85' lang='lat' dir='ltr'><strong>propter</strong></span> <span class='ocrx_word' id='word_1_164' title='bbox 2943 864 3210 935; x_wconf 90' lang='lat' dir='ltr'><strong>scopulos,</strong></span> <span class='ocrx_word' id='word_1_165' title='bbox 3237 865 3330 936; x_wconf 88' lang='lat' dir='ltr'><strong>qui</strong></span> <span class='ocrx_word' id='word_1_166' title='bbox 3359 865 3504 922; x_wconf 87' lang='lat' dir='ltr'><strong>circa</strong></span> <span class='ocrx_word' id='word_1_167' title='bbox 3529 880 3688 923; x_wconf 81' lang='lat' dir='ltr'><strong>eam-</strong></span> 
     </span>
    </p>
   </div>
   <div class='ocr_carea' id='block_1_24' title="bbox 2093 951 3686 1024">
    <p class='ocr_par' dir='ltr' id='par_1_24' title="bbox 2093 951 3686 1024">
     <span class='ocr_line' id='line_1_24' title="bbox 2093 951 3686 1024; baseline 0.001 -14"><span class='ocrx_word' id='word_1_168' title='bbox 2093 955 2216 1010; x_wconf 85' lang='lat' dir='ltr'><strong>dem</strong></span> <span class='ocrx_word' id='word_1_169' title='bbox 2259 961 2406 1020; x_wconf 89' lang='lat' dir='ltr'><strong>sunt,</strong></span> <span class='ocrx_word' id='word_1_170' title='bbox 2459 955 2634 1011; x_wconf 91' lang='lat' dir='ltr'><strong>dictas</strong></span> <span class='ocrx_word' id='word_1_171' title='bbox 2675 961 2868 1024; x_wconf 89' lang='lat' dir='ltr'><strong>putant</strong></span> <span class='ocrx_word' id='word_1_172' title='bbox 2907 951 3192 1024; x_wconf 88' lang='lat' dir='ltr'><strong>Cycladas.</strong></span> <span class='ocrx_word' id='word_1_173' title='bbox 3240 953 3334 1008; x_wconf 83' lang='lat' dir='ltr'><strong>Hae</strong></span> <span class='ocrx_word' id='word_1_174' title='bbox 3374 954 3428 1008; x_wconf 93' lang='lat' dir='ltr'><strong>in</strong></span> <span class='ocrx_word' id='word_1_175' title='bbox 3473 953 3686 1011; x_wconf 84' lang='lat' dir='ltr'><strong>Helles-</strong></span> 
     </span>
    </p>
   </div>
   <div class='ocr_carea' id='block_1_25' title="bbox 2093 1042 3688 1118">
    <p class='ocr_par' dir='ltr' id='par_1_25' title="bbox 2093 1042 3688 1118">
     <span class='ocr_line' id='line_1_25' title="bbox 2093 1042 3688 1118; baseline 0.001 -17"><span class='ocrx_word' id='word_1_176' title='bbox 2093 1055 2318 1118; x_wconf 90' lang='lat' dir='ltr'><strong>pontum</strong></span> <span class='ocrx_word' id='word_1_177' title='bbox 2347 1047 2490 1101; x_wconf 87' lang='lat' dir='ltr'><strong>inter</strong></span> <span class='ocrx_word' id='word_1_178' title='bbox 2512 1043 2759 1118; x_wconf 64' lang='lat' dir='ltr'><strong>IEgaeum</strong></span> <span class='ocrx_word' id='word_1_179' title='bbox 2800 1052 2855 1100; x_wconf 90' lang='lat' dir='ltr'><strong>et</strong></span> <span class='ocrx_word' id='word_1_180' title='bbox 2895 1042 3141 1099; x_wconf 78' lang='lat' dir='ltr'><strong>Malaeum</strong></span> <span class='ocrx_word' id='word_1_181' title='bbox 3183 1058 3336 1100; x_wconf 88' lang='lat' dir='ltr'><strong>mare</strong></span> <span class='ocrx_word' id='word_1_182' title='bbox 3376 1045 3688 1102; x_wconf 75' lang='lat' dir='ltr'><strong>constitutae</strong></span> 
     </span>
    </p>
   </div>
   <div class='ocr_carea' id='block_1_26' title="bbox 2095 1134 3688 1208">
    <p class='ocr_par' dir='ltr' id='par_1_26' title="bbox 2095 1134 3688 1208">
     <span class='ocr_line' id='line_1_26' title="bbox 2095 1134 3688 1208; baseline -0.002 -15"><span class='ocrx_word' id='word_1_183' title='bbox 2095 1138 2506 1194; x_wconf 88' lang='lat' dir='ltr'><strong>circumdantur</strong></span> <span class='ocrx_word' id='word_1_184' title='bbox 2527 1137 2692 1192; x_wconf 88' lang='lat' dir='ltr'><strong>etiam</strong></span> <span class='ocrx_word' id='word_1_185' title='bbox 2718 1135 2907 1208; x_wconf 85' lang='lat' dir='ltr'><strong>pelago</strong></span> <span class='ocrx_word' id='word_1_186' title='bbox 2941 1134 3169 1207; x_wconf 83' lang='lat' dir='ltr'><strong>Myrtoo.</strong></span> <span class='ocrx_word' id='word_1_187' title='bbox 3203 1134 3342 1190; x_wconf 88' lang='lat' dir='ltr'><strong>Sunt</strong></span> <span class='ocrx_word' id='word_1_188' title='bbox 3363 1144 3546 1190; x_wconf 88' lang='lat' dir='ltr'><strong>autem</strong></span> <span class='ocrx_word' id='word_1_189' title='bbox 3569 1150 3688 1190; x_wconf 85' lang='lat' dir='ltr'><strong>om-</strong></span> 
     </span>
    </p>
   </div>
   <div class='ocr_carea' id='block_1_27' title="bbox 2096 1223 3687 1295">
    <p class='ocr_par' dir='ltr' id='par_1_27' title="bbox 2096 1223 3687 1295">
     <span class='ocr_line' id='line_1_27' title="bbox 2096 1223 3687 1295; baseline -0.003 -10"><span class='ocrx_word' id='word_1_190' title='bbox 2096 1243 2194 1285; x_wconf 86' lang='lat' dir='ltr'><strong>nes</strong></span> <span class='ocrx_word' id='word_1_191' title='bbox 2229 1241 2456 1283; x_wconf 91' lang='lat' dir='ltr'><strong>numero</strong></span> <span class='ocrx_word' id='word_1_192' title='bbox 2483 1225 2554 1282; x_wconf 79' lang='lat'><strong>55</strong></span> <span class='ocrx_word' id='word_1_193' title='bbox 2585 1234 2832 1281; x_wconf 89' lang='lat' dir='ltr'><strong>tenentes</strong></span> <span class='ocrx_word' id='word_1_194' title='bbox 2855 1240 2887 1280; x_wconf 91' lang='lat' dir='ltr'><strong>a</strong></span> <span class='ocrx_word' id='word_1_195' title='bbox 2912 1225 3281 1295; x_wconf 84' lang='lat' dir='ltr'><strong>septentrione</strong></span> <span class='ocrx_word' id='word_1_196' title='bbox 3314 1223 3367 1279; x_wconf 93' lang='lat' dir='ltr'><strong>in</strong></span> <span class='ocrx_word' id='word_1_197' title='bbox 3405 1223 3687 1280; x_wconf 88' lang='lat' dir='ltr'><strong>meridiem</strong></span> 
     </span>
    </p>
   </div>
   <div class='ocr_carea' id='block_1_28' title="bbox 2097 1314 3684 1388">
    <p class='ocr_par' dir='ltr' id='par_1_28' title="bbox 2097 1314 3684 1388">
     <span class='ocr_line' id='line_1_28' title="bbox 2097 1314 3684 1388; baseline -0.003 -15"><span class='ocrx_word' id='word_1_198' title='bbox 2097 1319 2264 1374; x_wconf 87' lang='lat' dir='ltr'><strong>millia</strong></span> <span class='ocrx_word' id='word_1_199' title='bbox 2279 1317 2594 1388; x_wconf 80' lang='lat' dir='ltr'><strong>quingenta,</strong></span> <span class='ocrx_word' id='word_1_200' title='bbox 2611 1315 2678 1370; x_wconf 92' lang='lat' dir='ltr'><strong>ab</strong></span> <span class='ocrx_word' id='word_1_201' title='bbox 2692 1315 2902 1370; x_wconf 87' lang='lat' dir='ltr'><strong>oriente</strong></span> <span class='ocrx_word' id='word_1_202' title='bbox 2916 1315 2968 1370; x_wconf 92' lang='lat' dir='ltr'><strong>in</strong></span> <span class='ocrx_word' id='word_1_203' title='bbox 2983 1329 3235 1371; x_wconf 86' lang='lat' dir='ltr'><strong>occasum</strong></span> <span class='ocrx_word' id='word_1_204' title='bbox 3250 1314 3418 1369; x_wconf 89' lang='lat' dir='ltr'><strong>millia</strong></span> <span class='ocrx_word' id='word_1_205' title='bbox 3431 1315 3684 1369; x_wconf 88' lang='lat' dir='ltr'><strong>ducenta.</strong></span> 
     </span>
    </p>
   </div>
   <div class='ocr_carea' id='block_1_29' title="bbox 2099 1404 3690 1478">
    <p class='ocr_par' dir='ltr' id='par_1_29' title="bbox 2099 1404 3690 1478">
     <span class='ocr_line' id='line_1_29' title="bbox 2099 1404 3690 1478; baseline -0.004 -12"><span class='ocrx_word' id='word_1_206' title='bbox 2099 1408 2409 1478; x_wconf 82' lang='lat' dir='ltr'><strong>Metropolis</strong></span> <span class='ocrx_word' id='word_1_207' title='bbox 2454 1421 2643 1462; x_wconf 88' lang='lat' dir='ltr'><strong>earum</strong></span> <span class='ocrx_word' id='word_1_208' title='bbox 2690 1406 2934 1463; x_wconf 74' lang='lat' dir='ltr'><strong>Rhodus.</strong></span> <span class='ocrx_word' id='word_1_209' title='bbox 2986 1405 3146 1461; x_wconf 88' lang='lat' dir='ltr'><strong>Delos</strong></span> <span class='ocrx_word' id='word_1_210' title='bbox 3190 1404 3364 1460; x_wconf 90' lang='lat' dir='ltr'><strong>insula</strong></span> <span class='ocrx_word' id='word_1_211' title='bbox 3411 1404 3467 1460; x_wconf 91' lang='lat' dir='ltr'><strong>in</strong></span> <span class='ocrx_word' id='word_1_212' title='bbox 3511 1404 3690 1460; x_wconf 87' lang='lat' dir='ltr'><strong>medio</strong></span> 
     </span>
    </p>
   </div>
   <div class='ocr_carea' id='block_1_30' title="bbox 2098 1492 3694 1571">
    <p class='ocr_par' dir='ltr' id='par_1_30' title="bbox 2098 1492 3694 1571">
     <span class='ocr_line' id='line_1_30' title="bbox 2098 1492 3694 1571; baseline -0.004 -16"><span class='ocrx_word' id='word_1_213' title='bbox 2098 1497 2390 1571; x_wconf 82' lang='lat' dir='ltr'><strong>Cycladum</strong></span> <span class='ocrx_word' id='word_1_214' title='bbox 2419 1497 2555 1561; x_wconf 90' lang='lat' dir='ltr'><strong>sita,</strong></span> <span class='ocrx_word' id='word_1_215' title='bbox 2585 1503 2642 1551; x_wconf 92' lang='lat' dir='ltr'><strong>et</strong></span> <span class='ocrx_word' id='word_1_216' title='bbox 2674 1495 2814 1551; x_wconf 89' lang='lat' dir='ltr'><strong>dicta</strong></span> <span class='ocrx_word' id='word_1_217' title='bbox 2849 1494 3007 1551; x_wconf 89' lang='lat' dir='ltr'><strong>Delos</strong></span> <span class='ocrx_word' id='word_1_218' title='bbox 3047 1492 3254 1562; x_wconf 81' lang='lat' dir='ltr'><strong>fertur,</strong></span> <span class='ocrx_word' id='word_1_219' title='bbox 3281 1493 3424 1564; x_wconf 90' lang='lat' dir='ltr'><strong>quod</strong></span> <span class='ocrx_word' id='word_1_220' title='bbox 3453 1497 3587 1565; x_wconf 86' lang='lat' dir='ltr'><strong>post</strong></span> <span class='ocrx_word' id='word_1_221' title='bbox 3611 1493 3694 1549; x_wconf 87' lang='lat' dir='ltr'><strong>di-</strong></span> 
     </span>
    </p>
   </div>
   <div class='ocr_carea' id='block_1_31' title="bbox 2100 1575 3694 1661">
    <p class='ocr_par' dir='ltr' id='par_1_31' title="bbox 2100 1575 3694 1661">
     <span class='ocr_line' id='line_1_31' title="bbox 2100 1575 3694 1661; baseline -0.004 -13"><span class='ocrx_word' id='word_1_222' title='bbox 2100 1592 2324 1656; x_wconf 86' lang='lat' dir='ltr'><strong>luvium,</strong></span> <span class='ocrx_word' id='word_1_223' title='bbox 2359 1590 2502 1661; x_wconf 89' lang='lat' dir='ltr'><strong>quod</strong></span> <span class='ocrx_word' id='word_1_224' title='bbox 2529 1575 2701 1661; x_wconf 80' lang='lat' dir='ltr'><strong>Dgygi</strong></span> <span class='ocrx_word' id='word_1_225' title='bbox 2731 1589 3065 1658; x_wconf 88' lang='lat' dir='ltr'><strong>temporibus</strong></span> <span class='ocrx_word' id='word_1_226' title='bbox 3092 1595 3329 1654; x_wconf 90' lang='lat' dir='ltr'><strong>notatur,</strong></span> <span class='ocrx_word' id='word_1_227' title='bbox 3355 1602 3479 1642; x_wconf 91' lang='lat' dir='ltr'><strong>cum</strong></span> <span class='ocrx_word' id='word_1_228' title='bbox 3507 1585 3694 1642; x_wconf 89' lang='lat' dir='ltr'><strong>orbem</strong></span> 
     </span>
    </p>
   </div>
   <div class='ocr_carea' id='block_1_32' title="bbox 2102 1677 3697 1744">
    <p class='ocr_par' dir='ltr' id='par_1_32' title="bbox 2102 1677 3697 1744">
     <span class='ocr_line' id='line_1_32' title="bbox 2102 1677 3697 1744; baseline -0.004 -4"><span class='ocrx_word' id='word_1_229' title='bbox 2102 1682 2292 1740; x_wconf 85' lang='lat' dir='ltr'><strong>multis</strong></span> <span class='ocrx_word' id='word_1_230' title='bbox 2339 1680 2618 1737; x_wconf 88' lang='lat' dir='ltr'><strong>mensibus</strong></span> <span class='ocrx_word' id='word_1_231' title='bbox 2659 1679 2916 1736; x_wconf 87' lang='lat' dir='ltr'><strong>continua</strong></span> <span class='ocrx_word' id='word_1_232' title='bbox 2963 1694 3074 1734; x_wconf 82' lang='lat' dir='ltr'><strong>nox</strong></span> <span class='ocrx_word' id='word_1_233' title='bbox 3119 1677 3480 1734; x_wconf 85' lang='lat' dir='ltr'><strong>inumbrasset</strong></span> <span class='ocrx_word' id='word_1_234' title='bbox 3503 1718 3519 1744; x_wconf 94' lang='lat'><strong>,</strong></span> <span class='ocrx_word' id='word_1_235' title='bbox 3567 1687 3697 1734; x_wconf 83' lang='lat' dir='ltr'><strong>ante</strong></span> 
     </span>
    </p>
   </div>
   <div class='ocr_carea' id='block_1_33' title="bbox 410 1769 3700 1858">
    <p class='ocr_par' dir='ltr' id='par_1_33' title="bbox 410 1769 3700 1858">
     <span class='ocr_line' id='line_1_33' title="bbox 410 1769 3700 1858; baseline -0.006 -12"><span class='ocrx_word' id='word_1_236' title='bbox 410 1785 700 1858; x_wconf 73' lang='lat' dir='ltr'><strong>subiacens</strong></span> <span class='ocrx_word' id='word_1_237' title='bbox 719 1783 788 1838; x_wconf 91' lang='lat' dir='ltr'><strong>ad</strong></span> <span class='ocrx_word' id='word_1_238' title='bbox 809 1782 1036 1846; x_wconf 87' lang='lat' dir='ltr'><strong>Eurum,</strong></span> <span class='ocrx_word' id='word_1_239' title='bbox 1061 1796 1128 1837; x_wconf 78' lang='lat' dir='ltr'><strong>ex</strong></span> <span class='ocrx_word' id='word_1_240' title='bbox 1149 1795 1256 1850; x_wconf 90' lang='lat' dir='ltr'><strong>qua</strong></span> <span class='ocrx_word' id='word_1_241' title='bbox 1281 1793 1516 1834; x_wconf 89' lang='lat' dir='ltr'><strong>oceanus</strong></span> <span class='ocrx_word' id='word_1_242' title='bbox 1541 1777 1754 1833; x_wconf 90' lang='lat' dir='ltr'><strong>lndicns</strong></span> <span class='ocrx_word' id='word_1_243' title='bbox 1779 1777 1998 1847; x_wconf 86' lang='lat' dir='ltr'><strong>incipit:</strong></span> <span class='ocrx_word' id='word_1_244' title='bbox 2030 1788 2078 1849; x_wconf 79' lang='grc' dir='ltr'><strong>Β</strong></span> <span class='ocrx_word' id='word_1_245' title='bbox 2105 1789 2294 1830; x_wconf 91' lang='lat' dir='ltr'><strong>omnes</strong></span> <span class='ocrx_word' id='word_1_246' title='bbox 2340 1780 2517 1827; x_wconf 87' lang='lat' dir='ltr'><strong>terras</strong></span> <span class='ocrx_word' id='word_1_247' title='bbox 2560 1771 2728 1826; x_wconf 89' lang='lat' dir='ltr'><strong>radiis</strong></span> <span class='ocrx_word' id='word_1_248' title='bbox 2759 1771 2888 1827; x_wconf 91' lang='lat' dir='ltr'><strong>solis</strong></span> <span class='ocrx_word' id='word_1_249' title='bbox 2933 1769 3230 1826; x_wconf 86' lang='lat' dir='ltr'><strong>illuminata</strong></span> <span class='ocrx_word' id='word_1_250' title='bbox 3255 1779 3359 1836; x_wconf 80' lang='lat' dir='ltr'><strong>est,</strong></span> <span class='ocrx_word' id='word_1_251' title='bbox 3397 1771 3700 1841; x_wconf 81' lang='lat' dir='ltr'><strong>sortitaque</strong></span> 
     </span>
    </p>
   </div>
   <div class='ocr_carea' id='block_1_34' title="bbox 409 1867 2006 1950">
    <p class='ocr_par' dir='ltr' id='par_1_34' title="bbox 409 1867 2006 1950">
     <span class='ocr_line' id='line_1_34' title="bbox 409 1867 2006 1950; baseline -0.009 -17"><span class='ocrx_word' id='word_1_252' title='bbox 409 1884 605 1950; x_wconf 86' lang='lat' dir='ltr'><strong>patens</strong></span> <span class='ocrx_word' id='word_1_253' title='bbox 645 1875 700 1930; x_wconf 91' lang='lat' dir='ltr'><strong>in</strong></span> <span class='ocrx_word' id='word_1_254' title='bbox 727 1871 1062 1942; x_wconf 79' lang='lat' dir='ltr'><strong>longitudine</strong></span> <span class='ocrx_word' id='word_1_255' title='bbox 1107 1869 1435 1942; x_wconf 80' lang='lat' dir='ltr'><strong>octingentis</strong></span> <span class='ocrx_word' id='word_1_256' title='bbox 1473 1867 1810 1938; x_wconf 79' lang='lat' dir='ltr'><strong>septuaginta</strong></span> <span class='ocrx_word' id='word_1_257' title='bbox 1848 1867 2006 1936; x_wconf 88' lang='lat' dir='ltr'><strong>quin-</strong></span> 
     </span>
    </p>
   </div>
   <div class='ocr_carea' id='block_1_35' title="bbox 413 1957 2006 2040">
    <p class='ocr_par' dir='ltr' id='par_1_35' title="bbox 413 1957 2006 2040">
     <span class='ocr_line' id='line_1_35' title="bbox 413 1957 2006 2040; baseline -0.007 -17"><span class='ocrx_word' id='word_1_258' title='bbox 413 1983 521 2040; x_wconf 86' lang='lat' dir='ltr'><strong>que</strong></span> <span class='ocrx_word' id='word_1_259' title='bbox 543 1966 782 2022; x_wconf 88' lang='lat' dir='ltr'><strong>millibus</strong></span> <span class='ocrx_word' id='word_1_260' title='bbox 809 1977 1089 2034; x_wconf 88' lang='lat' dir='ltr'><strong>passuum,</strong></span> <span class='ocrx_word' id='word_1_261' title='bbox 1121 1961 1175 2016; x_wconf 91' lang='lat' dir='ltr'><strong>in</strong></span> <span class='ocrx_word' id='word_1_262' title='bbox 1205 1960 1490 2016; x_wconf 87' lang='lat' dir='ltr'><strong>latitudine</strong></span> <span class='ocrx_word' id='word_1_263' title='bbox 1518 1959 1790 2014; x_wconf 79' lang='lat' dir='ltr'><strong>sexcentis</strong></span> <span class='ocrx_word' id='word_1_264' title='bbox 1820 1957 2006 2028; x_wconf 80' lang='lat' dir='ltr'><strong>viginti</strong></span> 
     </span>
    </p>
   </div>
   <div class='ocr_carea' id='block_1_36' title="bbox 415 2048 2005 2129">
    <p class='ocr_par' dir='ltr' id='par_1_36' title="bbox 415 2048 2005 2129">
     <span class='ocr_line' id='line_1_36' title="bbox 415 2048 2005 2129; baseline -0.007 -17"><span class='ocrx_word' id='word_1_265' title='bbox 415 2057 656 2129; x_wconf 88' lang='lat' dir='ltr'><strong>quinque</strong></span> <span class='ocrx_word' id='word_1_266' title='bbox 684 2052 922 2109; x_wconf 89' lang='lat' dir='ltr'><strong>millibus</strong></span> <span class='ocrx_word' id='word_1_267' title='bbox 969 2051 1290 2107; x_wconf 88' lang='lat' dir='ltr'><strong>stadiorum.</strong></span> <span class='ocrx_word' id='word_1_268' title='bbox 1329 2048 1606 2105; x_wconf 85' lang='lat' dir='ltr'><strong>Scinditur</strong></span> <span class='ocrx_word' id='word_1_269' title='bbox 1635 2063 1810 2104; x_wconf 63' lang='lat' dir='ltr'><strong>amne“</strong></span> <span class='ocrx_word' id='word_1_270' title='bbox 1837 2048 2005 2103; x_wconf 85' lang='lat' dir='ltr'><strong>inter-</strong></span> 
     </span>
    </p>
   </div>
   <div class='ocr_carea' id='block_1_37' title="bbox 415 2139 2009 2220">
    <p class='ocr_par' dir='ltr' id='par_1_37' title="bbox 415 2139 2009 2220">
     <span class='ocr_line' id='line_1_37' title="bbox 415 2139 2009 2220; baseline -0.007 -15"><span class='ocrx_word' id='word_1_271' title='bbox 415 2148 524 2205; x_wconf 83' lang='lat' dir='ltr'><strong>lluo</strong></span> <span class='ocrx_word' id='word_1_272' title='bbox 571 2154 680 2202; x_wconf 91' lang='lat' dir='ltr'><strong>tota</strong></span> <span class='ocrx_word' id='word_1_273' title='bbox 723 2144 1036 2220; x_wconf 77' lang='lat' dir='ltr'><strong>margaritis</strong></span> <span class='ocrx_word' id='word_1_274' title='bbox 1074 2141 1278 2213; x_wconf 89' lang='lat' dir='ltr'><strong>repleta</strong></span> <span class='ocrx_word' id='word_1_275' title='bbox 1319 2149 1375 2196; x_wconf 88' lang='lat' dir='ltr'><strong>et</strong></span> <span class='ocrx_word' id='word_1_276' title='bbox 1421 2141 1670 2212; x_wconf 88' lang='lat' dir='ltr'><strong>gemmis.</strong></span> <span class='ocrx_word' id='word_1_277' title='bbox 1714 2139 1850 2195; x_wconf 83' lang='lat' dir='ltr'><strong>Pars</strong></span> <span class='ocrx_word' id='word_1_278' title='bbox 1892 2140 2009 2210; x_wconf 82' lang='lat' dir='ltr'><strong>ejus</strong></span> 
     </span>
    </p>
   </div>
   <div class='ocr_carea' id='block_1_38' title="bbox 414 2228 2010 2308">
    <p class='ocr_par' dir='ltr' id='par_1_38' title="bbox 414 2228 2010 2308">
     <span class='ocr_line' id='line_1_38' title="bbox 414 2228 2010 2308; baseline -0.011 -10"><span class='ocrx_word' id='word_1_279' title='bbox 414 2237 604 2298; x_wconf 87' lang='lat' dir='ltr'><strong>bestiis</strong></span> <span class='ocrx_word' id='word_1_280' title='bbox 631 2245 688 2294; x_wconf 91' lang='lat' dir='ltr'><strong>et</strong></span> <span class='ocrx_word' id='word_1_281' title='bbox 714 2235 1016 2308; x_wconf 87' lang='lat' dir='ltr'><strong>elephantis</strong></span> <span class='ocrx_word' id='word_1_282' title='bbox 1057 2233 1265 2304; x_wconf 87' lang='lat' dir='ltr'><strong>repleta</strong></span> <span class='ocrx_word' id='word_1_283' title='bbox 1293 2239 1396 2298; x_wconf 88' lang='lat' dir='ltr'><strong>est,</strong></span> <span class='ocrx_word' id='word_1_284' title='bbox 1436 2241 1648 2302; x_wconf 88' lang='lat' dir='ltr'><strong>partem</strong></span> <span class='ocrx_word' id='word_1_285' title='bbox 1674 2244 1804 2286; x_wconf 84' lang='lat' dir='ltr'><strong>vero</strong></span> <span class='ocrx_word' id='word_1_286' title='bbox 1837 2228 2010 2283; x_wconf 82' lang='lat' dir='ltr'><strong>homi-</strong></span> 
     </span>
    </p>
   </div>
   <div class='ocr_carea' id='block_1_39' title="bbox 417 2320 2011 2390">
    <p class='ocr_par' dir='ltr' id='par_1_39' title="bbox 417 2320 2011 2390">
     <span class='ocr_line' id='line_1_39' title="bbox 417 2320 2011 2390; baseline -0.009 0"><span class='ocrx_word' id='word_1_287' title='bbox 417 2349 516 2390; x_wconf 89' lang='lat' dir='ltr'><strong>nes</strong></span> <span class='ocrx_word' id='word_1_288' title='bbox 539 2338 746 2387; x_wconf 90' lang='lat' dir='ltr'><strong>tenent.</strong></span> <span class='ocrx_word' id='word_1_289' title='bbox 779 2329 838 2383; x_wconf 88' lang='lat' dir='ltr'><strong>In</strong></span> <span class='ocrx_word' id='word_1_290' title='bbox 871 2329 976 2384; x_wconf 90' lang='lat' dir='ltr'><strong>hac</strong></span> <span class='ocrx_word' id='word_1_291' title='bbox 1005 2325 1198 2382; x_wconf 84' lang='lat' dir='ltr'><strong>insula</strong></span> <span class='ocrx_word' id='word_1_292' title='bbox 1241 2324 1431 2380; x_wconf 89' lang='lat' dir='ltr'><strong>dicunt</strong></span> <span class='ocrx_word' id='word_1_293' title='bbox 1469 2323 1525 2378; x_wconf 90' lang='lat' dir='ltr'><strong>in</strong></span> <span class='ocrx_word' id='word_1_294' title='bbox 1567 2337 1675 2377; x_wconf 89' lang='lat' dir='ltr'><strong>uno</strong></span> <span class='ocrx_word' id='word_1_295' title='bbox 1711 2336 1854 2377; x_wconf 89' lang='lat' dir='ltr'><strong>anno</strong></span> <span class='ocrx_word' id='word_1_296' title='bbox 1877 2320 2011 2375; x_wconf 91' lang='lat' dir='ltr'><strong>duas</strong></span> 
     </span>
    </p>
   </div>
   <div class='ocr_carea' id='block_1_40' title="bbox 415 2413 2004 2484">
    <p class='ocr_par' dir='ltr' id='par_1_40' title="bbox 415 2413 2004 2484">
     <span class='ocr_line' id='line_1_40' title="bbox 415 2413 2004 2484; baseline -0.009 -4"><span class='ocrx_word' id='word_1_297' title='bbox 415 2437 540 2480; x_wconf 82' lang='lat' dir='ltr'><strong>esse</strong></span> <span class='ocrx_word' id='word_1_298' title='bbox 571 2430 790 2478; x_wconf 87' lang='lat' dir='ltr'><strong>aestates</strong></span> <span class='ocrx_word' id='word_1_299' title='bbox 817 2431 870 2475; x_wconf 90' lang='lat' dir='ltr'><strong>et</strong></span> <span class='ocrx_word' id='word_1_300' title='bbox 897 2419 1032 2474; x_wconf 87' lang='lat' dir='ltr'><strong>duas</strong></span> <span class='ocrx_word' id='word_1_301' title='bbox 1061 2418 1288 2484; x_wconf 90' lang='lat' dir='ltr'><strong>hiemes,</strong></span> <span class='ocrx_word' id='word_1_302' title='bbox 1314 2423 1371 2472; x_wconf 91' lang='lat' dir='ltr'><strong>et</strong></span> <span class='ocrx_word' id='word_1_303' title='bbox 1402 2415 1486 2471; x_wconf 93' lang='lat' dir='ltr'><strong>bis</strong></span> <span class='ocrx_word' id='word_1_304' title='bbox 1511 2413 1732 2470; x_wconf 86' lang='lat' dir='ltr'><strong>floribus</strong></span> <span class='ocrx_word' id='word_1_305' title='bbox 1758 2425 2004 2476; x_wconf 80' lang='lat' dir='ltr'><strong>vernare,</strong></span> 
     </span>
    </p>
   </div>
   <div class='ocr_carea' id='block_1_41' title="bbox 419 2501 2012 2587">
    <p class='ocr_par' dir='ltr' id='par_1_41' title="bbox 419 2501 2012 2587">
     <span class='ocr_line' id='line_1_41' title="bbox 419 2501 2012 2587; baseline -0.008 -16"><span class='ocrx_word' id='word_1_306' title='bbox 419 2512 783 2587; x_wconf 84' lang='lat' dir='ltr'><strong>Tylosinsula</strong></span> <span class='ocrx_word' id='word_1_307' title='bbox 812 2511 974 2566; x_wconf 79' lang='lat' dir='ltr'><strong>Indiae</strong></span> <span class='ocrx_word' id='word_1_308' title='bbox 1008 2509 1187 2566; x_wconf 86' lang='lat' dir='ltr'><strong>ferens</strong></span> <span class='ocrx_word' id='word_1_309' title='bbox 1239 2509 1387 2566; x_wconf 92' lang='lat' dir='ltr'><strong>omni</strong></span> <span class='ocrx_word' id='word_1_310' title='bbox 1428 2512 1672 2578; x_wconf 89' lang='lat' dir='ltr'><strong>tempore</strong></span> <span class='ocrx_word' id='word_1_311' title='bbox 1716 2503 1863 2559; x_wconf 89' lang='lat' dir='ltr'><strong>folia.</strong></span> <span class='ocrx_word' id='word_1_312' title='bbox 1895 2501 2012 2558; x_wconf 89' lang='lat' dir='ltr'><strong>Huc</strong></span> 
     </span>
    </p>
   </div>
   <div class='ocr_carea' id='block_1_42' title="bbox 422 2593 2013 2673">
    <p class='ocr_par' dir='ltr' id='par_1_42' title="bbox 422 2593 2013 2673">
     <span class='ocr_line' id='line_1_42' title="bbox 422 2593 2013 2673; baseline -0.006 -16"><span class='ocrx_word' id='word_1_313' title='bbox 422 2617 597 2673; x_wconf 83' lang='lat' dir='ltr'><strong>usque</strong></span> <span class='ocrx_word' id='word_1_314' title='bbox 630 2601 830 2656; x_wconf 89' lang='lat' dir='ltr'><strong>Oceani</strong></span> <span class='ocrx_word' id='word_1_315' title='bbox 869 2599 1078 2656; x_wconf 75' lang='lat' dir='ltr'><strong>insulae.</strong></span> <span class='ocrx_word' id='word_1_316' title='bbox 1119 2600 1251 2656; x_wconf 85' lang='lat' dir='ltr'><strong>Item</strong></span> <span class='ocrx_word' id='word_1_317' title='bbox 1288 2599 1493 2664; x_wconf 78' lang='lat' dir='ltr'><strong>insulae,</strong></span> <span class='ocrx_word' id='word_1_318' title='bbox 1523 2611 1644 2670; x_wconf 83' lang='lat' dir='ltr'><strong>quae</strong></span> <span class='ocrx_word' id='word_1_319' title='bbox 1693 2595 1762 2650; x_wconf 90' lang='lat' dir='ltr'><strong>ab</strong></span> <span class='ocrx_word' id='word_1_320' title='bbox 1808 2593 2013 2649; x_wconf 89' lang='lat' dir='ltr'><strong>Helles-</strong></span> 
     </span>
    </p>
   </div>
   <div class='ocr_carea' id='block_1_43' title="bbox 418 2685 2014 2766">
    <p class='ocr_par' dir='ltr' id='par_1_43' title="bbox 418 2685 2014 2766">
     <span class='ocr_line' id='line_1_43' title="bbox 418 2685 2014 2766; baseline -0.006 -16"><span class='ocrx_word' id='word_1_321' title='bbox 418 2704 590 2766; x_wconf 90' lang='lat' dir='ltr'><strong>ponto</strong></span> <span class='ocrx_word' id='word_1_322' title='bbox 618 2707 790 2763; x_wconf 90' lang='lat' dir='ltr'><strong>usque</strong></span> <span class='ocrx_word' id='word_1_323' title='bbox 822 2691 888 2747; x_wconf 88' lang='lat' dir='ltr'><strong>ad</strong></span> <span class='ocrx_word' id='word_1_324' title='bbox 931 2691 1110 2747; x_wconf 88' lang='lat' dir='ltr'><strong>Gades</strong></span> <span class='ocrx_word' id='word_1_325' title='bbox 1157 2692 1213 2746; x_wconf 91' lang='lat' dir='ltr'><strong>in</strong></span> <span class='ocrx_word' id='word_1_326' title='bbox 1265 2693 1404 2747; x_wconf 87' lang='lat' dir='ltr'><strong>mari</strong></span> <span class='ocrx_word' id='word_1_327' title='bbox 1433 2691 1628 2761; x_wconf 80' lang='lat' dir='ltr'><strong>Magno</strong></span> <span class='ocrx_word' id='word_1_328' title='bbox 1661 2695 1786 2744; x_wconf 89' lang='lat' dir='ltr'><strong>sunt</strong></span> <span class='ocrx_word' id='word_1_329' title='bbox 1811 2685 2014 2741; x_wconf 89' lang='lat' dir='ltr'><strong>consti-</strong></span> 
     </span>
    </p>
   </div>
   <div class='ocr_carea' id='block_1_44' title="bbox 423 2777 2011 2853">
    <p class='ocr_par' dir='ltr' id='par_1_44' title="bbox 423 2777 2011 2853">
     <span class='ocr_line' id='line_1_44' title="bbox 423 2777 2011 2853; baseline -0.007 -14"><span class='ocrx_word' id='word_1_330' title='bbox 423 2793 576 2839; x_wconf 79' lang='lat' dir='ltr'><strong>tutae.</strong></span> <span class='ocrx_word' id='word_1_331' title='bbox 605 2781 816 2853; x_wconf 82' lang='lat' dir='ltr'><strong>Cyprus</strong></span> <span class='ocrx_word' id='word_1_332' title='bbox 842 2779 1013 2836; x_wconf 90' lang='lat' dir='ltr'><strong>insula</strong></span> <span class='ocrx_word' id='word_1_333' title='bbox 1051 2794 1082 2834; x_wconf 87' lang='lat' dir='ltr'><strong>a</strong></span> <span class='ocrx_word' id='word_1_334' title='bbox 1102 2781 1320 2835; x_wconf 89' lang='lat' dir='ltr'><strong>civitate</strong></span> <span class='ocrx_word' id='word_1_335' title='bbox 1341 2779 1540 2852; x_wconf 83' lang='lat' dir='ltr'><strong>Cypro,</strong></span> <span class='ocrx_word' id='word_1_336' title='bbox 1569 2794 1690 2848; x_wconf 76' lang='lat' dir='ltr'><strong>quae</strong></span> <span class='ocrx_word' id='word_1_337' title='bbox 1723 2777 1776 2831; x_wconf 90' lang='lat' dir='ltr'><strong>in</strong></span> <span class='ocrx_word' id='word_1_338' title='bbox 1815 2790 1878 2830; x_wconf 88' lang='lat' dir='ltr'><strong>ea</strong></span> <span class='ocrx_word' id='word_1_339' title='bbox 1905 2780 2011 2840; x_wconf 89' lang='lat' dir='ltr'><strong>est,</strong></span> 
     </span>
    </p>
   </div>
   <div class='ocr_carea' id='block_1_45' title="bbox 426 2869 2014 2942">
    <p class='ocr_par' dir='ltr' id='par_1_45' title="bbox 426 2869 2014 2942">
     <span class='ocr_line' id='line_1_45' title="bbox 426 2869 2014 2942; baseline -0.008 -12"><span class='ocrx_word' id='word_1_340' title='bbox 426 2887 624 2930; x_wconf 85' lang='lat' dir='ltr'><strong>nomen</strong></span> <span class='ocrx_word' id='word_1_341' title='bbox 653 2872 859 2942; x_wconf 84' lang='lat' dir='ltr'><strong>accepit</strong></span> <span class='ocrx_word' id='word_1_342' title='bbox 893 2888 906 2925; x_wconf 92' lang='lat'><strong>:</strong></span> <span class='ocrx_word' id='word_1_343' title='bbox 936 2871 1052 2942; x_wconf 89' lang='lat' dir='ltr'><strong>ipsa</strong></span> <span class='ocrx_word' id='word_1_344' title='bbox 1085 2879 1170 2926; x_wconf 89' lang='lat' dir='ltr'><strong>est</strong></span> <span class='ocrx_word' id='word_1_345' title='bbox 1204 2870 1418 2940; x_wconf 84' lang='lat' dir='ltr'><strong>Paphos</strong></span> <span class='ocrx_word' id='word_1_346' title='bbox 1451 2869 1646 2925; x_wconf 76' lang='lat' dir='ltr'><strong>Veneri</strong></span> <span class='ocrx_word' id='word_1_347' title='bbox 1696 2872 2014 2923; x_wconf 87' lang='lat' dir='ltr'><strong>consecrata</strong></span> 
     </span>
    </p>
   </div>
   <div class='ocr_carea' id='block_1_46' title="bbox 425 2957 2015 3034">
    <p class='ocr_par' dir='ltr' id='par_1_46' title="bbox 425 2957 2015 3034">
     <span class='ocr_line' id='line_1_46' title="bbox 425 2957 2015 3034; baseline -0.007 -14"><span class='ocrx_word' id='word_1_348' title='bbox 425 2964 481 3020; x_wconf 90' lang='lat' dir='ltr'><strong>in</strong></span> <span class='ocrx_word' id='word_1_349' title='bbox 511 2963 808 3034; x_wconf 84' lang='lat' dir='ltr'><strong>Carpathio</strong></span> <span class='ocrx_word' id='word_1_350' title='bbox 839 2963 998 3029; x_wconf 86' lang='lat' dir='ltr'><strong>mari,</strong></span> <span class='ocrx_word' id='word_1_351' title='bbox 1043 2963 1216 3018; x_wconf 90' lang='lat' dir='ltr'><strong>vicina</strong></span> <span class='ocrx_word' id='word_1_352' title='bbox 1240 2962 1456 3027; x_wconf 79' lang='lat' dir='ltr'><strong>Austro,</strong></span> <span class='ocrx_word' id='word_1_353' title='bbox 1505 2961 1711 3016; x_wconf 90' lang='lat' dir='ltr'><strong>famosa</strong></span> <span class='ocrx_word' id='word_1_354' title='bbox 1743 2957 2015 3030; x_wconf 89' lang='lat' dir='ltr'><strong>quondam</strong></span> 
     </span>
    </p>
   </div>
   <div class='ocr_carea' id='block_1_47' title="bbox 424 3051 2016 3124">
    <p class='ocr_par' dir='ltr' id='par_1_47' title="bbox 424 3051 2016 3124">
     <span class='ocr_line' id='line_1_47' title="bbox 424 3051 2016 3124; baseline -0.001 -14"><span class='ocrx_word' id='word_1_355' title='bbox 424 3053 648 3119; x_wconf 86' lang='lat' dir='ltr'><strong>divitiis,</strong></span> <span class='ocrx_word' id='word_1_356' title='bbox 675 3061 729 3108; x_wconf 90' lang='lat' dir='ltr'><strong>et</strong></span> <span class='ocrx_word' id='word_1_357' title='bbox 756 3053 989 3107; x_wconf 74' lang='lat' dir='ltr'><strong>maxime</strong></span> <span class='ocrx_word' id='word_1_358' title='bbox 1013 3053 1138 3108; x_wconf 82' lang='lat' dir='ltr'><strong>aeris</strong></span> <span class='ocrx_word' id='word_1_359' title='bbox 1165 3071 1178 3107; x_wconf 86' lang='lat'><strong>:</strong></span> <span class='ocrx_word' id='word_1_360' title='bbox 1209 3053 1283 3108; x_wconf 88' lang='lat' dir='ltr'><strong>ibi</strong></span> <span class='ocrx_word' id='word_1_361' title='bbox 1305 3053 1448 3108; x_wconf 91' lang='lat' dir='ltr'><strong>cnim</strong></span> <span class='ocrx_word' id='word_1_362' title='bbox 1496 3053 1669 3124; x_wconf 86' lang='lat' dir='ltr'><strong>prima</strong></span> <span class='ocrx_word' id='word_1_363' title='bbox 1709 3051 1868 3122; x_wconf 88' lang='lat' dir='ltr'><strong>hujus</strong></span> <span class='ocrx_word' id='word_1_364' title='bbox 1902 3068 2016 3108; x_wconf 90' lang='lat' dir='ltr'><strong>mc-</strong></span> 
     </span>
    </p>
   </div>
   <div class='ocr_carea' id='block_1_48' title="bbox 2108 1861 3698 1934">
    <p class='ocr_par' dir='ltr' id='par_1_48' title="bbox 2108 1861 3698 1934">
     <span class='ocr_line' id='line_1_48' title="bbox 2108 1861 3698 1934; baseline -0.003 -13"><span class='ocrx_word' id='word_1_365' title='bbox 2108 1881 2177 1922; x_wconf 81' lang='lat' dir='ltr'><strong>ex</strong></span> <span class='ocrx_word' id='word_1_366' title='bbox 2197 1880 2262 1921; x_wconf 91' lang='lat' dir='ltr'><strong>eo</strong></span> <span class='ocrx_word' id='word_1_367' title='bbox 2282 1879 2500 1929; x_wconf 87' lang='lat' dir='ltr'><strong>nomen,</strong></span> <span class='ocrx_word' id='word_1_368' title='bbox 2523 1863 2668 1934; x_wconf 89' lang='lat' dir='ltr'><strong>quod</strong></span> <span class='ocrx_word' id='word_1_369' title='bbox 2695 1863 2867 1934; x_wconf 88' lang='lat' dir='ltr'><strong>prima</strong></span> <span class='ocrx_word' id='word_1_370' title='bbox 2893 1861 3238 1918; x_wconf 87' lang='lat' dir='ltr'><strong>manifestata</strong></span> <span class='ocrx_word' id='word_1_371' title='bbox 3261 1861 3450 1918; x_wconf 89' lang='lat' dir='ltr'><strong>fuisset</strong></span> <span class='ocrx_word' id='word_1_372' title='bbox 3471 1861 3698 1917; x_wconf 82' lang='lat' dir='ltr'><strong>visibus.</strong></span> 
     </span>
    </p>
   </div>
   <div class='ocr_carea' id='block_1_49' title="bbox 2107 1953 3700 2025">
    <p class='ocr_par' dir='ltr' id='par_1_49' title="bbox 2107 1953 3700 2025">
     <span class='ocr_line' id='line_1_49' title="bbox 2107 1953 3700 2025; baseline -0.003 -11"><span class='ocrx_word' id='word_1_373' title='bbox 2107 1959 2242 2014; x_wconf 85' lang='lat' dir='ltr'><strong>Nam</strong></span> <span class='ocrx_word' id='word_1_374' title='bbox 2260 1958 2416 2017; x_wconf 85' lang='lat' dir='ltr'><strong>delon</strong></span> <span class='ocrx_word' id='word_1_375' title='bbox 2430 1956 2616 2014; x_wconf 83' lang='lat' dir='ltr'><strong>Graece</strong></span> <span class='ocrx_word' id='word_1_376' title='bbox 2631 1957 2996 2012; x_wconf 89' lang='lat' dir='ltr'><strong>manifestum.</strong></span> <span class='ocrx_word' id='word_1_377' title='bbox 3014 1955 3222 2012; x_wconf 90' lang='lat' dir='ltr'><strong>Dicitur</strong></span> <span class='ocrx_word' id='word_1_378' title='bbox 3238 1955 3382 2010; x_wconf 89' lang='lat' dir='ltr'><strong>enim</strong></span> <span class='ocrx_word' id='word_1_379' title='bbox 3403 1963 3458 2010; x_wconf 89' lang='lat' dir='ltr'><strong>et</strong></span> <span class='ocrx_word' id='word_1_380' title='bbox 3477 1953 3700 2025; x_wconf 83' lang='lat' dir='ltr'><strong>Ortygia</strong></span> 
     </span>
    </p>
   </div>
   <div class='ocr_carea' id='block_1_50' title="bbox 2109 2049 3701 2124">
    <p class='ocr_par' dir='ltr' id='par_1_50' title="bbox 2109 2049 3701 2124">
     <span class='ocr_line' id='line_1_50' title="bbox 2109 2049 3701 2124; baseline -0.004 -15"><span class='ocrx_word' id='word_1_381' title='bbox 2109 2068 2176 2109; x_wconf 88' lang='lat' dir='ltr'><strong>eo</strong></span> <span class='ocrx_word' id='word_1_382' title='bbox 2205 2051 2348 2124; x_wconf 90' lang='lat' dir='ltr'><strong>quod</strong></span> <span class='ocrx_word' id='word_1_383' title='bbox 2385 2051 2620 2123; x_wconf 87' lang='lat' dir='ltr'><strong>primum</strong></span> <span class='ocrx_word' id='word_1_384' title='bbox 2649 2050 2722 2106; x_wconf 89' lang='lat' dir='ltr'><strong>ibi</strong></span> <span class='ocrx_word' id='word_1_385' title='bbox 2748 2051 2876 2105; x_wconf 84' lang='lat' dir='ltr'><strong>visae</strong></span> <span class='ocrx_word' id='word_1_386' title='bbox 2903 2057 3030 2104; x_wconf 91' lang='lat' dir='ltr'><strong>sunt</strong></span> <span class='ocrx_word' id='word_1_387' title='bbox 3053 2049 3360 2106; x_wconf 89' lang='lat' dir='ltr'><strong>coturnices</strong></span> <span class='ocrx_word' id='word_1_388' title='bbox 3385 2063 3530 2114; x_wconf 88' lang='lat' dir='ltr'><strong>aves,</strong></span> <span class='ocrx_word' id='word_1_389' title='bbox 3562 2062 3701 2117; x_wconf 85' lang='lat' dir='ltr'><strong>quas</strong></span> 
     </span>
    </p>
   </div>
   <div class='ocr_carea' id='block_1_51' title="bbox 2109 2138 3703 2214">
    <p class='ocr_par' dir='ltr' id='par_1_51' title="bbox 2109 2138 3703 2214">
     <span class='ocr_line' id='line_1_51' title="bbox 2109 2138 3703 2214; baseline -0.003 -15"><span class='ocrx_word' id='word_1_390' title='bbox 2109 2143 2286 2199; x_wconf 79' lang='lat' dir='ltr'><strong>Graeci</strong></span> <span class='ocrx_word' id='word_1_391' title='bbox 2313 2151 2535 2214; x_wconf 89' lang='lat' dir='ltr'><strong>ortygas</strong></span> <span class='ocrx_word' id='word_1_392' title='bbox 2557 2149 2772 2196; x_wconf 89' lang='lat' dir='ltr'><strong>vocant.</strong></span> <span class='ocrx_word' id='word_1_393' title='bbox 2795 2140 2853 2196; x_wconf 89' lang='lat' dir='ltr'><strong>In</strong></span> <span class='ocrx_word' id='word_1_394' title='bbox 2884 2140 2988 2194; x_wconf 87' lang='lat' dir='ltr'><strong>hac</strong></span> <span class='ocrx_word' id='word_1_395' title='bbox 3007 2139 3179 2196; x_wconf 88' lang='lat' dir='ltr'><strong>insula</strong></span> <span class='ocrx_word' id='word_1_396' title='bbox 3204 2139 3410 2194; x_wconf 89' lang='lat' dir='ltr'><strong>Latona</strong></span> <span class='ocrx_word' id='word_1_397' title='bbox 3434 2138 3594 2194; x_wconf 80' lang='lat' dir='ltr'><strong>enixa</strong></span> <span class='ocrx_word' id='word_1_398' title='bbox 3619 2145 3703 2194; x_wconf 89' lang='lat' dir='ltr'><strong>est</strong></span> 
     </span>
    </p>
   </div>
   <div class='ocr_carea' id='block_1_52' title="bbox 2109 2229 3705 2308">
    <p class='ocr_par' dir='ltr' id='par_1_52' title="bbox 2109 2229 3705 2308">
     <span class='ocr_line' id='line_1_52' title="bbox 2109 2229 3705 2308; baseline -0.005 -16"><span class='ocrx_word' id='word_1_399' title='bbox 2109 2235 2415 2308; x_wconf 84' lang='lat' dir='ltr'><strong>Apollinem</strong></span> <span class='ocrx_word' id='word_1_400' title='bbox 2447 2243 2504 2289; x_wconf 92' lang='lat' dir='ltr'><strong>et</strong></span> <span class='ocrx_word' id='word_1_401' title='bbox 2544 2233 2790 2288; x_wconf 88' lang='lat' dir='ltr'><strong>Dianam.</strong></span> <span class='ocrx_word' id='word_1_402' title='bbox 2819 2232 2980 2288; x_wconf 90' lang='lat' dir='ltr'><strong>Delos</strong></span> <span class='ocrx_word' id='word_1_403' title='bbox 3010 2237 3189 2286; x_wconf 88' lang='lat' dir='ltr'><strong>autem</strong></span> <span class='ocrx_word' id='word_1_404' title='bbox 3211 2239 3268 2285; x_wconf 93' lang='lat' dir='ltr'><strong>et</strong></span> <span class='ocrx_word' id='word_1_405' title='bbox 3293 2229 3486 2286; x_wconf 88' lang='lat' dir='ltr'><strong>civitas</strong></span> <span class='ocrx_word' id='word_1_406' title='bbox 3506 2229 3705 2285; x_wconf 89' lang='lat' dir='ltr'><strong>dicitur</strong></span> 
     </span>
    </p>
   </div>
   <div class='ocr_carea' id='block_1_53' title="bbox 2112 2319 3701 2395">
    <p class='ocr_par' dir='ltr' id='par_1_53' title="bbox 2112 2319 3701 2395">
     <span class='ocr_line' id='line_1_53' title="bbox 2112 2319 3701 2395; baseline -0.008 -11"><span class='ocrx_word' id='word_1_407' title='bbox 2112 2337 2169 2384; x_wconf 91' lang='lat' dir='ltr'><strong>et</strong></span> <span class='ocrx_word' id='word_1_408' title='bbox 2190 2325 2387 2382; x_wconf 89' lang='lat' dir='ltr'><strong>insula.</strong></span> <span class='ocrx_word' id='word_1_409' title='bbox 2413 2323 2634 2380; x_wconf 82' lang='lat' dir='ltr'><strong>Rhodos</strong></span> <span class='ocrx_word' id='word_1_410' title='bbox 2659 2322 2833 2378; x_wconf 90' lang='lat' dir='ltr'><strong>insula</strong></span> <span class='ocrx_word' id='word_1_411' title='bbox 2859 2321 3148 2395; x_wconf 88' lang='lat' dir='ltr'><strong>Cycladum</strong></span> <span class='ocrx_word' id='word_1_412' title='bbox 3173 2321 3348 2392; x_wconf 88' lang='lat' dir='ltr'><strong>prima</strong></span> <span class='ocrx_word' id='word_1_413' title='bbox 3377 2319 3446 2376; x_wconf 88' lang='lat' dir='ltr'><strong>ab</strong></span> <span class='ocrx_word' id='word_1_414' title='bbox 3471 2319 3701 2384; x_wconf 87' lang='lat' dir='ltr'><strong>oriente,</strong></span> 
     </span>
    </p>
   </div>
   <div class='ocr_carea' id='block_1_54' title="bbox 2114 2410 3703 2488">
    <p class='ocr_par' dir='ltr' id='par_1_54' title="bbox 2114 2410 3703 2488">
     <span class='ocr_line' id='line_1_54' title="bbox 2114 2410 3703 2488; baseline -0.004 -15"><span class='ocrx_word' id='word_1_415' title='bbox 2114 2419 2168 2474; x_wconf 92' lang='lat' dir='ltr'><strong>in</strong></span> <span class='ocrx_word' id='word_1_416' title='bbox 2212 2432 2322 2488; x_wconf 89' lang='lat' dir='ltr'><strong>qua</strong></span> <span class='ocrx_word' id='word_1_417' title='bbox 2370 2431 2508 2473; x_wconf 79' lang='lat' dir='ltr'><strong>rosae</strong></span> <span class='ocrx_word' id='word_1_418' title='bbox 2547 2415 2840 2487; x_wconf 86' lang='lat' dir='ltr'><strong>capitulum</strong></span> <span class='ocrx_word' id='word_1_419' title='bbox 2867 2414 3067 2470; x_wconf 89' lang='lat' dir='ltr'><strong>dicitur</strong></span> <span class='ocrx_word' id='word_1_420' title='bbox 3094 2428 3217 2469; x_wconf 90' lang='lat' dir='ltr'><strong>esse</strong></span> <span class='ocrx_word' id='word_1_421' title='bbox 3245 2412 3540 2473; x_wconf 63' lang='lat' dir='ltr'><strong>inventum~</strong></span> <span class='ocrx_word' id='word_1_422' title='bbox 3571 2410 3703 2466; x_wconf 86' lang='lat' dir='ltr'><strong>dum</strong></span> 
     </span>
    </p>
   </div>
   <div class='ocr_carea' id='block_1_55' title="bbox 2115 2502 3705 2578">
    <p class='ocr_par' dir='ltr' id='par_1_55' title="bbox 2115 2502 3705 2578">
     <span class='ocr_line' id='line_1_55' title="bbox 2115 2502 3705 2578; baseline -0.006 -10"><span class='ocrx_word' id='word_1_423' title='bbox 2115 2512 2190 2568; x_wconf 91' lang='lat' dir='ltr'><strong>ibi</strong></span> <span class='ocrx_word' id='word_1_424' title='bbox 2220 2511 2413 2567; x_wconf 89' lang='lat' dir='ltr'><strong>civitas</strong></span> <span class='ocrx_word' id='word_1_425' title='bbox 2433 2509 2758 2566; x_wconf 87' lang='lat' dir='ltr'><strong>conderetur</strong></span> <span class='ocrx_word' id='word_1_426' title='bbox 2785 2527 2800 2563; x_wconf 91' lang='lat'><strong>:</strong></span> <span class='ocrx_word' id='word_1_427' title='bbox 2831 2522 2898 2562; x_wconf 79' lang='lat' dir='ltr'><strong>ex</strong></span> <span class='ocrx_word' id='word_1_428' title='bbox 2923 2521 3032 2578; x_wconf 88' lang='lat' dir='ltr'><strong>quo</strong></span> <span class='ocrx_word' id='word_1_429' title='bbox 3056 2505 3186 2562; x_wconf 91' lang='lat' dir='ltr'><strong>urbs</strong></span> <span class='ocrx_word' id='word_1_430' title='bbox 3205 2515 3262 2561; x_wconf 92' lang='lat' dir='ltr'><strong>et</strong></span> <span class='ocrx_word' id='word_1_431' title='bbox 3281 2505 3455 2560; x_wconf 87' lang='lat' dir='ltr'><strong>insula</strong></span> <span class='ocrx_word' id='word_1_432' title='bbox 3482 2502 3705 2560; x_wconf 82' lang='lat' dir='ltr'><strong>Rhodos</strong></span> 
     </span>
    </p>
   </div>
   <div class='ocr_carea' id='block_1_56' title="bbox 2115 2596 3704 2676">
    <p class='ocr_par' dir='ltr' id='par_1_56' title="bbox 2115 2596 3704 2676">
     <span class='ocr_line' id='line_1_56' title="bbox 2115 2596 3704 2676; baseline -0.006 -16"><span class='ocrx_word' id='word_1_433' title='bbox 2115 2613 2200 2660; x_wconf 89' lang='lat' dir='ltr'><strong>est</strong></span> <span class='ocrx_word' id='word_1_434' title='bbox 2225 2603 2514 2676; x_wconf 89' lang='lat' dir='ltr'><strong>appellata.</strong></span> <span class='ocrx_word' id='word_1_435' title='bbox 2552 2601 2611 2657; x_wconf 86' lang='lat' dir='ltr'><strong>In</strong></span> <span class='ocrx_word' id='word_1_436' title='bbox 2649 2603 2754 2657; x_wconf 91' lang='lat' dir='ltr'><strong>hac</strong></span> <span class='ocrx_word' id='word_1_437' title='bbox 2775 2599 2907 2656; x_wconf 89' lang='lat' dir='ltr'><strong>urbe</strong></span> <span class='ocrx_word' id='word_1_438' title='bbox 2947 2600 3074 2656; x_wconf 90' lang='lat' dir='ltr'><strong>solis</strong></span> <span class='ocrx_word' id='word_1_439' title='bbox 3113 2599 3368 2655; x_wconf 90' lang='lat' dir='ltr'><strong>Colossus</strong></span> <span class='ocrx_word' id='word_1_440' title='bbox 3389 2596 3704 2664; x_wconf 67' lang='lat' dir='ltr'><strong>fuitatreus,</strong></span> 
     </span>
    </p>
   </div>
   <div class='ocr_carea' id='block_1_57' title="bbox 2115 2689 3706 2771">
    <p class='ocr_par' dir='ltr' id='par_1_57' title="bbox 2115 2689 3706 2771">
     <span class='ocr_line' id='line_1_57' title="bbox 2115 2689 3706 2771; baseline -0.007 -15"><span class='ocrx_word' id='word_1_441' title='bbox 2115 2699 2455 2771; x_wconf 87' lang='lat' dir='ltr'><strong>septuaginta</strong></span> <span class='ocrx_word' id='word_1_442' title='bbox 2507 2696 2811 2752; x_wconf 88' lang='lat' dir='ltr'><strong>cubitorum</strong></span> <span class='ocrx_word' id='word_1_443' title='bbox 2855 2695 3142 2750; x_wconf 91' lang='lat' dir='ltr'><strong>altitudine</strong></span> <span class='ocrx_word' id='word_1_444' title='bbox 3188 2711 3202 2748; x_wconf 87' lang='lat'><strong>:</strong></span> <span class='ocrx_word' id='word_1_445' title='bbox 3258 2691 3479 2748; x_wconf 90' lang='lat' dir='ltr'><strong>fuerunt</strong></span> <span class='ocrx_word' id='word_1_446' title='bbox 3519 2699 3575 2746; x_wconf 88' lang='lat' dir='ltr'><strong>et</strong></span> <span class='ocrx_word' id='word_1_447' title='bbox 3613 2689 3706 2746; x_wconf 85' lang='lat' dir='ltr'><strong>alii</strong></span> 
     </span>
    </p>
   </div>
   <div class='ocr_carea' id='block_1_58' title="bbox 2116 2783 3704 2847">
    <p class='ocr_par' dir='ltr' id='par_1_58' title="bbox 2116 2783 3704 2847">
     <span class='ocr_line' id='line_1_58' title="bbox 2116 2783 3704 2847; baseline -0.008 0"><span class='ocrx_word' id='word_1_448' title='bbox 2116 2798 2335 2847; x_wconf 86' lang='lat' dir='ltr'><strong>centum</strong></span> <span class='ocrx_word' id='word_1_449' title='bbox 2382 2803 2609 2844; x_wconf 87' lang='lat' dir='ltr'><strong>numero</strong></span> <span class='ocrx_word' id='word_1_450' title='bbox 2657 2788 2711 2843; x_wconf 85' lang='lat' dir='ltr'><strong>in</strong></span> <span class='ocrx_word' id='word_1_451' title='bbox 2767 2787 2956 2842; x_wconf 89' lang='lat' dir='ltr'><strong>eadem</strong></span> <span class='ocrx_word' id='word_1_452' title='bbox 3005 2784 3180 2841; x_wconf 91' lang='lat' dir='ltr'><strong>insula</strong></span> <span class='ocrx_word' id='word_1_453' title='bbox 3223 2783 3416 2840; x_wconf 87' lang='lat' dir='ltr'><strong>colossi</strong></span> <span class='ocrx_word' id='word_1_454' title='bbox 3447 2783 3704 2838; x_wconf 82' lang='lat' dir='ltr'><strong>minores.</strong></span> 
     </span>
    </p>
   </div>
   <div class='ocr_carea' id='block_1_59' title="bbox 2116 2874 3706 2950">
    <p class='ocr_par' dir='ltr' id='par_1_59' title="bbox 2116 2874 3706 2950">
     <span class='ocr_line' id='line_1_59' title="bbox 2116 2874 3706 2950; baseline -0.008 -12"><span class='ocrx_word' id='word_1_455' title='bbox 2116 2883 2363 2938; x_wconf 85' lang='lat' dir='ltr'><strong>Tenedos</strong></span> <span class='ocrx_word' id='word_1_456' title='bbox 2389 2881 2582 2947; x_wconf 85' lang='lat' dir='ltr'><strong>insula,</strong></span> <span class='ocrx_word' id='word_1_457' title='bbox 2605 2895 2711 2935; x_wconf 90' lang='lat' dir='ltr'><strong>una</strong></span> <span class='ocrx_word' id='word_1_458' title='bbox 2731 2894 2794 2934; x_wconf 78' lang='lat' dir='ltr'><strong>ex</strong></span> <span class='ocrx_word' id='word_1_459' title='bbox 2819 2878 3164 2950; x_wconf 81' lang='lat' dir='ltr'><strong>Cycladibus,</strong></span> <span class='ocrx_word' id='word_1_460' title='bbox 3186 2877 3255 2932; x_wconf 90' lang='lat' dir='ltr'><strong>ad</strong></span> <span class='ocrx_word' id='word_1_461' title='bbox 3283 2874 3706 2946; x_wconf 84' lang='lat' dir='ltr'><strong>septentrionem</strong></span> 
     </span>
    </p>
   </div>
   <div class='ocr_carea' id='block_1_60' title="bbox 2117 2968 3708 3044">
    <p class='ocr_par' dir='ltr' id='par_1_60' title="bbox 2117 2968 3708 3044">
     <span class='ocr_line' id='line_1_60' title="bbox 2117 2968 3708 3044; baseline -0.006 -15"><span class='ocrx_word' id='word_1_462' title='bbox 2117 2975 2257 3040; x_wconf 87' lang='lat' dir='ltr'><strong>sita,</strong></span> <span class='ocrx_word' id='word_1_463' title='bbox 2304 2973 2358 3029; x_wconf 92' lang='lat' dir='ltr'><strong>in</strong></span> <span class='ocrx_word' id='word_1_464' title='bbox 2397 2990 2500 3044; x_wconf 89' lang='lat' dir='ltr'><strong>qua</strong></span> <span class='ocrx_word' id='word_1_465' title='bbox 2541 2973 2669 3028; x_wconf 90' lang='lat' dir='ltr'><strong>olim</strong></span> <span class='ocrx_word' id='word_1_466' title='bbox 2716 2973 2910 3039; x_wconf 82' lang='lat' dir='ltr'><strong>civitas</strong></span> <span class='ocrx_word' id='word_1_467' title='bbox 2952 2987 2982 3026; x_wconf 90' lang='lat' dir='ltr'><strong>a</strong></span> <span class='ocrx_word' id='word_1_468' title='bbox 3029 2970 3175 3026; x_wconf 89' lang='lat' dir='ltr'><strong>Tene</strong></span> <span class='ocrx_word' id='word_1_469' title='bbox 3212 2970 3446 3040; x_wconf 88' lang='lat' dir='ltr'><strong>quodam</strong></span> <span class='ocrx_word' id='word_1_470' title='bbox 3496 2968 3708 3024; x_wconf 87' lang='lat' dir='ltr'><strong>condita</strong></span> 
     </span>
    </p>
   </div>
   <div class='ocr_carea' id='block_1_61' title="bbox 2119 3055 3705 3132">
    <p class='ocr_par' dir='ltr' id='par_1_61' title="bbox 2119 3055 3705 3132">
     <span class='ocr_line' id='line_1_61' title="bbox 2119 3055 3705 3132; baseline -0.006 -13"><span class='ocrx_word' id='word_1_471' title='bbox 2119 3073 2222 3132; x_wconf 88' lang='lat' dir='ltr'><strong>est,</strong></span> <span class='ocrx_word' id='word_1_472' title='bbox 2245 3063 2386 3118; x_wconf 90' lang='lat' dir='ltr'><strong>unde</strong></span> <span class='ocrx_word' id='word_1_473' title='bbox 2408 3071 2464 3118; x_wconf 89' lang='lat' dir='ltr'><strong>ct</strong></span> <span class='ocrx_word' id='word_1_474' title='bbox 2483 3078 2678 3118; x_wconf 88' lang='lat' dir='ltr'><strong>nomen</strong></span> <span class='ocrx_word' id='word_1_475' title='bbox 2705 3061 2854 3116; x_wconf 90' lang='lat' dir='ltr'><strong>urbis</strong></span> <span class='ocrx_word' id='word_1_476' title='bbox 2881 3060 3040 3125; x_wconf 91' lang='lat' dir='ltr'><strong>illius,</strong></span> <span class='ocrx_word' id='word_1_477' title='bbox 3067 3060 3151 3114; x_wconf 80' lang='lat' dir='ltr'><strong>vel</strong></span> <span class='ocrx_word' id='word_1_478' title='bbox 3171 3060 3352 3132; x_wconf 88' lang='lat' dir='ltr'><strong>potius</strong></span> <span class='ocrx_word' id='word_1_479' title='bbox 3373 3057 3564 3114; x_wconf 81' lang='lat' dir='ltr'><strong>insula:</strong></span> <span class='ocrx_word' id='word_1_480' title='bbox 3585 3055 3705 3110; x_wconf 89' lang='lat' dir='ltr'><strong>fuit.</strong></span> 
     </span>
    </p>
   </div>
   <div class='ocr_carea' id='block_1_62' title="bbox 425 3137 3706 3224">
    <p class='ocr_par' dir='ltr' id='par_1_62' title="bbox 425 3137 3706 3224">
     <span class='ocr_line' id='line_1_62' title="bbox 425 3137 3706 3224; baseline 0.001 -25"><span class='ocrx_word' id='word_1_481' title='bbox 425 3145 540 3200; x_wconf 86' lang='lat' dir='ltr'><strong>talli</strong></span> <span class='ocrx_word' id='word_1_482' title='bbox 557 3144 794 3200; x_wconf 82' lang='lat' dir='ltr'><strong>inventio</strong></span> <span class='ocrx_word' id='word_1_483' title='bbox 815 3152 870 3199; x_wconf 91' lang='lat' dir='ltr'><strong>et</strong></span> <span class='ocrx_word' id='word_1_484' title='bbox 897 3143 1105 3198; x_wconf 90' lang='lat' dir='ltr'><strong>utilitas</strong></span> <span class='ocrx_word' id='word_1_485' title='bbox 1126 3143 1245 3199; x_wconf 91' lang='lat' dir='ltr'><strong>fuit.</strong></span> <span class='ocrx_word' id='word_1_486' title='bbox 1273 3143 1398 3200; x_wconf 74' lang='lat' dir='ltr'><strong>Haec</strong></span> <span class='ocrx_word' id='word_1_487' title='bbox 1421 3153 1601 3200; x_wconf 90' lang='lat' dir='ltr'><strong>autem</strong></span> <span class='ocrx_word' id='word_1_488' title='bbox 1626 3145 2013 3220; x_wconf 87' lang='lat' dir='ltr'><strong>interpretatur</strong></span> <span class='ocrx_word' id='word_1_489' title='bbox 2043 3137 2086 3200; x_wconf 84' lang='lat' dir='ltr'><strong>C</strong></span> <span class='ocrx_word' id='word_1_490' title='bbox 2119 3151 2252 3210; x_wconf 81' lang='lat' dir='ltr'><strong>Nam</strong></span> <span class='ocrx_word' id='word_1_491' title='bbox 2293 3155 2469 3210; x_wconf 90' lang='lat' dir='ltr'><strong>Tenes</strong></span> <span class='ocrx_word' id='word_1_492' title='bbox 2507 3154 2608 3209; x_wconf 86' lang='lat' dir='ltr'><strong>iste</strong></span> <span class='ocrx_word' id='word_1_493' title='bbox 2653 3153 2972 3220; x_wconf 81' lang='lat' dir='ltr'><strong>infamatus,</strong></span> <span class='ocrx_word' id='word_1_494' title='bbox 3011 3153 3155 3224; x_wconf 91' lang='lat' dir='ltr'><strong>quod</strong></span> <span class='ocrx_word' id='word_1_495' title='bbox 3183 3167 3306 3208; x_wconf 91' lang='lat' dir='ltr'><strong>cum</strong></span> <span class='ocrx_word' id='word_1_496' title='bbox 3347 3165 3577 3206; x_wconf 82' lang='lat' dir='ltr'><strong>noverca</strong></span> <span class='ocrx_word' id='word_1_497' title='bbox 3613 3162 3706 3204; x_wconf 86' lang='lat' dir='ltr'><strong>sua</strong></span> 
     </span>
    </p>
   </div>
   <div class='ocr_carea' id='block_1_63' title="bbox 429 3233 2021 3310">
    <p class='ocr_par' dir='ltr' id='par_1_63' title="bbox 429 3233 2021 3310">
     <span class='ocr_line' id='line_1_63' title="bbox 429 3233 2021 3310; baseline 0.005 -20"><span class='ocrx_word' id='word_1_498' title='bbox 429 3236 597 3290; x_wconf 77' lang='lat' dir='ltr'><strong>tristis</strong></span> <span class='ocrx_word' id='word_1_499' title='bbox 632 3242 728 3289; x_wconf 88' lang='lat' dir='ltr'><strong>aut</strong></span> <span class='ocrx_word' id='word_1_500' title='bbox 769 3251 978 3289; x_wconf 71' lang='lat' dir='ltr'><strong>maeror.</strong></span> <span class='ocrx_word' id='word_1_501' title='bbox 1003 3233 1163 3290; x_wconf 88' lang='lat' dir='ltr'><strong>Creta</strong></span> <span class='ocrx_word' id='word_1_502' title='bbox 1191 3235 1414 3292; x_wconf 74' lang='lat' dir='ltr'><strong>Graeciae</strong></span> <span class='ocrx_word' id='word_1_503' title='bbox 1441 3237 1615 3292; x_wconf 89' lang='lat' dir='ltr'><strong>insula</strong></span> <span class='ocrx_word' id='word_1_504' title='bbox 1644 3255 1770 3310; x_wconf 91' lang='lat' dir='ltr'><strong>pars</strong></span> <span class='ocrx_word' id='word_1_505' title='bbox 1791 3250 1874 3298; x_wconf 94' lang='lat' dir='ltr'><strong>est</strong></span> <span class='ocrx_word' id='word_1_506' title='bbox 1907 3260 2021 3300; x_wconf 87' lang='lat' dir='ltr'><strong>ver-</strong></span> 
     </span>
    </p>
   </div>
   <div class='ocr_carea' id='block_1_64' title="bbox 433 3323 2019 3402">
    <p class='ocr_par' dir='ltr' id='par_1_64' title="bbox 433 3323 2019 3402">
     <span class='ocr_line' id='line_1_64' title="bbox 433 3323 2019 3402; baseline 0.006 -21"><span class='ocrx_word' id='word_1_507' title='bbox 433 3341 564 3398; x_wconf 89' lang='lat' dir='ltr'><strong>gens</strong></span> <span class='ocrx_word' id='word_1_508' title='bbox 589 3325 643 3380; x_wconf 91' lang='lat' dir='ltr'><strong>in</strong></span> <span class='ocrx_word' id='word_1_509' title='bbox 673 3325 1118 3396; x_wconf 79' lang='lat' dir='ltr'><strong>Peloponnesum.</strong></span> <span class='ocrx_word' id='word_1_510' title='bbox 1151 3323 1274 3381; x_wconf 77' lang='lat' dir='ltr'><strong>Haec</strong></span> <span class='ocrx_word' id='word_1_511' title='bbox 1300 3329 1532 3396; x_wconf 85' lang='lat' dir='ltr'><strong>primum</strong></span> <span class='ocrx_word' id='word_1_512' title='bbox 1559 3343 1588 3383; x_wconf 92' lang='lat' dir='ltr'><strong>a</strong></span> <span class='ocrx_word' id='word_1_513' title='bbox 1617 3333 1874 3402; x_wconf 88' lang='lat' dir='ltr'><strong>temperie</strong></span> <span class='ocrx_word' id='word_1_514' title='bbox 1895 3335 2019 3390; x_wconf 78' lang='grc' dir='ltr'><strong>ρωιί</strong></span> 
     </span>
    </p>
   </div>
   <div class='ocr_carea' id='block_1_65' title="bbox 429 3414 2020 3488">
    <p class='ocr_par' dir='ltr' id='par_1_65' title="bbox 429 3414 2020 3488">
     <span class='ocr_line' id='line_1_65' title="bbox 429 3414 2020 3488; baseline 0.005 -16"><span class='ocrx_word' id='word_1_515' title='bbox 429 3415 833 3472; x_wconf 75' lang='lat' dir='ltr'><strong>Macaronesum</strong></span> <span class='ocrx_word' id='word_1_516' title='bbox 875 3417 1140 3488; x_wconf 86' lang='lat' dir='ltr'><strong>appellata</strong></span> <span class='ocrx_word' id='word_1_517' title='bbox 1183 3426 1266 3472; x_wconf 88' lang='lat' dir='ltr'><strong>est</strong></span> <span class='ocrx_word' id='word_1_518' title='bbox 1299 3414 1539 3474; x_wconf 55' lang='lat' dir='ltr'><strong>{deinde</strong></span> <span class='ocrx_word' id='word_1_519' title='bbox 1589 3418 1748 3476; x_wconf 89' lang='lat' dir='ltr'><strong>Creta</strong></span> <span class='ocrx_word' id='word_1_520' title='bbox 1795 3423 1936 3478; x_wconf 87' lang='lat' dir='ltr'><strong>dicta</strong></span> <span class='ocrx_word' id='word_1_521' title='bbox 1989 3440 2020 3480; x_wconf 91' lang='lat' dir='ltr'><strong>a</strong></span> 
     </span>
    </p>
   </div>
   <div class='ocr_carea' id='block_1_66' title="bbox 431 3506 2022 3581">
    <p class='ocr_par' dir='ltr' id='par_1_66' title="bbox 431 3506 2022 3581">
     <span class='ocr_line' id='line_1_66' title="bbox 431 3506 2022 3581; baseline 0.007 -17"><span class='ocrx_word' id='word_1_522' title='bbox 431 3506 590 3564; x_wconf 90' lang='lat' dir='ltr'><strong>Crete</strong></span> <span class='ocrx_word' id='word_1_523' title='bbox 621 3509 854 3579; x_wconf 89' lang='lat' dir='ltr'><strong>quodam</strong></span> <span class='ocrx_word' id='word_1_524' title='bbox 897 3508 1176 3581; x_wconf 87' lang='lat' dir='ltr'><strong>indigena,</strong></span> <span class='ocrx_word' id='word_1_525' title='bbox 1209 3524 1367 3580; x_wconf 87' lang='lat' dir='ltr'><strong>quem</strong></span> <span class='ocrx_word' id='word_1_526' title='bbox 1397 3511 1550 3566; x_wconf 89' lang='lat' dir='ltr'><strong>aiunt</strong></span> <span class='ocrx_word' id='word_1_527' title='bbox 1577 3529 1740 3568; x_wconf 91' lang='lat' dir='ltr'><strong>unum</strong></span> <span class='ocrx_word' id='word_1_528' title='bbox 1765 3514 2022 3575; x_wconf 89' lang='lat' dir='ltr'><strong>Curetum</strong></span> 
     </span>
    </p>
   </div>
   <div class='ocr_carea' id='block_1_67' title="bbox 430 3597 2024 3670">
    <p class='ocr_par' dir='ltr' id='par_1_67' title="bbox 430 3597 2024 3670">
     <span class='ocr_line' id='line_1_67' title="bbox 430 3597 2024 3670; baseline 0.004 -15"><span class='ocrx_word' id='word_1_529' title='bbox 430 3597 616 3666; x_wconf 86' lang='lat' dir='ltr'><strong>fuisse,</strong></span> <span class='ocrx_word' id='word_1_530' title='bbox 648 3616 678 3656; x_wconf 89' lang='lat' dir='ltr'><strong>a</strong></span> <span class='ocrx_word' id='word_1_531' title='bbox 706 3600 904 3670; x_wconf 88' lang='lat' dir='ltr'><strong>quibus</strong></span> <span class='ocrx_word' id='word_1_532' title='bbox 933 3599 1143 3670; x_wconf 82' lang='lat' dir='ltr'><strong>Jupiter</strong></span> <span class='ocrx_word' id='word_1_533' title='bbox 1184 3599 1258 3655; x_wconf 81' lang='lat' dir='ltr'><strong>ibi</strong></span> <span class='ocrx_word' id='word_1_534' title='bbox 1306 3602 1652 3660; x_wconf 87' lang='lat' dir='ltr'><strong>absconditus</strong></span> <span class='ocrx_word' id='word_1_535' title='bbox 1681 3613 1765 3661; x_wconf 90' lang='lat' dir='ltr'><strong>est</strong></span> <span class='ocrx_word' id='word_1_536' title='bbox 1807 3613 1862 3661; x_wconf 91' lang='lat' dir='ltr'><strong>et</strong></span> <span class='ocrx_word' id='word_1_537' title='bbox 1891 3624 2024 3662; x_wconf 89' lang='lat' dir='ltr'><strong>enu-</strong></span> 
     </span>
    </p>
   </div>
   <div class='ocr_carea' id='block_1_68' title="bbox 431 3689 2023 3752">
    <p class='ocr_par' dir='ltr' id='par_1_68' title="bbox 431 3689 2023 3752">
     <span class='ocr_line' id='line_1_68' title="bbox 431 3689 2023 3752; baseline 0.005 -7"><span class='ocrx_word' id='word_1_538' title='bbox 431 3690 613 3746; x_wconf 86' lang='lat' dir='ltr'><strong>tritus.</strong></span> <span class='ocrx_word' id='word_1_539' title='bbox 662 3689 760 3745; x_wconf 84' lang='lat' dir='ltr'><strong>Est</strong></span> <span class='ocrx_word' id='word_1_540' title='bbox 788 3697 967 3745; x_wconf 90' lang='lat' dir='ltr'><strong>autem</strong></span> <span class='ocrx_word' id='word_1_541' title='bbox 997 3690 1170 3745; x_wconf 91' lang='lat' dir='ltr'><strong>insula</strong></span> <span class='ocrx_word' id='word_1_542' title='bbox 1203 3690 1425 3747; x_wconf 72' lang='lat' dir='ltr'><strong>Graeciae</strong></span> <span class='ocrx_word' id='word_1_543' title='bbox 1451 3693 1591 3749; x_wconf 91' lang='lat' dir='ltr'><strong>inter</strong></span> <span class='ocrx_word' id='word_1_544' title='bbox 1623 3703 1802 3750; x_wconf 91' lang='lat' dir='ltr'><strong>ortum</strong></span> <span class='ocrx_word' id='word_1_545' title='bbox 1839 3705 1894 3752; x_wconf 92' lang='lat' dir='ltr'><strong>et</strong></span> <span class='ocrx_word' id='word_1_546' title='bbox 1927 3711 2023 3752; x_wconf 89' lang='lat' dir='ltr'><strong>oc-</strong></span> 
     </span>
    </p>
   </div>
   <div class='ocr_carea' id='block_1_69' title="bbox 431 3778 2026 3855">
    <p class='ocr_par' dir='ltr' id='par_1_69' title="bbox 431 3778 2026 3855">
     <span class='ocr_line' id='line_1_69' title="bbox 431 3778 2026 3855; baseline 0.003 -19"><span class='ocrx_word' id='word_1_547' title='bbox 431 3794 620 3836; x_wconf 91' lang='lat' dir='ltr'><strong>casum</strong></span> <span class='ocrx_word' id='word_1_548' title='bbox 659 3778 974 3850; x_wconf 88' lang='lat' dir='ltr'><strong>longissimo</strong></span> <span class='ocrx_word' id='word_1_549' title='bbox 1026 3788 1200 3836; x_wconf 88' lang='lat' dir='ltr'><strong>tractu</strong></span> <span class='ocrx_word' id='word_1_550' title='bbox 1242 3791 1494 3852; x_wconf 88' lang='lat' dir='ltr'><strong>porrecta</strong></span> <span class='ocrx_word' id='word_1_551' title='bbox 1520 3825 1536 3850; x_wconf 93' lang='lat'><strong>,</strong></span> <span class='ocrx_word' id='word_1_552' title='bbox 1587 3797 1618 3839; x_wconf 89' lang='lat' dir='ltr'><strong>a</strong></span> <span class='ocrx_word' id='word_1_553' title='bbox 1658 3786 2026 3855; x_wconf 86' lang='lat' dir='ltr'><strong>septentrione</strong></span> 
     </span>
    </p>
   </div>
   <div class='ocr_carea' id='block_1_70' title="bbox 431 3867 2022 3945">
    <p class='ocr_par' dir='ltr' id='par_1_70' title="bbox 431 3867 2022 3945">
     <span class='ocr_line' id='line_1_70' title="bbox 431 3867 2022 3945; baseline 0.004 -21"><span class='ocrx_word' id='word_1_554' title='bbox 431 3867 657 3924; x_wconf 75' lang='lat' dir='ltr'><strong>Graeciae</strong></span> <span class='ocrx_word' id='word_1_555' title='bbox 687 3869 929 3933; x_wconf 71' lang='lat' dir='ltr'><strong>aestibus,</strong></span> <span class='ocrx_word' id='word_1_556' title='bbox 953 3869 1022 3924; x_wconf 92' lang='lat' dir='ltr'><strong>ab</strong></span> <span class='ocrx_word' id='word_1_557' title='bbox 1043 3879 1230 3925; x_wconf 89' lang='lat' dir='ltr'><strong>austro</strong></span> <span class='ocrx_word' id='word_1_558' title='bbox 1263 3868 1536 3942; x_wconf 64' lang='lat' dir='ltr'><strong>Egyptiis</strong></span> <span class='ocrx_word' id='word_1_559' title='bbox 1574 3873 1734 3928; x_wconf 91' lang='lat' dir='ltr'><strong>undis</strong></span> <span class='ocrx_word' id='word_1_560' title='bbox 1761 3872 1979 3945; x_wconf 88' lang='lat' dir='ltr'><strong>perfusa</strong></span> <span class='ocrx_word' id='word_1_561' title='bbox 2007 3891 2022 3930; x_wconf 90' lang='lat'><strong>:</strong></span> 
     </span>
    </p>
   </div>
   <div class='ocr_carea' id='block_1_71' title="bbox 439 3959 2026 4032">
    <p class='ocr_par' dir='ltr' id='par_1_71' title="bbox 439 3959 2026 4032">
     <span class='ocr_line' id='line_1_71' title="bbox 439 3959 2026 4032; baseline 0.003 -16"><span class='ocrx_word' id='word_1_562' title='bbox 439 3959 546 4016; x_wconf 80' lang='lat' dir='ltr'><strong>fuit</strong></span> <span class='ocrx_word' id='word_1_563' title='bbox 588 3967 769 4016; x_wconf 90' lang='lat' dir='ltr'><strong>autem</strong></span> <span class='ocrx_word' id='word_1_564' title='bbox 803 3961 1076 4030; x_wconf 87' lang='lat' dir='ltr'><strong>quondam</strong></span> <span class='ocrx_word' id='word_1_565' title='bbox 1111 3970 1325 4017; x_wconf 91' lang='lat' dir='ltr'><strong>centum</strong></span> <span class='ocrx_word' id='word_1_566' title='bbox 1361 3963 1586 4020; x_wconf 88' lang='lat' dir='ltr'><strong>urbibus</strong></span> <span class='ocrx_word' id='word_1_567' title='bbox 1623 3964 1836 4032; x_wconf 89' lang='lat' dir='ltr'><strong>nobilis,</strong></span> <span class='ocrx_word' id='word_1_568' title='bbox 1885 3966 2026 4020; x_wconf 90' lang='lat' dir='ltr'><strong>unde</strong></span> 
     </span>
    </p>
   </div>
   <div class='ocr_carea' id='block_1_72' title="bbox 434 4041 2028 4120">
    <p class='ocr_par' dir='ltr' id='par_1_72' title="bbox 434 4041 2028 4120">
     <span class='ocr_line' id='line_1_72' title="bbox 434 4041 2028 4120; baseline 0.005 -14"><span class='ocrx_word' id='word_1_569' title='bbox 434 4057 494 4106; x_wconf 76' lang='lat' dir='ltr'><strong>et</strong></span> <span class='ocrx_word' id='word_1_570' title='bbox 539 4041 940 4120; x_wconf 85' lang='lat' dir='ltr'><strong>Hecatompolis</strong></span> <span class='ocrx_word' id='word_1_571' title='bbox 994 4052 1136 4108; x_wconf 89' lang='lat' dir='ltr'><strong>dicta</strong></span> <span class='ocrx_word' id='word_1_572' title='bbox 1188 4063 1290 4108; x_wconf 93' lang='lat' dir='ltr'><strong>est.</strong></span> <span class='ocrx_word' id='word_1_573' title='bbox 1336 4053 1517 4110; x_wconf 85' lang='lat' dir='ltr'><strong>Prima</strong></span> <span class='ocrx_word' id='word_1_574' title='bbox 1562 4056 1725 4112; x_wconf 90' lang='lat' dir='ltr'><strong>etiam</strong></span> <span class='ocrx_word' id='word_1_575' title='bbox 1765 4057 1932 4112; x_wconf 88' lang='lat' dir='ltr'><strong>remis</strong></span> <span class='ocrx_word' id='word_1_576' title='bbox 1973 4067 2028 4114; x_wconf 93' lang='lat' dir='ltr'><strong>et</strong></span> 
     </span>
    </p>
   </div>
   <div class='ocr_carea' id='block_1_73' title="bbox 437 4137 2029 4218">
    <p class='ocr_par' dir='ltr' id='par_1_73' title="bbox 437 4137 2029 4218">
     <span class='ocr_line' id='line_1_73' title="bbox 437 4137 2029 4218; baseline 0.004 -18"><span class='ocrx_word' id='word_1_577' title='bbox 437 4142 650 4214; x_wconf 66' lang='lat' dir='ltr'><strong>sagittis</strong></span> <span class='ocrx_word' id='word_1_578' title='bbox 683 4143 880 4198; x_wconf 88' lang='lat' dir='ltr'><strong>claruit</strong></span> <span class='ocrx_word' id='word_1_579' title='bbox 909 4161 922 4197; x_wconf 92' lang='lat'>:</span> <span class='ocrx_word' id='word_1_580' title='bbox 949 4144 1124 4214; x_wconf 90' lang='lat' dir='ltr'><strong>prima</strong></span> <span class='ocrx_word' id='word_1_581' title='bbox 1153 4137 1348 4200; x_wconf 86' lang='lat' dir='ltr'><strong>litteris</strong></span> <span class='ocrx_word' id='word_1_582' title='bbox 1366 4145 1490 4214; x_wconf 87' lang='lat' dir='ltr'><strong>jura</strong></span> <span class='ocrx_word' id='word_1_583' title='bbox 1528 4147 1720 4202; x_wconf 80' lang='lat' dir='ltr'><strong>ﬁnxit:</strong></span> <span class='ocrx_word' id='word_1_584' title='bbox 1747 4159 2029 4218; x_wconf 85' lang='lat' dir='ltr'><strong>equestres</strong></span> 
     </span>
    </p>
   </div>
   <div class='ocr_carea' id='block_1_74' title="bbox 442 4232 2028 4302">
    <p class='ocr_par' dir='ltr' id='par_1_74' title="bbox 442 4232 2028 4302">
     <span class='ocr_line' id='line_1_74' title="bbox 442 4232 2028 4302; baseline 0.005 -14"><span class='ocrx_word' id='word_1_585' title='bbox 442 4241 652 4288; x_wconf 89' lang='lat' dir='ltr'><strong>turmas</strong></span> <span class='ocrx_word' id='word_1_586' title='bbox 694 4233 872 4302; x_wconf 87' lang='lat' dir='ltr'><strong>prima</strong></span> <span class='ocrx_word' id='word_1_587' title='bbox 918 4232 1150 4288; x_wconf 84' lang='lat' dir='ltr'><strong>docuit:</strong></span> <span class='ocrx_word' id='word_1_588' title='bbox 1192 4235 1427 4290; x_wconf 90' lang='lat' dir='ltr'><strong>studium</strong></span> <span class='ocrx_word' id='word_1_589' title='bbox 1477 4239 1739 4294; x_wconf 87' lang='lat' dir='ltr'><strong>musicum</strong></span> <span class='ocrx_word' id='word_1_590' title='bbox 1768 4239 1836 4295; x_wconf 90' lang='lat' dir='ltr'><strong>ab</strong></span> <span class='ocrx_word' id='word_1_591' title='bbox 1878 4240 2028 4296; x_wconf 74' lang='lat' dir='ltr'><strong>idaeis</strong></span> 
     </span>
    </p>
   </div>
   <div class='ocr_carea' id='block_1_75' title="bbox 440 4321 2032 4402">
    <p class='ocr_par' dir='ltr' id='par_1_75' title="bbox 440 4321 2032 4402">
     <span class='ocr_line' id='line_1_75' title="bbox 440 4321 2032 4402; baseline 0.005 -25"><span class='ocrx_word' id='word_1_592' title='bbox 440 4321 670 4392; x_wconf 87' lang='lat' dir='ltr'><strong>dactylis</strong></span> <span class='ocrx_word' id='word_1_593' title='bbox 695 4321 749 4376; x_wconf 93' lang='lat' dir='ltr'><strong>in</strong></span> <span class='ocrx_word' id='word_1_594' title='bbox 780 4335 845 4376; x_wconf 91' lang='lat' dir='ltr'><strong>ea</strong></span> <span class='ocrx_word' id='word_1_595' title='bbox 883 4330 1120 4392; x_wconf 73' lang='lat' dir='ltr'><strong>carptum</strong></span> <span class='ocrx_word' id='word_1_596' title='bbox 1145 4335 1160 4376; x_wconf 89' lang='lat'><strong>:</strong></span> <span class='ocrx_word' id='word_1_597' title='bbox 1189 4324 1366 4392; x_wconf 88' lang='lat' dir='ltr'><strong>capris</strong></span> <span class='ocrx_word' id='word_1_598' title='bbox 1387 4327 1624 4396; x_wconf 89' lang='lat' dir='ltr'><strong>copiosa,</strong></span> <span class='ocrx_word' id='word_1_599' title='bbox 1655 4329 1830 4384; x_wconf 88' lang='lat' dir='ltr'><strong>cervis</strong></span> <span class='ocrx_word' id='word_1_600' title='bbox 1863 4339 1985 4402; x_wconf 85' lang='lat' dir='ltr'><strong>eget</strong></span> <span class='ocrx_word' id='word_1_601' title='bbox 2007 4335 2032 4385; x_wconf 88' lang='lat'><strong>‘:-</strong></span> 
     </span>
    </p>
   </div>
   <div class='ocr_carea' id='block_1_76' title="bbox 440 4411 2030 4493">
    <p class='ocr_par' dir='ltr' id='par_1_76' title="bbox 440 4411 2030 4493">
     <span class='ocr_line' id='line_1_76' title="bbox 440 4411 2030 4493; baseline 0.008 -28"><span class='ocrx_word' id='word_1_602' title='bbox 440 4411 595 4482; x_wconf 91' lang='lat' dir='ltr'><strong>lupos</strong></span> <span class='ocrx_word' id='word_1_603' title='bbox 621 4419 676 4466; x_wconf 89' lang='lat' dir='ltr'><strong>et</strong></span> <span class='ocrx_word' id='word_1_604' title='bbox 713 4411 922 4482; x_wconf 84' lang='lat' dir='ltr'><strong>vulpes,</strong></span> <span class='ocrx_word' id='word_1_605' title='bbox 952 4413 1164 4484; x_wconf 90' lang='lat' dir='ltr'><strong>aliaque</strong></span> <span class='ocrx_word' id='word_1_606' title='bbox 1205 4412 1442 4470; x_wconf 89' lang='lat' dir='ltr'><strong>ferarum</strong></span> <span class='ocrx_word' id='word_1_607' title='bbox 1474 4419 1633 4474; x_wconf 78' lang='lat' dir='ltr'><strong>noxia</strong></span> <span class='ocrx_word' id='word_1_608' title='bbox 1663 4435 1926 4491; x_wconf 84' lang='lat' dir='ltr'><strong>nusquam</strong></span> <span class='ocrx_word' id='word_1_609' title='bbox 1949 4419 2030 4493; x_wconf 86' lang='lat' dir='ltr'><strong>gi-&#39;</strong></span> 
     </span>
    </p>
   </div>
   <div class='ocr_carea' id='block_1_77' title="bbox 439 4502 2026 4578">
    <p class='ocr_par' dir='ltr' id='par_1_77' title="bbox 439 4502 2026 4578">
     <span class='ocr_line' id='line_1_77' title="bbox 439 4502 2026 4578; baseline 0.006 -22"><span class='ocrx_word' id='word_1_610' title='bbox 439 4502 584 4574; x_wconf 86' lang='lat' dir='ltr'><strong>gnit:</strong></span> <span class='ocrx_word' id='word_1_611' title='bbox 602 4516 823 4572; x_wconf 90' lang='lat' dir='ltr'><strong>serpens</strong></span> <span class='ocrx_word' id='word_1_612' title='bbox 844 4503 1021 4558; x_wconf 91' lang='lat' dir='ltr'><strong>nullus</strong></span> <span class='ocrx_word' id='word_1_613' title='bbox 1048 4505 1140 4571; x_wconf 89' lang='lat' dir='ltr'><strong>ibi,</strong></span> <span class='ocrx_word' id='word_1_614' title='bbox 1164 4506 1308 4560; x_wconf 90' lang='lat' dir='ltr'><strong>nulla</strong></span> <span class='ocrx_word' id='word_1_615' title='bbox 1337 4517 1551 4574; x_wconf 89' lang='lat' dir='ltr'><strong>noctua,</strong></span> <span class='ocrx_word' id='word_1_616' title='bbox 1569 4518 1624 4564; x_wconf 88' lang='lat' dir='ltr'><strong>et</strong></span> <span class='ocrx_word' id='word_1_617' title='bbox 1648 4511 1694 4565; x_wconf 89' lang='lat' dir='ltr'><strong>si</strong></span> <span class='ocrx_word' id='word_1_618' title='bbox 1721 4510 2026 4578; x_wconf 88' lang='lat' dir='ltr'><strong>invehatur,</strong></span> 
     </span>
    </p>
   </div>
   <div class='ocr_carea' id='block_1_78' title="bbox 440 4593 2032 4672">
    <p class='ocr_par' dir='ltr' id='par_1_78' title="bbox 440 4593 2032 4672">
     <span class='ocr_line' id='line_1_78' title="bbox 440 4593 2032 4672; baseline 0.009 -24"><span class='ocrx_word' id='word_1_619' title='bbox 440 4593 626 4648; x_wconf 83' lang='lat' dir='ltr'><strong>statim</strong></span> <span class='ocrx_word' id='word_1_620' title='bbox 645 4594 926 4649; x_wconf 90' lang='lat' dir='ltr'><strong>emoritur.</strong></span> <span class='ocrx_word' id='word_1_621' title='bbox 955 4595 1129 4667; x_wconf 88' lang='lat' dir='ltr'><strong>Larga</strong></span> <span class='ocrx_word' id='word_1_622' title='bbox 1155 4607 1240 4672; x_wconf 82' lang='lat' dir='ltr'><strong>est</strong></span> <span class='ocrx_word' id='word_1_623' title='bbox 1260 4599 1460 4655; x_wconf 88' lang='lat' dir='ltr'><strong>vitibus</strong></span> <span class='ocrx_word' id='word_1_624' title='bbox 1494 4610 1546 4657; x_wconf 91' lang='lat' dir='ltr'><strong>et</strong></span> <span class='ocrx_word' id='word_1_625' title='bbox 1573 4603 1874 4660; x_wconf 82' lang='lat' dir='ltr'><strong>arboribus.</strong></span> <span class='ocrx_word' id='word_1_626' title='bbox 1907 4604 2032 4661; x_wconf 89' lang='lat' dir='ltr'><strong>Dic-</strong></span> 
     </span>
    </p>
   </div>
   <div class='ocr_carea' id='block_1_79' title="bbox 442 4683 2029 4766">
    <p class='ocr_par' dir='ltr' id='par_1_79' title="bbox 442 4683 2029 4766">
     <span class='ocr_line' id='line_1_79' title="bbox 442 4683 2029 4766; baseline 0.009 -29"><span class='ocrx_word' id='word_1_627' title='bbox 442 4692 661 4740; x_wconf 85' lang='lat' dir='ltr'><strong>tamnus</strong></span> <span class='ocrx_word' id='word_1_628' title='bbox 685 4683 852 4740; x_wconf 89' lang='lat' dir='ltr'><strong>herba</strong></span> <span class='ocrx_word' id='word_1_629' title='bbox 886 4686 940 4740; x_wconf 91' lang='lat' dir='ltr'><strong>in</strong></span> <span class='ocrx_word' id='word_1_630' title='bbox 971 4685 1132 4742; x_wconf 87' lang='lat' dir='ltr'><strong>Creta</strong></span> <span class='ocrx_word' id='word_1_631' title='bbox 1164 4691 1420 4758; x_wconf 88' lang='lat' dir='ltr'><strong>nascitur,</strong></span> <span class='ocrx_word' id='word_1_632' title='bbox 1446 4699 1501 4747; x_wconf 91' lang='lat' dir='ltr'><strong>et</strong></span> <span class='ocrx_word' id='word_1_633' title='bbox 1521 4692 1735 4760; x_wconf 89' lang='lat' dir='ltr'><strong>alimus,</strong></span> <span class='ocrx_word' id='word_1_634' title='bbox 1777 4711 1898 4766; x_wconf 82' lang='lat' dir='ltr'><strong>quae</strong></span> <span class='ocrx_word' id='word_1_635' title='bbox 1931 4697 2029 4750; x_wconf 89' lang='lat' dir='ltr'><strong>ad-</strong></span> 
     </span>
    </p>
   </div>
   <div class='ocr_carea' id='block_1_80' title="bbox 443 4775 2032 4857">
    <p class='ocr_par' dir='ltr' id='par_1_80' title="bbox 443 4775 2032 4857">
     <span class='ocr_line' id='line_1_80' title="bbox 443 4775 2032 4857; baseline 0.008 -27"><span class='ocrx_word' id='word_1_636' title='bbox 443 4789 626 4830; x_wconf 87' lang='lat' dir='ltr'><strong>morsa</strong></span> <span class='ocrx_word' id='word_1_637' title='bbox 679 4775 927 4832; x_wconf 89' lang='lat' dir='ltr'><strong>diurnam</strong></span> <span class='ocrx_word' id='word_1_638' title='bbox 969 4777 1164 4833; x_wconf 83' lang='lat' dir='ltr'><strong>famem</strong></span> <span class='ocrx_word' id='word_1_639' title='bbox 1203 4781 1472 4851; x_wconf 86' lang='lat' dir='ltr'><strong>prohibet,</strong></span> <span class='ocrx_word' id='word_1_640' title='bbox 1514 4785 1809 4857; x_wconf 87' lang='lat' dir='ltr'><strong>phalangos</strong></span> <span class='ocrx_word' id='word_1_641' title='bbox 1849 4796 2032 4843; x_wconf 88' lang='lat' dir='ltr'><strong>autem</strong></span> 
     </span>
    </p>
   </div>
   <div class='ocr_carea' id='block_1_81' title="bbox 443 4869 2034 4950">
    <p class='ocr_par' dir='ltr' id='par_1_81' title="bbox 443 4869 2034 4950">
     <span class='ocr_line' id='line_1_81' title="bbox 443 4869 2034 4950; baseline 0.01 -31"><span class='ocrx_word' id='word_1_642' title='bbox 443 4874 740 4922; x_wconf 87' lang='lat' dir='ltr'><strong>venenatos</strong></span> <span class='ocrx_word' id='word_1_643' title='bbox 762 4869 952 4938; x_wconf 89' lang='lat' dir='ltr'><strong>gignit,</strong></span> <span class='ocrx_word' id='word_1_644' title='bbox 978 4879 1034 4924; x_wconf 89' lang='lat' dir='ltr'><strong>et</strong></span> <span class='ocrx_word' id='word_1_645' title='bbox 1053 4870 1304 4940; x_wconf 84' lang='lat' dir='ltr'><strong>lapidem,</strong></span> <span class='ocrx_word' id='word_1_646' title='bbox 1324 4874 1417 4944; x_wconf 91' lang='lat' dir='ltr'><strong>qui</strong></span> <span class='ocrx_word' id='word_1_647' title='bbox 1445 4875 1610 4931; x_wconf 75' lang='lat' dir='ltr'><strong>idaeus</strong></span> <span class='ocrx_word' id='word_1_648' title='bbox 1631 4877 1876 4950; x_wconf 83' lang='lat' dir='ltr'><strong>dactylus</strong></span> <span class='ocrx_word' id='word_1_649' title='bbox 1900 4880 2034 4935; x_wconf 92' lang='lat' dir='ltr'><strong>dici-</strong></span> 
     </span>
    </p>
   </div>
   <div class='ocr_carea' id='block_1_82' title="bbox 448 4953 2035 5038">
    <p class='ocr_par' dir='ltr' id='par_1_82' title="bbox 448 4953 2035 5038">
     <span class='ocr_line' id='line_1_82' title="bbox 448 4953 2035 5038; baseline 0.01 -28"><span class='ocrx_word' id='word_1_650' title='bbox 448 4961 557 5011; x_wconf 84' lang='lat' dir='ltr'><strong>tur.</strong></span> <span class='ocrx_word' id='word_1_651' title='bbox 589 4953 761 5025; x_wconf 83' lang='lat' dir='ltr'><strong>Hujus</strong></span> <span class='ocrx_word' id='word_1_652' title='bbox 781 4967 959 5014; x_wconf 87' lang='lat' dir='ltr'><strong>autem</strong></span> <span class='ocrx_word' id='word_1_653' title='bbox 992 4961 1313 5016; x_wconf 88' lang='lat' dir='ltr'><strong>vocabulum</strong></span> <span class='ocrx_word' id='word_1_654' title='bbox 1344 4971 1426 5018; x_wconf 89' lang='lat' dir='ltr'><strong>est</strong></span> <span class='ocrx_word' id='word_1_655' title='bbox 1456 4965 1598 5021; x_wconf 90' lang='lat' dir='ltr'><strong>inter</strong></span> <span class='ocrx_word' id='word_1_656' title='bbox 1624 4966 1820 5038; x_wconf 80' lang='lat' dir='ltr'><strong>Syrum</strong></span> <span class='ocrx_word' id='word_1_657' title='bbox 1850 4978 1904 5024; x_wconf 91' lang='lat' dir='ltr'><strong>et</strong></span> <span class='ocrx_word' id='word_1_658' title='bbox 1929 4970 2035 5027; x_wconf 89' lang='lat' dir='ltr'><strong>He-</strong></span> 
     </span>
    </p>
   </div>
   <div class='ocr_carea' id='block_1_83' title="bbox 445 5041 2034 5131">
    <p class='ocr_par' dir='ltr' id='par_1_83' title="bbox 445 5041 2034 5131">
     <span class='ocr_line' id='line_1_83' title="bbox 445 5041 2034 5131; baseline 0.013 -34"><span class='ocrx_word' id='word_1_659' title='bbox 445 5041 672 5099; x_wconf 77' lang='lat' dir='ltr'><strong>braeum.</strong></span> <span class='ocrx_word' id='word_1_660' title='bbox 697 5043 913 5116; x_wconf 79' lang='lat' dir='ltr'><strong>Abydos</strong></span> <span class='ocrx_word' id='word_1_661' title='bbox 933 5048 1105 5105; x_wconf 90' lang='lat' dir='ltr'><strong>insula</strong></span> <span class='ocrx_word' id='word_1_662' title='bbox 1136 5051 1188 5106; x_wconf 90' lang='lat' dir='ltr'><strong>in</strong></span> <span class='ocrx_word' id='word_1_663' title='bbox 1217 5051 1427 5124; x_wconf 82' lang='lat' dir='ltr'><strong>Eumpa</strong></span> <span class='ocrx_word' id='word_1_664' title='bbox 1451 5070 1612 5126; x_wconf 89' lang='lat' dir='ltr'><strong>super</strong></span> <span class='ocrx_word' id='word_1_665' title='bbox 1631 5056 2034 5131; x_wconf 83' lang='lat' dir='ltr'><strong>Hellespontum</strong></span> 
     </span>
    </p>
   </div>
   <div class='ocr_carea' id='block_1_84' title="bbox 447 5134 2036 5218">
    <p class='ocr_par' dir='ltr' id='par_1_84' title="bbox 447 5134 2036 5218">
     <span class='ocr_line' id='line_1_84' title="bbox 447 5134 2036 5218; baseline 0.011 -29"><span class='ocrx_word' id='word_1_666' title='bbox 447 5134 644 5205; x_wconf 89' lang='lat' dir='ltr'><strong>posita,</strong></span> <span class='ocrx_word' id='word_1_667' title='bbox 697 5146 928 5208; x_wconf 91' lang='lat' dir='ltr'><strong>angusto</strong></span> <span class='ocrx_word' id='word_1_668' title='bbox 985 5148 1040 5195; x_wconf 90' lang='lat' dir='ltr'><strong>et</strong></span> <span class='ocrx_word' id='word_1_669' title='bbox 1097 5143 1401 5212; x_wconf 91' lang='lat' dir='ltr'><strong>periculoso</strong></span> <span class='ocrx_word' id='word_1_670' title='bbox 1452 5147 1589 5202; x_wconf 89' lang='lat' dir='ltr'><strong>mari</strong></span> <span class='ocrx_word' id='word_1_671' title='bbox 1638 5158 1924 5218; x_wconf 89' lang='lat' dir='ltr'><strong>separata,</strong></span> <span class='ocrx_word' id='word_1_672' title='bbox 1980 5160 2036 5206; x_wconf 86' lang='lat' dir='ltr'><strong>et</strong></span> 
     </span>
    </p>
   </div>
   <div class='ocr_carea' id='block_1_85' title="bbox 445 5223 2036 5312">
    <p class='ocr_par' dir='ltr' id='par_1_85' title="bbox 445 5223 2036 5312">
     <span class='ocr_line' id='line_1_85' title="bbox 445 5223 2036 5312; baseline 0.011 -33"><span class='ocrx_word' id='word_1_673' title='bbox 445 5223 666 5296; x_wconf 83' lang='lat' dir='ltr'><strong>Abydos</strong></span> <span class='ocrx_word' id='word_1_674' title='bbox 691 5225 879 5284; x_wconf 77' lang='lat' dir='ltr'><strong>Graece</strong></span> <span class='ocrx_word' id='word_1_675' title='bbox 914 5227 1076 5296; x_wconf 89' lang='lat' dir='ltr'><strong>dicta,</strong></span> <span class='ocrx_word' id='word_1_676' title='bbox 1113 5232 1255 5301; x_wconf 91' lang='lat' dir='ltr'><strong>quod</strong></span> <span class='ocrx_word' id='word_1_677' title='bbox 1299 5234 1370 5289; x_wconf 91' lang='lat' dir='ltr'><strong>sit</strong></span> <span class='ocrx_word' id='word_1_678' title='bbox 1409 5235 1662 5294; x_wconf 87' lang='lat' dir='ltr'><strong>introitus</strong></span> <span class='ocrx_word' id='word_1_679' title='bbox 1705 5237 2036 5312; x_wconf 88' lang='lat' dir='ltr'><strong>Hellesponti</strong></span> 
     </span>
    </p>
   </div>
   <div class='ocr_carea' id='block_1_86' title="bbox 448 5313 2034 5395">
    <p class='ocr_par' dir='ltr' id='par_1_86' title="bbox 448 5313 2034 5395">
     <span class='ocr_line' id='line_1_86' title="bbox 448 5313 2034 5395; baseline 0.013 -28"><span class='ocrx_word' id='word_1_680' title='bbox 448 5313 638 5379; x_wconf 80' lang='lat' dir='ltr'><strong>maris,</strong></span> <span class='ocrx_word' id='word_1_681' title='bbox 667 5316 865 5388; x_wconf 82' lang='lat' dir='ltr'><strong>in&#39;quo</strong></span> <span class='ocrx_word' id='word_1_682' title='bbox 885 5317 1094 5375; x_wconf 79' lang='lat' dir='ltr'><strong>Xerxes</strong></span> <span class='ocrx_word' id='word_1_683' title='bbox 1123 5330 1340 5391; x_wconf 90' lang='lat' dir='ltr'><strong>pontem</strong></span> <span class='ocrx_word' id='word_1_684' title='bbox 1376 5339 1442 5380; x_wconf 82' lang='lat' dir='ltr'><strong>ex</strong></span> <span class='ocrx_word' id='word_1_685' title='bbox 1471 5327 1694 5384; x_wconf 83' lang='lat' dir='ltr'><strong>navibus</strong></span> <span class='ocrx_word' id='word_1_686' title='bbox 1719 5328 1866 5395; x_wconf 86' lang='lat' dir='ltr'><strong>fecit,</strong></span> <span class='ocrx_word' id='word_1_687' title='bbox 1899 5339 1954 5388; x_wconf 91' lang='lat' dir='ltr'><strong>et</strong></span> <span class='ocrx_word' id='word_1_688' title='bbox 1980 5332 2034 5387; x_wconf 90' lang='lat' dir='ltr'><strong>in</strong></span> 
     </span>
    </p>
   </div>
   <div class='ocr_carea' id='block_1_87' title="bbox 449 5399 2036 5491">
    <p class='ocr_par' dir='ltr' id='par_1_87' title="bbox 449 5399 2036 5491">
     <span class='ocr_line' id='line_1_87' title="bbox 449 5399 2036 5491; baseline 0.014 -35"><span class='ocrx_word' id='word_1_689' title='bbox 449 5399 714 5491; x_wconf 81' lang='lat' dir='ltr'><strong>Graeciam</strong></span> <span class='ocrx_word' id='word_1_690' title='bbox 757 5407 992 5465; x_wconf 87' lang='lat' dir='ltr'><strong>transiit.</strong></span> <span class='ocrx_word' id='word_1_691' title='bbox 1043 5408 1182 5468; x_wconf 88' lang='lat' dir='ltr'><strong>Coos</strong></span> <span class='ocrx_word' id='word_1_692' title='bbox 1225 5413 1396 5470; x_wconf 90' lang='lat' dir='ltr'><strong>insula</strong></span> <span class='ocrx_word' id='word_1_693' title='bbox 1446 5415 1698 5486; x_wconf 85' lang='lat' dir='ltr'><strong>adjacens</strong></span> <span class='ocrx_word' id='word_1_694' title='bbox 1742 5421 2036 5491; x_wconf 80' lang='lat' dir='ltr'><strong>provinciae</strong></span> 
     </span>
    </p>
   </div>
   <div class='ocr_carea' id='block_1_88' title="bbox 449 5489 2034 5582">
    <p class='ocr_par' dir='ltr' id='par_1_88' title="bbox 449 5489 2034 5582">
     <span class='ocr_line' id='line_1_88' title="bbox 449 5489 2034 5582; baseline 0.015 -36"><span class='ocrx_word' id='word_1_695' title='bbox 449 5489 662 5582; x_wconf 53' lang='lat' dir='ltr'><strong>Attice,</strong></span> <span class='ocrx_word' id='word_1_696' title='bbox 712 5496 767 5551; x_wconf 92' lang='lat' dir='ltr'><strong>in</strong></span> <span class='ocrx_word' id='word_1_697' title='bbox 809 5513 916 5568; x_wconf 90' lang='lat' dir='ltr'><strong>qua</strong></span> <span class='ocrx_word' id='word_1_698' title='bbox 951 5497 1305 5573; x_wconf 87' lang='lat' dir='ltr'><strong>Hippocrates</strong></span> <span class='ocrx_word' id='word_1_699' title='bbox 1335 5505 1576 5564; x_wconf 91' lang='lat' dir='ltr'><strong>medicus</strong></span> <span class='ocrx_word' id='word_1_700' title='bbox 1599 5489 1759 5566; x_wconf 81' lang='lat' dir='ltr'><strong>natus</strong></span> <span class='ocrx_word' id='word_1_701' title='bbox 1787 5520 1892 5578; x_wconf 91' lang='lat' dir='ltr'><strong>est,</strong></span> <span class='ocrx_word' id='word_1_702' title='bbox 1913 5527 2034 5582; x_wconf 84' lang='lat' dir='ltr'><strong>quae</strong></span> 
     </span>
    </p>
   </div>
   <div class='ocr_carea' id='block_1_89' title="bbox 452 5580 2036 5671">
    <p class='ocr_par' dir='ltr' id='par_1_89' title="bbox 452 5580 2036 5671">
     <span class='ocr_line' id='line_1_89' title="bbox 452 5580 2036 5671; baseline 0.014 -34"><span class='ocrx_word' id='word_1_703' title='bbox 452 5580 536 5652; x_wconf 88' lang='lat' dir='ltr'><strong>(ut</strong></span> <span class='ocrx_word' id='word_1_704' title='bbox 578 5582 750 5642; x_wconf 81' lang='lat' dir='ltr'><strong>Varro</strong></span> <span class='ocrx_word' id='word_1_705' title='bbox 795 5589 948 5646; x_wconf 88' lang='lat' dir='ltr'><strong>testis</strong></span> <span class='ocrx_word' id='word_1_706' title='bbox 974 5591 1081 5671; x_wconf 85' lang='lat' dir='ltr'><strong>est)</strong></span> <span class='ocrx_word' id='word_1_707' title='bbox 1127 5601 1247 5651; x_wconf 87' lang='lat' dir='ltr'><strong>arte</strong></span> <span class='ocrx_word' id='word_1_708' title='bbox 1277 5595 1497 5652; x_wconf 80' lang='lat' dir='ltr'><strong>laniﬁcii</strong></span> <span class='ocrx_word' id='word_1_709' title='bbox 1543 5599 1720 5668; x_wconf 89' lang='lat' dir='ltr'><strong>prima</strong></span> <span class='ocrx_word' id='word_1_710' title='bbox 1773 5601 1828 5656; x_wconf 91' lang='lat' dir='ltr'><strong>in</strong></span> <span class='ocrx_word' id='word_1_711' title='bbox 1873 5580 2036 5661; x_wconf 65' lang='lat' dir='ltr'><strong>orna-</strong></span> 
     </span>
    </p>
   </div>
   <div class='ocr_carea' id='block_1_90' title="bbox 453 5676 2034 5765">
    <p class='ocr_par' dir='ltr' id='par_1_90' title="bbox 453 5676 2034 5765">
     <span class='ocr_line' id='line_1_90' title="bbox 453 5676 2034 5765; baseline 0.013 -35"><span class='ocrx_word' id='word_1_712' title='bbox 453 5685 640 5734; x_wconf 81' lang='lat' dir='ltr'><strong>rnento</strong></span> <span class='ocrx_word' id='word_1_713' title='bbox 673 5676 992 5739; x_wconf 87' lang='lat' dir='ltr'><strong>feminarum</strong></span> <span class='ocrx_word' id='word_1_714' title='bbox 1037 5683 1306 5742; x_wconf 86' lang='lat' dir='ltr'><strong>inclaruit.</strong></span> <span class='ocrx_word' id='word_1_715' title='bbox 1347 5684 1471 5744; x_wconf 69' lang='lat' dir='ltr'><strong>Haec</strong></span> <span class='ocrx_word' id='word_1_716' title='bbox 1499 5696 1677 5746; x_wconf 89' lang='lat' dir='ltr'><strong>autem</strong></span> <span class='ocrx_word' id='word_1_717' title='bbox 1714 5690 2034 5765; x_wconf 82' lang='lat' dir='ltr'><strong>interpreta-</strong></span> 
     </span>
    </p>
   </div>
   <div class='ocr_carea' id='block_1_91' title="bbox 2122 3240 3710 3315">
    <p class='ocr_par' dir='ltr' id='par_1_91' title="bbox 2122 3240 3710 3315">
     <span class='ocr_line' id='line_1_91' title="bbox 2122 3240 3710 3315; baseline -0.004 -15"><span class='ocrx_word' id='word_1_718' title='bbox 2122 3245 2524 3310; x_wconf 89' lang='lat' dir='ltr'><strong>concubuisset,</strong></span> <span class='ocrx_word' id='word_1_719' title='bbox 2557 3252 2612 3299; x_wconf 85' lang='lat' dir='ltr'><strong>et</strong></span> <span class='ocrx_word' id='word_1_720' title='bbox 2640 3241 2853 3315; x_wconf 87' lang='lat' dir='ltr'><strong>fugiens</strong></span> <span class='ocrx_word' id='word_1_721' title='bbox 2899 3243 2954 3298; x_wconf 90' lang='lat' dir='ltr'><strong>in</strong></span> <span class='ocrx_word' id='word_1_722' title='bbox 2995 3243 3136 3298; x_wconf 89' lang='lat' dir='ltr'><strong>hanc</strong></span> <span class='ocrx_word' id='word_1_723' title='bbox 3182 3240 3438 3306; x_wconf 88' lang='lat' dir='ltr'><strong>insulam,</strong></span> <span class='ocrx_word' id='word_1_724' title='bbox 3485 3250 3710 3294; x_wconf 83' lang='lat' dir='ltr'><strong>vacuam</strong></span> 
     </span>
    </p>
   </div>
   <div class='ocr_carea' id='block_1_92' title="bbox 2121 3328 3712 3400">
    <p class='ocr_par' dir='ltr' id='par_1_92' title="bbox 2121 3328 3712 3400">
     <span class='ocr_line' id='line_1_92' title="bbox 2121 3328 3712 3400; baseline -0.004 -9"><span class='ocrx_word' id='word_1_725' title='bbox 2121 3337 2424 3394; x_wconf 87' lang='lat' dir='ltr'><strong>cultoribus</strong></span> <span class='ocrx_word' id='word_1_726' title='bbox 2469 3335 2723 3400; x_wconf 89' lang='lat' dir='ltr'><strong>obtinuit,</strong></span> <span class='ocrx_word' id='word_1_727' title='bbox 2755 3335 2898 3389; x_wconf 91' lang='lat' dir='ltr'><strong>unde</strong></span> <span class='ocrx_word' id='word_1_728' title='bbox 2936 3341 2992 3388; x_wconf 89' lang='lat' dir='ltr'><strong>et</strong></span> <span class='ocrx_word' id='word_1_729' title='bbox 3023 3333 3270 3388; x_wconf 85' lang='lat' dir='ltr'><strong>Tenedos</strong></span> <span class='ocrx_word' id='word_1_730' title='bbox 3298 3332 3441 3386; x_wconf 90' lang='lat' dir='ltr'><strong>dicta</strong></span> <span class='ocrx_word' id='word_1_731' title='bbox 3470 3338 3573 3386; x_wconf 88' lang='lat' dir='ltr'><strong>est.</strong></span> <span class='ocrx_word' id='word_1_732' title='bbox 3620 3328 3712 3388; x_wconf 89' lang='lat' dir='ltr'><strong>Sic</strong></span> 
     </span>
    </p>
   </div>
   <div class='ocr_carea' id='block_1_93' title="bbox 2121 3419 3713 3496">
    <p class='ocr_par' dir='ltr' id='par_1_93' title="bbox 2121 3419 3713 3496">
     <span class='ocr_line' id='line_1_93' title="bbox 2121 3419 3713 3496; baseline -0.006 -13"><span class='ocrx_word' id='word_1_733' title='bbox 2121 3427 2348 3483; x_wconf 89' lang='lat' dir='ltr'><strong>Cicero:</strong></span> <span class='ocrx_word' id='word_1_734' title='bbox 2377 3424 2568 3480; x_wconf 82' lang='lat' dir='ltr'><strong>Tenent</strong></span> <span class='ocrx_word' id='word_1_735' title='bbox 2599 3425 2769 3496; x_wconf 81' lang='lat' dir='ltr'><strong>ipsum</strong></span> <span class='ocrx_word' id='word_1_736' title='bbox 2812 3423 2964 3494; x_wconf 75' lang='lat' dir='ltr'><strong>cujus</strong></span> <span class='ocrx_word' id='word_1_737' title='bbox 3007 3439 3072 3478; x_wconf 63' lang='lat' dir='ltr'><strong>ea:</strong></span> <span class='ocrx_word' id='word_1_738' title='bbox 3110 3423 3316 3476; x_wconf 79' lang='lat' dir='ltr'><strong>nomine</strong></span> <span class='ocrx_word' id='word_1_739' title='bbox 3353 3419 3582 3476; x_wconf 74' lang='lat' dir='ltr'><strong>Tenedos</strong></span> <span class='ocrx_word' id='word_1_740' title='bbox 3613 3435 3713 3473; x_wconf 79' lang='lat' dir='ltr'><strong>no—</strong></span> 
     </span>
    </p>
   </div>
   <div class='ocr_carea' id='block_1_94' title="bbox 2121 3511 3713 3585">
    <p class='ocr_par' dir='ltr' id='par_1_94' title="bbox 2121 3511 3713 3585">
     <span class='ocr_line' id='line_1_94' title="bbox 2121 3511 3713 3585; baseline -0.005 -14"><span class='ocrx_word' id='word_1_741' title='bbox 2121 3519 2374 3572; x_wconf 81' lang='lat' dir='ltr'><strong>minatur.</strong></span> <span class='ocrx_word' id='word_1_742' title='bbox 2405 3516 2707 3585; x_wconf 86' lang='lat' dir='ltr'><strong>Carpathos</strong></span> <span class='ocrx_word' id='word_1_743' title='bbox 2739 3513 2936 3580; x_wconf 89' lang='lat' dir='ltr'><strong>insula,</strong></span> <span class='ocrx_word' id='word_1_744' title='bbox 2959 3529 3064 3568; x_wconf 88' lang='lat' dir='ltr'><strong>una</strong></span> <span class='ocrx_word' id='word_1_745' title='bbox 3094 3528 3158 3568; x_wconf 84' lang='lat' dir='ltr'><strong>ex</strong></span> <span class='ocrx_word' id='word_1_746' title='bbox 3181 3511 3521 3584; x_wconf 81' lang='lat' dir='ltr'><strong>Cycladibus,</strong></span> <span class='ocrx_word' id='word_1_747' title='bbox 3544 3525 3576 3564; x_wconf 90' lang='lat' dir='ltr'><strong>a</strong></span> <span class='ocrx_word' id='word_1_748' title='bbox 3599 3523 3713 3564; x_wconf 87' lang='lat' dir='ltr'><strong>me-</strong></span> 
     </span>
    </p>
   </div>
   <div class='ocr_carea' id='block_1_95' title="bbox 2124 3600 3714 3674">
    <p class='ocr_par' dir='ltr' id='par_1_95' title="bbox 2124 3600 3714 3674">
     <span class='ocr_line' id='line_1_95' title="bbox 2124 3600 3714 3674; baseline -0.005 -15"><span class='ocrx_word' id='word_1_749' title='bbox 2124 3605 2262 3660; x_wconf 89' lang='lat' dir='ltr'><strong>ridie</strong></span> <span class='ocrx_word' id='word_1_750' title='bbox 2304 3604 2478 3674; x_wconf 90' lang='lat' dir='ltr'><strong>posita</strong></span> <span class='ocrx_word' id='word_1_751' title='bbox 2515 3603 2570 3658; x_wconf 91' lang='lat' dir='ltr'><strong>in</strong></span> <span class='ocrx_word' id='word_1_752' title='bbox 2610 3602 2929 3674; x_wconf 65' lang='lat' dir='ltr'><strong>ngyptum,</strong></span> <span class='ocrx_word' id='word_1_753' title='bbox 2971 3617 3002 3657; x_wconf 90' lang='lat' dir='ltr'><strong>a</strong></span> <span class='ocrx_word' id='word_1_754' title='bbox 3041 3617 3148 3672; x_wconf 86' lang='lat' dir='ltr'><strong>qua</strong></span> <span class='ocrx_word' id='word_1_755' title='bbox 3187 3600 3535 3671; x_wconf 87' lang='lat' dir='ltr'><strong>Carpathium</strong></span> <span class='ocrx_word' id='word_1_756' title='bbox 3564 3612 3714 3654; x_wconf 85' lang='lat' dir='ltr'><strong>mare</strong></span> 
     </span>
    </p>
   </div>
   <div class='ocr_carea' id='block_1_96' title="bbox 2125 3688 3714 3764">
    <p class='ocr_par' dir='ltr' id='par_1_96' title="bbox 2125 3688 3714 3764">
     <span class='ocr_line' id='line_1_96' title="bbox 2125 3688 3714 3764; baseline -0.005 -17"><span class='ocrx_word' id='word_1_757' title='bbox 2125 3692 2450 3764; x_wconf 86' lang='lat' dir='ltr'><strong>appellatum</strong></span> <span class='ocrx_word' id='word_1_758' title='bbox 2473 3701 2580 3759; x_wconf 90' lang='lat' dir='ltr'><strong>est,</strong></span> <span class='ocrx_word' id='word_1_759' title='bbox 2608 3702 2800 3748; x_wconf 85' lang='lat' dir='ltr'><strong>vocata</strong></span> <span class='ocrx_word' id='word_1_760' title='bbox 2832 3700 2912 3747; x_wconf 89' lang='lat' dir='ltr'><strong>est</strong></span> <span class='ocrx_word' id='word_1_761' title='bbox 2941 3701 3163 3762; x_wconf 89' lang='lat' dir='ltr'><strong>propter</strong></span> <span class='ocrx_word' id='word_1_762' title='bbox 3187 3690 3414 3746; x_wconf 89' lang='lat' dir='ltr'><strong>celerem</strong></span> <span class='ocrx_word' id='word_1_763' title='bbox 3445 3688 3714 3742; x_wconf 88' lang='lat' dir='ltr'><strong>fructuum</strong></span> 
     </span>
    </p>
   </div>
   <div class='ocr_carea' id='block_1_97' title="bbox 2125 3777 3712 3854">
    <p class='ocr_par' dir='ltr' id='par_1_97' title="bbox 2125 3777 3712 3854">
     <span class='ocr_line' id='line_1_97' title="bbox 2125 3777 3712 3854; baseline -0.006 -14"><span class='ocrx_word' id='word_1_764' title='bbox 2125 3785 2518 3840; x_wconf 89' lang='lat' dir='ltr'><strong>maturitatem.</strong></span> <span class='ocrx_word' id='word_1_765' title='bbox 2561 3783 2659 3840; x_wconf 87' lang='lat' dir='ltr'><strong>Est</strong></span> <span class='ocrx_word' id='word_1_766' title='bbox 2699 3784 2844 3839; x_wconf 91' lang='lat' dir='ltr'><strong>enim</strong></span> <span class='ocrx_word' id='word_1_767' title='bbox 2878 3783 3020 3838; x_wconf 89' lang='lat' dir='ltr'><strong>inter</strong></span> <span class='ocrx_word' id='word_1_768' title='bbox 3046 3781 3338 3854; x_wconf 64' lang='lat' dir='ltr'><strong>Egyptum</strong></span> <span class='ocrx_word' id='word_1_769' title='bbox 3361 3788 3418 3834; x_wconf 91' lang='lat' dir='ltr'><strong>et</strong></span> <span class='ocrx_word' id='word_1_770' title='bbox 3443 3777 3712 3832; x_wconf 81' lang='lat' dir='ltr'><strong>Rhodum.</strong></span> 
     </span>
    </p>
   </div>
   <div class='ocr_carea' id='block_1_98' title="bbox 2125 3871 3718 3944">
    <p class='ocr_par' dir='ltr' id='par_1_98' title="bbox 2125 3871 3718 3944">
     <span class='ocr_line' id='line_1_98' title="bbox 2125 3871 3718 3944; baseline -0.007 -12"><span class='ocrx_word' id='word_1_771' title='bbox 2125 3876 2207 3932; x_wconf 75' lang='lat' dir='ltr'><strong>Ex</strong></span> <span class='ocrx_word' id='word_1_772' title='bbox 2229 3877 2332 3931; x_wconf 91' lang='lat' dir='ltr'><strong>hac</strong></span> <span class='ocrx_word' id='word_1_773' title='bbox 2359 3874 2532 3930; x_wconf 90' lang='lat' dir='ltr'><strong>insula</strong></span> <span class='ocrx_word' id='word_1_774' title='bbox 2560 3873 2816 3929; x_wconf 87' lang='lat' dir='ltr'><strong>dicuntur</strong></span> <span class='ocrx_word' id='word_1_775' title='bbox 2845 3882 2900 3930; x_wconf 87' lang='lat' dir='ltr'><strong>et</strong></span> <span class='ocrx_word' id='word_1_776' title='bbox 2918 3871 3214 3944; x_wconf 80' lang='lat' dir='ltr'><strong>&#39;carpathiae</strong></span> <span class='ocrx_word' id='word_1_777' title='bbox 3232 3884 3396 3926; x_wconf 84' lang='lat' dir='ltr'><strong>naves</strong></span> <span class='ocrx_word' id='word_1_778' title='bbox 3425 3883 3636 3938; x_wconf 79' lang='lat' dir='ltr'><strong>magna:</strong></span> <span class='ocrx_word' id='word_1_779' title='bbox 3661 3871 3718 3922; x_wconf 89' lang='lat' dir='ltr'><strong>et</strong></span> 
     </span>
    </p>
   </div>
   <div class='ocr_carea' id='block_1_99' title="bbox 2125 3959 3718 4037">
    <p class='ocr_par' dir='ltr' id='par_1_99' title="bbox 2125 3959 3718 4037">
     <span class='ocr_line' id='line_1_99' title="bbox 2125 3959 3718 4037; baseline -0.006 -16"><span class='ocrx_word' id='word_1_780' title='bbox 2125 3967 2398 4037; x_wconf 76' lang='lat' dir='ltr'><strong>Spatiosac.</strong></span> <span class='ocrx_word' id='word_1_781' title='bbox 2421 3963 2692 4037; x_wconf 85' lang='lat' dir='ltr'><strong>Cytherea</strong></span> <span class='ocrx_word' id='word_1_782' title='bbox 2713 3964 2910 4030; x_wconf 91' lang='lat' dir='ltr'><strong>insula,</strong></span> <span class='ocrx_word' id='word_1_783' title='bbox 2929 3978 3036 4018; x_wconf 90' lang='lat' dir='ltr'><strong>una</strong></span> <span class='ocrx_word' id='word_1_784' title='bbox 3055 3977 3123 4018; x_wconf 78' lang='lat' dir='ltr'><strong>ex</strong></span> <span class='ocrx_word' id='word_1_785' title='bbox 3143 3961 3212 4034; x_wconf 89' lang='lat' dir='ltr'><strong>Cy</strong></span> <span class='ocrx_word' id='word_1_786' title='bbox 3223 3959 3485 4025; x_wconf 84' lang='lat' dir='ltr'><strong>cladibus,</strong></span> <span class='ocrx_word' id='word_1_787' title='bbox 3513 3974 3543 4012; x_wconf 90' lang='lat' dir='ltr'><strong>a</strong></span> <span class='ocrx_word' id='word_1_788' title='bbox 3563 3967 3718 4029; x_wconf 89' lang='lat' dir='ltr'><strong>parte</strong></span> 
     </span>
    </p>
   </div>
   <div class='ocr_carea' id='block_1_100' title="bbox 2127 4051 3716 4128">
    <p class='ocr_par' dir='ltr' id='par_1_100' title="bbox 2127 4051 3716 4128">
     <span class='ocr_line' id='line_1_100' title="bbox 2127 4051 3716 4128; baseline -0.007 -11"><span class='ocrx_word' id='word_1_789' title='bbox 2127 4057 2348 4116; x_wconf 91' lang='lat' dir='ltr'><strong>occidua</strong></span> <span class='ocrx_word' id='word_1_790' title='bbox 2371 4057 2491 4122; x_wconf 91' lang='lat' dir='ltr'><strong>sita,</strong></span> <span class='ocrx_word' id='word_1_791' title='bbox 2513 4057 2666 4128; x_wconf 89' lang='lat' dir='ltr'><strong>cujus</strong></span> <span class='ocrx_word' id='word_1_792' title='bbox 2681 4057 2976 4128; x_wconf 88' lang='lat' dir='ltr'><strong>Porphyris</strong></span> <span class='ocrx_word' id='word_1_793' title='bbox 2997 4065 3155 4112; x_wconf 88' lang='lat' dir='ltr'><strong>antea</strong></span> <span class='ocrx_word' id='word_1_794' title='bbox 3171 4069 3362 4111; x_wconf 88' lang='lat' dir='ltr'><strong>nomen</strong></span> <span class='ocrx_word' id='word_1_795' title='bbox 3386 4051 3505 4108; x_wconf 89' lang='lat' dir='ltr'><strong>fuit.</strong></span> <span class='ocrx_word' id='word_1_796' title='bbox 3520 4052 3716 4125; x_wconf 78' lang='lat' dir='ltr'><strong>Cythe—</strong></span> 
     </span>
    </p>
   </div>
   <div class='ocr_carea' id='block_1_101' title="bbox 2130 4143 3717 4218">
    <p class='ocr_par' dir='ltr' id='par_1_101' title="bbox 2130 4143 3717 4218">
     <span class='ocr_line' id='line_1_101' title="bbox 2130 4143 3717 4218; baseline -0.008 -10"><span class='ocrx_word' id='word_1_797' title='bbox 2130 4167 2224 4208; x_wconf 86' lang='lat' dir='ltr'><strong>rea</strong></span> <span class='ocrx_word' id='word_1_798' title='bbox 2257 4159 2440 4206; x_wconf 85' lang='lat' dir='ltr'><strong>autcm</strong></span> <span class='ocrx_word' id='word_1_799' title='bbox 2471 4158 2682 4215; x_wconf 87' lang='lat' dir='ltr'><strong>vocata,</strong></span> <span class='ocrx_word' id='word_1_800' title='bbox 2711 4149 2854 4218; x_wconf 88' lang='lat' dir='ltr'><strong>quod</strong></span> <span class='ocrx_word' id='word_1_801' title='bbox 2883 4149 2956 4204; x_wconf 89' lang='lat' dir='ltr'><strong>ibi</strong></span> <span class='ocrx_word' id='word_1_802' title='bbox 2983 4149 3166 4204; x_wconf 81' lang='lat' dir='ltr'><strong>Venus</strong></span> <span class='ocrx_word' id='word_1_803' title='bbox 3191 4147 3261 4204; x_wconf 88' lang='lat' dir='ltr'><strong>sit</strong></span> <span class='ocrx_word' id='word_1_804' title='bbox 3282 4155 3423 4201; x_wconf 89' lang='lat' dir='ltr'><strong>orta.</strong></span> <span class='ocrx_word' id='word_1_805' title='bbox 3446 4145 3614 4200; x_wconf 85' lang='lat' dir='ltr'><strong>Icaria</strong></span> <span class='ocrx_word' id='word_1_806' title='bbox 3635 4143 3717 4197; x_wconf 90' lang='lat' dir='ltr'><strong>in-</strong></span> 
     </span>
    </p>
   </div>
   <div class='ocr_carea' id='block_1_102' title="bbox 2129 4239 3717 4314">
    <p class='ocr_par' dir='ltr' id='par_1_102' title="bbox 2129 4239 3717 4314">
     <span class='ocr_line' id='line_1_102' title="bbox 2129 4239 3717 4314; baseline -0.006 -14"><span class='ocrx_word' id='word_1_807' title='bbox 2129 4243 2266 4311; x_wconf 86' lang='lat' dir='ltr'><strong>sula,</strong></span> <span class='ocrx_word' id='word_1_808' title='bbox 2307 4257 2416 4298; x_wconf 88' lang='lat' dir='ltr'><strong>una</strong></span> <span class='ocrx_word' id='word_1_809' title='bbox 2465 4243 2532 4298; x_wconf 90' lang='lat' dir='ltr'><strong>de</strong></span> <span class='ocrx_word' id='word_1_810' title='bbox 2575 4241 2918 4314; x_wconf 89' lang='lat' dir='ltr'><strong>Cycladibus,</strong></span> <span class='ocrx_word' id='word_1_811' title='bbox 2961 4258 3083 4312; x_wconf 76' lang='lat' dir='ltr'><strong>qua:</strong></span> <span class='ocrx_word' id='word_1_812' title='bbox 3117 4240 3287 4296; x_wconf 85' lang='lat' dir='ltr'><strong>Icario</strong></span> <span class='ocrx_word' id='word_1_813' title='bbox 3335 4239 3472 4294; x_wconf 89' lang='lat' dir='ltr'><strong>mari</strong></span> <span class='ocrx_word' id='word_1_814' title='bbox 3519 4249 3717 4293; x_wconf 84' lang='lat' dir='ltr'><strong>nomen</strong></span> 
     </span>
    </p>
   </div>
   <div class='ocr_carea' id='block_1_103' title="bbox 2130 4325 3719 4402">
    <p class='ocr_par' dir='ltr' id='par_1_103' title="bbox 2130 4325 3719 4402">
     <span class='ocr_line' id='line_1_103' title="bbox 2130 4325 3719 4402; baseline -0.006 -13"><span class='ocrx_word' id='word_1_815' title='bbox 2130 4332 2296 4389; x_wconf 89' lang='lat' dir='ltr'><strong>dedit.</strong></span> <span class='ocrx_word' id='word_1_816' title='bbox 2330 4331 2456 4388; x_wconf 81' lang='lat' dir='ltr'><strong>Haec</strong></span> <span class='ocrx_word' id='word_1_817' title='bbox 2496 4331 2640 4386; x_wconf 89' lang='lat' dir='ltr'><strong>inter</strong></span> <span class='ocrx_word' id='word_1_818' title='bbox 2669 4331 2888 4386; x_wconf 88' lang='lat' dir='ltr'><strong>Samum</strong></span> <span class='ocrx_word' id='word_1_819' title='bbox 2929 4341 2982 4386; x_wconf 91' lang='lat' dir='ltr'><strong>et</strong></span> <span class='ocrx_word' id='word_1_820' title='bbox 3027 4329 3332 4402; x_wconf 83' lang='lat' dir='ltr'><strong>Myconium</strong></span> <span class='ocrx_word' id='word_1_821' title='bbox 3355 4325 3719 4398; x_wconf 88' lang='lat' dir='ltr'><strong>procurrenti-</strong></span> 
     </span>
    </p>
   </div>
   <div class='ocr_carea' id='block_1_104' title="bbox 2131 4425 3716 4498">
    <p class='ocr_par' dir='ltr' id='par_1_104' title="bbox 2131 4425 3716 4498">
     <span class='ocr_line' id='line_1_104' title="bbox 2131 4425 3716 4498; baseline -0.005 -15"><span class='ocrx_word' id='word_1_822' title='bbox 2131 4427 2234 4484; x_wconf 92' lang='lat' dir='ltr'><strong>bus</strong></span> <span class='ocrx_word' id='word_1_823' title='bbox 2263 4427 2409 4482; x_wconf 79' lang='lat' dir='ltr'><strong>saxis</strong></span> <span class='ocrx_word' id='word_1_824' title='bbox 2437 4427 2775 4498; x_wconf 87' lang='lat' dir='ltr'><strong>inhospitalis</strong></span> <span class='ocrx_word' id='word_1_825' title='bbox 2801 4433 2884 4482; x_wconf 89' lang='lat' dir='ltr'><strong>est</strong></span> <span class='ocrx_word' id='word_1_826' title='bbox 2901 4467 2916 4494; x_wconf 94' lang='lat'><strong>,</strong></span> <span class='ocrx_word' id='word_1_827' title='bbox 2944 4435 2998 4482; x_wconf 90' lang='lat' dir='ltr'><strong>et</strong></span> <span class='ocrx_word' id='word_1_828' title='bbox 3018 4425 3179 4482; x_wconf 89' lang='lat' dir='ltr'><strong>nullis</strong></span> <span class='ocrx_word' id='word_1_829' title='bbox 3207 4425 3414 4480; x_wconf 89' lang='lat' dir='ltr'><strong>sinibus</strong></span> <span class='ocrx_word' id='word_1_830' title='bbox 3438 4431 3716 4494; x_wconf 84' lang='lat' dir='ltr'><strong>portuosa.</strong></span> 
     </span>
    </p>
   </div>
   <div class='ocr_carea' id='block_1_105' title="bbox 2134 4514 3720 4587">
    <p class='ocr_par' dir='ltr' id='par_1_105' title="bbox 2134 4514 3720 4587">
     <span class='ocr_line' id='line_1_105' title="bbox 2134 4514 3720 4587; baseline -0.004 -11"><span class='ocrx_word' id='word_1_831' title='bbox 2134 4520 2342 4576; x_wconf 89' lang='lat' dir='ltr'><strong>Dicitur</strong></span> <span class='ocrx_word' id='word_1_832' title='bbox 2363 4529 2539 4576; x_wconf 89' lang='lat' dir='ltr'><strong>autem</strong></span> <span class='ocrx_word' id='word_1_833' title='bbox 2571 4520 2782 4576; x_wconf 90' lang='lat' dir='ltr'><strong>Icarum</strong></span> <span class='ocrx_word' id='word_1_834' title='bbox 2809 4520 3124 4576; x_wconf 87' lang='lat' dir='ltr'><strong>Cretensem</strong></span> <span class='ocrx_word' id='word_1_835' title='bbox 3166 4520 3237 4575; x_wconf 92' lang='lat' dir='ltr'><strong>ibi</strong></span> <span class='ocrx_word' id='word_1_836' title='bbox 3273 4515 3557 4587; x_wconf 84' lang='lat' dir='ltr'><strong>naufragio</strong></span> <span class='ocrx_word' id='word_1_837' title='bbox 3580 4514 3720 4570; x_wconf 86' lang='lat' dir='ltr'><strong>inte-</strong></span> 
     </span>
    </p>
   </div>
   <div class='ocr_carea' id='block_1_106' title="bbox 2133 4603 3714 4681">
    <p class='ocr_par' dir='ltr' id='par_1_106' title="bbox 2133 4603 3714 4681">
     <span class='ocr_line' id='line_1_106' title="bbox 2133 4603 3714 4681; baseline -0.006 -15"><span class='ocrx_word' id='word_1_838' title='bbox 2133 4612 2301 4678; x_wconf 90' lang='lat' dir='ltr'><strong>risse,</strong></span> <span class='ocrx_word' id='word_1_839' title='bbox 2343 4620 2399 4668; x_wconf 92' lang='lat' dir='ltr'><strong>et</strong></span> <span class='ocrx_word' id='word_1_840' title='bbox 2433 4613 2499 4668; x_wconf 91' lang='lat' dir='ltr'><strong>de</strong></span> <span class='ocrx_word' id='word_1_841' title='bbox 2533 4611 2683 4667; x_wconf 76' lang='lat' dir='ltr'><strong>exitu</strong></span> <span class='ocrx_word' id='word_1_842' title='bbox 2723 4611 2956 4666; x_wconf 90' lang='lat' dir='ltr'><strong>hominis</strong></span> <span class='ocrx_word' id='word_1_843' title='bbox 2997 4609 3306 4681; x_wconf 88' lang='lat' dir='ltr'><strong>impositum</strong></span> <span class='ocrx_word' id='word_1_844' title='bbox 3342 4620 3538 4662; x_wconf 87' lang='lat' dir='ltr'><strong>nomen</strong></span> <span class='ocrx_word' id='word_1_845' title='bbox 3575 4603 3714 4658; x_wconf 91' lang='lat' dir='ltr'><strong>loco.</strong></span> 
     </span>
    </p>
   </div>
   <div class='ocr_carea' id='block_1_107' title="bbox 2132 4695 3718 4772">
    <p class='ocr_par' dir='ltr' id='par_1_107' title="bbox 2132 4695 3718 4772">
     <span class='ocr_line' id='line_1_107' title="bbox 2132 4695 3718 4772; baseline -0.007 -15"><span class='ocrx_word' id='word_1_846' title='bbox 2132 4700 2315 4757; x_wconf 79' lang='lat' dir='ltr'><strong>Naxos</strong></span> <span class='ocrx_word' id='word_1_847' title='bbox 2343 4700 2540 4767; x_wconf 87' lang='lat' dir='ltr'><strong>insula,</strong></span> <span class='ocrx_word' id='word_1_848' title='bbox 2568 4711 2693 4756; x_wconf 91' lang='lat' dir='ltr'><strong>ante</strong></span> <span class='ocrx_word' id='word_1_849' title='bbox 2715 4700 2997 4772; x_wconf 82' lang='lat' dir='ltr'><strong>Dionysias</strong></span> <span class='ocrx_word' id='word_1_850' title='bbox 3019 4701 3194 4765; x_wconf 86' lang='lat' dir='ltr'><strong>dicta,</strong></span> <span class='ocrx_word' id='word_1_851' title='bbox 3225 4697 3380 4769; x_wconf 87' lang='lat' dir='ltr'><strong>quasi</strong></span> <span class='ocrx_word' id='word_1_852' title='bbox 3413 4695 3718 4757; x_wconf 81' lang='lat' dir='ltr'><strong>Dionaxos,</strong></span> 
     </span>
    </p>
   </div>
   <div class='ocr_carea' id='block_1_108' title="bbox 2133 4792 3720 4864">
    <p class='ocr_par' dir='ltr' id='par_1_108' title="bbox 2133 4792 3720 4864">
     <span class='ocr_line' id='line_1_108' title="bbox 2133 4792 3720 4864; baseline -0.008 -15"><span class='ocrx_word' id='word_1_853' title='bbox 2133 4794 2277 4864; x_wconf 91' lang='lat' dir='ltr'><strong>quod</strong></span> <span class='ocrx_word' id='word_1_854' title='bbox 2323 4792 2600 4848; x_wconf 87' lang='lat' dir='ltr'><strong>fertilitate</strong></span> <span class='ocrx_word' id='word_1_855' title='bbox 2643 4792 2828 4846; x_wconf 89' lang='lat' dir='ltr'><strong>vitium</strong></span> <span class='ocrx_word' id='word_1_856' title='bbox 2865 4792 3046 4847; x_wconf 89' lang='lat' dir='ltr'><strong>vincat</strong></span> <span class='ocrx_word' id='word_1_857' title='bbox 3073 4799 3335 4846; x_wconf 81' lang='lat' dir='ltr'><strong>caeteras:</strong></span> <span class='ocrx_word' id='word_1_858' title='bbox 3364 4796 3448 4844; x_wconf 87' lang='lat' dir='ltr'><strong>est</strong></span> <span class='ocrx_word' id='word_1_859' title='bbox 3475 4794 3655 4840; x_wconf 90' lang='lat' dir='ltr'><strong>autem</strong></span> <span class='ocrx_word' id='word_1_860' title='bbox 3685 4798 3720 4837; x_wconf 89' lang='lat' dir='ltr'><strong>a</strong></span> 
     </span>
    </p>
   </div>
   <div class='ocr_carea' id='block_1_109' title="bbox 2133 4882 3719 4952">
    <p class='ocr_par' dir='ltr' id='par_1_109' title="bbox 2133 4882 3719 4952">
     <span class='ocr_line' id='line_1_109' title="bbox 2133 4882 3719 4952; baseline -0.004 -14"><span class='ocrx_word' id='word_1_861' title='bbox 2133 4883 2266 4939; x_wconf 89' lang='lat' dir='ltr'><strong>Delo</strong></span> <span class='ocrx_word' id='word_1_862' title='bbox 2299 4883 2482 4938; x_wconf 86' lang='lat' dir='ltr'><strong>decem</strong></span> <span class='ocrx_word' id='word_1_863' title='bbox 2518 4889 2570 4938; x_wconf 90' lang='lat' dir='ltr'><strong>et</strong></span> <span class='ocrx_word' id='word_1_864' title='bbox 2602 4891 2726 4938; x_wconf 89' lang='lat' dir='ltr'><strong>octo</strong></span> <span class='ocrx_word' id='word_1_865' title='bbox 2754 4882 2919 4937; x_wconf 87' lang='lat' dir='ltr'><strong>millia</strong></span> <span class='ocrx_word' id='word_1_866' title='bbox 2942 4898 3194 4952; x_wconf 90' lang='lat' dir='ltr'><strong>passuum</strong></span> <span class='ocrx_word' id='word_1_867' title='bbox 3226 4889 3493 4951; x_wconf 86' lang='lat' dir='ltr'><strong>separata,</strong></span> <span class='ocrx_word' id='word_1_868' title='bbox 3522 4895 3589 4933; x_wconf 77' lang='lat' dir='ltr'><strong>ex</strong></span> <span class='ocrx_word' id='word_1_869' title='bbox 3613 4892 3719 4946; x_wconf 85' lang='lat' dir='ltr'><strong>qua</strong></span> 
     </span>
    </p>
   </div>
   <div class='ocr_carea' id='block_1_110' title="bbox 2133 4967 3722 5042">
    <p class='ocr_par' dir='ltr' id='par_1_110' title="bbox 2133 4967 3722 5042">
     <span class='ocr_line' id='line_1_110' title="bbox 2133 4967 3722 5042; baseline -0.004 -14"><span class='ocrx_word' id='word_1_870' title='bbox 2133 4972 2262 5028; x_wconf 90' lang='lat' dir='ltr'><strong>olim</strong></span> <span class='ocrx_word' id='word_1_871' title='bbox 2313 4969 2522 5042; x_wconf 80' lang='lat' dir='ltr'><strong>Jupiter</strong></span> <span class='ocrx_word' id='word_1_872' title='bbox 2567 4971 2744 5027; x_wconf 87' lang='lat' dir='ltr'><strong>fertur</strong></span> <span class='ocrx_word' id='word_1_873' title='bbox 2784 4974 3042 5028; x_wconf 83' lang='lat' dir='ltr'><strong>adversus</strong></span> <span class='ocrx_word' id='word_1_874' title='bbox 3083 4969 3307 5027; x_wconf 88' lang='lat' dir='ltr'><strong>Titanas’</strong></span> <span class='ocrx_word' id='word_1_875' title='bbox 3345 4969 3512 5024; x_wconf 87' lang='lat' dir='ltr'><strong>fuisse</strong></span> <span class='ocrx_word' id='word_1_876' title='bbox 3540 4967 3722 5039; x_wconf 85' lang='lat' dir='ltr'><strong>profe-</strong></span> 
     </span>
    </p>
   </div>
   <div class='ocr_carea' id='block_1_111' title="bbox 2135 5061 3722 5133">
    <p class='ocr_par' dir='ltr' id='par_1_111' title="bbox 2135 5061 3722 5133">
     <span class='ocr_line' id='line_1_111' title="bbox 2135 5061 3722 5133; baseline -0.004 -16"><span class='ocrx_word' id='word_1_877' title='bbox 2135 5071 2274 5118; x_wconf 88' lang='lat' dir='ltr'><strong>ctus.</strong></span> <span class='ocrx_word' id='word_1_878' title='bbox 2317 5061 2482 5117; x_wconf 81' lang='lat' dir='ltr'><strong>Melos</strong></span> <span class='ocrx_word' id='word_1_879' title='bbox 2531 5063 2705 5118; x_wconf 88' lang='lat' dir='ltr'><strong>insula</strong></span> <span class='ocrx_word' id='word_1_880' title='bbox 2749 5079 2817 5118; x_wconf 83' lang='lat' dir='ltr'><strong>ex</strong></span> <span class='ocrx_word' id='word_1_881' title='bbox 2863 5077 3090 5118; x_wconf 90' lang='lat' dir='ltr'><strong>numero</strong></span> <span class='ocrx_word' id='word_1_882' title='bbox 3119 5061 3429 5133; x_wconf 86' lang='lat' dir='ltr'><strong>Cycladum,</strong></span> <span class='ocrx_word' id='word_1_883' title='bbox 3468 5073 3574 5113; x_wconf 91' lang='lat' dir='ltr'><strong>una</strong></span> <span class='ocrx_word' id='word_1_884' title='bbox 3604 5072 3722 5122; x_wconf 48' lang='lat' dir='ltr'><strong>orna</strong></span> 
     </span>
    </p>
   </div>
   <div class='ocr_carea' id='block_1_112' title="bbox 2137 5154 3716 5221">
    <p class='ocr_par' dir='ltr' id='par_1_112' title="bbox 2137 5154 3716 5221">
     <span class='ocr_line' id='line_1_112' title="bbox 2137 5154 3716 5221; baseline -0.005 -12"><span class='ocrx_word' id='word_1_885' title='bbox 2137 5155 2286 5210; x_wconf 89' lang='lat' dir='ltr'><strong>nium</strong></span> <span class='ocrx_word' id='word_1_886' title='bbox 2329 5155 2629 5210; x_wconf 90' lang='lat' dir='ltr'><strong>insularum</strong></span> <span class='ocrx_word' id='word_1_887' title='bbox 2671 5155 3080 5221; x_wconf 87' lang='lat' dir='ltr'><strong>rotundissima,</strong></span> <span class='ocrx_word' id='word_1_888' title='bbox 3111 5154 3254 5210; x_wconf 88' lang='lat' dir='ltr'><strong>unde</strong></span> <span class='ocrx_word' id='word_1_889' title='bbox 3296 5160 3352 5208; x_wconf 92' lang='lat' dir='ltr'><strong>et</strong></span> <span class='ocrx_word' id='word_1_890' title='bbox 3387 5158 3716 5220; x_wconf 87' lang='lat' dir='ltr'><strong>nuncupata.</strong></span> 
     </span>
    </p>
   </div>
   <div class='ocr_carea' id='block_1_113' title="bbox 2139 5244 3722 5308">
    <p class='ocr_par' dir='ltr' id='par_1_113' title="bbox 2139 5244 3722 5308">
     <span class='ocr_line' id='line_1_113' title="bbox 2139 5244 3722 5308; baseline -0.002 -7"><span class='ocrx_word' id='word_1_891' title='bbox 2139 5245 2377 5302; x_wconf 89' lang='lat' dir='ltr'><strong>Historia</strong></span> <span class='ocrx_word' id='word_1_892' title='bbox 2410 5247 2540 5302; x_wconf 87' lang='lat' dir='ltr'><strong>dicit</strong></span> <span class='ocrx_word' id='word_1_893' title='bbox 2571 5262 2636 5302; x_wconf 79' lang='lat' dir='ltr'><strong>ex</strong></span> <span class='ocrx_word' id='word_1_894' title='bbox 2671 5245 2868 5304; x_wconf 82' lang='lat' dir='ltr'><strong>Jasone</strong></span> <span class='ocrx_word' id='word_1_895' title='bbox 2905 5257 3092 5302; x_wconf 87' lang='lat' dir='ltr'><strong>natum</strong></span> <span class='ocrx_word' id='word_1_896' title='bbox 3131 5245 3299 5303; x_wconf 85' lang='lat' dir='ltr'><strong>fuisse</strong></span> <span class='ocrx_word' id='word_1_897' title='bbox 3340 5244 3722 5308; x_wconf 88' lang='lat' dir='ltr'><strong>Pbilomelum,</strong></span> 
     </span>
    </p>
   </div>
   <div class='ocr_carea' id='block_1_114' title="bbox 2137 5325 3724 5414">
    <p class='ocr_par' dir='ltr' id='par_1_114' title="bbox 2137 5325 3724 5414">
     <span class='ocr_line' id='line_1_114' title="bbox 2137 5325 3724 5414; baseline 0 -20"><span class='ocrx_word' id='word_1_898' title='bbox 2137 5347 2194 5394; x_wconf 91' lang='lat' dir='ltr'><strong>et</strong></span> <span class='ocrx_word' id='word_1_899' title='bbox 2214 5338 2426 5394; x_wconf 89' lang='lat' dir='ltr'><strong>Plutum</strong></span> <span class='ocrx_word' id='word_1_900' title='bbox 2460 5356 2526 5396; x_wconf 77' lang='lat' dir='ltr'><strong>ex</strong></span> <span class='ocrx_word' id='word_1_901' title='bbox 2561 5325 2853 5397; x_wconf 81' lang='lat' dir='ltr'><strong>Philomelo</strong></span> <span class='ocrx_word' id='word_1_902' title='bbox 2880 5341 3207 5414; x_wconf 86' lang='lat' dir='ltr'><strong>Pareantum</strong></span> <span class='ocrx_word' id='word_1_903' title='bbox 3246 5342 3510 5414; x_wconf 88' lang='lat' dir='ltr'><strong>genitum,</strong></span> <span class='ocrx_word' id='word_1_904' title='bbox 3537 5337 3630 5408; x_wconf 90' lang='lat' dir='ltr'><strong>qui</strong></span> <span class='ocrx_word' id='word_1_905' title='bbox 3657 5337 3724 5394; x_wconf 88' lang='lat' dir='ltr'><strong>de</strong></span> 
     </span>
    </p>
   </div>
   <div class='ocr_carea' id='block_1_115' title="bbox 2138 5428 3720 5504">
    <p class='ocr_par' dir='ltr' id='par_1_115' title="bbox 2138 5428 3720 5504">
     <span class='ocr_line' id='line_1_115' title="bbox 2138 5428 3720 5504; baseline -0.002 -19"><span class='ocrx_word' id='word_1_906' title='bbox 2138 5444 2238 5485; x_wconf 89' lang='lat' dir='ltr'><strong>suo</strong></span> <span class='ocrx_word' id='word_1_907' title='bbox 2260 5430 2479 5486; x_wconf 88' lang='lat' dir='ltr'><strong>nomine</strong></span> <span class='ocrx_word' id='word_1_908' title='bbox 2520 5431 2696 5488; x_wconf 87' lang='lat' dir='ltr'><strong>Paron</strong></span> <span class='ocrx_word' id='word_1_909' title='bbox 2738 5432 2969 5488; x_wconf 90' lang='lat' dir='ltr'><strong>insulam</strong></span> <span class='ocrx_word' id='word_1_910' title='bbox 3008 5441 3065 5488; x_wconf 90' lang='lat' dir='ltr'><strong>et</strong></span> <span class='ocrx_word' id='word_1_911' title='bbox 3105 5433 3360 5504; x_wconf 91' lang='lat' dir='ltr'><strong>oppidum</strong></span> <span class='ocrx_word' id='word_1_912' title='bbox 3409 5428 3720 5504; x_wconf 89' lang='lat' dir='ltr'><strong>appellavit.</strong></span> 
     </span>
    </p>
   </div>
   <div class='ocr_carea' id='block_1_116' title="bbox 2136 5517 3723 5590">
    <p class='ocr_par' dir='ltr' id='par_1_116' title="bbox 2136 5517 3723 5590">
     <span class='ocr_line' id='line_1_116' title="bbox 2136 5517 3723 5590; baseline 0 -16"><span class='ocrx_word' id='word_1_913' title='bbox 2136 5517 2294 5574; x_wconf 88' lang='lat' dir='ltr'><strong>Prius</strong></span> <span class='ocrx_word' id='word_1_914' title='bbox 2337 5529 2517 5574; x_wconf 87' lang='lat' dir='ltr'><strong>autem</strong></span> <span class='ocrx_word' id='word_1_915' title='bbox 2562 5520 2780 5590; x_wconf 82' lang='lat' dir='ltr'><strong>Minoia,</strong></span> <span class='ocrx_word' id='word_1_916' title='bbox 2822 5523 3014 5580; x_wconf 85' lang='lat' dir='ltr'><strong>deinde</strong></span> <span class='ocrx_word' id='word_1_917' title='bbox 3067 5523 3245 5581; x_wconf 89' lang='lat' dir='ltr'><strong>Paron</strong></span> <span class='ocrx_word' id='word_1_918' title='bbox 3290 5522 3456 5590; x_wconf 89' lang='lat' dir='ltr'><strong>dicta,</strong></span> <span class='ocrx_word' id='word_1_919' title='bbox 3502 5523 3572 5578; x_wconf 82' lang='lat' dir='ltr'><strong>de</strong></span> <span class='ocrx_word' id='word_1_920' title='bbox 3615 5533 3723 5590; x_wconf 88' lang='lat' dir='ltr'><strong>qua</strong></span> 
     </span>
    </p>
   </div>
   <div class='ocr_carea' id='block_1_117' title="bbox 2137 5606 3726 5686">
    <p class='ocr_par' dir='ltr' id='par_1_117' title="bbox 2137 5606 3726 5686">
     <span class='ocr_line' id='line_1_117' title="bbox 2137 5606 3726 5686; baseline 0.003 -24"><span class='ocrx_word' id='word_1_921' title='bbox 2137 5606 2394 5680; x_wconf 80' lang='lat' dir='ltr'><strong>Virgilius</strong></span> <span class='ocrx_word' id='word_1_922' title='bbox 2433 5627 2446 5662; x_wconf 74' lang='grc' dir='ltr'><strong>ε</strong></span> <span class='ocrx_word' id='word_1_923' title='bbox 2488 5607 2808 5682; x_wconf 78' lang='lat' dir='ltr'><strong>Niveamque</strong></span> <span class='ocrx_word' id='word_1_924' title='bbox 2839 5611 3049 5680; x_wconf 82' lang='lat' dir='ltr'><strong>Paron;</strong></span> <span class='ocrx_word' id='word_1_925' title='bbox 3086 5614 3258 5686; x_wconf 89' lang='lat' dir='ltr'><strong>gignit</strong></span> <span class='ocrx_word' id='word_1_926' title='bbox 3297 5613 3444 5669; x_wconf 89' lang='lat' dir='ltr'><strong>enim</strong></span> <span class='ocrx_word' id='word_1_927' title='bbox 3484 5623 3726 5667; x_wconf 83' lang='lat' dir='ltr'><strong>marmor</strong></span> 
     </span>
    </p>
   </div>
   <div class='ocr_carea' id='block_1_118' title="bbox 2136 5697 3721 5771">
    <p class='ocr_par' dir='ltr' id='par_1_118' title="bbox 2136 5697 3721 5771">
     <span class='ocr_line' id='line_1_118' title="bbox 2136 5697 3721 5771; baseline 0.001 -15"><span class='ocrx_word' id='word_1_928' title='bbox 2136 5697 2597 5768; x_wconf 87' lang='lat' dir='ltr'><strong>candidissimum,</strong></span> <span class='ocrx_word' id='word_1_929' title='bbox 2633 5702 2776 5771; x_wconf 87' lang='lat' dir='ltr'><strong>quod</strong></span> <span class='ocrx_word' id='word_1_930' title='bbox 2805 5703 3022 5762; x_wconf 88' lang='lat' dir='ltr'><strong>Parium</strong></span> <span class='ocrx_word' id='word_1_931' title='bbox 3059 5706 3245 5762; x_wconf 89' lang='lat' dir='ltr'><strong>dicunt</strong></span> <span class='ocrx_word' id='word_1_932' title='bbox 3273 5722 3290 5762; x_wconf 89' lang='lat'><strong>:</strong></span> <span class='ocrx_word' id='word_1_933' title='bbox 3320 5705 3484 5762; x_wconf 89' lang='lat' dir='ltr'><strong>mittit</strong></span> <span class='ocrx_word' id='word_1_934' title='bbox 3517 5714 3572 5764; x_wconf 82' lang='lat' dir='ltr'><strong>et</strong></span> <span class='ocrx_word' id='word_1_935' title='bbox 3601 5716 3721 5760; x_wconf 80' lang='lat' dir='ltr'><strong>sar-</strong></span> 
     </span>
    </p>
   </div>
  </div>
