4074 6324
312 341 419 403 357

1271 342 1359 399 DE
1398 342 1741 404 UNIVERSO
1776 343 1954 402 LIBRI
1996 343 2159 400 XXII.
2189 374 2256 385 τ-
2288 345 2415 403 LIB.
2456 346 2569 404 XII.

3470 346 3581 419 38.8

310 458 436 517 dam
466 455 720 529 lapidem,
764 456 1121 513 marmoribus
1171 458 1386 527 quidem
1432 459 1885 529 praestantiorem,
1914 463 1960 523 Λ
1990 474 2019 513 a
2045 460 2418 530 navigantibus
2431 460 2741 518 Graecorum
2767 462 2960 521 lchnos
2991 466 3256 538 appellata
3277 479 3360 527 est
3389 489 3404 527 :
3430 477 3579 533 terra

310 556 370 606 et
387 548 530 603 inter
549 560 789 617 gemmas
811 546 1147 602 vilissimum.
1167 547 1331 603 Chios
1353 549 1528 604 insula
1555 548 1690 620 Syra
1710 549 1891 619 lingua

310 637 635 711 appellatur,
661 652 726 693 eo
753 638 893 708 quod
916 639 1107 693 mastix
1142 639 1334 710 gignit.
1365 638 1486 710 Syri
1524 639 1668 694 enim
1709 638 1895 692 masti-

311 744 433 785 cem
468 728 628 784 Chios
648 736 864 783 vocant.
890 726 1083 784 Samos
1114 729 1287 786 insula
1321 738 1403 785 est
1451 731 1504 784 in
1531 728 1667 784 mari
1698 728 1890 798 Aigeo,

311 819 406 875 ubi
438 828 563 873 nata
589 824 671 872 est
690 815 850 883 Juno,
891 834 959 874 ex
988 835 1093 890 qua
1126 819 1227 873 fuit
1249 818 1449 890 Sibylla
1481 818 1686 901 Samia,
1707 828 1763 874 et
1788 818 1893 888 Py-

311 915 567 985 thagoras
594 911 831 979 Samius,
866 929 897 968 a
936 929 1043 984 quo
1081 912 1435 984 Philowphia:
1474 930 1669 970 nomen
1705 915 1892 970 inven-

310 1009 446 1057 tum.
479 1002 536 1056 ln
564 1003 667 1057 hac
692 1002 864 1057 insula
899 1015 1108 1073 reperta
1138 1005 1289 1073 prius
1309 1003 1493 1057 ﬁctilia
1514 1019 1643 1058 vasa
1669 1004 1891 1057 tradun-

310 1102 420 1159 tur,
457 1095 599 1148 unde
626 1101 681 1148 et
704 1108 831 1148 vasa
853 1092 1035 1149 Samia
1062 1093 1324 1164 appellata
1353 1102 1496 1149 sunt.
1528 1093 1711 1150 Sicilia
1739 1109 1768 1147 a
1803 1091 1890 1149 Si-

309 1199 446 1239 cano
472 1198 596 1255 rege
626 1183 839 1238 Sicania
859 1184 1229 1252 cognominata
1258 1192 1336 1239 est
1367 1202 1379 1237 :
1410 1185 1603 1240 deinde
1622 1201 1653 1238 a
1689 1184 1885 1248 Siculo,

307 1273 428 1330 ltali
465 1272 652 1339 fratre,
684 1273 886 1329 Sicilia.
919 1273 1076 1330 Prius
1106 1281 1284 1329 autem
1322 1274 1657 1330 Trinacriam
1689 1276 1889 1330 dictam

306 1373 529 1436 pr0pter
567 1365 673 1419 tria
711 1380 870 1431 acra,
906 1365 960 1419 id
1005 1372 1108 1432 est,
1159 1366 1525 1435 promontoria
1564 1384 1578 1420 :
1616 1365 1889 1431 Pelorum,

306 1457 615 1529 Pachynum
637 1465 693 1512 et
718 1457 1031 1528 Lilyhmum.
1055 1455 1336 1511 Trinacria
1357 1458 1499 1512 enim
1520 1457 1763 1512 Graecum
1785 1464 1887 1510 est.

308 1552 462 1620 Quod
491 1550 685 1607 Latine
716 1552 997 1621 triquetra,
1032 1550 1184 1619 quasi
1209 1551 1262 1605 in
1291 1558 1401 1605 tres
1425 1551 1659 1620 quadras
1694 1548 1885 1603 divisa.

307 1643 437 1700 Habe
470 1643 541 1698 ab
581 1641 732 1697 Italia
761 1643 955 1713 exiguo
992 1641 1128 1696 freto
1156 1641 1388 1696 discreta
1408 1682 1424 1709 ,
1450 1640 1694 1694 Alricum
1739 1655 1888 1695 mare

305 1744 681 1809 prospectans,
711 1735 871 1789 terris
906 1733 1181 1805 frugifera,
1213 1749 1345 1807 auro
1369 1733 1669 1799 abundans,
1702 1747 1889 1787 caver—

1995 559 2143 620 patet
2161 552 2214 606 in
2246 552 2577 620 longitudine
2600 553 2763 609 millia
2784 565 2999 612 centum
3021 561 3393 632 quadraginta,
3423 564 3476 619 in
3498 564 3578 622 la-

1997 640 2220 695 titudine
2244 642 2598 713 quadraginta
2627 661 2639 697 :
2671 644 2724 699 in
2764 660 2829 700 ea
2864 661 3039 718 neque
3063 664 3286 720 serpens
3313 653 3575 724 gignitur,

1993 742 2167 797 neque
2208 727 2388 799 lupus,
2430 731 2526 786 sed
2563 730 2791 804 soliluga
2830 740 3039 791 tantum
3077 739 3278 794 animal
3318 742 3574 813 exiguum

1994 815 2300 873 hominibus
2337 819 2698 888 perniciosum
2734 839 2749 875 :
2798 837 3063 880 venenum
3101 842 3316 897 quoque
3355 829 3428 884 ibi
3465 846 3576 887 non

1991 906 2252 971 nascitur,
2284 908 2385 963 nisi
2416 910 2578 964 herba
2611 926 2709 981 per
2731 913 3023 984 scriptores
3059 915 3317 985 plurimos
3363 929 3419 975 et
3446 935 3575 991 poe-

1992 1004 2074 1051 tas
2099 1008 2416 1063 memorata,
2432 1001 2669 1070 apiastro
2690 1004 2902 1069 similis,
2925 1021 3046 1075 quae
3074 1007 3379 1065 hominibus
3402 1012 3571 1069 rictus

1989 1088 2279 1153 contrahit,
2322 1097 2377 1145 et
2408 1091 2563 1160 quasi
2606 1092 2843 1148 ridentes
2871 1093 3151 1150 interimit.
3183 1096 3381 1154 Fontes
3409 1100 3574 1158 habet

1993 1176 2240 1234 Sardinia
2272 1181 2494 1248 calidos,
2529 1182 2758 1239 inﬁrmis
2786 1184 3048 1240 medelam
3079 1188 3402 1257 prmbentes,
3435 1190 3573 1247 furi-

1990 1268 2092 1323 bus
2138 1271 2463 1337 cmcitatem,
2507 1272 2586 1337 si,
2632 1284 2973 1330 sacramento
3008 1276 3151 1341 dato,
3187 1279 3373 1335 oculos
3419 1281 3576 1351 aquis

1990 1357 2106 1427 ejus
2137 1359 2429 1429 tetigerint.
2462 1360 2693 1433 Corsicze
2727 1364 2916 1419 insula)
2943 1367 3224 1421 exordium
3255 1369 3444 1426 incola:
3479 1370 3573 1425 Li-

1993 1462 2154 1518 gures
2186 1448 2468 1516 dederunt,
2499 1452 2825 1520 appellantes
2870 1469 2991 1509 eam
3030 1471 3095 1510 ex
3139 1459 3354 1514 nomine
3382 1460 3572 1515 ducis.

1990 1537 2126 1592 Nam
2180 1540 2424 1608 quaedam
2473 1541 2639 1597 Corsa
2690 1545 2930 1611 nomine,
2986 1547 3150 1617 Ligur
3199 1549 3393 1604 mulier
3448 1568 3576 1608 cum

1991 1634 2204 1681 taurum
2246 1644 2312 1683 ex
2355 1644 2535 1700 grege,
2563 1646 2721 1701 quem
2750 1648 2916 1704 prope
2941 1635 3122 1691 littora
3153 1639 3371 1710 regebat
3399 1649 3570 1698 trans-

1991 1724 2180 1771 natare
2230 1717 2445 1772 solitum
2496 1729 2659 1791 atque
2695 1738 2793 1792 per
2834 1725 3115 1781 intervalla
3158 1745 3383 1799 corpore
3415 1742 3575 1788 aucto

305 1803 392 1883 itis
431 1803 609 1881 tamen
637 1834 692 1881 et
732 1825 924 1880 ﬁstulis
958 1803 1321 1895 penetrabilis,
1354 1823 1636 1892 ventisque
1678 1829 1732 1877 et
1773 1822 1886 1876 sul—
1916 1803 1961 1861 Β
1992 1822 2234 1863 remeare
2278 1808 2510 1877 νίάθΐθιν
2556 1812 2777 1881 cupiens
2824 1815 2965 1870 δεῖτε
3016 1817 3288 1888 incognita
3333 1821 3434 1875 Sibi
3480 1837 3572 1892 [’3'

304 1914 427 1971 fure
455 1917 634 1986 plena,
667 1916 809 1970 unde
855 1923 908 1970 et
951 1914 1025 1970 ibi
1053 1913 1229 1969 Ᾰέιηω
1270 1912 1467 1968 montis
1514 1913 1782 1977 incendia,
1830 1912 1885 1967 in

306 2005 462 2076 cujus
487 2004 626 2061 freto
654 2005 835 2077 Scylla
874 2014 956 2061 est
990 2012 1045 2060 et
1072 2002 1387 2074 Charybdis,
1430 2003 1626 2073 quibus
1673 2001 1888 2073 navigia

308 2105 404 2152 aut
431 2097 790 2153 absorbentur
815 2103 908 2150 aut
942 2095 1281 2152 colliduntur.
1328 2093 1449 2149 Fuit
1492 2102 1670 2149 autem
1717 2110 1889 2164 quon-

307 2188 431 2243 dam
462 2188 639 2258 patria
669 2186 978 2258 Cyclopum,
1009 2194 1063 2242 et
1092 2193 1276 2257 postea
1300 2186 1480 2240 nutrix
1513 2193 1885 2256 tyrannorum,

306 2277 521 2348 frugum
550 2276 763 2340 fertilis,
790 2292 855 2332 ac
875 2277 1108 2347 primum
1134 2276 1292 2330 terris
1312 2275 1562 2330 omnibus
1586 2276 1889 2331 commissis

308 2366 612 2423 seminibus
640 2375 824 2421 aratro
842 2367 1127 2436 proscissa.
1155 2365 1460 2436 Principem
1482 2366 1693 2420 urbium
1727 2365 1887 2436 Syra-

306 2471 437 2512 cusa
465 2473 479 2510 :
511 2458 685 2520 habet,
704 2456 907 2513 fontem
934 2455 1257 2511 Arethusam
1279 2454 1627 2527 etAlphmum
1642 2453 1886 2519 ﬂuvium,

307 2563 625 2619 magnorum
653 2558 1022 2620 generatorem
1050 2563 1310 2617 equorum
1342 2562 1357 2601 :
1388 2547 1443 2602 in
1471 2561 1534 2601 ea
1576 2546 1748 2601 insula
1776 2547 1886 2617 pri-

307 2651 458 2692 mum
501 2643 585 2691 est
617 2637 831 2691 inventa
878 2636 1163 2692 comoedia.
1211 2634 1451 2690 Achaten
1498 2634 1731 2704 lapidem
1772 2634 1888 2705 ipsa

305 2728 543 2801 primum
587 2742 655 2782 ex
690 2727 896 2783 Achate
923 2726 1140 2782 ﬂumine
1180 2726 1327 2781 dedit
1355 2744 1368 2779 :
1400 2727 1630 2796 parturit
1654 2734 1710 2780 et
1738 2741 1889 2781 mare

307 2818 426 2891 ejus
453 2818 749 2874 curalium:
779 2819 950 2890 gignit
991 2827 1047 2874 et
1084 2817 1225 2873 sales
1253 2817 1626 2889 Agrigentinus
1665 2818 1718 2873 in
1761 2818 1886 2889 igne

308 2910 594 2974 solubiles,
626 2910 949 2980 erepitantes
984 2910 1036 2964 in
1069 2908 1243 2978 aquis.
1273 2907 1459 2963 Omnis
1502 2908 1735 2963 ambitus
1771 2907 1886 2976 ejus

309 3000 581 3056 clauditur
600 3000 896 3056 stadiorum
921 3001 1095 3055 tribus
1123 3000 1374 3055 millibus.
1396 2998 1680 3055 Sallustius
1705 3008 1885 3055 autem

308 3090 440 3145 dicit
466 3090 631 3146 italia:
655 3090 994 3161 conjunctam
1031 3089 1194 3146 fuisse
1220 3090 1484 3156 Siciliam,
1530 3089 1623 3145 sed
1648 3091 1883 3145 medium

308 3183 540 3253 spatium
588 3183 790 3252 impetu
832 3183 996 3238 maris
1049 3183 1299 3247 divisum,
1349 3190 1406 3237 et
1449 3197 1547 3251 per
1582 3182 1886 3253 angustiam
1913 3149 1958 3212 (ἶ

306 3273 558 3330 scissum.
591 3271 798 3343 Tapsus
844 3273 1019 3329 insula
1064 3274 1253 3330 stadiis
1282 3273 1467 3329 decem
1501 3289 1533 3327 a
1577 3272 1761 3328 Sicilia
1805 3287 1892 3327 rc-

306 3373 472 3430 mota,
495 3364 683 3434 jacens
711 3378 767 3421 et
788 3365 1019 3437 planior.
1055 3365 1206 3422 Unde
1246 3374 1298 3421 et
1330 3374 1657 3437 nuncupata,
1689 3366 1755 3421 de
1783 3380 1889 3435 qua

307 3453 586 3525 Virgilius:
606 3442 1221 3528 Tapsumquejacentem.
1240 3455 1452 3521 {Beli-.13,
1469 3456 1654 3511 insula:
1669 3454 1887 3521 Sicilia),

304 3547 583 3617 appellatae
611 3549 679 3623 ab
701 3548 879 3614 Ᾱεοιο,
910 3549 1107 3619 lppotae
1145 3549 1276 3613 ﬂlio,
1315 3565 1474 3620 quem
1516 3559 1689 3619 poeta:
1718 3548 1890 3604 ﬁnxec

302 3646 431 3691 runt
461 3652 643 3707 regem
668 3636 833 3692 fuisse
853 3647 1136 3692 ventorum
1164 3657 1178 3694 :
1213 3639 1305 3694 sed
1327 3638 1407 3711 (ut
1429 3638 1599 3694 Varro
1621 3639 1771 3711 dicit)
1803 3632 1891 3694 re-

302 3734 425 3782 ctor
449 3727 552 3780 fuit
571 3726 797 3780 istarum
821 3726 1117 3780 insularum
1136 3745 1148 3757 -
1179 3735 1233 3781 et
1262 3728 1386 3797 quia
1409 3744 1477 3783 ex
1506 3743 1692 3783 earum
1718 3729 1889 3783 nebu-

300 3814 371 3871 lis
392 3823 450 3871 et
479 3814 628 3870 fumo
654 3814 865 3871 futuros
907 3815 1233 3885 praedicebat
1274 3815 1434 3869 ﬂatus
1470 3825 1775 3883 ventorum,
1820 3819 1890 3874 ah

301 3907 573 3978 imperitis
601 3907 751 3963 visus
788 3914 872 3962 est
917 3915 1106 3962 ventos
1145 3922 1240 3962 sua
1279 3914 1545 3976 potestate
1581 3908 1888 3975 retinuisse,

301 3995 499 4051 JEolia:
527 3996 714 4051 insulae
755 4004 812 4050 et
838 3995 1093 4051 Vulcanaa
1129 4004 1414 4063 vocantur,
1456 3999 1597 4066 quod
1637 4006 1691 4053 et
1735 3998 1885 4068 ipsae,

302 4086 448 4141 sicut
473 4084 661 4151 Etna,
691 4086 934 4142 ardeant.
989 4086 1127 4141 Sunt
1173 4095 1352 4142 autem
1400 4103 1594 4143 novem
1628 4089 1889 4145 habentes

301 4177 525 4248 propria
572 4179 818 4243 nomina,
858 4193 1085 4249 quarum
1121 4178 1352 4250 primam
1394 4180 1623 4250 Liparus
1668 4182 1886 4252 quidam

302 4269 556 4339 Liparem
584 4269 818 4334 vocavit,
839 4270 930 4339 qui
959 4284 1080 4324 eam
1108 4278 1233 4324 ante
1259 4269 1478 4324 Atlolum
1508 4271 1646 4325 rexit
1670 4288 1683 4324 :
1714 4270 1885 4326 altera

303 4358 470 4415 Hiera
512 4366 769 4425 vocatur,
811 4358 956 4430 quod
1000 4358 1071 4414 sit
1112 4359 1338 4415 collibus
1382 4359 1824 4414 eminentissimis
1865 4377 1880 4414 :

302 4452 527 4522 reliqua:
540 4466 692 4516 vero,
715 4451 766 4505 id
790 4460 893 4518 est,
918 4449 1226 4522 Strongyle,
1249 4450 1494 4523 Didyme,
1517 4451 1762 4518 Ericusa,
1780 4452 1884 4508 He-

300 4542 583 4615 phaestias,
603 4542 937 4608 Phamicusa,
962 4541 1270 4607 Evonimos,
1293 4542 1569 4607 Ericodes,
1611 4541 1884 4599 Phaenieo-

302 4636 557 4706 des,qu:e
578 4635 831 4706 quoniam
863 4642 1022 4690 nocte
1041 4634 1255 4700 ardent,
1274 4634 1462 4689 molire
1483 4635 1596 4689 sive
1607 4634 1881 4690 Vulcaniae

304 4730 588 4787 dicuntur:
606 4744 669 4784 ex
685 4729 770 4785 his
786 4727 1030 4798 quaedam
1051 4728 1119 4783 ab
1141 4727 1294 4781 initio
1313 4741 1420 4781 non
1444 4725 1681 4791 fuerunt,
1693 4736 1880 4795 postea

303 4822 362 4878 iu
395 4820 534 4876 mari
562 4821 720 4876 editae
741 4834 912 4889 usque
942 4819 1010 4874 ad
1034 4833 1177 4873 nunc
1194 4824 1532 4887 permanent.
1564 4816 1883 4871 Stoechades

304 4911 493 4968 insulae
514 4910 924 4968 Massiliensium
951 4909 1228 4980 sexaginta
1253 4908 1477 4962 millium
1498 4907 1672 4977 spatio
1693 4920 1725 4960 a
1750 4921 1884 4962 con—

304 5003 500 5059 tinenti
538 5003 594 5058 in
629 5001 806 5058 fronte
833 5000 1201 5057 Narbonensis
1234 5000 1556 5071 provinciae,
1589 5014 1693 5068 qua
1734 4997 1882 5053 Rho-

306 5097 480 5153 danus
500 5096 697 5151 ﬂuvius
722 5096 777 5150 in
798 5110 948 5150 mare
978 5093 1111 5148 exit.
1133 5092 1299 5147 Dicta:
1324 5099 1503 5146 autem
1526 5090 1713 5146 Graece
1737 5089 1881 5145 Staa-

305 5186 524 5250 chades,
555 5186 708 5256 quasi
739 5200 902 5256 opere
922 5184 976 5238 in
1002 5182 1246 5237 ordinem
1268 5190 1410 5236 stent
1434 5179 1642 5249 positae.
1675 5178 1879 5235 Sardus

302 5278 536 5336 Hercule
569 5284 881 5348 procreatus
909 5291 1032 5330 cum
1061 5286 1253 5344 magna
1290 5271 1629 5327 multitudine
1655 5286 1685 5325 a
1709 5270 1879 5343 Libya

302 5368 579 5440 profectus
621 5365 923 5421 Sardiniam
964 5363 1264 5432 occupavit,
1307 5369 1364 5416 et
1401 5376 1466 5416 ex
1494 5376 1592 5416 suo
1620 5359 1878 5418 vocabulo

303 5457 496 5517 insula:
520 5471 717 5513 nomen
744 5455 909 5512 dedit.
947 5453 1072 5509 Haec
1099 5454 1152 5508 in
1175 5451 1358 5508 Africo
1385 5451 1518 5507 mari
1548 5451 1682 5507 facie
1710 5451 1877 5507 vesti-

302 5549 378 5621 gii
409 5548 630 5604 humani
656 5548 711 5602 in
735 5547 996 5603 orientem
1021 5560 1184 5614 quam
1205 5544 1538 5601 occidentem
1560 5544 1719 5600 latior
1753 5560 1880 5614 pro-

304 5639 478 5695 minet
519 5637 689 5694 ferme
730 5638 952 5709 paribus
1006 5635 1282 5701 lateribus,
1335 5650 1456 5705 quae
1498 5636 1553 5691 in
1598 5634 1878 5690 meridiem

302 5740 359 5786 et
383 5730 807 5809 septentrionem
838 5738 1074 5797 vertunt,
1099 5745 1166 5787 ex
1199 5745 1307 5801 quo
1337 5738 1462 5786 ante
1494 5727 1877 5786 commercium

1988 1897 2134 1964 bula,
2165 1908 2379 1955 taurum
2407 1917 2439 1955 a
2467 1904 2677 1958 cmteris
2702 1905 3091 1975 digredientem
3126 1924 3297 1979 usque
3325 1912 3393 1967 ad
3425 1913 3574 1968 insu-

1988 1987 2094 2042 lam
2144 1990 2358 2061 navigio
2397 2002 2677 2062 persecuta
2729 2004 2830 2050 est.
2879 1995 3043 2066 Cujus
3094 2014 3339 2070 regressu
3384 2001 3574 2058 insula:

1988 2074 2321 2132 fertilitatem
2350 2092 2734 2153 cognoscentes
2762 2083 2986 2155 Ligures
3016 2087 3223 2143 ratibus
3251 2090 3322 2143 ibi
3345 2090 3572 2160 profecti

1990 2178 2137 2235 sunt,
2171 2185 2400 2240 eamque
2423 2173 2640 2228 nomine
2666 2175 2909 2231 mulieris
2933 2179 3171 2233 auctoris
3214 2189 3272 2235 et
3301 2181 3452 2237 ducis
3474 2196 3574 2255 ap-

1987 2263 2342 2331 pellaverunt.
2373 2264 2498 2320 Haec
2531 2274 2712 2321 autem
2757 2269 2930 2323 insula
2956 2270 3141 2326 Graece
3175 2272 3350 2342 Cyrne
3379 2276 3571 2332 dicitur

1989 2368 2019 2406 a
2046 2351 2244 2423 Cyrno,
2275 2354 2520 2411 Herculis
2564 2356 2696 2423 ﬂlio,
2740 2358 3002 2414 habitata.
3033 2361 3108 2416 De
3142 2378 3246 2431 qua
3277 2363 3572 2435 Virgilius:

1988 2442 2190 2515 Cymen
2246 2456 2418 2501 taxos.
2462 2447 2727 2503 Dividitur
2775 2459 2953 2504 autem
2999 2466 3030 2505 a
3088 2450 3335 2507 Sardinia
3386 2455 3571 2526 viginti

1988 2536 2212 2591 millium
2244 2536 2402 2603 freto,
2430 2540 2606 2595 cincta
2647 2541 2902 2612 Ligustici
2934 2544 3167 2613 aequoris
3196 2545 3316 2599 sinu
3354 2546 3422 2601 ad
3450 2563 3572 2617 pro-

1989 2636 2235 2696 spectum
2280 2628 2462 2683 Italiae.
2508 2629 2603 2686 Est
2638 2641 2816 2688 autem
2855 2635 3036 2690 multis
3072 2638 3455 2705 promontoriis
3479 2655 3572 2694 an-

1988 2719 2196 2790 gulosa,
2231 2721 2465 2792 gignens
2490 2730 2546 2778 et
2595 2724 2870 2781 laetissima
2910 2727 3105 2797 pabula
3131 2768 3146 2793 ,
3192 2737 3248 2783 et
3299 2728 3527 2799 lapidem
3553 2771 3570 2798 ,

1987 2826 2147 2880 quem
2166 2811 2517 2868 Cathoehiten
2538 2812 2710 2870 Grmci
2728 2826 2940 2873 vocant.
2957 2817 3164 2873 Ebusus
3185 2818 3357 2874 insula
3380 2820 3573 2890 Hispa-

1987 2900 2119 2969 nim,
2149 2901 2291 2956 dicta
2327 2904 2468 2972 quod
2512 2918 2543 2957 a
2569 2905 2736 2961 Zanio
2767 2922 2872 2961 non
2898 2907 3083 2978 procul
3116 2908 3223 2973 sit,
3263 2911 3416 2979 quasi
3445 2913 3573 2967 ebo-

1987 3007 2101 3049 zos.
2125 2993 2257 3048 Nam
2280 2996 2619 3068 septuaginta
2656 2998 2846 3052 stadiis
2871 2999 2938 3054 ab
2966 3014 3029 3054 ea
3054 2999 3247 3066 distat,
3277 3000 3429 3069 cujus
3459 3012 3570 3057 ter-

1989 3100 2104 3139 ram
2127 3094 2402 3155 serpentes
2421 3085 2649 3158 fugiunt.
2678 3087 2812 3144 Huic
2827 3091 3095 3144 contraria
3120 3099 3205 3146 est
3232 3090 3570 3159 Colubraria,

1992 3193 2113 3247 qum
2139 3176 2267 3233 Γαδία
2293 3186 2377 3233 est
2399 3180 2681 3249 anguibus.
2700 3179 2953 3236 Baleares
2967 3181 3155 3237 insula:
3169 3182 3572 3254 Hispaniaaduae

1993 3277 2118 3323 sunt
2135 3286 2148 3322 :
2165 3267 2529 3337 Aphrosiades
2541 3269 2917 3343 etGymnasie,
2942 3271 3114 3340 major
3131 3283 3186 3328 et
3210 3274 3403 3329 minor.
3420 3274 3589 3331 Unde.

1991 3366 2048 3412 et
2075 3372 2169 3413 eas
2195 3358 2386 3429 vulgus
2402 3358 2711 3427 Majoricam
2729 3370 2783 3415 et
2806 3360 3121 3417 Minorieam
3146 3363 3493 3434 nuncupavit.
3509 3362 3569 3419 lu

1991 3446 2075 3503 his
2096 3448 2326 3518 primum
2344 3448 2532 3505 insulis
2547 3450 2778 3507 inventa:
2798 3462 2922 3507 sunt
2938 3450 3136 3519 fundas,
3151 3453 3349 3524 quibus
3362 3453 3568 3524 lapides

1989 3539 2328 3593 emittuntur.
2370 3537 2524 3599 Unde
2570 3550 2625 3596 ct
2674 3542 2925 3599 Baleares
2950 3544 3134 3611 dictae;
3181 3546 3376 3600 ballein
3420 3547 3565 3601 enim

1990 3626 2178 3682 Graece
2202 3627 2453 3682 emittere
2491 3629 2706 3697 dicitur.
2740 3631 2889 3687 Unde
2924 3632 3159 3700 ballista,
3189 3635 3344 3705 quasi
3375 3636 3562 3702 missa,

1989 3728 2046 3774 et
2088 3716 2444 3774 fundibulum.
2487 3721 2743 3792 Virgilius
2782 3741 2795 3777 :
2842 3722 3082 3779 Balearis
3122 3725 3326 3780 verbere
3357 3723 3558 3795 funde.

2600 3835 2829 3893 CAPUT
2860 3836 2947 3892 Vl.

2534 3904 2610 3959 De
2631 3909 3018 3975 promontoriis.

2058 3992 2355 4049 Commune
2384 3999 2467 4047 est
2485 3993 2698 4059 insulis,
2726 4003 2786 4048 ut
2814 3994 3154 4064 promineant
3179 4038 3191 4048 .
3219 3993 3343 4047 inde
3366 4002 3421 4048 et
3445 3992 3566 4049 loca

1988 4100 2175 4141 earum
2210 4084 2574 4155 promontoria
2606 4084 2880 4139 dicuntur.
2910 4083 3001 4139 Sic
3027 4082 3313 4139 Sallustius
3333 4083 3401 4138 de
3432 4082 3569 4139 Sar-

1987 4175 2133 4232 dinia
2160 4193 2172 4228 :
2211 4193 2230 4226 c
2261 4175 2317 4229 In
2353 4178 2615 4230 orientem
2641 4190 2802 4245 quam
2822 4174 3155 4230 occidentem
3183 4175 3341 4230 latior
3362 4174 3565 4245 promi-

1985 4276 2099 4321 net.
2131 4286 2149 4318 ›
2180 4265 2412 4337 Sigaeum
2433 4266 2859 4337 promontorium
2885 4265 3046 4331 Asiae,
3072 4267 3160 4321 ubi
3188 4265 3565 4335 Hellespontus

1986 4361 2223 4431 apertius
2268 4359 2540 4413 dilatatur.
2592 4359 2804 4413 Dictum
2851 4365 3029 4413 autem
3069 4357 3299 4429 Sigaeum
3344 4367 3566 4429 propter

1987 4448 2230 4505 Herculis
2270 4450 2737 4504 taciturnitatem:
2768 4449 2893 4519 quia
2937 4449 3240 4518 prohibitus
3268 4449 3502 4518 hospitio
3531 4464 3564 4503 a

1987 4540 2373 4605 Laomedonte,
2390 4539 2745 4610 Trojanorum
2762 4527 2909 4610 rege,
2931 4539 3203 4594 simulavit
3226 4540 3558 4601 abscessum,

1985 4637 2040 4684 et
2068 4630 2191 4684 inde
2222 4638 2408 4684 contra
2440 4627 2655 4696 Trojam
2682 4643 2805 4683 cum
2836 4629 3048 4683 silentio
3077 4628 3245 4694 venit,
3267 4628 3410 4697 quod
3436 4627 3567 4680 dici-

1987 4728 2073 4774 tur
2095 4720 2223 4789 εὗρε.
2256 4718 2507 4784 Maleum,
2552 4718 2978 4786 promontorium
3020 4718 3261 4780 Graeciae,
3289 4715 3429 4785 quod
3474 4713 3561 4767 in-

1988 4818 2096 4864 trat
2124 4810 2176 4864 in
2199 4824 2367 4873 mare,
2397 4815 2452 4861 et
2475 4822 2572 4878 per
2597 4808 2764 4863 millia
2789 4808 3174 4879 quinquaginta
3202 4804 3575 4875 protenditur,

1985 4899 2077 4955 ubi
2099 4900 2239 4955 unda
2265 4899 2339 4954 ita
2360 4913 2501 4953 saeva
2533 4906 2635 4962 est,
2664 4905 2723 4951 ut
2748 4896 2995 4968 persequi
3040 4895 3352 4965 navigantes
3378 4894 3567 4951 videa-

1984 4997 2090 5044 tur.
2116 4989 2229 5045 Hoc
2261 4998 2441 5045 autem
2466 4989 2892 5060 promontorium
2933 5002 2963 5040 a
2992 4984 3161 5041 Maleo
3189 4999 3316 5055 rege
3340 4984 3563 5054 Argivo-

1983 5098 2102 5137 rum
2124 5095 2318 5137 nomen
2342 5082 2567 5151 accepit.
2589 5080 2862 5145 Pelorum,
2887 5075 3312 5149 promontorium
3340 5075 3559 5142 Siciliae,

1982 5174 2278 5244 respiciens
2296 5174 2620 5243 aquilonem,
2647 5170 2940 5227 secundum
2965 5166 3275 5223 Sallustium
3301 5167 3502 5224 dictum
3525 5184 3560 5223 a

1982 5266 2342 5340 gubernatore
2358 5263 2668 5320 Hannibalis
2691 5260 2797 5315 illic
2819 5259 3046 5329 sepulto.
3069 5257 3399 5330 Pachynum,
3428 5272 3560 5328 pro—

1982 5360 2309 5416 montorium
2348 5356 2546 5412 Siciliae
2572 5360 2811 5409 austrum
2848 5359 3116 5421 spectans,
3143 5351 3213 5407 ab
3237 5350 3377 5406 aeris
3414 5364 3563 5405 cras-

1981 5450 2214 5507 situdine
2241 5448 2475 5513 dictum;
2500 5459 2625 5499 nam
2656 5443 2861 5512 pachus
2882 5452 2966 5497 est
2982 5440 3195 5513 pinguis
3220 5451 3276 5495 et
3293 5453 3511 5494 crassus
3539 5455 3557 5494 :

1980 5543 2179 5598 Austro
2201 5539 2344 5595 enim
2360 5534 2635 5607 perﬂatur.
2653 5533 2964 5605 Lilybaeum,
2981 5533 3410 5603 promontorium
3426 5529 3563 5589 Sici-.

1979 5633 2082 5696 liae,
2110 5630 2237 5687 solis
2256 5641 2504 5683 occasum
2529 5625 2828 5688 intendens,
2847 5631 3096 5678 vocatum
3122 5623 3190 5678 ab
3210 5620 3447 5691 ejusdem
3466 5634 3562 5677 no-

1983 5725 2143 5782 minis
2170 5721 2409 5787 civitate,
2423 5734 2541 5793 quae
2556 5718 2628 5778 ibi
2645 5726 2729 5776 est
2747 5718 2872 5776 sita.
2895 5717 3111 5784 Borion,
3125 5715 3555 5788 promontorium
