4074 6324
469 320 575 377 589

1112 310 1174 366 Β.
1215 307 1471 365 RABANI
1504 303 1723 363 MAURI
1757 302 2077 363 ἉΒΕΗΙΕΡ.

2179 298 2428 359 DGUNT.
2469 296 2756 361 OPERUM
2791 295 2974 354 PARS
3012 297 3075 353 ll.

3620 297 3747 361 suo

469 424 753 492 Numidia},
769 420 1295 492 vocatumita,quod
1310 418 1631 490 Aquilonem
1654 415 1912 472 intendat.
1932 414 2075 485 Ιιὶιμ⁴
2090 418 2137 477 Λ
2158 412 2312 482 juxta
2337 410 2648 483 allegoriam
2683 409 2939 469 doctores
2960 414 3180 465 sanctos
3202 405 3464 478 ﬁgurare,
3493 407 3592 481 qui
3613 423 3752 491 psm-

470 534 665 593 ponem
684 516 946 587 Rhegium
972 524 1158 585 postea
1175 514 1378 569 dictum
1402 525 1509 583 pro.
1519 524 1585 566 eo
1596 509 1740 579 quod
1752 508 1823 562 sit
1844 520 2060 576 aequore
2165 516 2291 563 sunt
2320 505 2577 561 Ecclesiis
2601 503 2722 569 Dei,
2752 512 2806 593 et
2830 517 2931 559 eos
2954 503 3011 557 in
3036 502 3753 571 persecutionumlluetibcs

479 591 852 679 interruptum.
869 607 1032 678 Calpe
1048 607 1315 677 Hispanias
1331 603 1780 676 promnturium.
1802 601 2059 657 Promon—
2164 596 2423 652 roborant
2452 603 2614 663 atque
2640 591 2967 656 contortam,
3000 606 3071 648 ne
3095 593 3343 662 procella,
3368 600 3752 665 tempestatum

477 701 611 758 toria
628 701 791 762 enim,
807 715 928 769 qum
944 700 996 754 iu
1014 699 1309 755 insularum
1324 694 1727 753 summitatibus
1740 692 2057 755 consistunt,

475 799 528 847 et
541 792 622 846 eis
642 798 831 846 contra
855 789 1047 846 ﬂuetus
1068 790 1234 844 maris
1256 788 1528 843 munimen
1543 793 1822 857 praestant,
1840 791 2067 856 possunt

2168 696 2332 758 atque
2357 686 2626 742 alluvione
2652 685 2920 742 undarum
2942 685 3261 745 obruantur.

492 926 2081 955 ——_—.—_—_————-——-—u——-————-———

2179 924 2261 941 Ill.
2323 922 2367 941 ΙΙ.
2434 924 2441 940 Ι
2504 926 2513 940 Ι
2838 910 2841 917 ‘
3364 898 3369 905 .
3406 900 3415 915 θ
3524 898 3585 917 ‘-‘
3620 904 3665 946 l'i

1448 1042 1750 1119 LIBER
1801 1016 2265 1117 TERTIUS
2321 1033 2804 1115 DECIMUS.

3462 990 3491 1011 ’ί
3560 992 3617 1023 it'
3680 996 3705 1019 't

1797 1171 2425 1200 *ι’-ιιι

1000 1240 1229 1299 CAPUT
1260 1238 1554 1296 PRIMUM.

1090 1335 1163 1389 De
1186 1334 1468 1389 montibus.

550 1433 757 1490 Montes
794 1436 920 1485 sunt
974 1435 1213 1482 tumores
1258 1431 1563 1488 terrarum,
1610 1420 1857 1481 altissimi
1904 1417 2067 1483 dicti,

480 1524 625 1595 quod
652 1522 760 1578 sint
785 1521 1103 1575 eminentes.
1127 1513 1356 1581 Quidam
1381 1520 1562 1568 autem
1588 1526 1654 1567 ex
1683 1511 1918 1582 propriis
1940 1524 2070 1565 cau-

482 1618 558 1673 sis
582 1615 761 1670 voeati
791 1620 935 1676 sunt,
962 1626 1030 1666 ex
1057 1608 1255 1679 quibus
1282 1606 1500 1662 notandi
1526 1613 1673 1672 sunt,
1701 1605 1795 1675 qui
1816 1604 2070 1675 opinione

481 1708 717 1764 maxime
745 1704 1106 1763 celebrantur.
1137 1699 1289 1754 Mons
1321 1696 1598 1755 Caucasus
1628 1698 1697 1755 ab
1720 1698 1871 1754 India
1899 1710 2069 1766 usque

480 1797 553 1854 ad
600 1796 838 1851 Taurum
886 1797 1167 1864 porrectus
1211 1802 1310 1859 pro
1355 1787 1591 1857 gentium
1651 1802 1719 1844 ac
1761 1787 2067 1859 linguarum

480 1885 744 1942 varietate
762 1922 778 1947 ,
813 1895 1029 1950 quoquo
1056 1893 1271 1934 versum
1300 1877 1477 1943 vadit,
1506 1877 1731 1933 diversis
1758 1876 2069 1934 nominibus

485 1982 844 2044 nuncupatur.
876 1969 974 2026 Ubi
1011 1978 1189 2023 autem
1223 1967 1289 2021 ad
1321 1967 1585 2023 orientem
1620 1967 1673 2023 in
1718 1966 2068 2022 excelsiorem

482 2064 764 2135 consurgit
795 2060 1179 2118 sublimitatem
1198 2098 1212 2121 ,
1244 2072 1341 2127 pro
1370 2056 1572 2111 nivium
1600 2058 1835 2111 candore
1861 2056 2071 2111 Cauca-

486 2172 581 2213 sus
597 2161 951 2225 nuucupatur.
971 2149 1104 2204 Nam
1120 2147 1365 2203 orientali
1394 2147 1569 2218 lingua
1594 2162 1880 2202 caucasum
1905 2145 2071 2217 signi-

488 2245 612 2300 ficat
634 2243 919 2299 candidum
944 2282 959 2304 ,
990 2240 1043 2296 id
1066 2247 1151 2295 est
1171 2237 1385 2293 nivibus
1421 2237 1757 2293 densissimis
1785 2236 2076 2292 candican-

487 2343 617 2392 tem.
650 2333 801 2390 Unde
828 2341 883 2387 et
911 2346 1035 2387 eum
1066 2328 1300 2400 Scytha),
1325 2326 1418 2396 qui
1450 2329 1623 2382 eidem
1651 2327 1817 2383 monti
1840 2327 2076 2399 jungun-

486 2434 607 2493 tur,
639 2423 947 2482 Croacasim
985 2426 1330 2476 vocaverunt.
1362 2415 1545 2473 Casim
1572 2415 1713 2489 apud
1751 2431 1845 2473 eos
1872 2415 2076 2470 candor

485 2514 601 2571 sive
634 2513 725 2568 nix
758 2512 978 2568 dicitur.
1019 2508 1173 2564 Mons
1198 2509 1410 2563 Taurus
1438 2524 1469 2562 a
1508 2507 1781 2579 plerisque
1816 2505 1956 2560 idem
1982 2519 2078 2558 vo-

487 2613 644 2660 catur
678 2613 734 2658 et
768 2600 1063 2657 Caucasus.
1104 2598 1300 2653 Ararat
1335 2613 1490 2654 mons
1531 2597 1835 2662 Armeuize,
1872 2595 1926 2650 iu
1967 2610 2077 2666 qua

493 2706 678 2747 arcam
692 2688 942 2747 historici
965 2697 1088 2759 post
1107 2687 1363 2743 diluvium
1385 2688 1589 2743 sedisse
1612 2695 1899 2742 testantur.
1924 2685 2079 2743 Unde

490 2792 545 2838 et
570 2796 740 2852 usque
772 2780 933 2834 hodie
970 2778 1170 2833 ibidem
1199 2777 1465 2848 lignorum
1494 2777 1718 2848 vestigia
1754 2775 1871 2844 ejus
1896 2776 2080 2830 videtr-

494 2884 600 2929 tur.
626 2873 823 2928 Ararat
848 2871 1235 2941 interpretatur
1276 2868 1591 2923 descendens
1618 2884 1649 2921 a
1671 2865 1902 2937 specula.
1929 2865 2079 2923 Mons

492 2966 870 3030 Moabitarum,
890 2964 942 3016 in
966 2977 1128 3032 quem
1150 2960 1369 3015 adducit
1390 2958 1551 3014 Balac
1573 2958 1715 3014 ﬁlius
1740 2958 1951 3028 Sephor
1972 2958 2078 3013 Ba-

2169 1234 2442 1305 signiticat
2477 1241 2655 1291 autem
2693 1232 2958 1293 idolorum
2989 1232 3258 1293 culturam
3290 1244 3357 1307 et,
3382 1232 3655 1321 superbia:
3668 1235 3738 1319 Ja-

2169 1333 2341 1391 stum,
2373 1325 2570 1395 quibus
2604 1324 2798 1381 merito
2826 1325 3115 1391 anathema
3152 1326 3757 1398 dicitur,quia,a=$nll-

2170 1418 2272 1473 etis
2311 1424 2366 1471 et
2399 1414 2645 1473 ﬁdelibus
2683 1414 2817 1481 viris
2854 1415 3030 1474 omnis
3077 1418 3387 1483 communio
3424 1427 3483 1487 et
3512 1420 3758 1489 societas

2170 1496 2695 1579 ejus'iuterdicitur,
2734 1507 2981 1578 quando,
3012 1506 3172 1577 juxta
3196 1509 3552 1580 Apostolum.,
3588 1508 3760 1581 Natta

2171 1602 2394 1661 societas
2428 1610 2503 1656 est
2541 1598 2674 1656 lucis
2709 1598 2778 1657 ad
2810 1599 3089 1673 tenebras,
3130 1616 3223 1657 nec
3250 1599 3361 1659 ulla
3384 1610 3463 1665 est
3491 1601 3759 1669 conventio

2103 1661 2145 1769 εξ
2175 1688 2369 1745 Christi
2390 1688 2461 1744 ad
2483 1686 2655 1745 Belial
2676 1686 2757 1760 (Il
2780 1685 2905 1765 Cor.
2928 1661 3462 1762 vr)..Catacbryseia,v
3484 1689 3539 1751 id

2173 1796 2326 1849 aura.
2354 1779 2493 1837 Sunt
2514 1788 2696 1835 autem
2717 1786 2928 1851 montes
2949 1779 3065 1834 auri
3089 1778 3293 1843 fertiles
3314 1781 3368 1836 in
3395 1780 3619 1857 deserto,
3635 1778 3763 1855 pro-

2170 1872 2257 1949 Cul
2287 1887 2354 1927 ex
2385 1870 2755 1929 mansionibus
2779 1885 2809 1924 a
2839 1868 3033 1936 Coreb,
3043 1868 3201 1938 juxta
3225 1886 3364 1942 quos
3388 1870 3598 1944 Moyses
3624 1873 3766 1941 Deu-

2177 1963 2538 2019 teronomium
2567 1962 2849 2033 scripsisse
2877 1963 3224 2032 perhibetur,
3254 1964 3351 2023 sed
3391 1964 3764 2038 metalloaecis

2178 2053 2324 2118 fano,
2354 2054 2496 2122 quod
2525 2062 2709 2108 nostro
2738 2062 2978 2124 tempore
3001 2054 3226 2120 corruit,
3257 2062 3469 2121 montes
3492 2071 3761 2127 venarum

2176 2144 2291 2199 auri
2323 2143 2508 2213 plenos
2535 2157 2656 2198 esse
2681 2143 2890 2209 vicinos
2917 2142 3205 2205 mstiutattt.
3232 2143 3446 2201 Choreb
3474 2160 3637 2213 mons
3668 2145 3763 2201 Dei

2174 2229 2232 2284 in
2259 2212 2477 2300 regione
2497 2228 2707 2284 Madian
2723 2228 2877 2300 juxta
2902 2239 3140 2285 montem
3166 2226 3296 2293 Sina
3322 2247 3484 2305 super
3502 2212 3764 2309 Arabiam

2174 2321 2230 2375 in
2261 2322 2507 2387 deserto,
2541 2321 2626 2376 cui
2655 2321 2900 2394 jungitur
2924 2337 3079 2378 mons
3117 2331 3173 2378 et
3207 2323 3768 2397 desertum,$:trraee-

2178 2428 2370 2470 uerttm
2392 2456 2406 2481 ,
2437 2414 2579 2485 quod
2609 2424 2808 2470 vocant
2838 2413 3036 2470 Faran.
3066 2414 3194 2471 Mihi
3221 2417 3766 2488 videtur,hquod<du-

2177 2504 2302 2574 pliei
2356 2505 2572 2560 nomine
2620 2506 2761 2560 idem
2804 2521 2959 2561 mons
2996 2522 3142 2562 nunc
3179 2507 3327 2564 Sinai
3369 2484 3767 2579 nunc‘Cborfeb

2178 2604 2418 2650 vocetur.
2444 2594 2839 2673 Interpretatur
2877 2604 3058 2653 autem
3086 2596 3297 2656 Choreb
3325 2599 3528 2666 calvus,
3553 2601 3640 2657 vel
3661 2602 3766 2657 sit."

2180 2689 2308 2742 citas
2327 2727 2341 2753 ,
2365 2688 2449 2742 vel
2478 2687 2734 2755 solitudo,
2773 2689 2858 2744 vel
2897 2688 3046 2745 Sinai
3077 2692 3292 2746 tentatio
3311 2733 3326 2760 ,
3350 2693 3435 2748 vel
3464 2693 3678 2769 rubrum
3710 2700 3767 2749 et

2180 2778 2431 2849 antpltora
2458 2796 2571 2834 mea
2600 2795 2619 2832 .'
2649 2782 2739 2835 ubi
2767 2781 2976 2852 Moyses
3004 2783 3176 2853 legem
3212 2785 3443 2856 accepit,
3467 2796 3522 2840 et
3549 2800 3769 2857 mensu-

2181 2885 2297 2925 ram
2326 2871 2540 2926 vivendi
2584 2887 2652 2927 ex
2697 2873 2908 2929 Domini
2946 2876 3200 2931 mandato
3242 2875 3360 2932 rudi
3394 2877 3594 2948 populo
3630 2876 3767 2935 scri-

2183 2965 2295 3035 psit
2343 2982 2356 3019 :
2397 2965 2493 3020 sed
2536 2966 2763 3022 tentatio
2795 2966 3124 3038 perﬁdorum
3160 2966 3232 3025 ibi
3262 2983 3372 3027 non
3415 2968 3617 3039 defuit,
3648 2982 3765 3045 nec

493 3055 637 3110 luam
664 3055 902 3110 divinum
939 3031 1006 3107 ad
1040 3049 1465 3106 maledicendum
1488 3047 1655 3104 Israel
1696 3047 1884 3120 (Nam.
1915 3047 2077 3121 xm),
2108 3031 2154 3096 Ο
2186 3031 2465 3126 sanguinis
2502 3056 2693 3113 emisit)
2730 3031 2945 3130 pta-nilus
2981 3060 3236 3117 cessavit,
3271 3059 3475 3117 calami
3508 3031 3662 3127 διοῇέ
3686 3062 3766 3129 ,εει

496 3163 660 3219 super
702 3146 960 3201 verticem
1010 3143 1102 3214 qui
1149 3150 1371 3214 propter
1416 3141 1710 3197 vehemens
1753 3150 2082 3213 praeruptum

501 3246 727 3296 vocatur
755 3236 970 3291 excisus
989 3275 1004 3301 ,
1040 3240 1096 3288 et
1121 3232 1366 3287 imminet
1390 3230 1528 3287 mari
1556 3229 1765 3285 Mortuo
1791 3230 1933 3284 haud
1960 3243 2086 3300 pro-

497 3331 587 3388 cul
609 3331 676 3385 ab
700 3329 939 3384 Arnone.
964 3326 1139 3396 Fogor
1162 3333 1216 3380 et
1233 3321 1523 3392 Bethl'ogor
1550 3337 1705 3376 mons
1729 3320 2084 3376 Moabitarum

496 3422 565 3476 ad
590 3434 751 3490 quem
780 3417 975 3473 Balaae
1015 3431 1108 3471 rex
1139 3412 1358 3469 adducit
1395 3412 1611 3466 Balaam
1652 3410 1879 3466 ariolum
1912 3411 1964 3465 in
1995 3426 2087 3466 su-

500 3512 725 3586 percilio
750 3509 1011 3565 Libiadis.
1037 3506 1145 3563 Sed
1168 3514 1224 3561 et
1244 3505 1347 3559 alia
1376 3504 1498 3559 villa
1529 3503 1705 3558 Sodor
1727 3501 1868 3557 haud
1897 3500 2086 3572 procul

500 3618 531 3656 a
578 3600 851 3655 Bethleem
887 3595 1161 3662 cernitur,
1203 3608 1324 3664 quae
1367 3608 1509 3648 nunc
1542 3592 1681 3647 Faor
1722 3598 2082 3660 nuncupatur.

499 3692 724 3747 Abarim
756 3703 944 3753 mons,
984 3689 1039 3743 in
1068 3702 1175 3757 quo
1208 3692 1454 3741 mortuus
1492 3693 1577 3738 est
1612 3681 1839 3754 Moyses.
1881 3681 2088 3736 Dicitur

502 3792 685 3839 autem
712 3797 867 3837 mons
898 3796 1019 3836 esse
1046 3779 1230 3834 Nabau
1262 3777 1315 3832 in
1345 3784 1487 3831 terra
1512 3775 1665 3830 Moab
1694 3784 1883 3829 contra
1908 3771 2085 3826 Hieri-

500 3875 604 3929 cho
634 3888 798 3944 super
819 3869 1107 3927 Iordanem
1134 3870 1187 3924 in
1224 3866 1512 3936 supercilio
1535 3865 1729 3937 Fasga,
1761 3863 2091 3920 ostenditur-

492 3950 606 4033 que
642 3961 1062 4018 ascendentibus
1108 3960 1175 4014 de
1213 3958 1437 4014 Libiade
1480 3958 1533 4012 in
1585 3955 1819 4010 llerbnm
1865 3955 2089 4024 antiquo

501 4055 769 4124 hodieque
797 4052 1058 4108 vocabulo
1089 4052 1241 4122 juxta
1284 4057 1520 4104 montem
1547 4047 1725 4118 Fogor
1760 4060 1953 4101 nomen
1981 4045 2091 4115 pri-

502 4146 704 4201 stinum
761 4145 1117 4207 retinentem,
1166 4157 1196 4195 a
1236 4155 1345 4209 quo
1391 4140 1534 4194 circa
1575 4153 1698 4192 eum
1738 4138 1887 4209 regio
1923 4151 2091 4208 usque

502 4253 646 4295 nunc
675 4245 903 4293 vocatur
930 4234 1126 4306 Fasga.
1152 4232 1371 4288 Abarim
1401 4239 1579 4284 autem
1610 4230 2015 4299 interpretatur,
2036 4229 2091 4281 in

2184 3163 2344 3217 quem
2375 3149 2604 3218 septimo
2633 3149 2720 3205 die
2754 3148 3101 3219 profectionis
3127 3153 3342 3209 echaris
3383 3152 3547 3210 Iacob
3588 3151 3767 3224 profu-

2185 3252 2284 3309 gus
2308 3238 2472 3293 venit.
2504 3238 2597 3293 Est
2627 3249 2805 3294 autem
2844 3241 2912 3296 ad
2940 3250 3152 3314 tergum
3175 3242 3448 3302 Phwnicis
3473 3254 3527 3309 et
3552 3243 3767 3307 Arabiae

2186 3327 2409 3383 collibus
2435 3327 2626 3384 Libani
2660 3329 2970 3400 copulatus,
2999 3335 3415 3406 extenditurque
3455 3351 3552 3407 per
3576 3328 3763 3413 deser-

2189 3426 2299 3475 tum
2334 3440 2346 3475 :
2376 3437 2548 3491 usque
2572 3421 2638 3477 ad
2664 3438 2786 3478 eum
2811 3423 2986 3479 locum
3020 3433 3170 3482 trans
3188 3424 3475 3483 Iordanem
3500 3424 3764 3491 habitavit

2187 3511 2456 3583 quondam
2485 3511 2626 3568 Seon
2655 3529 2750 3569 rex
2785 3514 3206 3575 Amorraeorum.
3232 3515 3439 3573 Cecidit
3464 3504 3643 3589 autem
3674 3502 3766 3571 su-

2184 3603 2459 3677 pradictus
2485 3618 2639 3658 mons
2670 3604 2721 3659 in
2760 3613 2959 3661 sortem
2995 3604 3226 3660 filiorum
3253 3604 3444 3662 Ruben
3482 3615 3536 3662 et
3568 3605 3681 3662 Gad
3711 3615 3765 3661 et

2188 3694 2422 3752 dimidia:
2455 3692 2628 3749 tribus
2663 3693 2928 3749 Manasse.
2968 3694 3074 3750 Sed
3110 3704 3167 3750 et
3201 3688 3461 3752 Ieremias
3484 3680 3764 3766 loquitur:

2188 3783 2396 3844 Galaad
2441 3794 2496 3841 tu
2529 3783 2659 3838 mihi
2699 3785 2907 3839 initium
2954 3782 3142 3840 Libani
3184 3781 3317 3859 (Jer.
3372 3782 3539 3858 xm);
3588 3768 3770 3863 aquo

2189 3884 2372 3934 monte
2395 3883 2449 3931 et
2474 3875 2666 3931 civitas
2699 3875 2754 3930 in
2790 3891 2855 3931 eo
2880 3877 3096 3932 condita
3128 3877 3314 3953 sortita
3341 3866 3662 3955 vocabulum
3689 3872 3773 3933 est

2189 3982 2351 4038 quam
2383 3967 2526 4036 cepit
2554 3966 2621 4020 de
2651 3965 3047 4022 Amorrzeorum
3074 3984 3234 4022 manu
3258 3965 3460 4022 Galaad
3493 3962 3636 4023 [ilius
3660 3968 3770 4041 Ma—

2189 4058 2331 4123 chir,
2359 4055 2451 4111 lilii
2483 4055 2750 4112 Manasse.
2782 4056 2987 4113 Galaad
3021 4067 3223 4124 autem,
3253 4054 3346 4130 qui
3386 4048 3773 4129 interpretatur

2190 4160 2406 4199 acervus
2427 4145 2708 4199 testimonii
2722 4152 2771 4198 et
2786 4147 3177 4217 transmigratio
3199 4144 3773 4218 testimonii,signilicat

2191 4245 2435 4293 sanctam
2474 4235 2838 4306 Scripturam,
2873 4236 2926 4291 in
2953 4251 3058 4308 qua
3095 4236 3268 4293 fwdus
3300 4247 3354 4293 et
3377 4247 3593 4308 pactum
3626 4237 3775 4292 inter

2195 4329 2363 4383 Deum
2404 4335 2459 4383 et
2495 4327 2743 4383 homines
2783 4328 3130 4384 constitutum
3164 4328 3377 4399 legitur.
3421 4329 3497 4384 lbi
3534 4320 3695 4383 etiam
3717 4335 3774 4384 et

504 4329 752 4391 transitu,
773 4327 915 4396 quod
934 4323 1239 4393 signiﬁcare
1267 4326 1444 4391 poteSt
1466 4319 1625 4374 linem
1649 4320 1780 4391 legis
1806 4336 1817 4374 :
1837 4319 2089 4391 quoniam
2118 4379 2170 4437 Β

504 4420 520 4437 I
594 4422 607 4433 ι
686 4422 697 4437 I
739 4428 753 4437 .
849 4418 911 4437 ΓΙ-
933 4416 1166 4437 _,'-I-.AA1
1202 4414 1408 4437 ισ,..-,.-
1439 4414 1509 4437 2L2
1543 4414 1593 4437 2..
1622 4421 1800 4437 ...Α-ι-
1832 4415 2087 4437 -.Ξ-ι.-ι....-

494 4420 639 4491 legis
667 4422 827 4474 datur
849 4416 1168 4491 [legislator]
1202 4414 1411 4486 Moyses
1439 4414 1511 4469 ibi
1543 4414 1596 4467 in
1622 4421 1804 4469 monte
1832 4415 2090 4468 virtutmu
2118 4414 2169 4437 ν
2194 4418 2560 4475 reconciliatio
2580 4417 2800 4473 humani
2832 4420 3043 4490 generis
3070 4435 3169 4490 per
3194 4420 3464 4475 Christum
3494 4416 3639 4492 apud
3669 4420 3774 4477 no-

504 4511 800 4569 collocatus
831 4509 898 4565 de
926 4509 1030 4563 hac
1058 4507 1167 4561 vita
1195 4503 1428 4560 transiit.
1467 4502 1578 4558 Nec
1597 4504 1741 4559 enim
1762 4511 1973 4573 poterat
1993 4516 2091 4573 per
2193 4509 2398 4563 minum
2426 4509 2769 4579 praedicatur.
2796 4508 2999 4565 Galaad
3035 4514 3191 4566 mons
3218 4508 3270 4565 in
3301 4510 3537 4577 deserto,
3566 4510 3653 4566 ubi
3685 4527 3776 4573 ca-

506 4603 724 4674 Moysen
762 4599 992 4672 populus
1031 4596 1359 4653 lsraelitieus
1395 4595 1632 4652 transire
1668 4593 1986 4660 Iordanem,
2037 4600 2093 4647 et
2194 4607 2306 4652 stra
2338 4597 2524 4654 metati
2557 4606 2683 4653 sunt
2708 4597 2803 4653 ﬁlii
2834 4599 3015 4654 Israel.
3041 4598 3209 4655 Gebal
3250 4600 3404 4654 mons
3430 4599 3484 4655 in
3511 4610 3651 4656 terra
3687 4618 3775 4658 re-

506 4693 710 4748 intrare
752 4692 805 4745 in
851 4699 1052 4744 terram
1098 4685 1559 4757 repromissionis,
1600 4686 1695 4742 sed
1719 4699 1815 4755 per
1837 4685 2081 4740 ducatum

2192 4688 2583 4758 promissionis,
2607 4688 2697 4744 ubi
2724 4690 2795 4744 ad
2818 4689 3104 4759 imperium
3133 4690 3301 4761 Moysi
3332 4691 3502 4746 altare
3527 4698 3776 4747 construi-

505 4783 630 4838 Iesu
656 4782 761 4836 hoc
794 4779 998 4835 factum
1025 4785 1130 4844 est,
1162 4778 1264 4832 hoc
1298 4784 1383 4832 est
1404 4815 1418 4841 ,
1446 4774 1744 4831 Salvatoris
1768 4773 1971 4839 nostri,
1999 4772 2091 4843 qui
2191 4787 2337 4832 ctum
2378 4786 2482 4833 est.
2529 4777 2669 4834 Sunt
2715 4786 2895 4833 autem
2927 4777 3083 4847 juxta
3125 4778 3379 4835 Hiericho
3414 4780 3519 4836 duo
3564 4784 3775 4859 montes

508 4874 575 4928 de
602 4872 817 4926 deserto
856 4870 1016 4925 istius
1051 4867 1233 4923 mundi
1271 4881 1369 4936 per
1403 4865 1665 4936 Baptismi
1695 4872 2090 4918 sacramentum
2192 4867 2355 4923 vicini
2381 4876 2573 4924 contra
2602 4882 2663 4923 se
2690 4869 2921 4924 invicem
2952 4870 3320 4939 respicientes,
3352 4876 3387 4925 ‘e
3411 4870 3606 4940 quibus
3636 4870 3776 4927 unus

507 4963 695 5019 ﬁdeles
731 4977 859 5017 suos
896 4959 1189 5015 introducit
1229 4959 1282 5013 iu
1320 4966 1523 5013 terram
1546 4955 1872 5017 viventium,
1901 4961 1957 5009 et
1981 4952 2094 5022 κιο-
2191 4958 2449 5024 Garizim,
2479 4960 2615 5014 alter
2635 4959 2802 5015 Gehal
2831 4961 3047 5016 dicitur.
3077 4962 3246 5019 Porro
3271 4962 3595 5019 Samaritani
3623 4962 3773 5019 arbi-

507 5053 643 5108 riam
682 5050 832 5122 regni
878 5050 1131 5106 ecclestis.
1183 5048 1418 5103 Hermon
1466 5058 1621 5100 mons
1661 5043 2089 5107 Amomeomm.
2192 5049 2521 5103 tmntu’rhos
2537 5049 2672 5104 duos
2699 5059 2911 5105 montes
2928 5048 3373 5124 juxta’Neapolim
3397 5056 3538 5118 esse,
3564 5034 3659 5108 sed
3683 5069 3778 5109 ve-

512 5142 580 5198 de
604 5156 713 5212 quo
742 5141 943 5196 dictum
971 5148 1074 5207 est,
1090 5155 1249 5211 quem
1265 5136 1549 5193 Phoenices
1574 5142 1771 5189 vocant
1796 5133 2009 5199 Sanior,
2036 5140 2094 5188 et
2193 5139 2474 5194 hemeuter
2504 5148 2707 5194 errant.
2748 5139 3046 5195 Plurimum
3085 5142 3230 5197 enim
3270 5142 3418 5199 inter
3442 5146 3513 5198 ‘S'e
3549 5142 3776 5209 distant,

508 5233 820 5288 Amorraeus
848 5231 1135 5302 appellavit
1173 5229 1365 5292 Sanir,
1404 5226 1706 5295 dieiturque
1733 5239 1856 5281 esse
1887 5226 1941 5280 in
1965 5239 2091 5279 ver—
2191 5241 2291 5284 nec
2318 5236 2543 5297 possunt
2580 5229 2807 5284 invicem
2840 5228 3274 5286 benedicentium
3310 5230 3426 5287 sive
3450 5229 3781 5286 maledicen—

510 5324 619 5381 tice
639 5322 756 5394 ejus
783 5324 994 5393 insigne
1016 5320 1292 5390 templum,
1317 5316 1460 5388 quod
1482 5316 1714 5373 ethnicis
1736 5316 1904 5371 cultui
1934 5316 2081 5371 habe

2192 5326 2326 5381 tium
2354 5326 2497 5381 inter
2527 5338 2587 5380 se
2614 5324 2789 5380 audiri
2815 5338 2977 5382 voces
3006 5341 3022 5379 τ
3052 5324 3207 5395 quod
3222 5323 3505 5394 Scriptura
3539 5322 3780 5378 comme-

511 5423 619 5480 tur,
648 5429 679 5469 a
708 5415 928 5487 regione
952 5409 1217 5468 Paneadis
1244 5417 1301 5464 et
1333 5409 1545 5466 Libani-
1575 5407 1683 5465 Sed
1706 5416 1761 5463 ει
1786 5418 1929 5463 terra
1956 5407 2093 5464 ﬁlio-
2191 5422 2387 5471 morat.
2423 5413 2594 5471 Gebal
2632 5415 3051 5486 interpretatur,
3078 5428 3272 5485 vorago
3308 5422 3450 5468 vetus
3489 5426 3509 5468 :
3534 5404 3779 5467 Garizim

514 5519 633 5565 rum
671 5503 834 5559 Israel
866 5512 1015 5557 trans
1040 5497 1327 5555 Iordanem
1365 5513 1395 5552 a
1440 5498 1568 5554 solis
1593 5506 1715 5553 ortu
1747 5512 1779 5551 a
1821 5508 2092 5568 prterupto
2190 5520 2366 5567 mons,
2396 5518 2548 5574 super
2581 5516 2745 5573 quem
2786 5510 3053 5561 steterunt
3079 5502 3282 5574 iniqui;
3312 5498 3593 5557 maledicta
3627 5514 3782 5556 raso.

514 5595 746 5651 Amonis
775 5610 946 5666 usque
981 5593 1047 5647 ad
1076 5598 1313 5645 montem
1340 5591 1575 5647 Harmon
1603 5591 1929 5647 extenditur.
1957 5590 2093 5645 Iler-

515 5702 640 5742 mou
682 5695 860 5743 autem
903 5685 1320 5753 interpretatur,
1356 5683 1664 5748 anathema,
1705 5682 1791 5737 vel
1829 5682 2041 5736 tristitia
2072 5699 2092 5738 :

2192 5596 2398 5651 nabant
2432 5594 2581 5664 juxta
2617 5594 2989 5665 supradictnm
3021 5600 3262 5651 montem
3301 5593 3492 5650 Cebal.
3535 5590 3779 5648 Cat-irim

2195 5685 2579 5753 interpretatur
2604 5686 2788 5742 divisio
2809 5686 2924 5743 sive
2947 5687 3207 5756 prmisit).
3229 5683 3331 5752 Qui
3362 5690 3485 5741 sunt
3513 5682 3641 5754 ergo
3659 5676 3778 5749 isti,
