4074 6324
347 370 448 427 361

1312 367 1400 424 DE
1440 365 1789 425 UNIVERSO
1828 363 2008 420 LIBRI
2048 360 2210 417 XXII.
2251 392 2322 403 —-
2358 358 2486 419 LIB.
2529 365 2663 420 XIII.

3523 374 3629 430 362

348 485 441 557 qui
465 483 731 539 incedunt
743 483 898 556 juxta
928 491 1169 539 montem
1197 484 1460 551 Carizim,
1485 493 1541 539 et
1567 482 1660 555 qui
1689 482 1948 538 incedunt
1976 484 2024 545 Α
2051 477 2166 533 ret?
2205 476 2312 533 Sed
2350 480 2475 548 quia
2521 477 2723 534 Gelboe
2768 481 3154 551 interpretatur
3202 484 3497 554 decursus,
3533 506 3632 560 per

342 572 499 643 juxta
547 584 788 631 montem
825 574 1028 630 Gebal?
1074 575 1152 630 Illi
1200 575 1412 646 itaque,
1454 576 1544 645 qui
1584 576 1639 630 in
1674 576 1779 629 hoc
1821 573 1939 629 loco

345 668 500 730 iuxta
526 676 767 724 montem
796 665 1035 721 Garizim
1069 666 1325 722 incedunt
1347 666 1508 722 electi
1530 666 1599 721 ad
1618 666 1941 720 benedicen-

350 767 501 830 dum,
534 778 630 819 eos
656 759 951 832 ﬁguraliter
978 761 1248 826 indicant,
1288 762 1380 830 qui
1414 775 1519 816 non
1555 768 1701 815 metu
1739 773 1937 829 poenae,

2045 569 2175 625 Sanl
2204 580 2385 625 autem
2413 579 2635 626 unctum
2661 581 2716 627 et
2747 582 3019 629 mortuum
3048 591 3194 633 mors
3228 582 3398 635 nostri
3426 581 3629 639 Media-

2043 665 2178 719 toris
2206 666 2532 735 exprimitur
2564 684 2578 721 :
2610 682 2717 721 non
2751 667 3018 723 immerito
3062 685 3159 741 per
3192 670 3394 729 Gelboe
3420 685 3632 734 montes

2045 759 2276 825 superba
2305 756 2614 813 Iudaeorum
2647 759 2811 814 corda
2835 759 3134 829 signantur,
3158 778 3278 832 quae
3305 765 3431 819 dum
3460 766 3513 820 in
3539 766 3634 823 hu-

350 856 448 911 sed
470 853 708 911 εωιεειίε
722 852 1102 924 promissionis
1122 867 1309 907 amore
1329 852 1600 919 succensi,
1622 853 1847 907 veniunt
1872 851 1941 907 ad
2037 845 2128 916 jus
2150 848 2334 902 mundi
2364 847 2645 903 desideriis
2666 848 2925 915 deﬂuunt,
2953 850 3007 904 in
3027 850 3249 918 Christi,
3276 852 3330 907 id
3356 863 3438 910 est
3459 858 3631 923 uncti,

350 944 603 1002 salutem.
643 943 726 1000 Illi
753 958 884 1001 vero
919 944 1162 1010 dimidii,
1197 943 1292 1015 qui
1317 942 1472 1013 juxta
1503 953 1744 999 montem
1772 942 1942 999 Gebal

349 1034 643 1101 incedunt,
684 1035 740 1090 in
771 1050 882 1107 quo
914 1034 1323 1091 maledictiones
1362 1034 1585 1106 prolatae
1626 1042 1780 1100 sunt,
1823 1035 1943 1092 illos

350 1126 618 1194 indicant,
644 1126 739 1196 qui
772 1141 881 1182 non
917 1141 1103 1183 amore
1137 1126 1573 1183 benedictionum
1598 1127 1681 1182 vel
1715 1127 1945 1198 promis-

347 1217 600 1285 sionum,
645 1218 740 1275 sed
785 1216 1090 1275 futurorum
1133 1218 1521 1290 suppliciorum
1559 1218 1757 1274 timore
1790 1233 1942 1274 com-

347 1315 500 1387 plent
548 1330 670 1384 qua:
706 1313 762 1369 in
801 1314 920 1386 lege
964 1313 1167 1384 scripta
1206 1323 1368 1379 sunt,
1409 1323 1470 1369 ut
1503 1315 1824 1384 perveniant
1873 1314 1942 1369 ad

350 1405 601 1462 salutem.
633 1403 836 1461 Omnes
855 1413 1039 1462 autem
1067 1405 1214 1462 circa
1241 1421 1427 1462 arcam
1454 1406 1734 1471 incedunt,
1760 1406 1851 1475 qui
1875 1408 1943 1461 ab

349 1497 612 1555 Ecclesiae
633 1498 755 1553 sinu
781 1512 888 1554 non
914 1499 1179 1555 recedunt
1208 1518 1220 1552 :
1249 1498 1343 1553 sed
1369 1497 1663 1554 nobiliores
1681 1512 1804 1553 esse
1825 1497 1943 1553 illos

348 1591 633 1655 novimus,
659 1589 756 1660 qui
778 1589 905 1645 boni
939 1590 1109 1661 ipsius
1136 1590 1435 1655 desiderio,
1472 1597 1687 1646 aeternae
1721 1588 1944 1645 benedi-

350 1682 549 1737 ctionis
585 1696 793 1748 amore,
820 1682 965 1751 quod
992 1683 1193 1737 bonum
1230 1689 1311 1736 cst
1355 1690 1551 1752 agunt,
1584 1697 1749 1753 quam
1786 1680 1938 1747 illos,

350 1772 446 1844 qui
470 1787 571 1842 pro
604 1772 733 1839 mali
768 1780 915 1828 metu
944 1774 1147 1829 bonum
1177 1781 1474 1829 sectantur.
1500 1772 1654 1829 Mons
1666 1772 1943 1829 Olivarum

2045 952 2105 994 se
2133 948 2310 995 morte
2337 939 2708 1004 miscuerunt,
2737 948 2795 995 et
2817 941 2943 1010 quia
2978 941 3034 995 in
3064 942 3144 996 eis
3165 951 3361 999 unctus
3391 960 3487 1001 rex
3517 962 3637 1002 cor-

2043 1030 2305 1101 poraliter
2348 1032 2609 1098 moritur,
2661 1030 2763 1101 ipsi
2808 1032 2876 1087 ab
2924 1033 3073 1088 omni
3121 1048 3317 1105 genere
3360 1051 3485 1093 rore
3529 1040 3639 1096 sic-

2048 1129 2261 1176 cantur.

2117 1213 2336 1269 Tbabor
2361 1221 2416 1269 et
2443 1213 2682 1270 Hermon
2710 1222 2925 1271 montes
2957 1225 3084 1271 sunt
3124 1215 3294 1288 Syriae
3320 1220 3631 1289 provinciae,

2045 1319 2280 1375 quorum
2299 1308 2518 1361 nomina
2539 1306 2778 1378 ingentia
2796 1317 3134 1364 sacramenta
3149 1311 3475 1380 parturiunt.
3496 1312 3636 1368 Tha-

2045 1399 2147 1454 bor
2182 1400 2327 1453 enim
2382 1399 2582 1455 dicitur
2623 1400 2830 1455 veniens
2865 1401 3043 1456 lumen
3084 1416 3102 1454 :
3151 1404 3295 1473 quod
3331 1407 3640 1474 specialiter

2047 1486 2338 1542 adventum
2380 1488 2593 1543 Domini
2632 1487 2930 1545 Salvatoris
2970 1491 3270 1562 signiﬁcat,
3313 1495 3380 1550 de
3421 1511 3529 1566 quo
3565 1497 3641 1553 di-

2046 1587 2194 1634 ctum
2225 1587 2308 1635 est
2335 1598 2348 1633 :
2385 1580 2519 1634 Erat
2547 1580 2723 1636 lumen
2748 1598 2924 1638 verum
2941 1625 2955 1650 ,
2980 1586 3120 1654 quod
3147 1584 3414 1642 illuminat
3435 1605 3640 1645 omnem

2048 1669 2312 1725 hominem
2339 1672 2632 1726 uenientem
2657 1672 2713 1725 in
2750 1673 2887 1727 hunc
2922 1675 3177 1730 mundum
3199 1676 3380 1746 (Joan.
3412 1676 3475 1747 ι).
3506 1678 3642 1734 Her-

2047 1779 2177 1820 mon
2233 1762 2504 1836 signiﬁcat
2531 1766 2815 1820 anathema
2843 1767 2978 1837 ejus,
3006 1766 3062 1823 id
3090 1777 3175 1824 est
3221 1769 3444 1837 diaboli,
3474 1787 3639 1842 quam

352 1865 421 1920 ad
445 1865 710 1920 orientem
740 1873 825 1922 εει
851 1865 1170 1931 Jerusalem,
1192 1867 1246 1921 in
1273 1881 1381 1936 quo
1407 1864 1702 1937 discipulos
1729 1865 1944 1923 erudie—
1972 1858 2020 1916 B
2050 1857 2423 1914 aChristianis
2444 1858 2673 1914 Domino
2696 1860 2949 1915 veniente
2972 1861 3227 1931 suscepit.
3243 1862 3472 1933 Dignum
3494 1867 3640 1921 enim

350 1955 448 2026 bat
470 1954 649 2011 Iesus.
681 1955 839 2013 Mons
865 1970 994 2030 ergo
1013 1957 1115 2013 iste
1134 1957 1405 2029 signiﬁcat
1431 1957 1805 2014 celsitudinem
1832 1958 1942 2012 vir-

353 2053 531 2102 tutum
558 2056 615 2103 et
652 2048 950 2119 gratiarum
990 2048 1314 2119 spiritalium
1338 2089 1353 2116 ,
1378 2064 1500 2119 quae
1535 2049 1678 2104 dono
1704 2049 1941 2120 Spiritus

353 2140 529 2197 sancti
558 2140 953 2198 distribuuntur
980 2141 1247 2199 ﬁdelibus.

424 2232 633 2298 Naban,
659 2234 804 2304 quod
851 2233 1106 2290 hebraice
1145 2234 1346 2290 dicitur
1372 2232 1547 2299 Nabo,
1578 2248 1737 2290 mons
1780 2249 1944 2306 super

352 2321 646 2381 Iordanem
673 2332 863 2381 contra
889 2324 1202 2381 Hierichum
1225 2325 1281 2380 in
1308 2333 1452 2381 terra
1477 2324 1653 2392 Moab,
1682 2325 1776 2382 ubi
1802 2326 1944 2398 Moy-

354 2431 448 2472 ses
475 2425 721 2474 mortuus
748 2426 834 2474 est
852 2458 869 2485 ,
906 2427 962 2473 et
984 2433 1156 2488 usque
1182 2419 1344 2474 hodie
1372 2418 1680 2474 ostenditur
1703 2418 1759 2474 in
1788 2428 1944 2476 sexto

353 2506 612 2565 milliaria
635 2509 787 2566 urbis
806 2510 982 2567 Esbus
1010 2518 1199 2566 contra
1228 2511 1549 2567 orientalem
1572 2511 1809 2585 plagam.
1837 2512 1945 2567 Na-

354 2597 462 2653 ban
492 2614 625 2672 ergo
653 2601 1044 2673 interpretatur
1066 2642 1080 2667 ,
1106 2602 1163 2655 in
1191 2601 1553 2669 conclusione,
1583 2611 1639 2657 et
1672 2603 1946 2675 signiﬁcat

355 2689 649 2745 terminum
680 2690 834 2762 legis,
861 2693 1000 2747 sicut
1028 2703 1083 2747 et
1103 2707 1252 2748 mors
1278 2691 1471 2764 Moysi,
1490 2693 1618 2763 quia
1647 2694 1945 2750 secundum

355 2780 672 2852 Apostolum
706 2782 830 2853 ﬁnis
865 2783 994 2855 legis
1034 2781 1272 2838 Christus
1307 2794 1383 2837 est
1414 2784 1483 2837 ad
1504 2783 1773 2855 justitiam
1801 2786 1947 2841 omni

256 2888 259 2893 '
357 2873 586 2929 credenti
621 2872 799 2947 (Rom.
827 2874 906 2948 χ).

428 2965 506 3021 Or
534 2981 710 3035 mons,
736 2968 793 3023 in
821 2982 929 3039 quo
957 2976 1206 3024 mortuus
1235 2976 1320 3025 est
1342 2968 1545 3037 Aaron,
1570 2970 1725 3041 juxta
1755 2969 1946 3025 civita-

359 3065 473 3112 tem
499 3055 737 3124 Petram,
768 3058 860 3114 ubi
884 3073 1055 3129 usque
1081 3060 1149 3115 ad
1176 3069 1500 3130 praesentem
1524 3061 1826 3116 ostenditur
1854 3076 1947 3116 ru-

355 3161 455 3218 pes
504 3163 612 3219 qua
651 3163 909 3220 percussa
951 3150 1160 3223 Moyses
1200 3166 1370 3222 aquas
1429 3152 1623 3224 popqu
1664 3153 1831 3209 dedit.
1870 3152 1945 3210 Or

361 3247 544 3294 autent
574 3239 961 3313 interpretatur
997 3244 1305 3308 iracundia,
1338 3253 1394 3300 et
1423 3245 1648 3312 merito,
1703 3246 1831 3316 quia
1873 3246 1948 3301 ibi

356 3338 582 3402 propter
604 3333 995 3391 dubitationem
1029 3335 1195 3407 Moysi
1221 3345 1277 3392 et
1303 3336 1486 3392 Aaron
1515 3338 1570 3392 in
1594 3338 1950 3407 productione

360 3437 516 3492 aqua:
541 3424 609 3480 de
636 3434 791 3496 petra
818 3426 1164 3483 interdictum
1191 3435 1277 3484 est
1322 3429 1401 3484 eis
1443 3444 1512 3484 ne
1544 3429 1950 3486 introducerent

361 3512 504 3572 ﬁlios
525 3504 693 3572 Israel
714 3516 771 3571 in
797 3526 1002 3573 terram
1030 3519 1487 3588 repromissionis.
1907 3578 1941 3599 ,τε

429 3604 576 3663 Gaas
593 3621 751 3663 mons
773 3607 831 3663 in
854 3608 998 3665 tribu
1016 3609 1296 3681 Ephraim,
1311 3612 1366 3668 in
1377 3612 1532 3683 cujus
1544 3613 1949 3685 septentrionali

355 3700 517 3772 plaga
548 3700 791 3769 sepultus
814 3709 899 3757 est
924 3700 1081 3759 Iesus
1117 3705 1259 3761 ﬁlius
1296 3705 1443 3763 Nave
1461 3749 1476 3774 ,
1504 3716 1562 3764 et
1586 3722 1757 3778 usque
1790 3708 1950 3765 hodie

349 3789 510 3860 juxta
538 3790 719 3846 vicum
744 3791 1043 3847 Tbamnam
1062 3794 1407 3865 sepulchrum
1426 3796 1543 3866 ejus
1562 3798 1774 3869 insigne
1798 3814 1950 3855 mon-

358 3889 588 3938 stratur.

434 3973 558 4031 Seir
594 3990 754 4033 mons
792 3976 846 4033 in
885 3986 1029 4036 terra
1060 3978 1264 4046 Edom,
1295 3981 1349 4036 in
1384 3995 1493 4051 quo
1518 3981 1781 4038 habitavit
1808 3983 1953 4039 Esau

363 4068 418 4121 in
447 4068 665 4139 regione
690 4068 964 4127 Gebalena
981 4112 997 4137 ,
1035 4087 1180 4141 quas,
1209 4088 1275 4129 ex
1308 4088 1374 4129 eo
1409 4073 1552 4143 quod
1576 4073 1721 4129 Esau
1748 4075 1952 4146 pilosus

361 4169 507 4215 esset
535 4168 591 4216 et
616 4161 896 4233 hispidus,
925 4163 1048 4220 Seir
1066 4205 1083 4230 ,
1112 4165 1216 4222 hoc
1241 4175 1325 4222 est
1365 4167 1544 4238 pilosi,
1574 4183 1768 4224 nomen
1796 4183 1952 4225 acce-

360 4252 460 4323 pit.
493 4251 553 4308 In
587 4254 783 4324 quibus
822 4255 955 4312 locis
993 4264 1120 4312 ante
1156 4257 1420 4315 habitavit
1460 4259 1761 4333 Chorreus,
1789 4276 1949 4332 quem

361 4341 635 4399 interfecit
673 4343 893 4401 Chodor
934 4345 1183 4404 Laomor.
1222 4349 1466 4407 Meminit
1499 4353 1702 4408 montis
1737 4352 1859 4409 Seir
1895 4361 1951 4409 et

362 4428 531 4486 Isaias
555 4431 612 4486 in
645 4417 853 4491 visione
878 4435 1142 4494 Idumaae.
1173 4437 1315 4506 Quid
1351 4448 1535 4497 autem
1570 4441 1710 4508 Seir,
1743 4444 1843 4514 qui.
1867 4444 1951 4498 in-

364 4528 694 4590 terpretatur
732 4526 929 4597 pilosus
978 4530 1065 4585 vel
1092 4532 1363 4601 hispidus,
1395 4534 1691 4605 signiﬁcet,
1731 4537 1819 4591 ille
1855 4537 1946 4606 qui

2045 1950 2149 2008 fuit
2171 1960 2234 2007 ut
2263 1953 2520 2022 presenti
2544 1952 2748 2007 lumine
2769 1953 3087 2010 tenebrosus
3122 1954 3368 2011 diabolus
3395 1956 3640 2016 vincere-

2045 2049 2154 2098 tur.
2172 2041 2264 2098 Isti
2283 2058 2413 2114 ergo
2428 2042 2776 2098 exsultabunt
2795 2043 2850 2097 in
2872 2042 3089 2099 nomine
3101 2043 3338 2111 Domini,
3354 2046 3493 2101 sicut
3514 2047 3642 2106 alibi

2046 2136 2235 2192 ﬁdeles
2258 2135 2443 2192 dicunt
2472 2155 2485 2189 :
2515 2135 2640 2190 Non
2669 2136 2837 2202 nobis,
2860 2136 3103 2204 Domine,
3122 2154 3226 2193 non
3247 2139 3414 2207 nobis,
3439 2142 3529 2195 sed
3552 2158 3644 2197 ηο-

2044 2230 2176 2283 mini
2225 2238 2316 2284 tuo
2362 2230 2433 2284 da
2467 2229 2691 2299 gloriam
2733 2226 2918 2300 (Psal.
2969 2230 3158 2297 cxx").
3203 2230 3440 2289 Libanus
3487 2251 3645 2292 mons

2045 2319 2366 2375 Phoenicum
2398 2320 2694 2375 altissimus
2712 2361 2727 2385 ,
2753 2318 2907 2388 cujus
2947 2322 3314 2378 meminerunt
3341 2326 3641 2395 prophetae,

2047 2408 2226 2465 dictus
2264 2425 2296 2464 a
2336 2410 2527 2477 thure,
2567 2410 2697 2480 quia
2741 2410 2813 2466 ibi
2856 2411 3149 2483 colligitur.
3186 2414 3352 2485 Cujus
3391 2432 3455 2471 ea
3490 2432 3673 2493 pars,

2049 2514 2172 2569 quae
2201 2508 2288 2555 est
2313 2514 2477 2569 super
2498 2515 2623 2555 eum
2653 2501 2719 2555 ad
2740 2501 3064 2557 orientalem
3085 2503 3298 2577 plagam
3326 2508 3640 2577 respiciens,

2046 2591 2391 2648 Antilibanus
2402 2592 2720 2663 appellatur,
2738 2591 2791 2649 id
2806 2601 2889 2650 est
2900 2605 3089 2651 contra
3103 2597 3388 2653 Libanum.
3406 2599 3645 2657 Libanus

2047 2690 2225 2753 potest
2262 2681 2571 2754 signiﬁcare
2618 2695 2859 2741 sanctam
2891 2686 3189 2743 Ecclesiam
3235 2705 3392 2746 sacro
3439 2694 3644 2763 baptis-

2049 2782 2194 2829 mate
2218 2790 2249 2829 a
2276 2775 2515 2845 peccatis
2553 2777 2863 2832 mandatam
2883 2819 2898 2842 ,
2928 2787 2980 2832 et
3009 2779 3243 2836 candore
3269 2781 3527 2838 virtutum
3553 2784 3645 2841 de-

2049 2865 2304 2921 albatam.
2336 2865 2491 2923 Unde
2519 2867 2716 2923 dicitur
2740 2870 2794 2922 in
2815 2869 3021 2938 psalmo
3057 2888 3068 2923 :
3100 2870 3449 2928 Satiabuntur
3467 2877 3645 2930 omnia

2047 2956 2191 3028 ligna
2220 2957 2472 3012 silvarum
2507 2968 2553 3012 et
2580 2960 2722 3013 cedri
2760 2958 2980 3027 Libani,
3011 2978 3141 3032 quas
3178 2962 3431 3033 plantasti
3467 2962 3639 3037 (Psal.

2047 3050 2187 3122 cur).
2219 3050 2387 3121 Ligna
2411 3052 2668 3107 silvarum
2695 3052 2879 3122 plebes
2905 3055 3210 3125 signiﬁcant
3233 3057 3525 3129 ingentium
3550 3074 3644 3128 po-

2048 3141 2323 3211 pulorum,
2356 3142 2448 3212 qui
2479 3143 2736 3199 Ecclesiae
2772 3144 3053 3202 catholicae
3097 3147 3163 3202 de
3207 3148 3447 3204 dumosis
3482 3158 3645 3220 atque

1976 3226 2021 3289 C
2054 3233 2271 3288 incultis
2308 3234 2619 3288 nationibus
2665 3235 3020 3292 advenerunt.
3058 3236 3181 3294 Iliec
3221 3238 3364 3308 ligna
3401 3242 3644 3301 indicant

2053 3327 2301 3384 homines
2332 3329 2518 3399 utique
2557 3328 2892 3399 mediocres,
2936 3334 3085 3389 cedri
3117 3344 3297 3390 autem
3332 3335 3519 3397 Libani
3552 3339 3644 3392 de-

2052 3418 2262 3476 clarant
2298 3421 2505 3477 nobiles
2547 3437 2610 3477 ac
2641 3431 2918 3494 potentes,
2948 3428 3040 3497 qui
3080 3428 3135 3482 in
3174 3429 3411 3484 humano
3447 3447 3647 3502 genere

2052 3516 2309 3579 tanquam
2348 3510 2526 3577 cedri,
2567 3514 2808 3571 eminere
2849 3525 3166 3572 noscuntur.
3221 3518 3458 3589 Libanus
3498 3523 3644 3579 enim

2050 3601 2440 3671 interpretatur
2464 3605 2787 3661 candidatio.
2805 3606 2998 3664 Smculi
3023 3619 3200 3666 autem
3224 3608 3385 3681 hujus
3403 3622 3644 3684 potestas

2051 3694 2299 3766 quaedam
2326 3695 2541 3750 videtur
2570 3712 2689 3753 esse
2726 3697 2990 3756 festivitas
3009 3741 3024 3767 ,
3049 3703 3140 3758 ubi
3171 3704 3366 3760 divites
3394 3706 3644 3769 homines

2052 3799 2116 3838 ac
2155 3792 2407 3854 potentes
2441 3786 2639 3842 excelsi
2684 3797 2847 3860 atque
2882 3793 3094 3862 proceri
3137 3796 3292 3866 quasi
3333 3796 3388 3852 in
3435 3797 3643 3856 Libano

2051 3886 2236 3931 monte
2269 3885 2596 3944 nascuntur,
2636 3880 2729 3949 qui
2770 3889 2950 3939 tamen
2998 3886 3065 3940 ad
3100 3901 3283 3941 veram
3328 3888 3643 3959 religionem

2052 3965 2268 4022 Domini
2297 3982 2523 4023 munere
2556 3982 2935 4039 pervenerunt.
2955 3972 3178 4045 Sophim
3200 3992 3355 4033 mons
3384 3970 3642 4049 Ephraim

2052 4059 2108 4113 in
2138 4058 2258 4115 loco
2288 4059 2632 4117 Ramathem.
2663 4061 2888 4133 Sophim
2922 4080 3052 4120 vero
3104 4068 3491 4138 interpretatur
3528 4086 3644 4141 spe-

2053 4151 2192 4217 cula,
2224 4153 2337 4208 sive
2360 4152 2625 4224 scopulus,
2657 4162 2712 4208 et
2737 4154 3003 4226 signiﬁcat
3030 4157 3240 4213 culmen
3268 4159 3637 4230 perfectionis.

2053 4242 2206 4299 Unde
2232 4242 2430 4316 legitur
2459 4244 2515 4299 in
2544 4244 2752 4317 Regum
2780 4246 2864 4301 vir
2886 4263 3025 4303 unus
3067 4248 3234 4305 fuisse
3269 4252 3335 4306 de
3372 4251 3641 4308 Ramatha

2053 4333 2278 4405 Sophim
2304 4337 2370 4391 de
2390 4344 2573 4392 monte
2592 4337 2873 4409 Ephraim,
2888 4338 2945 4394 in
2967 4339 3073 4395 alta
3088 4340 3296 4398 scilicet
3315 4346 3643 4415 contempla-

2051 4429 2198 4486 tione
2223 4431 2484 4485 virtutum
2502 4471 2517 4496 ,
2542 4438 2602 4487 ut
2630 4447 2662 4487 a
2693 4430 2856 4487 nullis
2894 4432 3301 4502 subjacentibus
3327 4445 3383 4491 et
3407 4438 3642 4493 circum-

2051 4522 2375 4580 latrantibus
2397 4525 2815 4595 cogitationibus
2849 4527 3048 4583 mentis
3079 4527 3196 4597 ejus
3221 4528 3524 4585 sublimitas
3545 4532 3640 4586 dc-

363 4582 651 4672 historiam
672 4582 843 4675 Iacob
868 4627 923 4675 et
950 4620 1094 4677 Esau
1121 4582 1253 4694 legit
1276 4634 1331 4680 et
1348 4582 1500 4681 'bexie
1515 4582 1762 4697 intelligit
1790 4582 1947 4683 rac'ne
1975 4582 2026 4640 θ
2044 4612 2307 4683 iice‘relur
2332 4615 2417 4669 vel
2447 4616 2626 4672 unitas
2651 4617 3006 4673 scinderetur-

363 4704 684 4777 dignoscere
707 4720 917 4782 potest,
948 4715 1076 4785 quia
1090 4714 1255 4771 Iacob
1280 4717 1507 4788 simplex
1530 4718 1799 4790 signiﬁcat
1823 4720 1952 4776 sim-

362 4797 658 4868 plicitatem
686 4802 943 4861 Ecclesiae
980 4824 993 4860 :
1033 4806 1177 4863 Esau
1216 4822 1348 4865 vero
1378 4808 1583 4878 pilosus
1615 4817 1671 4865 et
1706 4809 1951 4881 hispidus

361 4884 578 4950 Iudaeos
611 4901 668 4949 et
700 4896 988 4953 haereticos
1011 4898 1144 4954 setis
1182 4898 1440 4955 vitiorum
1473 4898 1718 4956 sordidos
1751 4908 1808 4955 et
1835 4899 1952 4956 feti-

363 4978 461 5035 dos
482 4970 759 5053 exprimit.

438 5069 567 5126 Baal
593 5072 831 5133 Hermon
858 5093 1015 5137 mons
1042 5081 1189 5138 circa
1214 5081 1481 5140 Libanum
1508 5084 1565 5139 in
1595 5083 1792 5141 ﬁnibus
1815 5083 1948 5141 allo-

361 5163 670 5235 phylorum.
718 5167 921 5226 Celboe
960 5179 1173 5229 montes
1219 5173 1640 5246 alienigenarum
1690 5176 1746 5230 in
1796 5182 1950 5232 sexto

362 5253 543 5325 lapide
562 5254 935 5329 Ascitopolim.
949 5260 1009 5316 In
1030 5263 1226 5333 quibus
1246 5272 1305 5319 et
1320 5265 1473 5321 vicus
1488 5274 1574 5322 est
1591 5267 1832 5336 grandis,
1854 5267 1948 5337 qui

362 5346 666 5417 appellatur
692 5348 913 5409 Gelbus.
940 5353 1001 5409 In
1026 5355 1115 5410 his
1137 5358 1395 5413 occubuit
1419 5357 1548 5413 Sanl
1571 5369 1625 5413 et
1652 5358 1945 5427 Jonathan,

362 5437 433 5495 ob
461 5440 605 5510 quod
632 5442 914 5499 maledixit
941 5444 1022 5500 eis
1047 5446 1216 5500 David
1239 5446 1427 5503 dicens
1458 5466 1471 5501 :
1504 5447 1709 5504 Montes
1737 5447 1946 5516 Gelboe,

362 5545 457 5584 nec
480 5545 564 5585 ros
593 5547 686 5587 nec
709 5532 885 5603 pluuia
912 5534 1121 5590 ueniant
1151 5552 1307 5607 super
1327 5553 1446 5602 vos,
1473 5545 1583 5593 etc.
1607 5537 1697 5607 (Il
1727 5538 1857 5610 Reg.
1883 5539 1968 5611 1.),

361 5622 504 5690 Quid
525 5639 658 5695 ergo
682 5636 898 5683 montes
916 5625 1119 5683 Geroe
1139 5626 1269 5684 Sanl
1292 5629 1554 5685 moriente
1584 5629 1943 5700 deliquerunt,

359 5721 632 5780 quatenus
670 5716 725 5771 in
768 5716 849 5771 eis
888 5731 988 5772 nec
1024 5733 1114 5774 ros
1142 5733 1243 5773 nec
1274 5719 1455 5789 pluvia
1489 5720 1711 5775 caderet
1748 5739 1761 5774 :
1801 5730 1856 5775 et
1880 5721 1947 5775 ab

362 5804 511 5859 omni
537 5818 630 5861 eos
656 5806 946 5860 viriditatis
976 5810 1220 5877 germine
1249 5811 1532 5866 sententia:
1563 5825 1741 5867 sermo
1778 5813 1947 5868 sicca-

763 5900 1041 5962 PATROL.
1088 5903 1253 5964 CXI.

2124 4703 2256 4761 Sion
2296 4720 2452 4760 mons
2484 4714 2566 4759 est
2607 4707 2757 4763 urbis
2795 4705 3093 4765 Ierusalem
3131 4711 3187 4764 in
3225 4709 3449 4764 australi
3484 4720 3639 4780 parte

2052 4796 2378 4853 constitutus
2414 4799 2823 4868 supereminens
2863 4800 3089 4855 civitati.
3131 4801 3285 4858 Unde
3314 4809 3371 4857 et
3403 4801 3533 4859 Sion
3561 4805 3640 4860 in-

2052 4895 2380 4958 terpretatur
2407 4887 2675 4958 speculum
2695 4930 2712 4956 ,
2755 4889 2870 4946 sive
2904 4891 3189 4962 speculatio
3226 4906 3248 4945 :
3286 4901 3341 4948 et
3368 4893 3639 4966 signiﬁcat

2053 4988 2297 5036 sanctam
2319 4980 2619 5038 Ecclesiam
2637 5022 2653 5049 ,
2681 4998 2803 5054 quae
2832 4985 2993 5040 corde
3024 5000 3162 5056 puro
3197 4993 3254 5042 et
3287 4986 3519 5059 simplici
3554 4990 3639 5045 in-

2052 5077 2293 5133 tentione
2321 5092 2568 5147 supernae
2599 5077 2752 5150 pacis
2788 5079 2998 5134 visione
3037 5080 3434 5152 contemplatur
3469 5093 3527 5138 et
3562 5083 3639 5154 ip-

2052 5186 2173 5227 sum
2202 5186 2365 5243 super
2387 5172 2568 5228 omnia
2597 5172 2967 5228 dominantem
2993 5180 3050 5228 et
3078 5184 3394 5246 regnaan
3416 5176 3638 5249 inspicit

2052 5263 2242 5320 Deum.

2122 5355 2255 5411 Sina
2298 5372 2455 5413 mons
2489 5358 2545 5412 in
2579 5358 2800 5429 regione
2834 5357 3047 5415 Madian
3083 5375 3246 5433 super
3281 5361 3539 5418 Arabiam
3575 5365 3630 5420 in

2051 5451 2266 5506 deserto
2284 5491 2300 5516 ,
2325 5452 2391 5506 de
2416 5465 2525 5521 quo
2556 5452 2612 5506 in
2647 5450 2905 5520 Apostolo
2930 5451 3127 5526 legitur
3161 5472 3176 5509 :
3208 5452 3339 5509 Sina
3374 5471 3522 5509 mons
3554 5467 3629 5511 est

2049 5542 2105 5595 in
2131 5542 2345 5607 Arabia,
2374 5544 2465 5614 qui
2492 5543 2802 5613 conjunctus
2846 5553 2923 5599 est
2951 5547 3000 5600 ei
3034 5562 3152 5617 qua:
3178 5562 3317 5600 nunc
3349 5555 3427 5600 est
3473 5546 3631 5601 Iern»

2049 5633 2244 5700 salem,
2283 5642 2331 5688 et
2361 5634 2513 5689 servit
2549 5651 2666 5689 cum
2700 5636 2827 5705 [iliis
2857 5639 2966 5692 suis
3004 5636 3158 5708 (Gal.
3195 5638 3306 5709 Π).
3351 5636 3630 5707 Signiﬁcat

2048 5734 2227 5779 autem
2256 5739 2582 5795 synagogam
2604 5725 2909 5783 Iudaeorum
2931 5728 3202 5783 carnalem
3231 5727 3628 5783 observantiam

2049 5814 2181 5883 legis
2204 5824 2495 5877 tenentem,
2523 5832 2681 5885 quam
2712 5819 2997 5885 prmdictus
3019 5817 3310 5887 Apostolus
3345 5814 3624 5882 compara-

3119 5916 3192 5974 12
