4074 6324
371 352 463 413 569

370 428 575 546 sloyscs
656 461 966 547 scripsisset]
992 462 1467 535 Deuteronomium
1507 459 1722 539 legitur.
1753 430 1941 551 Lobop
1968 460 2022 559 ἐκ

372 573 543 619 autem
568 562 955 629 interpretatur
984 552 1247 626 ingressus
1278 552 1391 607 sive
1417 551 1703 607 inveniens.
1866 626 1869 631 ⁴

368 634 379 719 ’
432 648 710 721 Mirravel
729 718 733 725 ‘
755 646 922 713 Mara,
951 644 1093 715 quod
1120 643 1510 714 interpretatur
1537 638 1856 705 amaritudo,
1888 636 1942 693 id

356 732 469 817 :est,
498 724 851 819 littera’legis
877 754 891 791 :
920 745 1004 791 est
1047 742 1226 790 autem
1270 732 1440 798 locus,
1495 730 1547 787 in
1596 747 1703 803 quo
1751 746 1940 802 aquas,

369 842 505 905 acto
551 818 713 905 ligno,
743 826 965 902 Moyses“
981 827 1034 881 in
1059 826 1273 881 dulcem
1298 825 1457 880 vertit
1487 818 1755 905 saporem.
1790 820 1944 877 Unde

354 904 557 1001 legitur
602 922 657 1001 in
699 906 925 1001 Exodo:
962 914 1220 974 Venerunt
1268 916 1368 988 ﬁlii
1410 915 1581 970 Israel
1623 904 1677 967 in
1724 912 1944 999 Myrrha

346 992 449 1091 Ivel
471 992 649 1081 Μηνᾶ,
675 1024 723 1070 et
754 1000 861 1069 non
889 1022 1126 1085 poterant
1175 1011 1343 1066 bibere
1380 1027 1572 1087 aquam
1617 1010 1681 1063 de
1726 992 1974 1082 Myrrha.

365 1086 449 1162 vel
474 1105 648 1181 Mam,
678 1106 803 1181 quia
829 1120 1015 1159 amara
1038 1113 1148 1157 erat
1174 1100 1372 1174 (Exod.
1398 1086 1509 1173 xv).
1540 1099 1772 1155 Ralidim
1797 1099 1946 1159 locus

346 1216 417 1268 ,ιη
465 1196 678 1252 deserto
720 1196 875 1268 juxta
922 1203 1160 1250 montem
1205 1192 1437 1257 Choreb,
1486 1191 1538 1245 in
1571 1207 1677 1263 quo
1701 1191 1766 1245 de
1792 1199 1945 1259 petra

344 1264 563 1363 'ﬁuxere
594 1264 767 1360 aquai,
811 1286 1326 1359 cognominatusque
1366 1292 1451 1338 est
1497 1282 1758 1337 tentatio:
1795 1279 1866 1335 ibi
1893 1288 1948 1335 et

365 1364 518 1461 ipsus
540 1383 795 1455 adversus
814 1379 1033 1436 Amalec
1056 1377 1280 1433 dimicat
1300 1390 1466 1447 prope
1490 1364 1685 1449 Faran.
1712 1371 1945 1426 Raﬁdim

343 1470 557 1563 :quippe
579 1476 983 1547 interpretatur,
1006 1470 1142 1525 laxa:
1171 1485 1381 1545 manus,
1409 1464 1493 1520 vel
1511 1462 1944 1535 sanitas-judicii,

364 1577 452 1625 aut
486 1567 613 1620 visio
638 1566 785 1618 auris
812 1562 1069 1634 suﬁiciem
1099 1561 1192 1616 eis.

366 1650 377 1659 ’
434 1640 626 1721 Scene,
682 1654 733 1709 id
762 1663 845 1709 est
862 1652 1240 1729 _tabernacula,
1274 1634 1425 1707 locus
1456 1652 1508 1704 in
1552 1666 1659 1719 quo
1687 1644 1948 1727 habitavit

1320 343 1405 397 DE
1442 338 1789 397 UNIVEIISO
1824 335 2002 393 LIBRI
2036 332 2315 413 ΑΧΧΙΙημ-
2354 328 2661 421 ιΙΒηΧΙΙΙ.

3516 327 3622 389 570

2048 452 2470 521 interpretatur,
2523 434 2882 503 misericordia
2925 444 3043 500 Dei.
3099 442 3195 501 Fel
3253 430 3623 512 monialtnoni,

2042 544 2186 615 quod
2222 543 2414 614 Aquila
2444 526 2856 611 interpretatur,
2894 536 3045 591 illum
3068 537 3152 593 vel
3181 538 3344 592 istud.
3379 537 3629 611 Symma-

2043 636 2176 689 chus
2198 648 2330 690 vero
2349 633 2553 700 nescio,
2570 632 2638 687 ad
2649 647 2809 702 quem
2833 629 3008 685 locum
3029 630 3425 687 transtulerunt
3443 647 3627 689 aream

2042 716 2350 781 testamenti
2391 724 2459 779 de
2497 724 2690 779 Azoto.
2736 722 2888 777 Nunc
2916 720 3083 777 vicus
3125 714 3345 795 grandis
3382 716 3627 779 vocatur.

2041 812 2273 873 Getham
2309 816 2696 885 interpretatur
2734 816 3080 885 antipatriam
3109 821 3162 869 et
3194 815 3460 886 jamniam
3492 836 3504 871 :
3536 819 3631 874 sed

2043 918 2096 963 et
2119 906 2220 965 alia
2245 904 2367 963 villa
2395 907 2695 978 appellatur
2717 906 2952 962 Gethim.
2992 904 3129 961 Nam
3150 898 3328 962 ’Getba
3368 907 3632 979 interpre-

2036 1008 2191 1055 tatur
2216 1000 2450 1054 torcular
2473 1000 2606 1069 ejus,
2644 998 2856 1052 humilis
2901 997 3081 1067 fossio.
3106 997 3324 1066 Gallim,
3357 1000 3500 1055 unde
3531 998 3634 1057 fuit

2042 1090 2203 1159 Falti,
2233 1094 2475 1163 qui°post
2506 1091 2688 1163 fugam
2715 1092 2881 1146 David
2920 1090 3115 1147 Michol
3148 1108 3371 1148 uxorem
3397 1093 3513 1163 ejus
3540 1112 3634 1151 ac-

2046 1191 2282 1253 ceperat.
2310 1181 2555 1236 Meminit
2579 1181 2737 1250 hujus
2766 1181 2865 1236 loci
2898 1190 2951 1237 et
2980 1182 3166 1238 Isaias.
3205 1182 3416 1240 Dicitur
3450 1192 3633 1240 autem

2046 1288 2165 1327 esse
2204 1281 2259 1327 et
2299 1272 2519 1343 quidam
2563 1272 2774 1327 Acaron
2816 1272 2984 1337 vicus,
3012 1272 3103 1343 qui
3146 1282 3372 1328 vocatur
3416 1273 3631 1329 Gallim.

2045 1362 2240 1419 Gallim
2274 1366 2471 1435 quippe
2521 1365 2929 1435 interpretatur,
2970 1363 3083 1419 loca
3126 1364 3387 1435 palustria
3436 1368 3629 1422 acervi.

2044 1452 2142 1511 Gel
2171 1454 2344 1520 locus,
2370 1454 2423 1510 in
2444 1470 2551 1524 quo
2593 1455 2863 1525 percussit
2889 1452 3046 1523 Jehu,
3089 1473 3180 1513 rex
3224 1456 3410 1524 Israel,
3457 1457 3636 1515 Ocho-

2048 1549 2210 1612 ziam,
2246 1563 2424 1618 regem
2454 1544 2671 1613 ludicre,
2699 1548 2854 1617 juxta
2899 1548 3162 1603 Jcblaam.
3187 1549 3283 1604 Gel
3322 1560 3502 1606 autem
3553 1552 3633 1611 in-

2047 1648 2395 1711 terpretatur,
2444 1642 2632 1696 divisio
2666 1643 2747 1697 vel
2788 1643 3043 1713 pra’cisio.
3094 1642 3421 1699 Gersemane
3461 1644 3631 1710 locus,

346 1728 528 1821 ‘Iiacoli
552 1732 837 1819 regressus
858 1724 923 1800 de
946 1742 1350 1817 Mesopotamia,
1374 1743 1464 1812 qui
1491 1741 1667 1813 lingua
1686 1724 1946 1798 llebraica
2048 1731 2101 1784 in
2131 1747 2236 1800 quo
2259 1739 2384 1785 ante
2406 1730 2713 1801 passionem
2744 1730 2992 1786 Salvator
3018 1733 3209 1787 oravit.
3237 1724 3333 1787 Est
3358 1741 3535 1821 autem
3568 1733 3636 1803 ad

364 1840 659 1913 appellatur
686 1836 952 1893 Socboeh.

348 1986 666 2099 1ostenditur
696 2023 841 2090 villa,
864 2002 1083 2079 nomine
1125 2022 1271 2087 Sior,
1306 2022 1453 2107 inter
1480 2020 1688 2077 lleliam
1712 2030 1765 2076 et
1792 2020 1949 2075 Eleur

366 2112 770 2189 theropolim‘in
804 2114 947 2171 tribu
989 2114 1145 2169 Juda.
1194 2114 1369 2185 Supra
1414 2115 1518 2169 hoc
1563 2114 1615 2168 in
1654 2113 1805 2171 libris
1838 2111 1946 2170 lle-

364 2204 672 2263 braicarum
697 2206 1053 2275 qutestionum
1082 2205 1292 2277 plenius
1323 2190 1537 2261 dicitur.
1566 2203 1688 2259 Sior
1720 2221 1846 2260 vero
1874 2198 1961 2265 in-.

364 2308 693 2379 terpretatur
723 2295 1137 2379 partvulus,’siV'e
1171 2297 1543 2363 turbulentus,
1570 2296 1692 2352 Sclo
1723 2297 1773 2353 in
1806 2299 1949 2353 tribu

362 2374 610 2458 Eﬁraim,
640 2390 693 2443 in
726 2378 833 2461 quo
865 2389 984 2467 loco
1024 2374 1149 2445 arca
1172 2390 1503 2467 testamenti
1536 2386 1756 2455 mansit,
1783 2397 1837 2443 et
1864 2380 1947 2442 ta-

363 2480 715 2542 bernaculum
739 2485 951 2541 Domini
986 2501 1156 2557 usque
1184 2485 1252 2541 ad
1274 2494 1514 2557 tempora
1544 2482 1835 2563 Samuelis,
1867 2489 1951 2537 est

353 2565 569 2661 fantem
604 2579 888 2661 undecimo
935 2579 1188 2637 milliario
1238 2578 1571 2647 Neapoleos,
1627 2578 1679 2639 in
1726 2559 1951 2653 regione

355 2654 703 2743 ‘Atrapitena.
744 2669 852 2727 Sed
874 2679 930 2726 et
952 2672 1077 2726 inde
1104 2670 1428 2741 patriarcha;
1460 2670 1630 2725 ﬁlium
1668 2668 1827 2725 Solon
1858 2684 1952 2741 ap-

367 2760 622 2843 pellatum
665 2761 912 2832 legimus.
951 2762 1075 2820 Selo
1111 2773 1292 2819 autem
1320 2763 1713 2833 interpretatur
1744 2761 1827 2818 vel
1869 2763 1950 2837 di—

367 2842 549 2911 inissio
578 2842 689 2923 ejus
723 2863 817 2908 aut
842 2854 1043 2924 petitio.
1086 2852 1423 2922 Abennezer,
1454 2854 1597 2924 quod
1629 2854 1953 2925 interpreta-

370 2944 638 3019 tur,‘lapis
669 2944 942 3016 atljutorii,
985 2947 1098 3003 sive
1138 2946 1272 3017 lapis
1309 2947 1709 3017 auxiliatorum.
1742 2946 1838 3002 Est
1858 2962 1953 3015 au-

366 3016 694 3125 :chIIIOCllS,
746 3038 889 3093 unde
941 3016 1197 3093 tulerunt
1228 3037 1496 3093 Philistim
1551 3016 1734 3094 aream
1789 3047 1952 3095 testa-

369 3126 539 3181 menti
570 3126 710 3182 inter
742 3124 948 3183 Heliam
987 3136 1041 3183 et
1068 3126 1386 3184 Ascalonem
1406 3127 1563 3198 juxta
1589 3128 1768 3183 villam
1794 3129 1951 3184 Beth-

366 3214 555 3299 satnis.
604 3216 941 3290 Asiongaber
968 3236 980 3272 :
1014 3218 1071 3275 in
1114 3218 1216 3274 hoe
1244 3218 1362 3275 loco
1390 3219 1582 3274 classis
1611 3218 1869 3289 Josaphat
1898 3219 1950 3273 vi

371 3309 705 3378 tempestatis
742 3311 926 3365 attrita
958 3320 1061 3365 est.
1100 3308 1297 3367 Fertur
1326 3321 1507 3367 autem
1533 3311 1648 3382 ipsa
1678 3326 1796 3367 esse
1822 3311 1952 3367 Issia

366 3392 512 3457 haud
552 3400 739 3475 procul
762 3403 828 3457 ab
856 3400 976 3457 Ailo
1004 3403 1059 3459 in
1083 3402 1269 3460 Rubro
1298 3403 1454 3457 mari.
1497 3403 1635 3459 Ahia
1673 3404 1726 3459 in
1774 3402 1955 3457 asino-

370 3509 489 3569 rum
520 3495 737 3561 regione
758 3493 929 3551 locus.
961 3493 1099 3550 Ahia
1128 3497 1326 3569 quippe
1346 3496 1734 3567 interpretatur
1756 3493 1949 3559 vultur,

370 3582 455 3638 vel
485 3594 588 3638 tus.
628 3582 766 3640 Elim
796 3595 991 3657 puteus
1015 3585 1218 3641 dimon.
1252 3586 1319 3640 Et
1344 3572 1503 3657 hujus
1527 3586 1631 3640 loci
1661 3585 1849 3640 eadem
1876 3583 1954 3641 vi-

368 3666 524 3731 sione.
560 3678 728 3731 Isaias
755 3678 1086 3733 recordatur.
1115 3676 1534 3744 Acheldemach,
1565 3680 1668 3733 hoc
1695 3688 1799 3745 est,
1828 3693 1955 3748 ager

367 3760 671 3837 sanguinis,
704 3768 794 3838 qui
824 3764 1091 3839 hodieque
1129 3778 1463 3824 monstratur
1496 3770 1547 3825 in
1589 3768 1741 3825 llclia
1764 3771 1831 3824 ad
1859 3786 1956 3823 au-

367 3854 593 3913 stralem
623 3854 834 3930 plagam
862 3860 1061 3915 montis
1091 3860 1241 3915 Sion.

440 3946 630 4009 Ennon
652 3952 805 4026 juxta
834 3953 1025 4022 Salim,
1056 3956 1147 4010 ubi
1173 3953 1480 4025 baptizabat
1506 3954 1740 4011 Joannes
1770 3955 1950 4027 (Joan.

369 4032 475 4123 in),
508 4046 651 4101 ‘sieut
680 4046 734 4101 in
764 4044 1054 4117 Evangelia
1079 4045 1375 4101 secundum
1407 4045 1668 4101 Joannem
1692 4046 1953 4116 scriptum

369 4124 476 4205 est,
506 4148 560 4194 et
589 4130 893 4197 Ostenditur
930 4155 1073 4194 nunc
1107 4155 1277 4209 usque
1311 4138 1461 4195 locus
1488 4141 1542 4195 in
1563 4148 1754 4197 octavo
1779 4138 1955 4209 lapide

371 4212 761 4313 Scythopoleos
783 4233 851 4286 ad
874 4230 1153 4285 meridiem
1171 4229 1325 4299 juxta
1352 4216 1532 4286 Salem
1557 4238 1610 4287 et
1636 4228 1950 4285 Jordanem.

369 4314 559 4377 Ennon
604 4332 782 4377 autem
824 4323 1234 4392 interpretatur,
1277 4321 1487 4375 donavit
1517 4320 1669 4375 mihi.
1704 4320 1953 4374 Baaltha-

368 4398 489 4471 ttia‘r
535 4412 689 4483 julvta
739 4396 909 4481 G'aba,
960 4414 1048 4469 ubi
1088 4414 1183 4469 ﬁlii
1228 4413 1393 4468 Israel
1443 4412 1703 4468 adversus
1749 4412 1952 4467 tribum

1170 1898 1175 1903 ε
1394 1810 1407 1812 θ
1548 1810 1587 1833 ’ἶ
1976 1826 2023 1927 β
2052 1824 2260 1879 radices
2297 1823 2495 1879 montis
2517 1823 2734 1907 Dliveti,
2759 1841 2901 1901 nunc
2933 1824 3162 1881 ecclesia
3208 1814 3436 1903 desuper
3465 1810 3636 1917 aediﬁ-

348 1928 379 2003 ξ’
414 1934 558 2003 Sior
600 1933 749 1988 locus
790 1920 980 2003 eontra
1013 1928 1207 1983 l'acicm
1240 1926 1478 2003 JEgypti.
1532 1925 1638 1981 Sed
1682 1936 1737 1981 et
1784 1920 1991 1980 hodie”

2050 1924 2191 2060 Eata.
2231 1913 2367 1969 Nam
2411 1904 2725 2005 Getsemani
2775 1916 3183 1988 interpretatur,
3236 1917 3386 1974 vallis
3424 1904 3638 2001 ningue-

2089 2023 2252 2060 mum.

2089 2023 2252 2061 mum.

2051 2140 2069 2195 χ
2122 2118 2409 2193 Golgotha,
2441 2122 2591 2189 locus
2613 2122 2883 2189 calvariae,
2925 2123 2981 2177 in
3010 2138 3120 2193 quo
3149 2123 3407 2183 Salvator,
3422 2136 3523 2196 pro
3554 2136 3642 2191 sa-

2052 2211 2164 2266 lute
2189 2216 2428 2269 omnium
2461 2213 2753 2271 cruciﬁxus
2780 2225 2885 2282 est,
2918 2223 2972 2271 et
3006 2231 3183 2286 usque,
3207 2214 3367 2275 hodie
3404 2214 3643 2279 ostendi-

2055 2311 2141 2356 tur
2168 2304 2223 2357 in
2254 2302 2406 2357 Helia
2435 2303 2503 2357 ad
2523 2303 3001 2373 septentrionalem
3023 2303 3234 2373 plagam
3260 2304 3463 2360 montis
3486 2305 3638 2360 Sion.

2052 2393 2261 2448 Navoth
2287 2394 2436 2449 locus
2458 2394 2514 2447 in
2543 2392 2739 2458 Rama,
2761 2392 2851 2448 ubi
2884 2390 3052 2448 David
3078 2393 3218 2447 sedit
3244 2408 3259 2447 :
3289 2394 3434 2450 etde
3459 2395 3562 2449 hoc
3586 2394 3643 2449 in

2053 2483 2207 2539 libris
2230 2484 2618 2540 Ilebraicarum
2647 2484 3005 2553 quaestionum
3027 2484 3281 2539 diximus.
3314 2483 3525 2539 Navoth
3548 2499 3643 2541 au-

2054 2581 2160 2630 tem
2191 2575 2599 2649 interpretatur,
2638 2575 2970 2646 conspicuus,
2997 2574 3085 2631 vel
3115 2575 3363 2637 sessionis
3382 2573 3635 2637 excludo.

2054 2665 2226 2723 Rama
2260 2682 2360 2738 pro
2411 2684 2518 2739 qua
2563 2667 2758 2739 Aquila
2812 2668 3202 2737 interpretatur
3242 2669 3520 2736 exultatio,
3554 2667 3643 2726 vel

2052 2762 2409 2837 eaaltabitur,
2456 2763 2597 2833 quod
2639 2762 2899 2833 scriptum
2955 2771 3039 2817 est
3098 2763 3158 2819 in
3205 2761 3445 2819 Ieremia
3497 2762 3639 2835 (let.

2052 2854 2227 2926 XXXI).
2278 2854 2374 2909 Est
2420 2861 2602 2909 autem
2630 2860 2684 2908 et
2727 2853 2866 2907 alius
2910 2852 3059 2909 locus
3091 2853 3146 2909 in
3175 2853 3319 2909 tribu
3364 2850 3641 2920 Beniamin

2046 2942 2201 3014 juxta
2227 2942 2524 3009 Bethleem,
2552 2943 2617 2998 de
2646 2959 2753 3014 quo
2779 2944 2977 3000 dicitur
3002 2961 3014 2996 :
3052 2939 3163 2999 Vox
3186 2942 3243 2995 in
3268 2941 3437 2997 Ruina
3456 2939 3643 3007 audita

2051 3044 2125 3111 est
2150 3033 2363 3107 (Matth.
2396 3033 2483 3104 ιι).
2531 3033 2702 3089 Rama
2751 3034 2951 3105 quippe
2992 3032 3388 3103 interpretatur
3415 3030 3642 3093 excelsa.

2054 3124 2464 3185 Solamoth:ad
2508 3140 2669 3195 quem
2712 3124 2891 3181 locum
2939 3123 3089 3180 misit
3132 3123 3320 3181 David.
3362 3121 3643 3181 Sofamoth

2056 3220 2443 3297 interpretatur
2488 3218 2684 3273 labium
2713 3220 2913 3274 mortis.

2048 3336 2067 3387 ,⁷
2126 3334 2453 3407 Thelamage
2476 3333 2648 3400 locus,
2680 3348 2793 3403 quo
2814 3334 3000 3389 Abner
3037 3332 3188 3389 misit
3216 3332 3285 3389 ad
3303 3330 3512 3389 David:
3541 3331 3638 3386 sed

2042 3424 2356 3489 sciendum,
2379 3423 2653 3499 quod‘pro
2689 3424 2792 3478 hoc
2819 3423 2985 3479 verbo
3024 3422 3217 3493 Aquila
3248 3423 3643 3493 interpretatur

2052 3513 2359 3573 Extemble.
2402 3512 2766 3585 Symmachus
2812 3528 2915 3582 pro
2960 3513 3272 3583 semetipso.
3303 3512 3634 3580 Sal‘orvaim,

2056 3608 2125 3664 de
2138 3658 2139 3663 η
2152 3606 2349 3677 quibus
2374 3606 2510 3662 locis
2531 3605 2741 3677 Assyrii
2777 3605 3233 3676 transmigrantes
3252 3605 3644 3661 habitaverunt

2057 3702 2113 3759 in
2153 3699 2421 3764 Samaria,
2452 3709 2508 3754 et
2536 3701 2604 3756 ab
2654 3699 2791 3771 ipsis
2828 3698 3300 3754 Samaritanorum
3327 3702 3460 3770 gens
3497 3710 3643 3754 sum-

2054 3791 2165 3860 psit
2191 3787 2494 3845 exordium.
2540 3788 2788 3846 Meminit
2823 3789 3019 3844 horum
3059 3796 3123 3843 et
3145 3788 3334 3845 Isaias.
3363 3787 3638 3844 Thale'th:

2052 3880 2287 3952 legimus
2325 3880 2380 3935 in
2420 3878 2655 3935 Jeremia
2683 3899 2697 3933 :
2729 3881 2895 3936 Aram
2936 3881 3192 3936 Thaleth.
3222 3880 3321 3937 Est
3344 3886 3545 3937 autem
3587 3881 3642 3935 in

2058 3970 2383 4029 suburbanis
2427 3968 2594 4026 Helia:
2621 3985 2791 4040 usque
2819 3971 2980 4026 hodie
3016 3972 3191 4038 locus,
3234 3972 3327 4042 qui
3364 3973 3442 4027 sic
3475 3985 3641 4027 voca-

2057 4071 2168 4129 tur,
2193 4062 2347 4132 juxta
2375 4062 2639 4132 piscinam
2665 4061 2886 4117 fullonis
2913 4071 2968 4118 et
2995 4078 3205 4134 agrum.
3243 4062 3638 4121 Acheldemach

2054 4173 2187 4229 ergo
2235 4158 2643 4228 interpretatur,
2684 4155 2933 4228 parvulus
2976 4157 3131 4211 venit.
3164 4155 3393 4224 Thabat,
3424 4159 3513 4214 ubi
3544 4174 3641 4229 pu-

2053 4257 2275 4320 gnatum
2298 4257 2387 4304 est
2413 4249 2675 4305 adversus
2691 4247 2927 4305 Madian.
2954 4248 3089 4303 Nam
3116 4248 3639 4322 thabarth'interpreo

2054 4346 2204 4399 tatur
2224 4338 2386 4395 lomw
2418 4338 2663 4409 Thopeth
2709 4338 2763 4393 in
2786 4337 3192 4404 tvsileﬁtiorum
3216 4340 3385 4397 Israel
3412 4336 3633 4411 Ennon,

2054 4431 2148 4489 ubi
2170 4430 2398 4501 populus
2421 4429 2707 4486 simulacra
2732 4436 3045 4487 veneratur.
3062 4430 3171 4486 Est
3188 4440 3375 4488 anum
3404 4430 3637 4489 locus’in

369 4498 646 4600 Beniamin
688 4488 857 4561 Ῐηίθτο
901 4515 1198 4600 οξπῑίξῐηβην
1244 4513 1529 4600 peiusque
1567 4505 1726 4600 Ῑξράίθ
1752 4503 1953 4600 Βξῑιιξὶ·
1975 4488 2404 4600 Dsuburbanis.
2452 4518 2700 4590 Thopeth
2742 4534 2873 4590 ergo
2918 4519 3350 4590 Interpretatur,
3386 4523 3638 4593 protectio
3670 4520 3676 4531 '

367 4598 507 4654 mari
543 4599 595 4653 in
622 4614 783 4669 supra
824 4596 983 4654 dictis
1029 4597 1165 4655 locis
1204 4597 1413 4653 viculus
1443 4598 1760 4667 appellatur.
1784 4595 1946 4655 Baal-

369 4690 582 4769 thmnar
608 4699 787 4746 autem
810 4692 1199 4764 interpretatur
1227 4692 1419 4745 habens
1445 4690 1701 4760 palmam.

376 4768 413 4795 λλ
437 4768 747 4837 Bechacar:
782 4798 953 4854 usque
982 4782 1049 4839 ad
1075 4786 1219 4840 hunc
1254 4782 1429 4838 locum
1462 4781 1689 4854 ΡοΡυῙυε
1732 4779 1949 4839 Israel“

372 4860 636 4943 fugientes
671 4873 1001 4946 alienigenas
1038 4884 1354 4945 persecutus
1382 4882 1485 4940 est,
1515 4873 1795 4944 appellans
1823 4885 1950 4929 eum

370 4952 601 5036 lapidem
647 4968 920 5039 adjutorii.
947 4966 1081 5025 Nam
1122 4970 1387 5025 Betachar
1423 4969 1810 5040 interpretatur
1843 4968 1946 5024 do-

369 5076 484 5114 mus
506 5061 717 5131 negotii,
730 5061 817 5116 vel
845 5061 988 5132 agni.
1006 5058 1267 5128 Berasan,
1295 5062 1364 5115 ad
1387 5076 1547 5133 quem
1571 5059 1750 5115 locum
1776 5054 1951 5115 David

368 5151 564 5221 praedae
584 5160 797 5222 partem
819 5151 986 5208 misit.

390 5228 417 5249 ¹’
440 5240 658 5296 Baurim
694 5241 861 5309 locus,
899 5242 967 5298 ad
1001 5258 1163 5315 quem
1199 5258 1368 5313 usque
1395 5251 1714 5314 prosecutus
1732 5251 1818 5300 est
1850 5242 1948 5299 lli-

370 5322 490 5387 chol
516 5331 678 5387 ﬁliam
706 5332 881 5389 Saulis
902 5334 988 5389 vir
1010 5350 1139 5391 suus
1162 5333 1484 5405 lacrymans.
1501 5334 1723 5391 Baurim
1752 5335 1950 5407 quippe

370 5420 759 5497 interpretatur
785 5427 932 5482 electi
959 5427 1044 5483 vel
1060 5428 1299 5497 juvenes.

400 5510 619 5586 “Ergab
648 5535 660 5571 :
691 5517 758 5571 ad
780 5534 940 5588 quem
972 5516 1148 5573 locum
1173 5514 1442 5573 Jonatban
1472 5517 1615 5574 ﬁlius
1644 5516 1775 5574 Saul
1812 5532 1947 5590 pue-

371 5604 492 5660 ruin
520 5607 722 5680 dirigit,
748 5608 1068 5666 militaribus
1088 5607 1284 5680 jaculis
1308 5625 1366 5665 se
1396 5625 1657 5667 exercens
1683 5628 1695 5666 :
1724 5625 1821 5684 pro
1840 5626 1950 5682 quo

367 5694 562 5767 Aquila
582 5708 635 5755 et
662 5699 1019 5771 Symmachus
1045 5700 1384 5774 interpretati
1414 5712 1541 5759 sunt
1565 5702 1810 5774 lapidem.

418 5787 699 5848 'Esthama
728 5810 741 5847 :
768 5793 835 5850 ad
866 5808 1027 5864 quem
1055 5794 1232 5851 locum
1275 5796 1425 5853 misit
1465 5795 1653 5852 David.
1690 5796 1947 5853 Esthama

2059 4613 2198 4677 oris,
2238 4611 2353 4667 sive
2374 4611 2638 4682 getiam.
2734 4646 2741 4649 -
3088 4644 3091 4651 -

2648 4721 2879 4779 CAPUT
2917 4720 3027 4780 VII.

2534 4812 2615 4868 De
2645 4814 2970 4884 confragosis
2993 4813 3138 4870 locis.

2120 4922 2423 4998 ‘Conlrages
2447 4923 2588 4993 loca,
2631 4925 2687 4980 in
2725 4941 2844 4997 quae
2868 4925 3108 4996 undique
3135 4898 3533 5001 ventieurrunt
3572 4946 3638 4988 ac

2058 5032 2178 5074 sese
2206 5015 2494 5089 frangunt:
2524 5024 2584 5071 ut
2606 5010 2817 5073 Naevius
2847 5019 2953 5073 ait:
2986 5039 3003 5070 (
3038 5018 3096 5074 In
3125 5027 3360 5089 montes,
3383 5021 3473 5078 ubi
3489 5023 3637 5080 venti

2056 5104 2379 5181 frangebant
2398 5109 2593 5166 locum.
2624 5129 2641 5162 ι

2646 5219 2873 5278 CAPUT
2912 5222 3042 5279 VIII.

2562 5311 2637 5368 De
2662 5310 2841 5367 lustris
2867 5313 3121 5384 ferarum.
3214 5352 3219 5359 -

2127 5424 2327 5480 Lustra
2356 5424 2587 5481 obscura
2632 5423 2855 5480 latibula
2896 5423 3135 5482 ferarum
3170 5434 3227 5483 et
3253 5427 3503 5500 luporum
3536 5442 3631 5485 cu-

2053 5518 2189 5575 bilia
2227 5526 2372 5574 sunt.
2419 5516 2573 5573 Unde
2614 5526 2670 5573 et
2713 5518 2994 5591 lupanaria
3032 5519 3205 5575 lustra
3246 5520 3503 5577 dicuntur
3540 5534 3639 5592 per

2055 5611 2497 5667 contrarietatem
2544 5608 2814 5676 videlicet,
2873 5608 2999 5678 quia
3036 5624 3229 5681 parum
3276 5610 3634 5667 illustrantur.

2055 5686 2241 5773 Rupes
2261 5702 2566 5772 signiﬁcant
2590 5700 2921 5770 superbiam,
2952 5710 3010 5755 ut
3040 5701 3094 5755 in
3126 5699 3359 5757 Ieremia
3386 5720 3399 5758 :
3434 5700 3639 5770 Onagri

2055 5803 2308 5852 steterunt
2361 5794 2417 5848 in
2480 5792 2696 5863 rupibus
2738 5790 2871 5863 (Jer.
2923 5792 3055 5863 xw).
3100 5792 3329 5848 Antrum
3368 5791 3638 5863 signiﬁcat
