4074 6324
486 294 597 354 375

1136 301 1195 355 Β.
1239 300 1492 357 ΒΑΒΑΝΙ
1534 300 1754 359 MAURI
1793 305 2113 366 ARCHIEP.
2158 308 2468 369 MOGUNT.
2507 310 2793 369 OPERUM
2832 313 3011 370 PARS
3048 312 3114 370 Il.

3650 322 3761 382 570
3802 354 3815 391 :

484 427 606 505 esse
623 413 925 485 gehennam
944 416 1088 488 ignis
1107 426 1167 475 et
1186 418 1403 491 frigoris
1423 421 1639 493 legitur.
1666 425 1875 483 infcrus
1897 428 2079 499 appel—
2104 436 2157 493 Α
2183 430 2399 497 habeat,
2443 448 2700 489 resonare
2734 433 3065 503 perhibetur.
3111 434 3266 493 Sicut
3293 448 3474 495 autem
3516 458 3615 503 eor
3639 442 3764 503 anie-
3808 484 3819 505 ι

481 503 645 587 latur,
673 520 740 562 eo
768 509 919 579 quod
943 507 1086 565 intra
1115 511 1206 566 sit.
1242 512 1396 569 Sicut
1416 524 1600 572 autem
1627 522 1920 577 secundum
1948 537 2067 578 cor-

478 611 609 671 pus,
644 597 693 654 si
727 599 985 669 ponderis
1024 602 1109 659 sui
1150 606 1395 661 ordinem
1426 617 1627 677 teneat,
1655 611 1913 667 inferiora
1943 621 2070 669 sunt

478 687 662 749 omnia
683 690 956 759 graviora,
976 692 1054 747 ita
1078 697 1375 751 secundum
1392 699 1640 769 spiritum
1664 702 1921 761 inferiora
1944 713 2070 760 sunt

479 778 666 835 omnia
695 781 954 838 tristiora.
988 782 1143 841 Unde
1174 795 1229 841 et
1259 787 1312 841 in
1344 787 1531 847 Graeca
1560 791 1743 862 lingua
1775 793 1928 864 origo
1967 810 2068 850 no-

694 886 803 942 quo
825 873 1128 945 appellatur
1154 876 1360 935 inferos
1381 894 1451 935 ex
1478 898 1546 938 eo
1577 885 1723 953 quod
1749 884 1886 940 nihil
1904 899 2069 941 suave

2173 511 2329 574 malis
2368 520 2422 574 in
2453 521 2631 575 medio
2671 531 2775 587 est,
2820 523 2893 577 ita
2930 531 2987 577 et
3028 523 3270 581 infernus
3314 527 3368 580 in
3399 528 3579 587 medio
3603 537 3771 588 terrae.

2174 623 2297 666 esse
2335 611 2671 680 perhibetur.
2702 613 2855 669 Unde
2882 626 2938 673 et
2983 616 3037 670 in
3077 617 3367 690 Evangelio
3404 619 3767 693 legimuscln
3872 630 3883 679 ξ

2175 702 2329 757 corde
2369 710 2522 758 terra:
2548 703 2762 776 (Matth.
2799 707 2921 778 In).
2971 707 3285 781 Philosophi
3330 720 3515 770 autem
3555 714 3793 785 dicnny

2175 796 2320 865 quod
2343 796 2502 853 inferi
2526 812 2627 868 pro
2650 814 2715 854 eo
2761 800 3035 869 dicuntur,
3070 803 3215 873 quod
3250 805 3447 863 anima:
3476 807 3769 875 hinc-illuc,
3806 858 3812 873 .

2176 885 2502 945 inferantur.

487 1010 3755 1069 ..._........___________________._________________________

710 1112 713 1121 ⁴
1396 1133 1695 1213 LIBER
1751 1133 2249 1230 QUARTUS
2286 1136 2800 1223 DECIMUS.

1001 1448 1227 1505 CAPUT
1282 1450 1548 1508 PRIMUM

596 1582 605 1589 .
802 1582 825 1593 η
963 1536 1043 1593 De
1078 1539 1320 1608 (adiﬁciis
1346 1541 1588 1609 publicis.

508 1626 748 1683 -Civitas
790 1636 921 1683 .est,
952 1628 1235 1685 hominum
1273 1628 1579 1698 multitudo,
1635 1632 1911 1690 societatis
1939 1635 2060 1690 vin-

2171 1442 2357 1505 tatem,
2384 1452 2508 1508 qua:
2532 1437 2694 1505 hodie
2714 1446 2937 1495 vocatur
2974 1438 3170 1509 Nisibi,
3190 1454 3225 1499 a
3256 1438 3484 1501 Lucullo
3524 1445 3790 1530 quodam.

2166 1525 2388 1583 consule
2414 1527 2694 1583 obsessam
2722 1536 3065 1600 captamque,
3095 1539 3151 1585 et
3182 1538 3313 1591 ante
3349 1548 3551 1604 paucos
3587 1551 3763 1595 annos
3782 1525 3809 1595 Ῐ.

2161 1632 2193 1672 a
2244 1618 2528 1677 Ioviniano
2578 1621 2903 1692 imperatore
2968 1623 3154 1681 Persis
3217 1626 3497 1683 traditam.
3543 1628 3803 1697 Achata;

470 1718 599 1775 culo
630 1718 898 1775 musta:
929 1719 1072 1776 dicta
1098 1736 1129 1774 a
1157 1721 1384 1787 civibus,
1403 1721 1458 1777 id
1478 1731 1582 1789 est,
1609 1723 1678 1779 ab
1705 1724 1836 1793 ipsis
1863 1725 2045 1782 incolis

2160 1710 2363 1781 quippe
2378 1712 2780 1781 interpretatur,
2798 1713 3181 1771 umbraculum.

467 1812 638 1869 urbis.
680 1812 982 1867 Namlurbs
1030 1814 1150 1883 ipsa
1194 1815 1396 1870 mmnia
1438 1825 1590 1884 sunt;
1636 1818 1833 1874 civitas
1875 1828 2057 1876 autem

466 1914 577 1959 non
625 1916 776 1966 saxa.
838 1902 935 1967 sed
978 1903 1310 1961 habitatores
1362 1917 1643 1965 vocantur.
1704 1908 1834 1965 Tres
1874 1921 2058 1967 autem

464 1998 594 2045 sunt
619 1992 937 2047 societates:
974 1991 1319 2062 familiarum,
1354 1999 1610 2066 gentium,
1636 2001 1873 2056 urbium.
1920 2003 2060 2060 Urbs

462 2089 659 2141 vocata
690 2083 773 2138 .‘ab
803 2083 953 2147 orbe,
992 2086 1143 2155 .quod
1195 2088 1432 2158 antiquae
1477 2090 1725 2147 civitates
1786 2093 1842 2147 in
1867 2094 2057 2149 orbem

463 2169 694 2237 ﬁebant;
729 2172 909 2229 velab
937 2175 1072 2231 urbo
1097 2186 1253 2246 parte
1276 2180 1470 2246 aratri,
1494 2195 1604 2250 quo
1644 2182 1787 2241 muri
1838 2184 2057 2255 signan-

461 2263 739 2327 tur,vundc
762 2262 1034 2324 cstillnd:

591 2352 891 2418 Optavitque
916 2356 1072 2408 locum
1097 2371 1272 2421 regno,
1298 2366 1352 2410 et
1375 2362 1673 2413 concludere
1695 2364 1847 2417 sulco.

448 2460 635 2517 Meus
653 2460 1266 2524 cuiinli‘uturtecivitatis
1290 2469 1440 2525 sulco
1464 2471 1865 2541 designabatur,
1880 2473 2053 2540 idest,

458 2554 663 2612 aratro.-
694 2558 877 2614 Cato:
915 2579 937 2611 ‹
967 2560 1077 2628 Qui
1099 2563 1321 2629 urbem,
1357 2564 1558 2634 inquit,
1604 2580 1801 2621 novam
1835 2567 2052 2635 condet,

456 2657 614 2707 tauro
638 2659 694 2704 et
714 2664 876 2706 vacca
900 2650 1086 2724 [aret],
1119 2662 1175 2709 et
1202 2656 1297 2710 ubi
1324 2657 1581 2724 araverit,
1612 2672 1829 2715 mutum
1852 2659 2050 2716 faciet:

455 2739 793 2808 ubi-portam
810 2741 929 2799 vult
948 2757 1069 2796 esse
1086 2753 1372 2808 ,~aratrum
1399 2745 1655 2802 subtollat
1681 2756 1739 2804 et
1769 2758 1971 2819 portet,
1996 2758 2056 2806 et

452 2834 669 2899 portam
686 2838 866 2885 vocet.
888 2846 913 2881 ν
928 2830 1054 2885 ideo
1070 2840 1253 2889 autem
1274 2835 1404 2890 urbs
1414 2844 1602 2892 aratro
1615 2838 2056 2895 circumdabatur

455 2918 667 2990 (ἥψω-ἰ
680 2934 878 2991 genere
890 2921 1261 2992 iumentorum
1280 2934 1505 2997 propter
1521 2943 1696 2985 comm
1704 2930 1951 2985 istionem
1974 2932 2054 2985 fa-

452 3011 751 3080 miliarum,
768 3014 1139 3086 etiimaginem
1164 3020 1430 3086 serentis,
1457 3019 1798 3092 fructumque
1826 3023 2053 3079 redden—

454 3101 950 3217 tia-Uilts-autem
997 3116 1182 3165 aratro
1216 3110 1496 3178 conditur,
1539 3120 1724 3167 aratro
1762 3114 2049 3170 evertitur.
2080 3114 2126 3176 C
2158 3143 2296 3199 ιποη
2344 3144 2472 3201 οίὶιη
2529 3101 2847 3217 ιιζοῑτοροῐῖδ

452 3190 609 3251 Unde
635 3193 892 3252 Horatius
926 3214 940 3252 :

502 3314 507 3319 γ
574 3287 988 3354 Imprtneretque
1020 3295 1176 3343 muris
1194 3292 1378 3345 hostile
1408 3300 1650 3346 aratrum.

498 3373 786 3445 Oppidum
816 3377 1038 3447 quidam
1089 3380 1158 3434 ab
1199 3380 1537 3450 oppositione
1583 3396 1863 3438 murorum
1891 3383 2047 3440 dixe-

450 3473 607 3521 runt:
653 3465 746 3521 alii
774 3468 844 3523 ab
862 3467 1060 3538 opibus
1100 3469 1479 3536 recondendis,
1507 3485 1574 3527 eo
1598 3472 1746 3541 quod
1770 3473 1842 3529 sit
1870 3473 2050 3528 muni-

448 3565 599 3619 tum:
626 3557 775 3627 quod.
790 3559 869 3612 sit
888 3567 1189 3614 conventus
1223 3559 1276 3613 in
1301 3574 1364 3615 eo
1390 3559 1772 3630 habitantium,
1801 3572 1857 3621 et
1885 3580 2044 3637 opem

446 3646 591 3701 ferat
623 3656 872 3705 mutuam
904 3660 1095 3706 contra
1136 3652 1368 3708 hostem.
1412 3651 1547 3709 Nam
1582 3655 1817 3725 primum
1868 3659 2051 3714 homi-

446 3753 573 3805 nes,
598 3748 860 3811 tanquam
912 3743 1040 3799 nudi
1076 3752 1137 3798 et
1161 3744 1421 3812 inermes,
1449 3763 1553 3804 nec
1597 3757 1788 3806 contra
1839 3751 2047 3810 belluas

444 3829 1016 3901 prmiahahebant,
1040 3849 1141 3891 nec
1155 3838 1497 3906 receptacula
1511 3837 1729 3910 frigoris
1742 3849 1811 3896 et.
1821 3841 2043 3909 caloris,

445 3921 841 3993 neeipsilinter
874 3939 939 3981 se
977 3926 1228 3984 homines
1267 3929 1335 3984 ab
1364 3928 1675 3987 hominibus
1723 3932 1857 3989 satis
1885 3942 2047 3990 erant

442 4014 570 4070 tuti.
596 4015 864 4073 t'l‘audem
910 4018 1147 4075 naturali
1199 4020 1422 4077 solertia
1461 4021 1736 4092 speluncis
1779 4024 2042 4082 silvestri—

439 4108 654 4178 hucque
681 4111 1011 4181 tegumentis
1036 4112 1251 4181 tuguria
1277 4111 1381 4168 sibi
1406 4123 1465 4167 et
1490 4128 1648 4170 casas
1699 4115 1947 4185 virgultis
1980 4131 2040 4172 a-

439 4202 869 4273 mmmibusque
901 4212 1315 4269 contexuerunt,
1330 4219 1438 4273 quo
1460 4206 1736 4263 essetvita
1760 4208 1947 4275 tutior,
1969 4224 2040 4267 ne

437 4293 549 4359 his,
574 4294 667 4364 qui
689 4308 885 4349 nocere
914 4302 1157 4364 possent,
1181 4294 1359 4350 aditus
1391 4304 1555 4351 esset.
1592 4295 1721 4353 Haec
1756 4305 1841 4354 est
1882 4299 2037 4370 origo

439 4382 791 4453 oppidorum,
809 4399 954 4453 qu,
986 4399 1053 4439 co
1081 4385 1225 4455 quod
1251 4399 1410 4455 opem
1455 4386 1667 4453 darent,
1692 4388 1896 4447 idcirco
1933 4406 2031 4461 op-

2232 1826 2399 1898 Aggai
2428 1828 2497 1882 ad
2518 1827 2908 1884 occidentalem
2931 1829 3147 1902 plagam
3172 1830 3337 1886 vertit
3359 1832 3620 1899 Bethelis,
3636 1850 3758 1893 non
3792 1856 3803 1869 τ

2161 1921 2392 1976 multum
2417 1922 2486 1977 ab
2511 1936 2575 1977 ea
2597 1921 2827 1979 distans.
2878 1923 2997 1978 Sita
3023 1931 3109 1979 est
3155 1931 3337 1980 autem
3386 1924 3575 1982 Bethel
3621 1942 3757 1983 eun-

2161 2012 2306 2069 tibus
2336 2013 2510 2069 Eliam
2537 2014 2606 2069 de
2649 2013 2870 2084 Neapoli
2898 2015 2952 2068 in
2980 2013 3114 2070 lazva
3150 2017 3447 2086 partelviaa
3470 2033 3551 2075 xu
3588 2019 3757 2075 circi»

2159 2107 2534 2174 ter,milliario
2574 2109 2643 2163 ab
2690 2108 2826 2175 Elia,
2854 2117 2911 2163 ct
2954 2123 3126 2179 usque
3160 2109 3344 2177 hodie,
3369 2125 3570 2181 parvus
3605 2110 3767 2180 licet,
3790 2138 3800 2147 λθ

2157 2200 2310 2255 vicus
2359 2201 2688 2257 ostenditur.
2720 2201 2827 2257 Sed
2867 2210 2923 2258 et
2957 2202 3186 2259 ecclesia
3212 2203 3479 2263 aediﬁcata
3525 2214 3631 2274 est,-
3659 2209 3754 2265 ubi

2160 2293 2414 2348 dormivit
2438 2291 2606 2349 Jacob
2627 2304 2860 2364 pergens
2896 2293 3358 2365 Mesopotamiam.
3390 2294 3547 2351 Unde
3568 2306 3631 2353 et
3650 2297 3761 2369 ipsi

2158 2383 2280 2440 loco
2312 2385 2519 2449 Bethei,
2548 2384 2603 2438 id
2633 2392 2717 2440 est
2738 2385 2930 2441 domus
2958 2384 3076 2452 Dei,
3105 2400 3310 2441 nornen
3333 2386 3610 2457 imposuit.
3646 2388 3759 2461 Ago

2157 2475 2246 2547 gai
2269 2475 2416 2530 enim
2442 2476 2837 2545 interpretatur
2859 2477 3079 2547 quartis
3098 2476 3480 2546 velfestioitas.
3546 2520 3547 2529 χ

2226 2590 2449 2647 Arbohc
2478 2596 2733 2661 corrupte
2756 2591 2808 2645 in
2836 2591 3039 2647 nostris
3064 2589 3345 2647 Codicibus
3364 2588 3534 2647 arbo'c
3554 2592 3748 2649 scribi-

2159 2691 2267 2749 tur,
2299 2698 2423 2739 cum
2446 2683 2501 2738 in
2530 2682 2770 2739 Hebraeis
2794 2682 3005 2756 legatur
3024 2683 3173 2757 arbe,
3199 2683 3252 2738 id
3285 2692 3369 2740 est
3405 2686 3661 2755 quatuor,
3683 2696 3748 2740 ex

2155 2789 2220 2830 eo
2246 2775 2389 2845 quod
2424 2774 2497 2831 ibi
2537 2776 2647 2830 tres
2680 2774 3028 2847 patriarchae,
3059 2774 3356 2841 Abraham,
3387 2774 3539 2831 lsaac
3565 2775 3745 2832 etaim

2155 2866 2257 2922 cob
2286 2864 2483 2937 sepulti
2507 2874 2653 2933 sunt,
2691 2875 2747 2923 et
2779 2866 2953 2922 Adam
2990 2872 3240 2938 magnus,
3264 2874 3326 2922 ut
3353 2867 3409 2921 in
3442 2866 3569 2922 Iesu
3602 2865 3746 2923 ilibru

2156 2956 2419 3029 scriptum
2462 2968 2581 3017 est':
2612 2960 2742 3018 licet
2775 2974 2901 3019 eum
2946 2961 3166 3033 quidam
3217 2963 3500 3019 conditum
3535 2963 3590 3018 in
3633 2961 3743 3019 locr

2157 3050 2821 3125 Calvariae'suspicentur.
2862 3050 2990 3111 Hice
3035 3063 3121 3111 est
3161 3062 3343 3112 autem
3384 3054 3571 3112 eadem
3612 3053 3743 3111 Celi‘

2895 3145 3333 3214 Pbiiistinorum,
3374 3155 3431 3203 et
3468 3146 3723 3203 habitacu

2150 3239 2264 3296 lum
2295 3242 2615 3313 gigantium,
2665 3258 3002 3315 regnumque
3044 3254 3231 3314 postea
3288 3238 3454 3297 David
3500 3240 3557 3297 in
3604 3238 3773 3299 tribr‘

2152 3329 2288 3387 Juda
2319 3333 2511 3389 civitas
2564 3335 2920 3391 sacerdotalis
2956 3345 3011 3390 et
3052 3334 3432 3406 fugitivorum:
3472 3333 3635 3390 distat
3677 3350 3711 3389 a

2150 3424 2510 3479 meridianam
2550 3425 2776 3497 plagam
2823 3426 2952 3481 Elite
2990 3424 3230 3481 millibus
3287 3425 3508 3482 circiter
3548 3418 3750 3498 viginti

2150 3514 2381 3584 duobus,
2399 3526 2453 3572 et
2479 3530 2712 3587 quercus
2730 3516 3021 3583 Abraham,
3044 3532 3166 3590 quae
3190 3524 3246 3572 et
3272 3514 3400 3583 ilex,
3417 3528 3638 3573 manere
3650 3526 3725 3572 'us

2150 3623 2256 3678 que
2310 3609 2378 3664 ad
2426 3608 2729 3666 Constantii
2766 3611 2910 3681 regis
2961 3609 3246 3680 imperium
3306 3611 3712 3666 monstrabatur

2148 3705 2375 3754 truncus
2412 3707 2593 3755 autem
2623 3696 2743 3769 ejus
2768 3699 2825 3754 in
2854 3699 3265 3770 praesentiarum
3287 3699 3546 3756 Cernitur.
3575 3698 3709 3757 Cum
3772 3724 3777 3737 ι

2146 3801 2253 3858 que
2281 3805 2313 3844 a
2340 3789 2542 3846 nostris
2574 3788 2776 3847 ibidem
2816 3789 3045 3848 ecclesia
3076 3788 3192 3861 jam
3235 3799 3516 3849 exsuueta
3563 3792 3652 3859 sit,
3683 3791 3731 3849 ir

2144 3880 2375 3937 circuitu
2403 3897 2434 3937 a
2474 3884 2685 3939 cunctis
2730 3884 2980 3954 gentibus
3024 3883 3318 3940 terebinthi
3360 3882 3513 3941 locus
3552 3878 3714 3957 super

2143 3971 2356 4029 stitiose
2397 3973 2613 4042 colitur,
2661 3989 2726 4030 eo
2775 3976 2919 4046 quod
2970 3977 3071 4033 sub
3100 3992 3167 4034 ea
3202 3974 3477 4034 Abraham
3518 3968 3728 4052 angelos

2140 4066 2414 4137 quondam
2466 4064 2702 4137 hospitio
2754 4069 3073 4139 susceperit.
3129 4065 3257 4125 Hice
3306 4080 3436 4142 ergo
3496 4062 3767 4142 primum“

2137 4159 2302 4225 Arbe,
2354 4165 2543 4230 postea
2570 4174 2601 4213 a
2646 4157 2822 4215 Cebro
2875 4175 2985 4216 uno
3040 4159 3274 4216 ﬁliorum
3335 4162 3498 4234 Calep
3544 4158 3753 4221 sortita:

2138 4248 2457 4305 vocabulum
2485 4256 2585 4304 est.
2615 4246 2760 4318 Lege
2791 4247 2971 4305 Verba
3011 4248 3242 4306 dierum.
3292 4251 3505 4310 Cebron
3543 4250 3722 4312 autem

2135 4341 2521 4412 interpretatur
2550 4340 2872 4412 conjugium,
2900 4338 3015 4397 sive
3038 4340 3167 4396 visio
3196 4341 3527 4414 sempiterna.

435 4440 565 4548 p358
610 4440 892 4533 “ambula
920 4440 1191 4533 ὠκείης.)ιο
1244 4440 2027 4554 οὸρίάυὼθηῶᾦςίθξώξ-
2052 4470 2109 4535 1)
2205 4453 2415 4511 Adama
2462 4464 2548 4513 est
2580 4470 2689 4511 una
2724 4456 2791 4512 de
2815 4456 3081 4554 quinque
3111 4457 3420 4554 civitatibus
3469 4440 3719 4518 Sodomo-

437 4573 564 4630 dine
604 4579 662 4628 et
688 4570 966 4628 anconibus
991 4570 1263 4641 discrepat
1289 4589 1319 4627 a
1355 4572 1477 4629 vico
1512 4581 1570 4629 et
1616 4576 1836 4632 caster
1860 4585 1916 4633 et
1935 4593 2033 4649 pa-

435 4670 523 4737 go.
561 4663 824 4719 civitates
862 4670 1045 4718 autem
1082 4671 1178 4718 aut
1212 4665 1439 4722 coloniae
1466 4674 1561 4722 aut
1601 4669 1896 4740 municipia
1932 4678 2032 4725 aut

434 4755 541 4810 vici
565 4762 665 4810 aut
694 4752 917 4809 castella
945 4761 1043 4808 aut
1087 4754 1211 4825 pagi
1258 4755 1614 4827 appellantur.
1657 4757 1863 4817 Civitas
1905 4775 2032 4829 pro-

433 4846 557 4918 prie
601 4845 821 4910 dicitur,
849 4860 1011 4915 quam
1057 4860 1169 4900 non
1218 4847 1453 4913 advenae,
1482 4848 1575 4904 sed
1622 4849 1813 4904 eodem
1857 4849 2029 4906 innati

435 4941 552 4997 sdlo
576 4940 985 4997 Icondidcrunt:
1021 4939 1253 5009 ideoque
1290 4943 1455 4998 urbes
1484 4958 1515 4997 a
1546 4942 1784 5013 propriis
1820 4943 2027 4998 civibus

434 5031 688 5096 condite,
739 5031 1013 5097 civitates,
1048 5045 1155 5087 non
1204 5032 1448 5099 colonize,
1481 5042 1881 5103 nuncupantur.
1923 5033 2025 5091 Co-

436 5123 576 5177 lonia
600 5135 732 5177 vero
756 5130 861 5187 est,
885 5138 1005 5193 quae
1056 5122 1273 5179 defectu
1321 5124 1693 5195 indigenarum
1726 5125 1883 5180 novis
1910 5127 2025 5182 cui.

432 5215 644 5270 toribus
694 5215 1038 5285 adimpletur.
1095 5215 1249 5271 Unde
1288 5223 1346 5270 et
1386 5213 1598 5269 colonia
1646 5230 1676 5268 a
1710 5215 1861 5271 cultu
1902 5220 2025 5290 agri

432 5316 518 5364 est
555 5308 715 5363 dicta.
767 5306 903 5362 Sunt
928 5323 1059 5379 ergo
1106 5306 1328 5377 propria
1366 5304 1589 5360 nomina
1624 5307 1909 5364 civitatum
1937 5321 2022 5366 at.

430 5400 924 5473 que‘oppidorum,
965 5415 1067 5455 nec
1094 5410 1214 5453 neu
1272 5407 1328 5452 et
1366 5397 1645 5453 villarum:
1691 5402 1787 5456 sed
1832 5418 1900 5457 ex
1943 5404 2022 5460 cis

428 5492 697 5563 qnmdam,
743 5506 863 5563 quae
907 5492 1202 5561 insigniora
1232 5499 1378 5557 sunt,
1410 5490 1499 5546 hic
1527 5492 1582 5545 in
1617 5492 1721 5549 hoc
1760 5496 2020 5565 opusculo

428 5595 618 5641 nOStro
642 5592 843 5656 ponere
891 5599 1193 5641 censemus.

499 5676 713 5732 Achath
759 5685 843 5733 est
890 5676 1020 5730 urbs
1063 5674 1361 5731 Nembroht
1410 5678 1559 5748 regni
1610 5680 1664 5734 in
1721 5680 2014 5754 Babylone.

426 5766 602 5831 Porro
627 5767 839 5827 Hebraei
886 5766 1027 5822 hanc
1055 5780 1176 5826 esse
1215 5766 1401 5824 dicunt
1447 5769 1845 5842 Mesopotamiae
1885 5776 2015 5834 civi-

2133 4562 2257 4603 rum
2295 4563 2453 4604 versa
2479 4563 2603 4603 cum
2644 4545 2881 4604 cteteris.
2907 4546 3115 4605 Adama
3166 4564 3295 4615 vero
3344 4549 3717 4627 interpretatur

2132 4634 2345 4704 humus,
2374 4635 2487 4691 sive
2536 4646 2696 4703 terra,
2734 4634 2851 4691 sive
2877 4644 3102 4691 terrena.

2202 4749 2459 4807 Astaroth
2499 4751 2722 4822 antiqua
2769 4749 2965 4807 civitas
3007 4748 3088 4822 0g
3128 4750 3273 4821 regis
3299 4750 3505 4819 Busan,
3529 4752 3585 4817 in
3619 4768 3757 4823 qui:

2130 4840 2510 4899 habitaverunt
2551 4842 2816 4914 gigantes,
2845 4856 2967 4911 quae
2994 4849 3182 4913 postea
3205 4842 3401 4903 cecidit
3434 4843 3492 4898 in
3519 4853 3714 4902 θοι-ιω·
3750 4878 3753 4887 ι

2131 4930 2303 4987 tribus
2330 4931 2579 4987 Mauasse
2620 4931 2857 5003 regionis
2888 4930 3127 4998 Patanae,
3155 4940 3213 4988 et
3237 4947 3333 4989 sex
3361 4932 3605 4990 millibus
3654 4934 3725 4991 al-

2127 5021 2272 5077 Abra
2297 5022 2430 5078 urbe
2453 5022 2669 5081 Arabia:
2706 5030 2957 5093 separata
2974 5029 3088 5081 est.
3119 5020 3256 5079 Nam
3274 5023 3531 5083 Astaroth
3556 5026 3709 5087 inter-

2125 5122 2372 5185 pretatur
2397 5115 2580 5183 ovilia,
2602 5115 2706 5181 vel,
2735 5115 2937 5186 faciunt
2963 5116 3369 5188 exploratorem.
3400 5158 3401 5161 η

2195 5230 2398 5288 Arabbi
2455 5232 2721 5288 terminus
2766 5231 2918 5289 Iuda:
2967 5233 3263 5304 provincia:
3321 5233 3388 5289 ad
3450 5233 3735 5292 orientem

2124 5323 2417 5393 respiciens
2446 5324 2620 5380 tribus
2656 5323 2826 5380 Iudae.
2855 5323 2953 5379 Est
2978 5333 3160 5381 autem
3179 5333 3237 5381 et
3265 5326 3597 5383 vicus‘nunc
3620 5338 3715 5385 us

2123 5431 2229 5486 que
2252 5416 2473 5486 grandis
2503 5428 2697 5471 novem
2725 5415 2961 5471 millibus
2985 5430 3016 5469 a
3044 5414 3269 5485 Neapoli
3300 5425 3488 5472 contra
3531 5413 3701 5473 oriettc

2123 5521 2229 5564 tein
2258 5508 2708 5565 descendentibus
2737 5511 2803 5565 ad
2842 5508 3131 5565 Iordanem
3161 5519 3216 5566 et
3245 5510 3578 5577 llicriehum,
3618 5525 3701 5582 pe'

2120 5616 2348 5672 eamque
2383 5601 2684 5673 appellatur
2706 5617 2736 5657 a
2765 5600 3071 5672 Crapitene,
3100 5603 3193 5658 sed
3215 5602 3494 5658 «ﬁnium
3520 5604 3693 5659 Amor

2118 5690 2390 5744 rhmorum
2444 5706 2475 5743 a
2516 5689 2736 5745 Crabim
2798 5690 3013 5755 dicitur,
3072 5692 3271 5762 dequo
3333 5691 3582 5749 loconon
3620 5706 3691 5749 ex

2122 5780 2432 5837 terminavit
2464 5778 2796 5851 alienigenas
2822 5780 2993 5836 tribus
3024 5779 3348 5855 Nepthalim,
3380 5790 3447 5853 ut.
3472 5782 3530 5841 in
3561 5780 3689 5844 Judi
