4074 6324
307 344 413 401 577
1306 345 1394 401 DE
1434 340 1780 407 UNIVERSO
1818 342 1997 408 LIBRI
2035 351 2199 410 XXII.
2236 386 2306 395 -—
2344 355 2471 412 LIB.
2519 354 2655 415 XIV.
3480 360 3588 424 578

303 472 429 519 cum
464 459 609 516 libra
664 461 943 530 scriptum‘
977 470 1081 516 est.
1129 459 1332 516 Arabbi
1378 462 1526 519 enim
1574 466 1893 537 lnterpreta-
1919 474 1971 533 Α
1997 468 2181 539 gnitur
2212 469 2532 535 balsamum,
2556 478 2613 525 et
2645 486 2804 542 poma
2823 472 3125 544 palmarum
3152 478 3386 548 antiqua:
3423 482 3590 536 uber—

304 564 416 621 tur,
454 548 774 623 scorpiones.
2005 561 2134 617 tatis
2178 562 2394 618 indicia.
2444 560 2662 617 Nullum
2714 572 2893 618 autem
2937 577 3173 632 moveat,
3210 568 3353 638 quod
3420 567 3594 641 Segor

308 583 416 621 un‘,
454 583 774 623 πυιριυηῠδο
2006 583 2134 617 laus
2178 583 2394 618 lﬂUICla.
2444 583 2662 617 uuuum
2714 583 2893 618 aurem
2937 583 3173 632 moveat,
3210 583 3353 638 ([1100
3420 583 3585 641 δθεοι

234 583 298 743 Η
375 646 556 701 Achar
597 643 865 700 Hebraice
909 643 1110 699 dicitur
1135 645 1523 711 emecbachur,
1553 647 1696 716 quod
1734 649 1899 703 inter-
2000 650 2192 706 eadem
2227 649 2402 707 Zoara
2423 652 2640 719 dicitur,
2669 668 2793 708 cum
2822 653 2966 708 idem
2996 669 3194 711 nomen
3228 655 3302 711 sit
3327 658 3585 727 parvulae,

304 736 555 809 pretatur
583 734 733 791 vallis
761 734 1036 802 tumultus,
1068 736 1181 791 sive
1228 737 1521 803 turbarum,
1543 752 1610 792 eo
1640 739 1785 807 quod
1825 738 1898 793 ibi

306 828 667 885 tumultuatus
690 835 747 884 et
771 827 1022 883 turbatus
1064 828 1135 882 sit
1162 826 1347 895 Israel,
1386 829 1441 883 in
1488 844 1593 901 qua
1629 829 1900 900 lapidave-

286 914 435 975 ‘runt
481 919 757 990 quondam
807 917 996 973 Achan
1022 927 1244 989 prepter
1264 918 1469 975 furtum
1516 920 1893 976 anathematis.

304 1011 621 1069 Estantem
642 1010 727 1066 ad
744 1009 1189 1079 septentrionem.
1208 1011 1501 1078 Hericbns,
1520 1020 1583 1067 et
1602 1028 1773 1082 usque
1808 1012 1901 1067 bo-

205 1158 215 1167 ,
303 1100 392 1155 die
431 1100 501 1156 ab
522 1098 758 1171 regionis
785 1099 930 1156 illius
951 1099 1149 1157 accolis
1175 1100 1253 1157 sic
1277 1108 1522 1157 vocatur.
1556 1100 1693 1159 Nam
1718 1102 1899 1158 Achar

302 1189 699 1262 interpretatur
727 1190 953 1245 turbatio
990 1191 1078 1247 vel
1106 1191 1379 1247 tumultus.

375 1281 625 1340 Accaron
669 1283 725 1338 in
754 1283 899 1339 tribu
957 1285 1088 1348 Dan,
1122 1296 1183 1339 ut
1234 1300 1335 1356 ego
1375 1285 1633 1352 arbitror,
1683 1285 1796 1340 sive
1840 1288 1899 1341 in

300 1375 449 1433 tribu
476 1373 615 1432 Iuda
648 1374 718 1430 ad
757 1375 965 1431 laevam.
996 1376 1424 1434 Chananteorum
1463 1378 1594 1433 urbs
1620 1385 1704 1434 est
1760 1380 1900 1434 anti-

302 1466 433 1540 qua,
465 1466 587 1538 qua:
628 1464 759 1523 olim
812 1476 1057 1538 satrapes
1107 1464 1423 1524 Palestince:
1466 1477 1520 1523 et
1549 1468 1767 1524 decreta
1813 1477 1899 1524 est

299 1559 523 1631 quidem
564 1558 735 1615 tribui
779 1558 951 1628 Iudae,
1003 1575 1104 1616 nec
1154 1568 1333 1618 tamen
1361 1568 1509 1617 tenta
1557 1562 1624 1616 ab
1650 1576 1734 1626 ea,
1772 1560 1899 1631 quia

299 1642 639 1707 habitatores
665 1638 925 1721 pristinos
958 1653 1203 1722 nequivit
1254 1652 1543 1721 expellere.
1588 1650 1696 1708 Sed
1726 1660 1779 1706 et
1806 1668 1897 1707 us-

299 1756 408 1812 que
461 1743 622 1799 bodie
659 1743 882 1815 grandis
922 1743 1074 1799 vicus
1129 1744 1328 1799 civium
1376 1742 1681 1799 Iudaeorum
1724 1743 1899 1799 Acca-

1999 740 2086 795 vel
2106 742 2362 798 minoris:
2391 745 2485 800 sed
2508 743 2679 817 Segor
2702 745 2989 814 Hebraice,
3013 746 3188 804 Zoara
3218 747 3354 821 Syre
3381 766 3592 807 nuneu-

1997 841 2177 905 patur.
2203 835 2330 891 Bala
2358 846 2539 893 autem
2579 839 2987 909 interpretatur,
3021 840 3290 911 absorpta.

2071 925 2369 984 Damascus
2410 930 2541 985 urbs
2597 929 2794 986 nobilis
2831 929 3131 987 Phasnicis:
3174 932 3364 987 eodem
3414 935 3597 990 autem

1994 1019 2260 1075 vocabulo
2280 1032 2337 1076 et
2382 1020 2604 1077 Masech
2632 1022 2842 1079 ancillae
2875 1022 3151 1079 Abraham
3176 1024 3321 1081 ﬁlius
3359 1014 3596 1098 appella-

1997 1114 2087 1165 tus
2125 1117 2226 1166 est.
2263 1111 2588 1168 Damascum
2615 1111 2789 1184 Syriae
2822 1114 3095 1170 conditam
3118 1124 3331 1173 constat
3358 1128 3413 1172 et
3441 1133 3585 1174 nun-

1948 1231 1957 1234 υ
1997 1209 2250 1270 eupatam
2281 1218 2313 1257 a
2363 1203 2628 1260 Damasco
2669 1203 3061 1275 dispensatoris
3099 1206 3261 1264 Abrae
3302 1207 3432 1264 ﬁlio.
3488 1208 3596 1266 Da-

1956 1307 2211 1355 .-mascus
2246 1309 2460 1365 quoque
2512 1297 2915 1367 interpretatur,
2964 1299 3239 1370 sanguinis
3286 1310 3463 1369 potus,
3509 1302 3599 1359 vel

1996 1384 2270 1454 sanguinis
2305 1384 2559 1439 osculum.

2067 1476 2185 1532 Dan
2220 1476 2431 1533 viculus
2456 1486 2651 1549 quarto
2676 1479 2744 1536 de
2766 1479 3018 1537 Paneade
3056 1482 3309 1539 milliario
3337 1485 3591 1543 euntibus

1997 1564 2222 1636 Tyrum,
2260 1568 2353 1637 qui
2378 1584 2552 1639 usque
2594 1568 2755 1624 hodie
2792 1570 2874 1626 sic
2904 1579 3153 1640 vocatur,
3192 1575 3455 1633 terminus
3498 1574 3596 1632 Iu-

1997 1658 2127 1712 daea:
2157 1657 2454 1714 Provinciae
2473 1667 2662 1715 contra
2691 1662 3150 1731 septentrionem:
3181 1664 3248 1720 de
3269 1681 3376 1737 quo
3401 1673 3456 1721 et
3476 1664 3600 1723 Ior-

1995 1745 2150 1802 danis
2173 1746 2373 1804 ﬂumen
2416 1764 2769 1820 erumpens'a
2806 1751 2925 1808 loco
2983 1754 3208 1811 sortitus
3242 1764 3326 1811 est
3373 1770 3593 1812 nomen.

300 1850 421 1891 ronr
445 1836 644 1893 dicitur
689 1838 832 1893 inter
882 1838 1111 1894 Azotum
1133 1848 1217 1894 'et
1269 1838 1538 1895 Iamniam
1580 1858 1596 1894 :
1649 1840 1892 1896 Accamn
1922 1853 1971 1912 Β
1994 1836 2093 1894 Ior
2110 1840 2307 1910 quippe
2338 1840 2580 1907 richron,
2608 1842 2663 1898 id
2687 1850 2770 1898 est
2797 1841 3021 1900 ﬂuvium
3046 1846 3162 1902 sive
3184 1847 3359 1902 rivum
3385 1847 3598 1903 Hebraei

302 1926 481 1983 tueris
528 1926 798 1985 Stratonis
858 1938 1048 2000 postea
1107 1929 1356 1987 Caesarea
1410 1940 1739 2001 nuncupata.
1790 1932 1897 1988 Ac-

2001 1941 2218 1987 vocant.
2278 1934 2390 1988 Dan
2456 1935 2624 2002 enim,
2685 1936 2974 2007 judicium,
3048 1940 3437 2010 interpretatur
3512 1939 3599 1997 vel

300 2020 688 2092 carontptippe
712 2021 1103 2093 interpretatur
1143 2023 1392 2090 eruditio,
1415 2025 1650 2091 tristitia,
1679 2024 1767 2081 vel
1794 2034 1898 2081 εω-
1990 2021 2263 2091 judicans.

300 2114 495 2171 n'lttm.
612 2138 623 2161 ε

348 2208 577 2267 luctus
628 2220 798 2277 usque
826 2207 987 2264 hodie
1012 2222 1122 2265 non
1146 2208 1379 2279 ignobile
1399 2208 1750 2279 municipium
1790 2209 1896 2266 Pa—

300 2299 529 2365 lestina,
556 2302 613 2355 et
631 2306 747 2354 tuna
780 2306 865 2354 est
890 2299 957 2355 de
984 2300 1223 2369 quinque
1250 2300 1562 2359 civitatibus
1584 2301 1894 2373 Allopbylo—

301 2402 457 2449 mur:
494 2392 957 2462 decretaquidem
997 2392 1160 2447 tribui
1196 2391 1364 2459 Iudae,
1393 2395 1490 2452 sed
1528 2410 1637 2453 non
1676 2405 1895 2453 retenta

302 2487 373 2541 ab
393 2501 489 2542 ea:
528 2484 679 2556 quia.»
701 2499 1041 2555 nequaquam
1068 2493 1279 2541 veteres
1324 2488 1507 2557 potuit.
1543 2488 1765 2544 colonos
1799 2504 1895 2546 ex-

300 2577 539 2649 pellere”
567 2576 1041 2647 mutummutle
1076 2576 1490 2653 interpretatur,
1550 2579 1714 2645 ardor
1758 2581 1893 2651 ignis

300 2668 669 2743 Ρθέηίίυλκίβῑ
738 2706 771 2731 τι
888 2716 893 2727 -
1332 2728 1363 2743 ιη
1458 2736 1461 2741 -
1530 2728 1535 2737 ι

358 2760 606 2833 piscatori
632 2760 776 2831 urbs
802 2760 1005 2829 nobilis
1050 2762 1360 2833 Palestina),
1390 2778 1511 2834 quae
1538 2771 1595 2831 et
1635 2764 1752 2835 ipsa
1797 2780 1895 2825 an-

263 2897 269 2903 .
301 2853 667 2923 tiquitusqm
689 2854 794 2925 iuit
818 2857 885 2917 de
927 2856 1165 2929 quinque
1211 2854 1443 2928 satrapis
1465 2857 1889 2931 Allopbylorum,

300 2955 553 3020 separata
596 2947 815 3021 quidem
864 2963 962 3017 per
1015 2955 1216 3009 sortem
1254 2947 1435 3013 tribui,
1462 2946 1634 3019 Iudae.
1679 2964 1783 3011 nec
1813 2959 1893 3009 ta-

301 3050 435 3111 mse
457 3045 669 3109 rean
694 3039 763 3111 ab.
790 3054 855 3103 ea
872 3039 1055 3109 ..quia
1088 3039 1424 3109 habitatores
1462 3038 1581 3117 eius
1614 3056 1892 3115 seperare

300 3129 874 3205 nogldpotuituPorr-o
910 3129 1154 3199 ,Ascalpn
1206 3131 1594 3205 interpretatur
1637 3149 1889 3204 appensa,

300 3218 551 3297 velriggis
577 3220 664 3293 vel
692 3221 926 3298 infamis.
1018 3290 1021 3299 ι
1130 3278 1133 3291 ,
1414 3286 1419 3293 .

374 3308 577 3387 βωλώ
617 3311 764 3387 urbs,
805 3327 925 3384 quae
973 3313 1168 3371 cecidit
1191 3317 1253 3373 in
1283 3323 1486 3371 sortem
1528 3312 1746 3370 Ruben:
1799 3313 1893 3373 sed

298 3408 543 3477 etplane
568 3403 833 3473 Amathus
870 3404 996 3463 villa
1044 3406 1242 3462 dicitur
1284 3414 1435 3462 trans
1478 3402 1789 3471 Iordanem,
1840 3408 1895 3460 et

300 3494 564 3567 vicesimo
590 3497 768 3569 primo
804 3498 1056 3555 milliario
1082 3515 1219 3569 pene
1241 3500 1309 3555 ad
1339 3499 1642 3557 meridiem.
1660 3498 1772 3570 Ego
1795 3515 1891 3554 au-

301 3593 419 3655 tem.
442 3587 779 3661 investigatis
804 3591 982 3667 reperi
1008 3589 1203 3667 Ematb
1246 3593 1435 3649 urbem
1465 3592 1775 3665 Coelcsyrite
1802 3608 1895 3663 ap-

294 3677 512 3755 pellari,
547 3692 667 3748 qua:
690 3694 835 3733 nunc
860 3678 1050 3751 (ξιξερο
1090 3697 1340 3739 sermone
1404 3682 1705 3754 Epiphania
1749 3700 1892 3740 nun-

295 3776 549 3847 cupatur.
578 3766 782 3839 Emaeb
809 3769 1006 3841 quippe
1032 3771 1434 3841 interpretatur,
1458 3773 1677 3845 papulus
1699 3776 1893 3829 adhuc.

368 3856 687 3919 Bethlehem
710 3857 903 3913 civitas
941 3857 1112 3914 David
1141 3860 1197 3915 in
1227 3870 1374 3916 sorte
1402 3862 1577 3917 tribus
1622 3861 1790 3929 Iudae,
1838 3864 1896 3919 in

297 3964 423 4031 qual
458 3947 723 4005 Dominus
766 3956 951 4005 noster
995 3957 1155 4022 atque
1197 3950 1451 4008 Salvator
1500 3960 1661 4010 natus
1690 3961 1794 4021 est,
1839 3954 1898 4008 in

299 4051 457 4121 sexto
492 4044 559 4103 ab
594 4043 711 4098 Elia
752 4044 1006 4101 milliario
1032 4054 1222 4101 contra
1253 4046 1606 4104 meridianam
1660 4048 1894 4120 plagam,

293 4133 469 4211 iusta,
501 4133 663 4209 viam,
708 4148 829 4207 qua:
856 4134 1005 4191 ducit
1057 4135 1305 4193 Hebron:
1344 4138 1418 4194 ibi
1450 4146 1505 4194 et
1551 4140 1895 4210 sepulchrum

297 4204 457 4303 Iesse
476 4204 842 4299 lpatris'David
867 4224 1203 4285 ostenditur:
1230 4234 1285 4281 et
1312 4227 1458 4283 mille
1488 4204 1705 4285 circiter
1731 4231 1899 4300 passi-

299 4300 406 4368 bus
442 4300 631 4382 procul
661 4314 828 4371 turris
855 4316 1037 4388 gregis
1079 4317 1311 4387 quodam
1346 4320 1600 4376 vaticinio
1646 4330 1893 4392 pastores

302 4403 616 4485 Nativitatis
647 4408 942 4481 Dominicae
977 4411 1228 4467 conscios
1256 4421 1381 4467 ante
1410 4413 1741 4485 signiﬁcans.
1791 4415 1899 4472 Sed

302 4482 616 4575 etii-tropter
639 4492 881 4551 eamdem
906 4506 960 4552 et
994 4496 1309 4556 Bethlebem
1330 4482 1479 4575 regis
1503 4505 1773 4575 quondam
1798 4506 1897 4561 Iit--

2070 2113 2322 2181 Dotbain,
2362 2115 2454 2170 ubi
2485 2116 2691 2171 invenit
2730 2115 2932 2189 Ioseph
2982 2118 3186 2176 fratres
3225 2137 3351 2178 suos
3400 2136 3600 2192 pecora

1997 2214 2306 2274 pascentes,
2335 2206 2427 2275 qui
2461 2216 2516 2262 et
2540 2222 2712 2277 usque
2750 2208 2908 2263 hodie
2929 2209 2986 2264 in
3016 2210 3226 2265 decimo
3268 2226 3300 2265 a
3347 2210 3598 2269 Sebastia

1998 2295 2261 2350 milliario
2296 2303 2483 2353 contra
2512 2297 2781 2367 aquilonis
2822 2298 3040 2370 plagam
3088 2302 3412 2356 ostenditur.
3466 2302 3598 2360 Dot-

1996 2386 2143 2442 haim
2172 2403 2302 2460 ergo
2339 2390 2725 2459 interpretatur
2774 2388 3047 2461 pabulum,
3076 2390 3161 2445 vel
3208 2393 3373 2447 viride
3420 2408 3603 2448 eorum

1999 2487 2090 2535 aut
2126 2480 2460 2550 suﬁicientem
2490 2481 2852 2551 defectionem.
2910 2481 3207 2555 Dehonque
3243 2491 3302 2540 et
3332 2484 3510 2541 Dibon
3546 2484 3604 2541 in

1997 2570 2286 2627 solitudine
2360 2581 2540 2629 castra
2606 2572 2844 2629 ﬁliorum
2901 2573 3087 2631 Israel.
3146 2576 3244 2631 Est
3300 2585 3484 2633 autem
3547 2586 3604 2635 et

1997 2662 2103 2718 alia
2132 2664 2307 2721 Dibon
2344 2665 2468 2721 villa
2498 2667 2818 2738 pergrandis
2839 2666 2996 2737 juxta
3044 2667 3435 2737 Pararnonem,
3480 2686 3602 2742 quae

1997 2758 2123 2814 dum
2181 2760 2333 2829 prius
2363 2759 2553 2820 fuisset
2604 2760 2838 2817 ﬁliorum
2902 2760 3084 2828 Moab,
3124 2771 3181 2818 et
3236 2771 3425 2834 postea
3477 2779 3603 2821 eam

1998 2848 2142 2911 Seon
2194 2866 2290 2907 rex
2336 2852 2727 2908 Amorreorum
2752 2850 2881 2908 belli
2903 2850 3029 2922 jure
3085 2853 3370 2921 tenuisset,
3405 2871 3436 2909 a
3473 2854 3600 2925 ﬁliis

1994 2942 2201 3010 Israhel
2225 2950 2384 3014 capta
2409 2952 2571 3013 atque
2604 2958 2876 3014 possessa,
2915 2944 2972 2999 in
3002 2953 3215 3015 partem
3245 2947 3391 3004 venit
3419 2947 3597 3004 tribus

1995 3030 2130 3090 Gad.
2190 3032 2327 3089 Nam
2383 3034 2567 3093 Debon
2622 3034 3026 3105 interpretatur.
3084 3035 3436 3104 abundanter,
3503 3037 3593 3095 vel

1994 3125 2125 3187 satis
2154 3124 2469 3196 intelligens.

2067 3224 2281 3280 Esebon
2331 3224 2525 3280 civitas
2572 3223 2717 3281 Seon
2746 3223 2891 3295 regis
2918 3222 3323 3279 Amorrteorum
3353 3223 3408 3278 in
3442 3229 3592 3278 terra

1997 3315 2220 3373 Galaad.
2264 3315 2394 3383 Quae
2423 3333 2545 3372 eum
2575 3313 2763 3373 luisset
2795 3314 3174 3381 Moabitarum,
3206 3314 3276 3370 ab
3302 3314 3600 3371 Amorraeis

1994 3406 2121 3462 belli
2142 3406 2267 3475 jure
2320 3422 2569 3477 possessa
2606 3415 2711 3463 est.
2755 3406 2966 3462 Esebon
2994 3421 3128 3461 vero
3187 3404 3461 3476 cogitatio,
3507 3403 3595 3459 vel

1996 3496 2263 3568 cingulum
2316 3498 2549 3553 maeroris
2626 3499 3033 3569 interpretatur.
3069 3495 3312 3567 Engaddi
3364 3495 3423 3550 in
3451 3496 3597 3552 tribu

1995 3587 2150 3653 Iuda,
2190 3589 2279 3644 ubi
2314 3590 2663 3645 absconditus
2689 3596 2774 3645 est
2819 3588 2988 3644 David
3015 3588 3070 3643 in
3105 3587 3416 3653 solitudine,
3473 3600 3597 3656 qum

1995 3691 2081 3737 est
2108 3682 2164 3736 in
2188 3681 2397 3738 Aulone
2421 3680 2707 3749 Hierichis,
2735 3682 2840 3738 hoc
2863 3689 2967 3747 est,
2998 3681 3053 3735 in
3085 3679 3305 3750 regione
3330 3677 3423 3733 illa
3445 3692 3595 3742 cam—

1995 3776 2189 3846 pestri.
2244 3774 2484 3832 Vocatur
2510 3786 2691 3833 autem
2726 3790 2899 3848 usque
2939 3774 3100 3832 hodie
3135 3774 3289 3829 vicus
3329 3786 3595 3845 pergran-

1997 3866 2089 3922 dis-
2118 3866 2425 3924 Iudaeorum
2458 3867 2715 3937 Engadda
2754 3868 2910 3938 juxta
2938 3880 3089 3922 mare
3131 3864 3419 3931 Mortuum,
3445 3864 3591 3920 unde

1996 3963 2054 4010 et
2079 3955 2380 4012 balsamum
2421 3956 2591 4024 venit,
2622 3971 2827 4027 ...quas
2852 3957 3039 4012 vineas
3070 3955 3312 4026 Engaddi
3340 3954 3595 4010 Salomon

1997 4055 2290 4117 nuncupat.
2320 4047 2562 4120 Engaddi
2615 4061 2746 4103 vero
2784 4048 3196 4117 interpretatur,
3266 4046 3383 4116 fons
3426 4046 3589 4102 hwdi.

2067 4136 2253 4193 Endor
2288 4139 2346 4194 in
2384 4138 2531 4194 tribu
2577 4138 2821 4194 Manasse
2868 4136 2961 4193 ubi
3006 4136 3324 4208 pythonissa
3352 4152 3385 4191 a
3422 4135 3587 4192 Saule

1996 4229 2196 4287 Iudaea:
2242 4247 2370 4303 rege
2411 4231 2732 4289 consulitur.
2760 4230 2944 4287 Endor
2972 4238 3153 4286 autem
3195 4230 3586 4301 interpretatur

1998 4322 2123 4380 fons
2159 4325 2543 4395 generationis.

2066 4414 2216 4471 Gaza
2267 4416 2461 4471 civitas
2514 4416 2824 4473 Enehoru‘m
2850 4415 2907 4473 in
2947 4432 3054 4488 qua
3091 4416 3406 4473 habitavere
3454 4420 3596 4486 Cap-

1997 4508 2251 4577 padoces,
2291 4507 2537 4578 pristinis
2562 4508 2860 4566 cultoribus
2886 4509 3201 4566 interfectis.
3254 4506 3413 4578 Apud
3440 4516 3591 4564 vete-

302 4565 667 4641 drél'lli‘chelai
690 4587 929 4643 tumulus
959 4590 1261 4645 ostenditur
1287 4565 1615 4663 quivsem-itae
1639 4595 1707 4651 ad
1732 4595 1895 4652 cellu-
1919 4610 1972 4671 D
2107 4565 2488 4653 eratcominus
2510 4594 2628 4668 (sic)
2648 4595 3078 4653 Chananteorum
3093 4596 3249 4667 juxta
3271 4565 3589 4664 Egyptum,

300 4676 385 4733 las
415 4686 626 4734 nostras
649 4694 680 4734 a
704 4681 788 4735 via
813 4682 1029 4751 publica
1058 4684 1374 4741 divertentis
1426 4688 1751 4759 principium
1788 4698 1892 4747 est.

303 4768 613 4825 Vocabatur
637 4779 819 4826 autem
840 4771 1131 4829 Bethleem
1159 4782 1214 4830 et
1238 4774 1384 4830 ﬁlius
1407 4775 1666 4845 Efratbte,
1705 4779 1761 4835 id
1785 4787 1892 4846 est,

304 4858 607 4927 timeant
628 4864 689 4919 in‘
722 4862 1171 4935 Paralipomenon
1199 4866 1411 4938 legitur.
1440 4867 1565 4923 llam
1588 4869 1716 4924 urbs
1740 4868 1895 4937 juxta

303 4948 565 5022 quosdam
591 4969 621 5009 a
672 4952 933 5012 Iebusmis
988 4957 1200 5013 condita
1234 4956 1426 5023 fertur,
1479 4966 1536 5013 et
1559 4966 1750 5015 vocata
1788 4961 1898 5029 pri-

304 5046 454 5097 mum
498 5040 701 5099 Errata.
732 5042 977 5113 ‘Quando
1015 5057 1197 5103 autem
1227 5047 1303 5104 ibi
1352 5044 1519 5105 Iacob
1556 5062 1754 5121 pecora
1799 5065 1895 5106 sua

304 5136 472 5207 pavit,
504 5136 679 5191 eidem
702 5137 822 5193 loco
847 5137 1124 5195 Bethleem
1147 5153 1347 5194 nomen
1371 5141 1605 5210 quodam
1630 5141 1897 5197 vaticinio

306 5226 507 5291 fument
537 5228 813 5299 imposuit,
840 5245 983 5300 quas,
1026 5232 1213 5289 domus
1259 5233 1432 5303 panis,
1483 5233 1889 5304 interpretatur,

307 5327 537 5387 propter
550 5334 917 5390 enin-panem,
950 5322 1042 5391 qui
1075 5321 1149 5378 ibi
1170 5323 1236 5378 de
1262 5323 1403 5379 caelo
1430 5323 1732 5381 descendit.

378 5410 533 5478 Bala,
569 5428 695 5483 qua
718 5414 909 5485 Seg'or,
935 5426 1080 5471 nunc
1116 5415 1329 5470 Gotara
1356 5425 1715 5486 nuncupatur.
1768 5415 1895 5472 Sola

309 5504 559 5577 denigue:
586 5506 944 5565 Sedomomm
975 5508 1202 5564 urbibus
1239 5507 1377 5564 Loth
1429 5509 1680 5579 precibus
1720 5526 1898 5567 reser-

309 5600 848 5657 vataestz-ilmnhret
869 5609 1049 5655 autem
1071 5600 1207 5656 mari
1236 5600 1463 5666 Mortuo,
1497 5610 1553 5657 et
1584 5603 1895 5671 praesidium

309 5692 364 5746 in
386 5706 451 5747 ca
482 5692 716 5763 positum
745 5702 830 5747 est
855 5692 1086 5747 militum
1125 5692 1509 5759 Romanorum,
1570 5694 1893 5750 habitatori-

310 5784 415 5847 ωε
440 5790 654 5859 quoque
676 5783 913 5859 propriis
949 5781 1345 5857 frequentatur,
1390 5792 1446 5842 et
1466 5783 1607 5859 apud
1640 5800 1761 5844 eam
1815 5786 1898 5862 gi-

2000 4687 2300 4757 ceciditque
2338 4686 2394 4740 in
2423 4694 2623 4741 sortem
2669 4687 2844 4742 tribus
2896 4686 3076 4743 Iudm:
3120 4684 3213 4740 sed
3243 4698 3365 4739 eam
3408 4689 3594 4737 tenere

2000 4793 2109 4833 non
2136 4778 2329 4848 potuit,
2352 4777 2477 4848 quia
2503 4777 2789 4843 Enachim,
2814 4778 2871 4831 id
2895 4786 2996 4842 est,
3022 4777 3266 4847 gigantes
3282 4774 3593 4846 Allopltylo-

2000 4886 2123 4925 rum
2154 4870 2451 4926 fortissime
2504 4870 2855 4925 restiterunt:
2896 4877 2952 4925 et
2991 4876 3076 4924 est
3103 4881 3275 4938 usque
3305 4865 3465 4922 hodie
3506 4866 3591 4921 in-

2000 4964 2167 5034 signis
2194 4963 2385 5020 civitas
2411 4963 2714 5029 Palestinae,
2741 4971 2936 5019 vocata
2955 4969 3136 5016 autem
3165 4958 3332 5027 Gaza,
3361 4974 3428 5017 eo
3447 4959 3591 5031 quod

2001 5053 2074 5108 ibi
2112 5053 2407 5126 Cambyses
2435 5070 2533 5109 rex
2580 5052 2869 5109 Persarum
2904 5052 3190 5107 thesauros
3222 5065 3347 5106 suos
3388 5051 3588 5121 posuit,

1995 5158 2119 5199 cum
2167 5144 2366 5200 bellum
2436 5143 2706 5216 Egyptiis
2758 5142 3048 5198 intulisset.
3094 5141 3386 5197 Persarum
3444 5140 3590 5196 enim

1993 5234 2176 5306 lingua
2211 5235 2501 5290 thesaurus
2529 5250 2663 5304 gaza
2704 5234 3034 5290 nominatur.
3087 5232 3235 5290 Gaza
3270 5232 3467 5303 quippe
3508 5232 3591 5288 in-

1994 5334 2325 5399 terpretatur
2353 5326 2606 5395 fortitudo
2636 5325 2775 5395 ejus.

2063 5415 2310 5474 Gabaath
2345 5416 2399 5470 in
2422 5415 2564 5470 tribu
2590 5413 2870 5483 Beujamin
2897 5416 3024 5472 urbs
3044 5414 3277 5470 Pbinees
3305 5412 3402 5469 ﬁlii
3432 5412 3589 5469 Elea-

2000 5522 2112 5575 zar,
2144 5510 2235 5564 ubi
2264 5508 2505 5587 sepultus
2527 5515 2610 5564 est
2642 5507 2961 5565 Eleazarus:
3000 5518 3084 5564 est
3113 5519 3294 5563 autem
3341 5506 3589 5563 Gabatha

1996 5600 2120 5657 villa
2148 5601 2204 5654 in
2234 5598 2553 5655 duodecimo
2581 5599 2759 5670 lapide
2794 5599 3286 5670 Eleutheropoleos.
3317 5597 3451 5654 Nam
3483 5597 3589 5653 Ga-

1995 5693 2161 5749 baatb
2211 5692 2617 5761 interpretatur,
2671 5692 2797 5746 colis
2834 5693 3107 5763 palmetis.
3131 5690 3349 5747 Iericho
3401 5690 3587 5745 urbsa

1998 5783 2259 5843 Iebusaeis
2299 5780 2519 5841 condita
2546 5783 2801 5855 traditur,
2839 5799 2870 5841 a
2894 5784 3092 5858 quibus
3108 5782 3348 5840 traxisse
3389 5789 3587 5837 nomen
