4074 6324
308 263 418 323 38f

1295 259 1384 315 DE
1421 255 1778 317 UNWERSO
1809 252 1992 312 LIBRI
2024 254 2190 314 XXII.
2229 287 2301 302 --
2337 256 2466 312 LIB.
2506 255 2644 314 XIV.

3477 261 3586 321 582

304 382 629 444 orientalem
675 380 911 474 plagam.
961 377 1266 436 Bethsamis
1298 393 1432 436 vero
1462 378 1854 447 interpretatur
1879 413 1894 441 ,
1924 374 1979 436 Δ
2002 381 2206 430 stratur
2231 375 2283 430 in
2331 375 2446 430 Elia
2495 375 2563 430 ad
2609 374 2918 432 Australem
2942 367 3158 448 plagam
3184 377 3386 432 montis
3407 375 3544 436 Sion
3573 399 3585 434 :

304 478 496 533 domus
518 473 667 530 solis.

2004 476 2061 522 et
2114 469 2378 524 hactenus
2419 467 2575 539 juxta
2635 467 2945 524 Iudaeorum
2998 468 3286 532 consilium
3349 451 3604 527 mortuos.

373 565 670 624 Bethsaida
720 564 916 621 cintus
959 565 1016 619 in
1064 562 1285 618 Galilma
1312 563 1546 620 Andreae
1571 570 1628 616 et
1654 560 1804 617 Petri
1847 567 1907 615 et
2005 559 2268 629 ignobiles
2292 560 2428 616 alios
2450 568 2594 616 terra
2625 561 2779 632 tegit,
2808 560 2946 614 alios
2969 559 3070 614 sub
3102 559 3190 613 dio
3218 557 3530 630 putrefacit.

303 659 544 733 Philippi
569 671 740 730 prOpe
765 664 1020 726 stagnum
1048 654 1407 712 Genesareth.
1437 654 1572 709 Nam
1610 651 1904 709 Bethsaida

306 753 716 822 interpretatur,
754 748 942 803 doetus
994 747 1262 818 fructuum
1287 788 1303 815 ,
1344 746 1432 802 vel
1472 746 1659 800 domus
1693 751 1903 800 uenato-

306 860 642 1004 ﬂgitium
676 931 860 986 viiluia
908 946 962 984 in
989 937 1174 986 monte
1203 929 1408 995 oliveti,
1451 929 1522 984 ad
1551 943 1714 998 quam
1752 925 1902 982 venit

304 1027 570 1084 Dominus
597 1024 775 1079 Iesus.
805 1023 978 1078 Porro
1000 1021 1258 1093 Bethfage
1286 1021 1676 1091 interpretatur
1711 1012 1898 1080 donius

303 1119 413 1174 oris
439 1116 661 1172 vallium
685 1116 771 1171 vel
793 1115 976 1170 bucea.
1717 1162 1720 1163 ν

373 1196 641 1265 Bethania
680 1208 809 1262 villa
841 1207 1078 1262 secundo
1114 1205 1182 1260 ah
1216 1204 1334 1259 Elia
1370 1203 1622 1271 milliario
1648 1205 1702 1258 in
1731 1202 1900 1258 latere

300 1303 504 1359 montis
533 1301 752 1366 Oliveti,
803 1302 896 1356 ubi
955 1300 1205 1355 Salvator
1249 1298 1517 1353 Lazarum
1571 1297 1896 1362 suscitavit,

299 1396 459 1466 cujus
499 1403 912 1451 monumentum
955 1393 1187 1450 ecclesia
1229 1409 1374 1448 nunc
1418 1393 1615 1448 ibidem
1650 1399 1898 1446 constru-

296 1495 388 1542 cta
417 1487 777 1542 demonstrat.
819 1484 1081 1541 Bethania
1111 1499 1328 1556 quoque
1370 1485 1557 1538 domus
1581 1483 1895 1552 atﬂictionis,

297 1581 384 1637 vel
417 1581 606 1636 domus
629 1580 952 1635 obedientice.

367 1672 663 1729 Bethsaida
697 1673 903 1742 piscina
930 1674 983 1728 in
1013 1670 1335 1737 Jerusalem,
1373 1686 1494 1742 quae
1518 1677 1745 1726 vocatur
1770 1670 1900 1725 Pro-
1925 1678 1956 1742 _'

2071 651 2363 709 Antiochia
2399 653 2592 709 civitas
2631 653 2960 723 Ctnlesyrite,
3003 653 3057 707 in
3094 669 3208 723 qua
3237 653 3513 710 Barnabas
3539 661 3595 711 et

2003 745 2202 804 Paulus
2222 739 2450 817 apostoli
2472 756 2600 804 sunt
2623 747 2861 804 ordinati
2895 766 2907 800 :
2939 754 3025 802 est
3056 754 3112 812 et
3157 745 3269 804 alia
3305 746 3361 800 in
3392 745 3593 803 Pisidia

2002 841 2278 910 provincia
2309 841 2488 908 Asiae,
2540 840 2595 895 in
2629 856 2735 911 qua
2781 839 2944 894 iidem
2997 838 3350 908 prmdicantes
3394 836 3592 894 Judtcis

2003 934 2257 989 dixerunt
2283 949 2297 988 :
2332 933 2486 989 Vobis
2515 932 2782 1004 oportebat
2805 933 3034 1003 primum
3061 931 3202 1002 loqui
3225 931 3431 985 uerbum
3453 930 3552 984 Dei
3574 947 3593 986 :

2001 1026 2092 1080 sed
2123 1027 2376 1097 quoniam
2399 1025 2664 1096 repulistis
2688 1023 2838 1088 illud,
2865 1031 2972 1078 etc.
3006 1024 3143 1092 (.Act.
3175 1022 3320 1092 xui).

2071 1119 2401 1174 Alexandria
2426 1118 2617 1173 civitas
2646 1116 2866 1188 Egypti
2896 1157 2908 1181 ,
2941 1117 2998 1170 in
3026 1131 3137 1186 qua
3182 1115 3327 1172 beati
3365 1129 3595 1185 evange-

2001 1212 2141 1268 lista:
2171 1212 2338 1267 Marci
2377 1212 2616 1266 tumulus
2650 1218 2960 1272 veneratur.
2987 1209 3383 1278 Interpretatur
3412 1215 3595 1262 autem

2000 1306 2327 1360 Alexandria
2349 1345 2364 1372 ,
2394 1303 2640 1374 auferens
2661 1303 2962 1372 angustiam
2992 1299 3346 1368 tenebrarum,

2071 1401 2270 1455 Attalia
2323 1398 2517 1454 civitas
2550 1405 2636 1452 est
2680 1395 3010 1466 Pamphylia:
3050 1393 3355 1448 maritimae.
3390 1391 3595 1448 Attalis

2000 1494 2147 1549 enim
2188 1495 2602 1562 interpretatur,
2637 1500 2841 1558 tempus
2871 1489 3010 1558 ejus,
3051 1486 3134 1542 vel
3156 1484 3349 1542 melius
3369 1525 3386 1551 ,
3436 1483 3596 1539 decli-

2001 1589 2146 1642 natio
2177 1585 2414 1640 Domini.

2071 1675 2412 1746 Amphipolis
2439 1674 2636 1730 civitas
2685 1680 2770 1727 est
2814 1668 3160 1725 Macedoniae.
3200 1667 3301 1723 Est
3333 1674 3390 1723 et
3423 1664 3594 1721 altera

297 1765 503 1830 batica,
528 1772 584 1820 et
609 1779 640 1818 a
670 1737 828 1819 nobis
859 1764 1206 1834 interpretari
1235 1737 1414 1834 potest
1439 1803 1452 1827 ,
1487 1761 1740 1832 pecualis.
1772 1762 1898 1816 llatae
1921 1737 1974 1798 Β
2003 1737 2248 1841 ejusdem
2274 1737 2509 1844 hominis
2545 1767 2599 1820 in
2629 1765 2808 1835 Syria.
2838 1761 3180 1832 Amphipolis
3203 1768 3386 1830 autem
3417 1757 3589 1812 inter-

296 1857 624 1928 quandoque
666 1858 937 1928 quondam
982 1858 1225 1928 porticus
1275 1857 1496 1922 habuit;
1537 1858 1898 1912 ostenduntur

296 1966 516 2021 quoque
540 1951 740 2022 gemini
774 1951 939 2014 lacus,
966 1966 1195 2020 quorum
1220 1965 1360 2004 unus
1403 1949 1646 2003 hibernis
1694 1949 1896 2018 pluviis

297 2041 583 2112 adimpleri
631 2042 810 2108 solet,
863 2043 999 2097 alter
1051 2043 1250 2096 mirum
1316 2042 1369 2094 in
1430 2041 1646 2096 modum
1692 2041 1896 2095 rubens

295 2134 456 2205 quasi
498 2134 740 2190 cruentis
780 2135 936 2202 aquis
981 2134 1189 2203 antiqui
1230 2133 1369 2187 inse
1397 2133 1578 2201 operis
1620 2132 1776 2198 signa
1816 2139 1898 2186 te-

297 2234 494 2282 statur.
534 2225 670 2280 Nam
719 2226 930 2280 hostias
955 2226 1010 2279 in
1055 2241 1121 2281 eo
1156 2224 1326 2278 lavari
1352 2239 1382 2278 a
1411 2223 1784 2278 sacerdotibus
1809 2237 1896 2276 so-

295 2318 423 2374 litas
469 2318 693 2383 ferunt,
737 2319 876 2373 unde
916 2326 972 2372 et
1007 2333 1205 2373 nomen
1254 2324 1558 2386 acceperat.

367 2409 746 2480 Capharnaum
769 2411 923 2480 juxta
949 2421 1200 2481 stagnum
1233 2409 1494 2474 Genesar,
1526 2423 1698 2478 usque
1736 2409 1896 2466 hodie

293 2503 552 2574 oppidum
595 2504 649 2556 in
674 2503 893 2559 Galilaea
927 2506 1168 2574 gentium
1193 2506 1376 2569 situm,
1409 2505 1463 2557 in
1487 2503 1685 2558 ﬁnibus
1712 2503 1892 2557 labu-

294 2597 387 2652 lon
429 2606 482 2652 et
524 2595 853 2666 Nephtalim.
902 2598 1284 2667 Capharnaum
1336 2605 1517 2652 autem
1569 2597 1893 2666 interpreta-

293 2697 387 2743 tur
402 2706 548 2761 ager,
568 2687 654 2743 vel
680 2689 806 2743 villa
841 2689 1234 2744 consolationis.

369 2781 653 2850 Emmaus,
683 2783 752 2839 de
793 2799 901 2853 quo
929 2783 1050 2838 loco
1075 2782 1176 2836 fuit
1200 2780 1468 2853 Cleophas
1488 2825 1502 2849 ,
1529 2782 1683 2852 cujus
1717 2783 1895 2838 Lucas

291 2871 627 2942 evangelista
670 2873 919 2927 meminit
960 2888 975 2926 :
1017 2875 1138 2928 haec
1183 2881 1268 2928 est
1306 2889 1450 2928 nunc
1488 2873 1762 2943 Nicopolis
1803 2873 1889 2927 in-

292 2965 466 3035 signis
497 2966 686 3022 civitas
713 2967 1020 3023 Palestinae.
1050 2969 1308 3024 Emmaus
1333 2969 1476 3024 enim
1501 2969 1892 3039 interpretatur

291 3062 516 3132 populus
540 3062 792 3133 abjectus.

368 3151 589 3209 Ell'raim
610 3153 765 3226 juxta
793 3157 1087 3224 desertum,
1141 3158 1210 3212 ad
1239 3173 1402 3228 quam
1425 3158 1578 3213 venit
1629 3158 1891 3213 Dominus

291 3245 455 3303 Iesus
479 3263 603 3303 cum
634 3250 910 3320 discipulis
940 3251 1073 3306 suis.
1126 3250 1351 3306 Effraim
1387 3267 1518 3322 ergo
1567 3251 1892 3322 interpreta-

293 3351 404 3404 tur,
434 3340 621 3410 fertilis
664 3344 908 3415 populus,
956 3345 1071 3400 sive
1112 3354 1298 3399 acutus
1329 3359 1348 3396 :
1378 3359 1542 3415 quem
1572 3360 1672 3400 nos
1699 3358 1890 3415 possu-

291 3447 419 3488 mus
447 3433 648 3502 dicere,
673 3437 740 3490 ab
763 3438 1030 3507 augendo,
1057 3439 1388 3509 augent-ium.

366 3525 569 3583 Fanuel
593 3529 806 3595 civitas,
843 3546 1004 3602 quam
1034 3533 1322 3587 aediﬁcavit
1347 3531 1654 3588 J-croboam.
1687 3532 1891 3589 Fanuel

289 3618 438 3674 enim
475 3619 882 3688 interpretatur,
909 3624 1070 3692 facies
1099 3623 1217 3677 Dei.

364 3710 548 3765 Modin
576 3710 729 3766 vicus
744 3711 899 3782 juxta
923 3714 1255 3784 Diosopolim
1287 3757 1302 3781 ,
1331 3719 1476 3773 unde
1507 3718 1724 3773 fuerunt
1771 3719 1888 3774 Ma-

288 3801 522 3867 chabtei,
563 3817 796 3873 quorum
841 3805 1110 3875 hodieque
1180 3806 1379 3862 ibidem
1433 3809 1678 3877 sepulcra
1739 3826 1879 3866 mon-

289 3901 558 3948 atrantur.

369 3983 529 4040 Melle
553 3984 772 4050 civitas,
795 4001 960 4056 quam
987 3988 1276 4044 aedificavit
1302 3989 1580 4046 Salomon.

365 4074 657 4142 Nazareth,
689 4077 833 4132 unde
865 4084 920 4132 et
965 4079 1225 4134 Dominus
1269 4088 1456 4136 noster
1494 4089 1657 4151 atque
1698 4079 1888 4138 Salva-

291 4173 399 4230 tor,
435 4165 725 4222 Nazaraeus
769 4176 995 4224 vocatus
1038 4180 1140 4226 est.
1176 4171 1272 4226 Est
1301 4180 1478 4227 autem
1511 4188 1686 4242 usque
1725 4173 1887 4229 hodie

289 4258 346 4313 in
376 4257 597 4312 Galilaea
645 4259 854 4316 viculus
892 4271 1082 4316 contra
1133 4263 1400 4332 legionem
1456 4266 1508 4320 in
1541 4265 1885 4336 quindecimo

289 4350 548 4406 miliiario
575 4351 643 4406 ad
668 4353 985 4408 orientalem
1028 4355 1258 4428 plagam,
1289 4356 1443 4426 juxta
1475 4368 1709 4414 montem
1737 4359 1878 4414 Tba—
1925 4349 1930 4354 ’

2000 1873 2266 1935 pretatur,
2291 1861 2512 1934 populus
2539 1877 2628 1914 ore
2656 1875 2926 1913 corruens.

2071 1956 2371 2026 Appolonia
2399 1953 2592 2009 civitas
2615 1960 2670 2006 et
2691 1952 2804 2020 ipsa
2832 1947 3182 2002 Macedoniae.
3212 1944 3312 1999 Est
3339 1941 3508 1996 altera
3538 1940 3594 1994 in

1999 2050 2218 2116 Africa,
2276 2065 2394 2117 quae
2430 2047 2630 2102 dicitur
2668 2041 2996 2112 Pentapolis.
3057 2037 3361 2108 Appolonia
3413 2042 3594 2090 autem

2000 2143 2414 2211 interpretatur,
2442 2139 2722 2208 disciplina
2741 2137 2826 2192 vel
2851 2151 3120 2205 synagoga
3150 2147 3353 2187 eorum.

2070 2235 2296 2288 Athenis
2325 2231 2518 2286 civitas
2552 2238 2636 2288 est
2665 2229 2718 2284 in
2743 2227 2968 2282 Achaia.
3006 2225 3365 2279 Athenienses
3411 2229 3604 2292 autem,

2000 2327 2453 2394 interpretantur,
2485 2319 2844 2389 exploratores
2864 2324 2960 2371 aut
2987 2313 3363 2385 respondentes
3379 2312 3468 2368 vel
3489 2313 3590 2366 Ita.-

1998 2418 2148 2473 miles
2176 2418 2292 2472 sive
2318 2425 2547 2485 tempore
2572 2412 2835 2481 dissipati.

2069 2510 2376 2578 Ariopagus
2425 2507 2765 2560 Athenarum
2809 2501 3006 2565 curia,
3051 2514 3176 2568 quae
3203 2498 3593 2566 interpretatur

1997 2601 2126 2657 uilla
2160 2600 2384 2653 Martis:
2414 2597 2546 2667 quia
2566 2597 2682 2665 ipse
2704 2595 2780 2650 ibi
2811 2593 3084 2663 quondam
3111 2607 3145 2646 a
3177 2586 3464 2650 duodecim
3488 2584 3593 2646 diis

1992 2695 2268 2766 judicatus
2297 2693 2386 2746 sit.
2412 2690 2952 2760 Ari0pagusquoque
2972 2683 3240 2754 primitiae
3268 2681 3592 2747 interprets.—

1995 2793 2084 2840 tur
2131 2784 2214 2839 vel
2261 2782 2608 2837 solemnitas:
2654 2778 2750 2832 sed
2807 2785 2866 2832 et
2925 2776 3032 2831 hoc
3081 2771 3421 2841 violatum,
3467 2782 3592 2843 etuti

1995 2875 2343 2932 Atheniensis
2368 2873 2542 2929 curias.
2579 2884 2782 2934 uolneri
2806 2869 2909 2933 sit,
2941 2883 3062 2938 quae
3103 2880 3136 2921 a
3177 2863 3354 2934 Marte
3389 2875 3589 2923 nomen

1993 2971 2226 3041 accepit.

2065 3063 2363 3134 Antipatris
2407 3061 2600 3116 civitas
2627 3060 2934 3123 Palestina),
2987 3070 3132 3116 nunc
3175 3054 3386 3118 diruta.
3423 3065 3590 3121 quam

1994 3158 2240 3215 Herodes
2265 3172 2362 3211 rex
2388 3155 2588 3210 haltere
2611 3169 2680 3210 ex
2707 3153 2882 3223 patris
2913 3151 2998 3206 sui
3028 3149 3248 3206 nomine
3273 3151 3583 3204 vocaverat.

1992 3252 2390 3321 Interpretatur
2418 3255 2599 3303 autem
2617 3245 2940 3315 Antipatris,
2971 3243 3176 3312 donatis
3205 3239 3584 3306 laudationem.

2063 3345 2324 3400 Ctesareae
2353 3342 2600 3396 civitates
2632 3337 2832 3393 indeed:
2873 3343 3000 3391 sum.
3041 3335 3098 3404 in
3130 3343 3274 3390 terra
3299 3330 3590 3402 repromis-

1991 3439 2183 3505 sionis,
2211 3437 2300 3491 ubi
2328 3437 2575 3497 Caesarea
2612 3431 2898 3497 Palestina:
2927 3429 2981 3484 in
3021 3428 3204 3492 littore
3232 3424 3398 3484 maris
3431 3423 3584 3484 sita:

1993 3532 2164 3587 altera
2194 3544 2327 3584 vero
2350 3528 2598 3582 Caesarea
2626 3522 2862 3593 Philippi
2900 3562 2914 3587 ,
2945 3520 3100 3590 cujus
3133 3517 3418 3589 Evangelii
3460 3517 3589 3580 scri-

1989 3633 2151 3697 ptura
2177 3622 2440 3678 meminit.
2471 3621 2720 3676 Caesarea
2745 3626 2924 3671 autem
2948 3614 3355 3683 interpretatur,
3384 3624 3588 3679 possea-

1991 3718 2072 3771 sio
2111 3714 2382 3786 principis.

2065 3806 2360 3862 Corinthus
2387 3803 2579 3859 civitas
2615 3802 2836 3860 Achaiae
2870 3799 3161 3856 maritima.
3185 3793 3482 3861 Corinthus
3505 3793 3586 3850 ill:-

1991 3903 2344 3966 terpretatur,
2377 3893 2700 3948 conuersatio
2736 3907 2937 3946 eorum.
3338 3937 3342 3942 .
3451 3927 3454 3930 -
3634 3957 3641 3964 ν

2062 3985 2231 4041 Lidda
2279 3984 2482 4039 civi-tas
2514 3983 2806 4038 Palestina:
2847 3982 2902 4036 in
2953 3981 3144 4036 littora
3186 3978 3364 4032 maris
3402 3975 3584 4047 magni

1990 4079 2117 4134 sita.
2149 4076 2321 4132 Lidda
2361 4077 2506 4132 enim
2547 4076 2950 4143 interpretatur,
2985 4072 3211 4134 utilitas.
3431 4123 3443 4130 ,
3677 4147 3686 4154 ⁵

1992 4216 1994 4219 .
2061 4163 2308 4220 Seleucia
2332 4163 2525 4220 civitas
2548 4161 2720 4233 Syri-te
2747 4159 2976 4224 novella,
3004 4174 3169 4229 quam
3204 4155 3445 4226 condidit
3493 4157 3587 4218 Se

1957 4259 2208 4321 'leutius,
2237 4257 2328 4326 qui
2363 4264 2420 4312 et
2465 4254 2834 4310 Antiochiam.
2876 4251 3120 4308 Seleutia
3158 4265 3376 4322 quoque
3411 4251 3584 4306 inter»

1985 4358 2266 4420 pretatur,
2323 4348 2510 4404 tollens
2570 4347 2937 4417 semetipsum,
2991 4345 3108 4402 sitve
3173 4345 3581 4415 experimentum

286 4445 390 4500 hor
422 4446 638 4502 nomine
681 4447 910 4503 Nazara.
941 4447 1212 4504 Nazarcth
1245 4460 1424 4504 autem
1453 4452 1840 4520 interpretatur
1867 4493 1881 4519 ,
1909 4467 1964 4530 Β
1986 4445 2211 4508 itineris,
2244 4442 2329 4498 vel
2360 4450 2632 4500 exeuntem
2660 4442 2730 4494 ad
2760 4441 3103 4495 vocationem.

286 4540 389 4610 [ius
422 4547 514 4594 aut
540 4541 821 4612 virgultum
856 4544 1007 4614 ejus,
1048 4543 1134 4599 vel
1182 4545 1442 4599 munditia
1489 4553 1583 4599 aut
1622 4546 1879 4616 separatio

287 4633 374 4687 vel
406 4635 670 4690 custodia.

365 4722 509 4779 Saba
534 4725 725 4781 civitas
756 4728 950 4799 regalis
978 4728 1271 4800 IE-thiOpiae
1297 4771 1311 4796 ,
1343 4745 1506 4800 quam
1548 4728 1816 4798 Josephus
1849 4746 1880 4785 a

287 4813 541 4884 Canipise
580 4830 705 4887 rege
741 4817 975 4874 Meroem
1011 4821 1441 4889 cognominatam
1473 4835 1537 4874 ex
1562 4821 1764 4875 sororis
1789 4834 1882 4874 vo-

288 4904 485 4959 cabulo
511 4905 694 4962 refert.
729 4908 873 4964 Saba
906 4925 1120 4980 quoque
1147 4911 1556 4982 interpretatur,
1591 4913 1811 4983 captiva.

365 4997 630 5069 Sareptha
679 5002 936 5072 oppidum
987 5002 1334 5059 Sidoniorum
1373 5006 1426 5059 in
1451 5007 1536 5060 via
1564 5005 1776 5074 publica
1809 5005 1884 5059 si-

287 5100 428 5158 tum,
455 5093 551 5150 ubi
593 5093 858 5150 habitavit
901 5097 1171 5166 quondam
1211 5097 1679 5168 Elias.'Sareptha
1707 5097 1882 5152 inter-

286 5192 538 5257 pretatur
565 5187 888 5254 incendium,
923 5188 1038 5243 sive
1067 5189 1337 5243 tribulatio
1361 5191 1534 5259 panis.

291 5267 298 5274 ’
361 5275 606 5344 Tharsis,
634 5279 775 5334 unde
803 5296 993 5334 aurum
1025 5280 1306 5336 Salomoni
1334 5281 1699 5336 deferebatur.
1733 5282 1884 5337 Hanc

286 5378 442 5439 putat
467 5367 732 5440 Iosephus
757 5371 1025 5428 Tharsum
1053 5376 1240 5431 urbem
1266 5390 1384 5430 csse
1409 5374 1630 5431 Ciliciae.
1659 5376 1880 5430 That-sis

287 5461 433 5514 cnim
459 5462 866 5533 interpretatur,
893 5466 1182 5536 exploratio
1215 5467 1416 5536 gaudii.

361 5551 568 5607 Thersa
599 5595 614 5620 ,
647 5555 736 5609 ubi
773 5555 879 5611 Asa
904 5556 1068 5612 Israel
1100 5571 1194 5612 rex
1230 5559 1352 5613 fuit.
1387 5559 1593 5615 Thcrsa
1625 5576 1757 5616 vero
1799 5561 1878 5614 in-

286 5649 620 5712 terpretatur
647 5649 1050 5718 contemplatio.

357 5732 763 5798 Acheldemach
793 5753 924 5814 ager
951 5751 1036 5801 est
1060 5743 1358 5818 sanguinis,
1385 5745 1478 5818 qui
1520 5747 1683 5807 hodie
1728 5764 1908 5827 mony

2063 4537 2298 4592 Salamis
2319 4537 2514 4592 civitas
2554 4536 2612 4590 in
2640 4535 2820 4604 Cypro
2849 4534 3048 4590 insula.
3098 4532 3226 4590 Haec
3249 4533 3583 4589 comitaten-

1985 4639 2252 4702 pretamr,
2281 4630 2493 4682 missus.
3401 4669 3409 4678 .
3633 4701 3640 4704 _

2063 4724 2236 4794 Tyrus
2297 4721 2612 4792 metropolis
2658 4719 2926 4776 Phaenicis
2955 4722 3014 4775 in
3039 4718 3186 4774 tribu
3209 4715 3576 4786 Nophthaliiu.

1989 4819 2166 4889 ’ἤνυε
2208 4832 2421 4887 quoque
2473 4817 2862 4885 interpretatur
2893 4856 2910 4880 ,
2960 4813 3249 4883 angustia,
3301 4820 3364 4866 ut
3418 4825 3580 4880 supra

1990 4911 2243 4967 diximus.
3357 4939 3360 4944 -

2060 5002 2230 5056 Troas
2262 5000 2459 5057 civitas
2499 4997 2645 5056 Asiae
2687 4998 2990 5054 maritima.
3039 4997 3212 5054 Troas
3247 5011 3382 5054 vero
3411 4996 3580 5052 inter.-

1984 5101 2248 5166 pretatur,
2277 5094 2497 5164 requies.

2061 5185 2446 5242 Thessalonica
2488 5185 2679 5240 civitas
2733 5183 3081 5239 Macedoniae.
3133 5181 3272 5238 Nam
3301 5181 3579 5244 Thessalo-

1989 5281 2111 5336 nica
2143 5281 2554 5352 inter-pretatur,
2597 5278 2850 5348 festinans
2895 5277 3136 5332 umbram
3172 5277 3432 5333 roborato
3463 5276 3579 5333 sive

1988 5373 2240 5443 formam.

2057 5464 2262 5519 Civitas
2285 5463 2374 5519 vel
2396 5461 2525 5518 urbs
2551 5462 2770 5531 quando
2803 5461 2860 5516 in
2890 5462 3092 5524 bonam
3116 5467 3330 5532 partem.
3367 5456 3578 5526 accitur-

1986 5567 2096 5623 tur,
2134 5567 2228 5612 aut
2268 5565 2512 5612 sanctam
2558 5556 2859 5612 Ecclesiam
2901 5555 3206 5628 signiﬁcat,
3237 5560 3333 5610 aut
3361 5551 3595 5620 ﬁdelem,

1986 5654 2240 5707 annnam.
2272 5651 2424 5707 Unde
2453 5653 2504 5705 in
2529 5651 2737 5722 psalmo
2766 5651 3034 5722 scriptum
3052 5656 3139 5710 est
3170 5666 3182 5702 :
3207 5645 3434 5717 Magnus
3465 5645 3576 5698 llo-

1983 5749 2161 5803 minus
2208 5755 2257 5804 et
2295 5745 2586 5804 laudabilis
2613 5743 2864 5804 nimis-in
2910 5743 3140 5817 ciritatc_
3162 5739 3268 5798 Dei
3298 5738 3490 5811 nam,
3514 5753 3572 5794 τη
