4074 6324
522 259 628 317 383

1158 251 1221 307 B.
1261 249 1515 306 RABANI
1555 248 1774 306 MAURI
1811 246 2132 306 ARCHIEP.
2172 244 2479 304 MOGUNT.
2518 245 2804 307 OPEBUM
2841 248 3022 307 PARS
3057 249 3122 306 ll.

3688 251 3804 310 384

520 380 694 432 monte
721 378 900 426 sancto
941 367 1054 438 ejus
1099 359 1274 439 (Psal.
1305 365 1518 436 exntv);
1549 372 1608 420 et
1643 365 1772 424 item
1800 381 1813 416 :
1841 361 2106 416 Fluminis
2133 363 2190 427 Α
2209 361 2374 418 situm
2395 401 2411 428 ,
2458 362 2616 434 quasi
2643 357 2828 423 Casam
2864 363 3028 420 altam
3053 403 3070 429 ,
3106 361 3262 433 cujus
3283 363 3512 436 pluralis
3535 381 3805 429 numerus

517 465 741 534 impetus
779 459 1013 529 laetiﬁcat
1040 459 1297 512 civitatem
1335 458 1436 512 Dei
1468 456 1640 531 (Psal.
1679 457 1836 527 xnv);
1887 455 1988 510 hoc
2025 463 2110 510 est

521 553 759 625 Spiritus
788 553 962 608 sancti
997 551 1175 624 gratia
1217 551 1458 607 laetiﬁcat
1506 557 1752 607 sanctam
1805 547 2108 604 Ecclesiam

519 645 637 710 Dei,
669 644 755 701 vel
780 643 1066 715 cujuslibet
1114 645 1286 700 sancti
1316 643 1421 698 viri
1463 643 1678 699 ﬁdelem
1724 641 1983 698 animam.
2030 644 2108 699 De

520 755 629 810 quo
680 737 734 794 in
781 737 1107 810 Apocalypsi
1176 737 1642 794 abundantissime
1693 738 1956 810 scriptum
2001 747 2104 793 est.

524 831 680 889 Unde
711 828 842 886 illud
869 849 885 886 :
910 827 1030 884 Vidi
1060 829 1322 886 civitatem
1343 831 1642 887 Jerusalem
1672 849 1861 887 novam
1887 832 2106 888 descen-

519 925 728 1003 dentem
755 923 820 979 de
849 923 975 979 calo
997 933 1260 992 ornatam,
1294 934 1546 996 tanquam
1575 941 1819 996 sponsam
1862 925 1974 980 viro
2010 941 2108 980 suo

434 1066 443 1074 κ
521 1005 710 1088 (Apoc:
755 1015 891 1088 χχι).
947 1015 1208 1073 Civitates
1259 1032 1390 1073 vero
1435 1013 1633 1073 ludam
1687 1017 1938 1076 similiter
1983 1025 2110 1077 sunt

520 1108 774 1166 Ecclesiae
813 1109 1016 1167 Christi
1047 1111 1134 1166 vel
1158 1112 1354 1168 animm
1379 1111 1640 1169 ﬁdelium.
1668 1112 1822 1168 Unde
1845 1113 2107 1183 scriptum

519 1211 605 1258 est
644 1203 698 1257 in
727 1203 937 1274 psalmo
981 1221 998 1259 :
1049 1203 1486 1275 Ediﬁcabuntur
1539 1207 1772 1261 civitates
1815 1205 1976 1260 Iuda:
2001 1247 2016 1272 ,
2053 1214 2111 1262 et

520 1295 730 1368 reliqua
760 1293 947 1370 (Psal.
987 1296 1200 1372 vam).
1245 1295 1407 1354 Cives
1448 1307 1632 1356 autem
1667 1298 1855 1356 ﬁdeles
1879 1299 2110 1370 mystice

521 1384 796 1444 dicuntur.
832 1385 987 1444 Unde
1005 1389 1082 1445 ait
1107 1387 1396 1462 Apostolus
1425 1409 1438 1444 :
1467 1389 1574 1446 Sed
1595 1393 1716 1446 estis
1741 1393 1873 1448 cives
1903 1402 2110 1448 sancto-

520 1493 639 1532 rum
688 1487 738 1533 et
773 1478 1042 1535 domestici
1079 1479 1178 1534 Dei
1207 1479 1370 1552 (Ερη.
1407 1479 1492 1552 ιι).
1551 1480 1758 1536 Civitas
1804 1483 1970 1538 corda
2022 1483 2108 1536 vel

519 1583 751 1641 corpora
794 1569 1119 1642 impiorum,
1168 1579 1228 1626 ut
1278 1570 1332 1628 in
1370 1571 1579 1642 psalmo
1609 1590 1624 1626 :
1655 1570 1900 1630 Civitates
1929 1590 2110 1628 eorum

519 1662 828 1717 destruxt'stt'
858 1661 1033 1738 (Psal.
1067 1664 1167 1735 Ix).
1215 1663 1284 1720 Et
1315 1666 1370 1719 in
1409 1665 1703 1738 Evangelio
1728 1683 1742 1720 :
1769 1665 1839 1720 Et
1875 1667 2108 1722 civitates

2211 462 2413 519 castra,
2445 453 2826 510 diminutivum
2855 457 3138 512 castellum
3170 465 3272 513 est.
3313 454 3505 516 Castra
3549 459 3676 542 sive.
3707 478 3805 518 ca-

2159 550 2166 561 '
2209 546 2366 602 stella
2395 547 2850 606 cohabitationem
2876 549 3144 606 bonorum
3167 551 3450 636 hominum
3474 553 3558 610 vel
3579 563 3806 626 sancto-

2209 654 2330 694 rum
2357 640 2668 713 angelorum
2693 652 2920 714 possunt
2940 643 3267 716 signiﬁcare.
3365 640 3370 644 ⁷
3409 708 3436 717 η
3715 709 3720 717 ,

2281 727 2437 788 Unde
2459 731 2658 804 legitur
2685 734 2739 789 in
2771 733 2984 800 Exodo,
3014 745 3193 792 castra
3221 735 3458 806 ﬁliorum
3485 726 3806 815 IsraeLlubi

2209 833 2390 881 castra
2417 827 2607 882 metati
2637 837 2785 896 sunt,
2823 837 2878 885 et
2903 829 2956 884 in
2986 827 3206 900 Genesi,
3245 829 3338 887 ubi
3373 829 3540 888 Iacob
3565 808 3808 906 'paitr'iare

2209 917 2312 974 cha
2351 919 2564 975 obviam
2612 921 2715 976 sibi
2758 920 2948 978 habuit
2980 922 3203 994 angelos
3238 921 3336 984 Dei
3368 921 3524 1000 (Gen.
3556 925 3751 1002 xxviii)
3784 969 3804 994 ,

2210 1015 2497 1086 appellavit
2545 1032 2745 1076 nomen
2791 1017 2895 1076 loci
2935 1019 3081 1076 illius
3109 1017 3366 1090 Manaint,
3401 1021 3457 1082 id
3481 1029 3800 1086 estcams.

2209 1102 2401 1162 Castra
2425 1107 2543 1174 Dei,
2567 1125 2688 1180 quae
2715 1109 2850 1168 vidit
2875 1108 3045 1168 Jacob
3073 1113 3133 1168 in
3157 1111 3374 1180 itinere,
3399 1113 3547 1171 nulla
3579 1112 3804 1181 dubita,

2209 1199 2286 1255 tio
2309 1209 2414 1267 est,
2447 1203 2588 1271 quod
2618 1203 2935 1276 angelorum
2964 1203 3132 1262 fuerit
3161 1204 3476 1275 multitudo,
3507 1219 3574 1268 ea
3600 1205 3810 1281 quippe

2209 1290 2264 1347 in
2293 1288 2590 1360 Scripturis
2617 1293 2812 1350 militia
2843 1296 2965 1352 coeli
2988 1297 3324 1356 nominatur.
3356 1352 3382 1367 ,,
3713 1351 3724 1358 .
3753 1361 3756 1368 ,

2207 1425 2216 1431 .
2278 1378 2410 1452 Pagi
2441 1393 2568 1438 sunt
2596 1392 2722 1454 apta
2757 1384 3000 1442 aediﬁciis
3039 1386 3159 1444 loca
3193 1387 3342 1447 inter
3367 1403 3530 1460 agros
3551 1389 3806 1458 habitan-

2213 1473 2377 1540 tibus,
2417 1474 2533 1532 bmc
2560 1486 2615 1532 et
2645 1478 3004 1536 conciliabula
3041 1479 3184 1536 dicta
3215 1496 3248 1536 a
3285 1487 3556 1542 contentu
3581 1489 3663 1549 ,et
3710 1495 3805 1553 so;

2211 1563 2408 1620 cietate
2433 1567 2727 1623 multorum
2752 1569 2806 1624 in
2834 1586 3022 1625 unum.
3058 1569 3306 1650 Compita
3344 1579 3489 1638 sunt,
3543 1570 3814 1650 ψήφῳ.

2211 1669 2298 1714 est
2324 1669 2620 1718 conventus
2655 1663 2776 1722 ﬁeri
2825 1665 3195 1725 rusticorum:
3235 1673 3312 1740 et.
3347 1663 3497 1723 dicta
3527 1661 3816 1742 compita,

517 1769 698 1835 eorum
727 1751 835 1826 igni
865 1755 1180 1810 succendisti
1205 1753 1420 1827 (Matth.
1466 1745 1623 1829 inm).
1659 1756 1887 1824 Quando
1927 1765 2110 1816 autem
2137 1739 2185 1799 Β
2213 1751 2354 1823 quod
2394 1753 2512 1810 loca
2551 1755 2721 1814 multa
2768 1757 2824 1812 in
2872 1759 3018 1829 agris
3069 1773 3259 1817 eorum
3289 1739 3636 1830 competunt,

519 1844 573 1899 in
599 1847 931 1902 contrariam
972 1856 1184 1918 partem
1213 1849 1406 1905 civitas
1432 1851 1669 1921 ponitur,
1713 1850 1985 1924 significat
2011 1852 2112 1908 Ba-

411 2001 420 2010 .
518 1937 770 2010 bylonem
813 1937 1150 2008 spiritalem,
1185 1941 1376 1998 urbem
1421 1943 1674 2000 videlicet
1704 1943 1948 2010 diaboli,
1992 1960 2113 2016 qua:

521 2038 798 2100 mergetur
850 2030 908 2086 in
948 2029 1274 2104 profundum
1323 2035 1542 2108 abyssi,
1595 2036 1688 2094 ubi
1725 2044 1808 2092 est
1847 2036 2114 2097 habitatio

519 2122 912 2182 daemoniorum
961 2133 1017 2181 et
1063 2127 1242 2186 omnis
1304 2128 1528 2198 spiritus
1587 2128 1892 2198 immundi,
1949 2147 2114 2203 super

518 2227 685 2284 quam
737 2213 942 2272 ﬂebunt
991 2231 1146 2288 reges
1200 2225 1402 2288 terrae,
1455 2221 1550 2290 qui
1589 2237 1714 2280 cum
1742 2221 1833 2276 illa
1863 2221 2115 2280 fornicati

517 2315 665 2380 sunt,
693 2317 750 2364 et
779 2310 1144 2384 negotiatores
1185 2319 1345 2368 teme
1387 2311 1594 2370 ﬂebunt
1629 2323 1684 2370 ct
1730 2313 1994 2386 lugebunt
2023 2331 2115 2372 su-

518 2417 618 2473 per
647 2402 795 2462 illam
819 2405 1002 2477 (Apoc.
1035 2407 1213 2478 xvru).
1249 2407 1395 2465 Dicit
1435 2407 1582 2464 enim
1611 2407 1904 2480 Apostolus
1943 2427 1955 2463 :
1991 2409 2116 2464 Non

487 2496 766 2556 .ltabemua
794 2499 1053 2556 civitatem
1081 2500 1164 2556 hic
1202 2510 1520 2569 manentem,
1561 2501 1653 2557 scd
1687 2502 1922 2572 futuram
1942 2503 2118 2574 inqui-

516 2588 685 2653 rimus
712 2588 876 2662 (Heb.
906 2590 1028 2664 xm)
1047 2631 1064 2659 ,
1093 2592 1198 2650 hoc
1225 2602 1332 2661 est,
1357 2593 1634 2652 cmlestem
1656 2595 1908 2667 patriam,
1938 2604 1994 2652 et
2032 2612 2117 2653 so-

518 2679 772 2738 cietatem
819 2691 1135 2740 sanctorum
1203 2685 1540 2756 angelorum.
1599 2685 1950 2758 Municipium
1989 2695 2073 2744 est
2096 2728 2114 2756 ,

517 2772 684 2842 quod,
713 2783 970 2833 manente
1003 2783 1151 2832 statu
1189 2777 1449 2845 civitatis,
1487 2778 1580 2850 jus
1621 2777 1840 2849 aliquod
1883 2779 2115 2836 minoris

517 2871 616 2924 aut
650 2865 878 2938 majoris
905 2865 1070 2924 oﬁicii
1091 2883 1127 2924 a
1152 2869 1397 2940 principe
1433 2870 1707 2942 impetrat.
1754 2871 1970 2928 Dictum
2018 2887 2115 2926 au-

517 2965 628 3016 tem
657 2960 1012 3033 municipium
1043 2977 1076 3018 a
1101 2963 1438 3030 muneribus,
1471 2963 1526 3021 id
1553 2973 1661 3031 est,
1707 2963 1922 3031 ciliciis,
1966 2965 2114 3034 quod

2164 1843 2534 1917 “convenitur
2560 1862 2591 1900 a
2620 1848 2858 1904 rusticis.
2895 1827 3222 1906 suburbana
3274 1827 3804 1922 suntfcircumlecta
3859 1827 3908 1886 θ’

2211 1936 2297 1992 vel
2323 1935 2467 2006 jecta
2507 1939 2744 1998 civitatis
2784 1939 3036 2008 aediﬁcia,
3065 1941 3226 2012 quasi
3264 1939 3365 1998 sub
3403 1937 3558 1996 urbe.
3597 1937 3803 2017 Subur-

2214 2030 2354 2086 bana
2405 2041 2608 2098 autem,
2661 2047 2783 2104 qua:
2830 2031 3062 2091 aediﬁcia
3109 2042 3237 2090 sunt
3275 2041 3330 2088 et
3369 2031 3491 2088 loca
3520 2031 3803 2105 civitatis,

2213 2133 2442 2194 possunt
2473 2125 2785 2196 signiﬁcare
2830 2126 3170 2184 diversarum
3205 2125 3448 2202 gentium
3481 2125 3620 2186 situs
3640 2166 3657 2193 ,
3705 2124 3804 2196 qui

2215 2216 2285 2272 ad
2311 2216 2548 2272 civitatis
2579 2217 2694 2284 Dei,
2728 2218 2833 2276 hoc
2867 2225 3181 2274 estsanctae
3207 2217 3487 2284 Ecclesiae,
3520 2232 3654 2283 usus
3679 2231 3806 2286 pos-

2216 2315 2344 2362 sunt
2386 2308 2662 2379 pertinere
2691 2349 2706 2375 ,
2745 2309 2963 2378 quando
2991 2325 3092 2382 per
3120 2309 3538 2384 praedicatorum
3567 2308 3806 2385 studium

2217 2403 2282 2460 ad
2310 2403 2716 2476 perceptionem
2741 2403 2894 2462 verbi
2937 2403 3036 2462 Dei
3077 2411 3444 2476 provocamur
3469 2411 3525 2473 cl
3546 2403 3811 2481 catechu-,

2216 2495 2364 2552 meni
2413 2496 2550 2552 ﬁunt
2579 2513 2593 2552 :
2627 2496 2836 2567 sicque,
2871 2495 2917 2554 si
2945 2495 3053 2556 ﬁde
3077 2495 3580 2568 perseveraverint,
3609 2494 3805 2564 unitati

2215 2597 2418 2646 sanctae
2447 2587 2704 2646 Ecclesia
2731 2587 3102 2646 sociabuntur.
3133 2587 3332 2646 Moenia
3356 2595 3483 2646 sunt
3507 2586 3648 2647 muri
3675 2585 3824 2661 civi:

2216 2681 2366 2747 tatis,
2393 2680 2536 2736 dicta
2567 2679 2636 2734 ab
2660 2694 2748 2747 eo,
2799 2679 2944 2751 quod
2978 2679 3227 2735 muniant
3273 2679 3549 2738 civitatem
3581 2719 3597 2744 ,
3648 2676 3804 2750 quasi

2215 2772 2552 2829 munimenta
2597 2771 2783 2840 urbis,
2829 2771 2884 2827 id
2919 2779 3035 2838 est,
3078 2779 3397 2828 tutamenta.
3437 2769 3675 2826 Munium
3709 2785 3803 2847 au-

2217 2873 2326 2920 tem
2361 2863 2564 2921 dictum
2584 2906 2599 2932 ,
2649 2865 2809 2934 quasi
2859 2879 3025 2921 manu
3069 2863 3274 2921 factum
3294 2904 3310 2930 ,
3357 2864 3437 2920 sic
3476 2871 3534 2920 et
3583 2862 3725 2918 muri
3769 2875 3802 2918 a

2215 2957 2517 3014 munitione
2567 2957 2741 3024 dicti,
2786 2957 2943 3028 quasi
2986 2956 3217 3021 muniti,
3269 2955 3416 3026 quod
3451 2953 3708 3020 muniant
3747 2960 3803 3009 et

515 3060 730 3112 tantum
773 3055 960 3112 munia
985 3096 1001 3124 ,
1053 3057 1108 3114 id
1133 3065 1246 3124 est,
1280 3057 1480 3116 tributa
1522 3059 1705 3116 debita
1748 3057 1834 3114 vel
1885 3073 2108 3116 munera
2135 3103 2180 3169 C
2217 3057 2472 3106 tueantur
2509 3049 2772 3106 interiora
2819 3049 2991 3106 urbis.
3051 3048 3250 3106 Moenia
3300 3046 3805 3118 autem.duplicem

517 3146 746 3169 ..,.,1,‹1-..ι
813 3145 943 3169 λγ---
998 3147 1246 3169 I2|_-_-I__
1284 3158 1329 3169 ,ι
1373 3148 1641 3169 n__-___!__9
1661 3165 1742 3169 Au
1807 3167 1964 3169 __,,_,A
2067 3160 2100 3169 η.
2212 3143 2411 3169 1.,.Ι.η..ι
2443 3141 2889 3169 ..ει-..ξΩΑιιιζΛ-...Μ
2965 3139 3100 3169 Μαι-ιη
3145 3140 3412 3169 ζηιη-Ᾱιιννι
3458 3139 3658 3169 Μαι-εἶσι
3705 3139 3798 3169 ηιμ

517 3146 771 3205 reddant.
812 3145 949 3207 Nam
995 3147 1250 3208 liberales
1275 3158 1334 3206 et
1373 3148 1750 3208 famosissima;
1795 3167 2006 3219 causa,
2050 3160 2106 3208 οι
2135 3139 2180 3169 υ
2211 3143 2415 3203 habent
2442 3141 2914 3214 signiﬁcationem.
2965 3139 3103 3196 Nam
3145 3140 3416 3211 interdum
3457 3139 3664 3196 moenia
3701 3139 3802 3194 abs

509 3252 639 3308 qua:
662 3254 730 3295 ex
760 3240 1006 3312 principe
1054 3241 1477 3312 proﬁciscuntur
1503 3284 1520 3309 ,
1568 3242 1641 3296 ibi
1687 3257 1796 3298 non
1847 3250 2102 3315 aguntur.

519 3329 647 3386 llaec
671 3332 816 3387 enim
859 3333 929 3388 ad
973 3333 1291 3404 dignitatem
1327 3335 1564 3392 civitatis
1591 3335 1886 3404 pertinent.
1911 3334 2028 3391 Vici
2053 3343 2110 3392 et

513 3423 740 3489 castella
769 3434 826 3484 et
850 3427 973 3499 pagi
1004 3435 1162 3495 sunt,
1213 3443 1338 3500 quae.
1373 3427 1520 3482 nulla
1565 3427 1829 3498 dignitate
1870 3427 2109 3486 civitatis

518 3516 874 3586 honoramur,
921 3518 1015 3574 sed
1059 3518 1270 3590 vulgari
1320 3518 1598 3576 hominum
1641 3528 1913 3577 conventu
1954 3518 2107 3575 inco-

518 3605 726 3675 luntur,
753 3616 814 3668 et
845 3617 1068 3680 propter
1093 3609 1417 3680 parvitatem
1445 3610 1532 3668 sui
1571 3611 1766 3682 majori
1793 3611 2001 3670 civitati
2028 3619 2112 3666 at-

521 3697 854 3774 tribuuntur.
883 3699 1235 3772 Municipium
1269 3700 1522 3758 similiter
1567 3701 1842 3774 signiﬁcat
1867 3701 2108 3758 futuram

519 3785 576 3844 in
603 3787 762 3854 cuuis
785 3789 1041 3860 patriam,
1081 3797 1140 3846 et
1162 3790 1393 3860 gloriam
1422 3800 1741 3864 perpetuam
1767 3801 2106 3850 sanctorum.

519 3873 677 3940 Unde
719 3884 774 3934 et
815 3877 1109 3951 Apostolus
1149 3881 1224 3938 ait
1257 3900 1272 3936 :
1303 3881 1498 3938 Noster
1530 3893 1708 3940 autem
1753 3885 2109 3956 municipatus

515 3969 744 4031 iu.ctelis
761 3979 861 4028 est.
891 3969 1042 4028 Unde
1059 3983 1421 4046 exspectamus
1443 3975 1730 4032 Dominum
1755 3973 2106 4044 Salutarem,

515 4063 606 4133 qui
633 4063 939 4134 reformabit
986 4080 1174 4138 corpus
1210 4065 1523 4124 humilitatis
1569 4075 1763 4122 nostra:
1806 4065 2110 4137 conﬁgunt»

515 4163 630 4215 tum
665 4157 881 4226 corpori
919 4156 1180 4214 claritatis
1226 4174 1340 4213 sua:
1387 4155 1554 4229 (Phil.
1591 4157 1696 4228 ιιι).
1730 4158 1894 4214 Vicus
1929 4166 2109 4215 autem

515 4245 697 4305 dictus
715 4246 785 4302 ab
799 4246 994 4304 vicinis
1018 4255 1229 4304 tantum
1259 4247 1704 4314 habitationibus,
1722 4247 1807 4304 vel
1832 4249 1978 4318 quod
1995 4249 2111 4311 vias

519 4337 720 4404 habeat
742 4347 954 4394 tantum
981 4340 1102 4396 sine
1117 4339 1308 4394 muris.
1333 4339 1434 4393 Est
1459 4346 1641 4395 autem
1663 4339 1783 4395 sine
1807 4341 2108 4396 munitione

2207 3234 2360 3292 usivc
2386 3233 2639 3290 dicuntur
2659 3234 2846 3290 omnia
2883 3231 3112 3288 aediﬁcia
3139 3231 3360 3303 publica
3390 3230 3660 3300 civitatis,
3690 3238 3751 3286 ut
3781 3247 3800 3286 :

2329 3342 2604 3394 Dividimus
2623 3353 2812 3405 muros,
2838 3345 2893 3392 et
2913 3341 3096 3394 moenia
3118 3339 3376 3402 pandimus
3399 3338 3535 3393 urbis
3560 3351 3574 3393 ς
3625 3373 3632 3383 ι

2207 3425 2426 3496 proprie
2445 3433 2626 3480 autem
2642 3423 2843 3482 moenia
2863 3430 2988 3482 sunt
3005 3429 3214 3482 tantum
3228 3421 3370 3490 muri
3385 3433 3605 3484 murus
3613 3426 3803 3488 autem

2208 3516 2454 3574 turribus
2475 3513 3004 3587 propugnaculisque
3032 3520 3261 3576 ornatur
3278 3529 3292 3568 :
3309 3509 3620 3582 promumle
3648 3525 3801 3576 vero.

2209 3608 2353 3678 quod
2381 3607 2454 3664 sit
2478 3622 2579 3678 pro
2611 3605 2914 3662 munitione
2940 3605 3102 3664 muri.
3129 3603 3225 3662 Est
3259 3603 3404 3661 enim
3439 3616 3599 3666 muro
3623 3600 3803 3672 proxi:

2209 3716 2358 3758 mum
2381 3708 2510 3756 ante
2531 3715 2771 3756 murum.
2787 3697 2986 3754 Maenia
3005 3711 3140 3768 ergo
3157 3694 3400 3754 civitatis
3421 3704 3628 3752 sancta:
3643 3693 3806 3765 juxta

2210 3806 2429 3848 sensum
2457 3789 2750 3863 mysticum
2793 3797 2890 3844 aut
2935 3785 3314 3856 conventicula
3339 3794 3466 3844 sunt
3505 3783 3798 3857 justorum,

2210 3893 2305 3944 aut
2357 3885 2598 3942 culmina
2662 3899 2944 3940 sacrarum
3004 3883 3292 3938 virtutum.
3356 3879 3546 3938 Murus
3618 3885 3802 3937 autem

2210 3979 2379 4050 ipsius
2429 3977 2670 4036 civitatis
2721 3975 3200 4048 inexpugnabilem
3255 3973 3384 4034 ﬁdei
3416 4014 3433 4039 ,
3512 3973 3803 4038 (εδει-ἰωὴ

2207 4072 2434 4144 speique
2477 4069 2794 4126 ﬁrmitatem
2827 4068 3118 4141 signiﬁcat.
3148 4067 3336 4124 Potest
3377 4075 3435 4122 et
3466 4066 3584 4136 ipse
3614 4065 3798 4125 Domi-

2208 4181 2313 4222 nus
2335 4205 2350 4231 ,
2380 4163 2678 4220 Ecclesium
2724 4163 2966 4233 undique
2997 4170 3324 4234 protegens,
3357 4177 3548 4226 murus
3573 4175 3804 4232 magnus

2207 4255 2454 4328 intelligi,
2485 4256 2553 4311 de
2576 4271 2685 4326 quo
2712 4254 2882 4312 Isaias
2908 4255 2988 4310 ait
3024 4272 3038 4309 :
3082 4252 3220 4310 Urbs
3248 4252 3580 4323 fortitudinis
3611 4263 3804 4313 nostra

2207 4346 2446 4404 salvatur
2471 4386 2488 4413 ,
2533 4355 2757 4417 ponetur
2785 4346 2844 4399 in
2870 4361 2935 4400 ea
2967 4360 3153 4400 murus
3182 4343 3321 4416 (Ita.
3346 4342 3498 4414 χχιιι)
3519 4359 3534 4408 ;
3559 4351 3622 4400 et
3645 4351 3802 4404 ante-

518 4443 824 4495 tuurorum,
853 4429 981 4485 licet
1015 4438 1073 4485 et
1115 4430 1221 4487 vici
1268 4431 1518 4488 dicantur
1568 4432 1699 4502 ipsa:
1742 4431 2108 4489 habitationes
2129 4469 2186 4534 Β
2210 4439 2420 4496 murale
2447 4479 2468 4505 ,
2515 4438 2570 4494 id
2621 4446 2728 4504 est,
2766 4438 2979 4494 Domini
3032 4437 3302 4509 protectio
3327 4477 3344 4506 ,
3398 4444 3454 4492 et
3481 4435 3803 4494 intercessio

517 4519 692 4582 urbis.
723 4521 912 4578 Dictus
951 4529 1136 4580 autem
1170 4522 1324 4579 vicus
1381 4539 1448 4580 eo
1508 4524 1653 4594 quod
1676 4524 1748 4580 sit
1775 4524 1894 4580 vice
1921 4525 2110 4582 civita-

443 4691 454 4700 .
517 4615 623 4682 tis,
672 4615 758 4672 vel
800 4617 942 4686 quod
981 4617 1098 4674 vias
1129 4619 1326 4676 habeat
1357 4627 1564 4677 tantum
1607 4620 1726 4680 sine
1769 4619 1960 4678 muris.
1990 4617 2108 4676 Vici

515 4718 698 4766 autem
731 4709 817 4766 vel
861 4711 1001 4766 villa:
1031 4713 1272 4783 gentium
1311 4712 1430 4770 vias
1459 4713 1544 4770 vel
1589 4713 1728 4770 situs
1751 4712 1838 4770 vel
1863 4721 2107 4769 terrenas

518 4802 760 4858 actiones
811 4803 1041 4875 mystice
1087 4805 1394 4875 exprimere
1438 4814 1712 4877 possunt,
1765 4804 1895 4876 quia
1950 4813 2104 4861 extra

515 4894 758 4952 civitatis
775 4894 958 4954 locum
987 4898 1176 4968 posita:
1200 4906 1349 4964 sunt,
1381 4898 1436 4954 id
1459 4906 1563 4962 est,
1587 4905 1744 4951 extra
1769 4897 2105 4955 communio-

517 5001 642 5046 nem
677 4989 852 5056 plebis
890 4989 988 5046 Dei
1035 4988 1299 5046 habitant.
1331 4987 1486 5044 Unde
1510 4996 1597 5044 est
1623 4987 1788 5054 illud,
1812 4989 1962 5058 quod
2003 4988 2110 5048 Do-

517 5078 698 5137 mitius
718 5079 874 5150 jubet
913 5080 970 5138 in
995 5077 1318 5147 Evangelica
1343 5078 1625 5148 parabola,
1647 5079 1864 5150 quando
1891 5079 1991 5147 illi,
2009 5080 2107 5152 qui

517 5170 591 5231 ad
607 5173 832 5242 nuptias
855 5171 1037 5228 vocati
1063 5179 1208 5236 sunt,
1237 5171 1500 5228 nolebant
1524 5171 1738 5240 venire,
1759 5187 1950 5232 servos
1975 5189 2108 5231 suos

515 5263 671 5329 exire
712 5264 770 5320 iu
815 5263 1026 5334 plateas
1066 5272 1122 5319 et
1159 5263 1310 5318 vicos
1341 5263 1614 5331 civitatis,
1647 5273 1707 5320 ut
1745 5281 2103 5338 quoscunque

516 5358 849 5425 invenerint,
877 5369 1134 5414 vocarent
1155 5360 1222 5415 ad
1244 5362 1459 5432 nuptias
1483 5361 1636 5435 (Luc.
1665 5364 1780 5437 xlv)
1815 5384 1829 5420 :
1867 5367 1970 5422 hoc
1991 5375 2099 5434 est,

515 5449 834 5507 retardante
863 5449 1088 5504 Judaica
1114 5451 1272 5520 plebe
1302 5453 1490 5509 venire
1518 5455 1586 5510 ad
1620 5455 1838 5526 nuptias
1865 5455 2097 5520 Domini,

517 5541 739 5597 mandat
789 5541 1032 5612 gentium
1069 5543 1469 5601 multitudinem
1505 5547 1556 5601 in
1602 5547 1782 5603 locum
1811 5548 1954 5603 illius
1982 5549 2105 5604 sub-

517 5633 726 5700 intrare
741 5673 758 5698 ,
781 5639 842 5688 ut
869 5634 1220 5704 iutplerentur
1243 5640 1440 5709 nuptiae
1468 5640 1942 5698 discumbentium.

399 5711 443 5796 ii
515 5771 522 5780 .
586 5724 843 5790 Castrum
881 5728 1090 5803 antiqui
1125 5731 1376 5794 dicebant
1410 5735 1666 5806 oppidum
1690 5734 1810 5794 loco
1839 5734 2104 5794 altissimo

2211 4543 2525 4588 sanctorum
2549 4531 3009 4604 patriarcharum
3036 4537 3091 4586 et
3117 4530 3506 4600 prophetarum
3534 4529 3622 4588 vel
3647 4537 3806 4586 ante-

2209 4638 2400 4680 rorum
2429 4631 2743 4678 sanctorum
2793 4621 3212 4694 praedicatorum
3235 4661 3250 4688 ,
3286 4621 3378 4691 qui
3407 4629 3465 4680 et
3494 4621 3572 4678 ita
3594 4621 3803 4681 faciunt

2212 4714 2453 4772 docendo
2483 4715 2648 4771 corda
2683 4713 3042 4772 credentium.
3081 4713 3184 4772 Vel
3231 4728 3422 4770 murus
3448 4713 3722 4786 signiﬁcat
3747 4712 3808 4770 ﬁ-

2211 4805 2334 4860 dem
2359 4845 2376 4873 ,
2425 4814 2482 4862 et
2527 4805 2863 4864 antemurale
2900 4806 3043 4862 bona
3071 4820 3256 4877 opera.
3291 4803 3412 4862 Non
3437 4804 3583 4870 enim
3607 4804 3838 4868 sutﬁeit,

2213 4911 2428 4952 murum
2455 4896 2658 4952 habere
2685 4895 2832 4963 ﬁdei,
2867 4895 2975 4950 nisi
3019 4895 3138 4966 ipsa
3175 4895 3314 4952 ﬁdes
3342 4894 3504 4952 bonis
3548 4893 3820 4965 operibus-

2209 4987 2580 5044 conﬁrmetur.
2610 4987 2710 5044 llic
2731 5003 2921 5046 murus
2949 4996 3005 5044 et
3030 4986 3135 5044 hoc
3175 4985 3517 5046 antemurale
3550 4986 3670 5044 sive
3697 4987 3804 5042 cir-

2208 5079 2543 5138 cummurale
2569 5079 2634 5136 de
2671 5080 2810 5136 vivis
2841 5080 3112 5151 lapidibus
3137 5080 3493 5152 exprimitur,
3524 5079 3618 5150 qui
3644 5077 3802 5150 juxta

2207 5174 2534 5245 prophetam
2564 5173 2853 5230 volvuntur
2899 5189 3064 5246 super
3091 5183 3319 5230 terram.
3347 5173 3485 5232 Item
3511 5172 3656 5233 muri
3689 5189 3806 5230 mu-
3857 5225 3862 5241 ,

2211 5268 2451 5327 nimenta
2493 5278 2622 5326 sunt
2649 5269 2945 5341 Scripturae
2970 5270 3188 5338 divinae,
3213 5271 3299 5327 vel
3328 5271 3630 5341 prophetae,
3659 5267 3802 5324 sicut

2209 5362 2406 5434 legitur
2451 5362 2506 5418 in
2561 5361 2770 5433 psalmo
2827 5379 2841 5416 :
2900 5361 3262 5432 ﬁdi/iocatur
3303 5362 3445 5418 muri
3499 5358 3800 5418 Jerusalem

2209 5454 2383 5526 (Psal.
2404 5453 2480 5529 L).
2511 5454 2714 5511 Turres
2739 5464 2965 5522 vocatae,
2995 5455 3142 5526 quod
3159 5462 3367 5516 teretes-
3388 5455 3498 5512 sint
3514 5463 3578 5510 et
3598 5453 3798 5524 longa

2209 5547 2377 5606 Teres
2417 5557 2502 5605 est
2524 5549 2672 5605 enim
2715 5547 2920 5619 aliquid
2969 5548 3264 5604 rotundum
3287 5563 3416 5604 cum
3441 5545 3799 5617 proceritate,

2206 5650 2269 5695 ut
2315 5641 2586 5696 columna.
2626 5640 2762 5694 Nam
2813 5650 2869 5695 et
2923 5641 3172 5710 quamvis
3211 5641 3495 5711 quadrata:
3541 5648 3638 5697 aut
3673 5637 3800 5696 lata

2208 5741 2598 5792 construantur
2623 5774 2640 5801 ,
2692 5734 2884 5804 procul
2936 5741 3122 5793 tamen
3184 5733 3492 5792 videntibus
3549 5729 3802 5789 Munda
