4074 6324
291 412 433 471 585'

1249 413 1337 469 DE
1377 411 1724 469 UNIVERSO
1761 408 1941 467 LIBRI
1983 410 2144 466 XXII.
2184 440 2257 455 -ο
2293 411 2420 467 LIB.
2462 410 2597 466 XIV.

289 524 671 581 existimantur
700 542 728 579 ~:
782 525 920 597 ideo,
953 525 1077 596 quia
1104 540 1265 580 omne
1292 524 1553 596 cujusque
1588 525 1768 597 anguli
1797 526 1864 581 si-
1890 530 1943 590 Α
1968 542 2096 581 vero
2138 528 2327 582 mortis
2359 535 2440 582 est
2468 525 2713 583 diabolus
2750 526 2836 584 vel
2873 528 3054 584 omnis
3097 527 3348 587 illecebra
3391 547 3559 601 saecli;

290 615 595 670 mulaerum
643 630 742 685 per
788 615 1004 689 longum
1079 615 1221 670 aeris
1280 616 1514 686 spatium
1592 614 1865 670 evanescit

288 715 459 778 atque
502 710 838 765 consumitur
863 750 878 775 ,
926 718 981 764 et
1012 712 1296 765 rotundum
1323 709 1553 764 videtur.
1593 708 1652 764 In
1702 709 1877 764 turris-

285 786 683 873 sigurﬁcatiOne
711 800 828 872 ipse
853 800 1101 856 Salvator
1130 802 1466 873 intelligitur,
1495 810 1554 856 ut
1586 811 1671 856 est
1696 800 1824 855 illud
1842 818 1859 863 ,ε

289 890 475 949 Turris
504 894 791 965 fortissim
822 912 1008 951 nomen
1034 894 1247 950 Domini
1280 893 1466 968 (Prov.
1520 895 1697 966 xvm).
1730 894 1863 949 Item

287 982 455 1039 turris
503 981 785 1056 Scriptura
817 983 996 1041 divina
1026 1027 1041 1052 ,
1075 994 1135 1041 ut
1172 986 1227 1041 in
1263 987 1599 1042 canticorum
1628 984 1867 1042 Canticis

282 1074 483 1130 dicitur
511 1089 527 1128 :
553 1072 761 1130 Collum
800 1084 949 1130 tuum
977 1076 1111 1130 sicut
1147 1076 1307 1130 turris
1356 1075 1524 1130 David
1560 1070 1736 1147 (Cant.
1767 1076 1864 1146 Iv).

284 1162 380 1218 Vel
414 1162 791 1221 excellentiam
827 1165 1086 1220 virtutum
1138 1165 1445 1235 significat,
1496 1165 1583 1221 vel
1630 1167 1869 1222 eminenc

281 1252 415 1309 tiam
458 1254 777 1323 doctorum,
828 1258 921 1327 qui
964 1257 1199 1328 primum
1230 1257 1408 1314 locum
1434 1266 1620 1314 tenent
1664 1259 1718 1313 in
1767 1257 1866 1314 Ec-

279 1344 466 1400 clesia.
500 1345 655 1402 Unde
686 1346 742 1401 in
778 1346 1003 1405 Cantico
1044 1350 1382 1407 canticorum
1413 1349 1610 1405 dicitur
1640 1368 1653 1404 :
1686 1349 1865 1405 Nasus

277 1444 401 1491 laus
451 1439 587 1491 sicut
623 1439 786 1494 turris
844 1438 1032 1494 Libani
1077 1440 1253 1512 (Cant.
1286 1441 1405 1514 vn).
1458 1440 1515 1497 In
1552 1458 1685 1498 naso
1732 1457 1863 1498 vero

276 1529 429 1585 verbi
457 1528 555 1586 Dei
582 1528 984 1602 dispensatores
1011 1547 1172 1588 causa
1211 1533 1556 1589 discretionis
1583 1534 1864 1605 designan-

278 1626 389 1686 tur,
419 1620 664 1691 turrique
713 1620 1104 1689 assimilautur,
1145 1623 1237 1695 qui
1270 1625 1756 1681 eminentissimum
1785 1626 1863 1681 lo-

274 1726 401 1769 cum
433 1719 618 1769 tenent
644 1713 701 1769 in
730 1714 995 1771 Ecclesia.
1050 1715 1326 1773 Invenitur
1370 1717 1661 1789 aliquando
1696 1718 1860 1775 turris

276 1804 331 1858 in
369 1804 702 1861 contrariam
733 1814 943 1877 partem
981 1808 1201 1878 posita:
1237 1809 1341 1863 hoc
1373 1817 1476 1875 est,
1514 1809 1855 1865 altitudinem

1966 616 2118 672 laris.
2142 616 2406 686 Quoniam
2437 634 2535 691 per
2564 620 2703 676 hanc
2739 619 2806 674 ad
2837 628 3098 675 aeternum
3125 622 3349 678 exitium
3374 624 3557 697 iul‘eli;

1966 709 2103 764 citer
2126 709 2396 765 introitur.
2443 709 2728 767 Liberatus
2752 727 2881 781 ergo
2902 729 2970 766 ex
2997 712 3101 767 illis
3121 716 3292 783 portis
3317 718 3556 773 mortali-

1965 800 2088 865 bus,
2117 800 2170 853 in
2202 800 2320 855 istis
2368 801 2541 871 portis
2568 801 2843 866 Ecclesice,
2874 818 2993 872 quae
3036 803 3421 862 beatitudinem
3451 788 3563 865 tri-ﬁ

1965 887 2139 944 buunt
2167 890 2572 961 sempiternam,
2616 892 3090 962 pronuntiaturum
3120 909 3180 949 se
3224 894 3409 950 laudes
3442 892 3549 951 Dc-

1966 978 2099 1034 miui
2130 979 2433 1051 pollicetur,
2461 996 2561 1055 per
2579 997 2717 1054 quas
2762 999 2959 1040 nomen
2988 983 3105 1055 ejus
3151 985 3407 1041 eximium
3439 995 3551 1047 toto

1964 1070 2097 1127 urbe
2122 1070 2450 1129 celebratur.

2568 1161 2795 1221 CAPUT
2830 1163 2916 1222 III.

2638 1253 2716 1311 De
2762 1255 2877 1311 viis.

2049 1361 2169 1413 me,
2202 1361 2316 1417 ipsa
2354 1348 2527 1419 spatia
2572 1358 2822 1420 angusta,
2864 1364 2984 1420 qua:
3016 1349 3158 1407 inter
3206 1353 3355 1409 vicos
3405 1364 3548 1411 sunt.

1963 1439 2061 1495 Via
2085 1440 2138 1494 in
2162 1440 2361 1495 bonam
2385 1439 2470 1496 vel
2516 1440 2715 1495 malam
2732 1449 2944 1510 partem
2970 1443 3148 1512 posita
3174 1446 3463 1513 reperitur.
3490 1445 3567 1519 lu

1960 1533 2178 1597 bonam,
2203 1532 2296 1587 ubi
2326 1531 2584 1588 Dominus
2633 1531 2752 1588 ait:
2790 1532 2903 1604 Ego
2945 1552 3061 1590 sum
3108 1538 3224 1605 via,
3268 1539 3455 1593 veritas
3502 1550 3565 1611 et.

1959 1624 2064 1679 vita
2085 1622 2267 1696 (Joan.
2296 1623 2431 1696 xw).
2456 1624 2523 1678 Et
2553 1621 2845 1680 Psalmista
2871 1644 2885 1680 :
2937 1625 3108 1694 Viam,
3140 1628 3339 1701 inquit,
3362 1631 3550 1685 verita-

1959 1716 2027 1770 tis
2059 1713 2187 1784 elegi
2218 1712 2391 1787 (Psai.
2425 1715 2633 1787 cxvm),
2660 1716 2764 1772 hoc
2790 1725 2895 1782 est,
2942 1718 3244 1774 doctrinam
3274 1720 3542 1775 veritatis.

1959 1806 2003 1863 E
2030 1808 2307 1864 contrario
2336 1816 2419 1863 est
2455 1806 2559 1863 alia
2585 1809 2705 1874 via,
2752 1808 2818 1865 de
2848 1824 2953 1880 qua
2988 1810 3129 1866 idem
3166 1813 3428 1882 propheta
3460 1813 3551 1867 de-

270 1896 539 1967 superbite
568 1896 856 1969 signiﬁcat.
896 1898 1035 1957 Iliae
1070 1908 1155 1957 est
1202 1900 1355 1967 illud,
1392 1900 1536 1971 quod
1564 1900 1658 1955 ﬁlii
1684 1900 1857 1957 Adam
1886 1901 1934 1960 B
1960 1914 2189 1970 preeans
2203 1898 2489 1955 Dominum
2518 1899 2629 1955 ait:
2672 1897 2823 1953 Viam
2861 1898 3153 1970 iniquitatis
3180 1918 3359 1955 amove
3384 1918 3417 1954 a
3446 1918 3550 1967 me,

271 1990 328 2043 in
362 1986 558 2044 Genesi
602 1990 856 2061 leguntur
904 1992 1099 2046 turrim
1144 1991 1416 2049 excelsam
1447 1992 1737 2059 aediﬁcare,
1763 1991 1853 2049 ubi

266 2080 494 2155 qmibsa
542 2089 627 2137 est
676 2092 858 2154 Lingua
912 2097 1101 2138 eorum
1142 2080 1298 2156 (Gen.
1340 2081 1439 2155 ιιι).
1491 2083 1625 2138 Item
1683 2082 1854 2139 turris

266 2169 536 2235 Ecdesia,
554 2182 617 2230 ut
642 2172 698 2229 in
721 2173 927 2230 Michea
954 2193 969 2230 :
1001 2173 1072 2229 Et
1101 2186 1179 2241 tu,
1204 2175 1366 2229 turris
1394 2177 1583 2246 gregis,
1607 2174 1853 2230 nebulosa

261 2264 380 2335 ﬁlia
440 2264 572 2322 Sion
624 2266 810 2340 (Mich.
849 2269 926 2341 ιν)
954 2310 967 2332 ,
1004 2267 1059 2323 id
1095 2276 1211 2334 est,
1252 2269 1448 2324 divinis
1483 2268 1853 2325 Sacramentis

262 2354 609 2415 dbumbrata.
652 2358 882 2427 Quidam
934 2370 1113 2417 autem
1167 2362 1306 2418 hanc
1355 2361 1550 2418 turrim
1585 2362 1853 2433 virginem

261 2450 495 2507 Mariam
538 2446 863 2525 intelligunt.
910 2453 1042 2510 Item
1086 2463 1266 2511 turres
1302 2454 1463 2511 corda
1496 2454 1853 2525 reproborum

261 2532 600 2612 duplicitatis
650 2544 858 2600 malitia
906 2555 1231 2602 constructae
1255 2588 1271 2615 ,
1320 2554 1381 2600 ut
1430 2546 1485 2601 in
1529 2542 1847 2616 Sophouia:

262 2626 436 2706 Super
462 2628 664 2692 omnem
697 2628 905 2693 murum
936 2640 1219 2706 munitum,
1250 2646 1299 2694 et
1330 2654 1484 2709 super
1509 2653 1711 2692 omnem
1739 2646 1853 2690 tur-

262 2726 367 2782 riin
396 2729 656 2785 excelsam
684 2729 871 2791 (Soph.
902 2732 966 2803 ι).

482 2834 485 2839 Α
885 2844 1113 2901 CAPUT
1149 2843 1214 2899 II.

902 2913 982 2969 De
1008 2916 1190 2987 portis.

294 3012 301 3023 ‘
330 3002 493 3060 Porta
526 3004 740 3073 dicitur,
771 3022 877 3077 qua
903 3012 1079 3078 patest
1102 3007 1189 3063 vel
1237 3006 1522 3077 importari
1547 3005 1630 3061 vel
1658 3019 1853 3077 expor-

257 3095 375 3152 tari
393 3094 615 3168 aliquid.
642 3092 870 3168 Proprie
914 3108 1094 3156 autem
1131 3107 1289 3171 porta
1320 3108 1413 3155 aut
1434 3100 1583 3155 urbis
1626 3107 1719 3155 aut
1758 3092 1851 3155 ca-

258 3194 499 3242 atrorum
545 3190 793 3255 vocatur,
818 3188 957 3245 sicut
1009 3190 1257 3261 superius
1310 3189 1509 3245 dictum
1551 3196 1653 3243 est.
1686 3186 1849 3242 Porta

256 3270 550 3348 aliquando
571 3280 626 3334 in
656 3278 852 3334 bimam
874 3257 1092 3350 partem
1108 3281 1394 3351 accipitur,
1411 3279 1698 3350 aliquando
1718 3289 1849 3335 vero
1874 3257 1921 3324 Ο

255 3365 315 3421 in
337 3365 555 3421 malam.
593 3365 653 3421 In
682 3368 882 3423 bonam
908 3380 1041 3440 ergo
1067 3377 1280 3439 partem
1309 3368 1593 3439 accipitur,
1627 3366 1849 3437 quando

254 3457 436 3527 ipsium
489 3457 776 3513 Dominum
822 3458 1127 3531 signiﬁcat,
1177 3474 1278 3530 per
1299 3472 1461 3530 quem
1514 3458 1671 3514 nobis
1724 3458 1851 3512 vitae

253 3557 475 3603 tetemae
505 3548 684 3603 aditus
712 3556 880 3619 patet.
908 3548 1062 3606 Unde
1090 3550 1204 3622 ipse
1223 3550 1300 3605 ait
1317 3551 1461 3623 :Ego
1488 3566 1603 3605 sum
1618 3551 1848 3603 ostium:

254 3644 357 3707 per
378 3652 465 3693 me
491 3639 538 3692 si
567 3640 685 3709 quis
710 3639 971 3694 introierit
995 3680 1008 3703 ,
1042 3640 1332 3695 saivabitur
1361 3649 1409 3695 et
1442 3640 1765 3711 ingredietur
1801 3646 1851 3693 et

253 3732 555 3801 egredietur
581 3738 629 3784 et
665 3744 863 3802 pascua
912 3731 1132 3787 inveniet
1163 3732 1346 3804 (Joan.
1386 3735 1462 3806 ιι).
1517 3733 1649 3788 Item
1694 3738 1850 3803 porta

255 3820 433 3877 ﬁdem
459 3818 663 3876 Christi
719 3821 1009 3893 signiﬁcat.
1067 3822 1223 3879 Unde
1276 3824 1535 3893 scriptum
1574 3832 1703 3879 est:
1745 3822 1855 3877 Per

254 3920 465 3983 portam
514 3912 883 3983 ingrediuntur
930 3914 985 3968 in
1034 3914 1294 3968 civitatem
1340 3914 1513 3984 :quia
1559 3928 1657 3985 per
1691 3914 1851 3969 ﬁdem

257 4010 466 4061 rectam
518 4004 903 4061 introeundum
949 4014 1033 4060 est
1090 4006 1144 4059 in
1192 4005 1493 4061 Eeclesiam
1533 4004 1648 4060 Dei.
1688 4005 1851 4061 Porta

256 4096 573 4153 Cluisti‘vel
602 4099 736 4154 ﬁdes
764 4106 823 4153 ut
860 4098 917 4153 in
955 4099 1169 4155 Psalmo
1198 4117 1212 4153 :
1247 4098 1384 4153 Ecce
1411 4108 1562 4170 porta
1589 4097 1803 4153 Domini
1829 4113 1851 4151 :

248 4190 700 4258 justt‘intrabunt
730 4200 822 4263 per
843 4206 957 4247 eam
993 4191 1167 4264 (Psal.
1215 4191 1407 4263 cxvn).
1457 4192 1620 4248 Porta
1662 4201 1852 4249 uterus

260 4283 488 4353 virginis
518 4283 719 4348 Mariae,
736 4285 851 4342 sive
881 4301 1054 4341 canon
1087 4285 1297 4341 Veteris
1321 4284 1677 4351 Testamenti,
1706 4295 1765 4341 ut
1795 4288 1849 4343 in

259 4374 590 4430 Ezechiele:
637 4375 759 4431 Vidi
803 4388 1009 4447 portam
1064 4380 1118 4432 in
1162 4379 1317 4432 domo
1368 4378 1579 4433 Domini
1613 4379 1848 4434 clausam

259 4466 477 4538 (Bacch.
508 4467 681 4538 xuv).
711 4468 909 4535 Portaa,
937 4468 1232 4541 Scriptum
1257 4480 1480 4538 sanctm,
1511 4473 1738 4543 apostoli
1763 4472 1850 4529 vel

258 4572 425 4629 opera
468 4560 608 4616 bona
627 4599 642 4626 ,
669 4569 731 4615 ut
762 4561 819 4616 in
847 4562 1058 4631 psalmo
1104 4582 1118 4617 :
1163 4563 1663 4635 Etevamini,portaa
1691 4574 1849 4620 teter—

260 4651 427 4715 ninia,
458 4660 507 4705 et
528 4652 763 4707 introibit
782 4666 876 4707 rex
906 4654 1092 4724 gloria:
1119 4651 1291 4726 (Psal.
1322 4658 1503 4727 xxnt).
1526 4656 1703 4713 Porta:
1726 4674 1850 4715 cor-

258 4743 331 4800 da
362 4744 662 4813 hominum,
686 4747 806 4803 sive
855 4747 1033 4802 aditus
1079 4748 1275 4803 mentis
1322 4764 1352 4802 a
1399 4747 1612 4804 diabolo
1649 4749 1848 4805 dudum

259 4838 497 4896 obsessa:
524 4880 539 4905 ,
593 4849 781 4910 postea
811 4839 1031 4895 Christo
1060 4854 1323 4910 possessa:
1349 4882 1364 4907 ,
1409 4850 1470 4895 ut
1523 4840 1577 4895 in
1603 4839 1800 4896 Genesi
1830 4858 1846 4895 :

262 4928 557 4985 Possidebit
587 4942 762 4985 semen
791 4940 961 4997 tuum,
1007 4931 1063 4986 id
1092 4939 1194 4996 est,
1222 4932 1495 4999 Christus,
1517 4942 1698 5004 portas
1739 4930 1845 4986 ini-

258 5023 515 5079 πτῆξαι-κω
549 5038 766 5078 suorum
817 5022 972 5095 (Gen.
1022 5022 1198 5098 xxiv).
1230 5022 1361 5081 Item
1404 5032 1573 5095 portae
1601 5023 1848 5080 doctores

262 5116 439 5173 sancti
468 5117 863 5187 intelliguntur,
889 5117 980 5189 qui
1036 5116 1192 5173 nobis
1216 5118 1463 5189 aperiunt
1512 5117 1850 5191 dogmatibus

260 5210 376 5265 suis
410 5210 690 5266 introitum
716 5210 868 5282 regni
894 5210 1148 5267 cmlestis.
1166 5211 1209 5265 E
1231 5210 1505 5267 contrario
1524 5225 1653 5267 vero
1681 5219 1850 5282 porte

260 5299 481 5356 nomine
504 5300 745 5359 haeretici
778 5311 833 5356 et
868 5299 992 5357 falsi
1030 5302 1278 5358 doctores
1314 5303 1711 5372 exprimuntur,
1754 5315 1852 5373 per

259 5402 399 5463 quas
427 5391 628 5462 perditi
655 5392 709 5448 in
729 5383 1047 5450 Gebennain
1077 5394 1300 5449 intrant.
1328 5393 1407 5449 De
1442 5392 1639 5465 quibus
1667 5393 1851 5449 Domi-

258 5492 369 5537 nus
383 5482 451 5537 ad
472 5476 697 5539 Pen-um
729 5486 801 5540 ait
828 5502 841 5539 :
886 5483 966 5540 Tu
998 5500 1052 5541 es
1090 5483 1303 5551 Petrus,
1331 5495 1379 5540 et
1418 5502 1576 5556 super
1596 5487 1731 5539 hanc
1753 5484 1851 5540 Pe-

259 5584 397 5627 tram
418 5575 695 5645 mitificato
714 5574 1016 5633 Ecclesium
1048 5595 1237 5634 meam.
1273 5578 1341 5633 Et
1369 5590 1532 5650 porta:
1560 5580 1714 5648 inferi
1747 5597 1848 5635 non

259 5664 895 5734 parentabant-adversus
934 5687 1049 5724 eam
1086 5670 1300 5741 (Matth.
1332 5671 1466 5742 3m).
1517 5672 1583 5725 Et
1621 5671 1850 5727 Psalmi-

261 5756 382 5809 δαὶς
419 5754 645 5813 Esaitas
674 5770 755 5812 me
781 5760 845 5813 de
882 5763 1044 5830 portis
1065 5763 1270 5827 mortis,
1307 5772 1362 5816 ut
1391 5765 1698 5818 annuntiem
1739 5781 1851 5817 om-

262 5863 351 5904 nes
380 5848 564 5906 laudes
598 5862 718 5909 tuas
742 5854 796 5909 in
816 5856 978 5925 portis
1011 5855 1138 5922 [ilice
1173 5856 1301 5911 Sion
1329 5855 1500 5928 (Psal.
1541 5858 1639 5928 ix).
1686 5858 1847 5914 Porta

1954 2002 2004 2048 et
2035 1994 2089 2047 in
2120 1992 2227 2063 lege
2275 2000 2367 2047 tua
2397 1993 2641 2046 miserere
2668 1991 2767 2047 mei
2815 1991 2980 2064 (Ibid.
3007 1990 3142 2065 ).Ει
3176 1992 3232 2047 in
3263 1978 3567 2048 Salomone.

1954 2085 2021 2141 de
2050 2085 2337 2140 meretrice
2367 2084 2632 2155 scriptum
2686 2091 2807 2139 est:
2848 2081 2947 2138 Via
2968 2125 2984 2150 ,
3040 2085 3237 2156 inquit,
3269 2084 3429 2155 inferi
3458 2084 3552 2139 do-

1953 2193 2070 2231 mus
2126 2177 2240 2247 ejus
2272 2171 2454 2247 (Prov.
2492 2174 2615 2245 vn).
2676 2173 2809 2230 Item
2844 2174 3052 2229 viarum
3097 2176 3317 2229 nomine
3369 2164 3551 2245 expri-

1953 2272 2216 2332 muntur,
2265 2263 2333 2320 de
2384 2263 2579 2334 quibus
2610 2262 2874 2319 Dominus
2907 2278 3005 2334 per
3057 2266 3382 2335 prophetam
3430 2265 3548 2319 ait:

1956 2357 2381 2429 Unumquemque
2400 2357 2563 2428 juxta
2590 2356 2699 2411 vias
2737 2372 2863 2410 suas
2897 2355 3167 2423 iudicabo,
3207 2352 3334 2410 dicit
3364 2354 3550 2409 Domi-

1954 2466 2051 2505 nus
2074 2449 2216 2505 Deus
2240 2449 2457 2522 (Ezech.
2473 2449 2691 2519 xxxm).
2712 2447 2924 2503 Dicitur
2943 2456 3093 2503 arcta
3114 2455 3169 2503 et
3190 2455 3416 2519 angusta
3436 2445 3544 2511 via,

1953 2556 2073 2611 quae
2096 2540 2245 2597 ducit
2283 2539 2351 2595 ad
2380 2540 2587 2595 vitam:
2624 2539 2734 2594 lata
2769 2547 2824 2594 et
2861 2536 3120 2609 spatiosa,
3156 2551 3275 2607 qua:
3304 2534 3454 2592 ducit
3476 2536 3544 2591 ad

1952 2640 2185 2688 mortem
2214 2631 2431 2704 (Matth.
2460 2631 2580 2703 vn).
2608 2628 2711 2686 Via
2734 2631 2848 2686 vita
2896 2642 3157 2701 praesens,
3187 2638 3247 2684 ut
3290 2630 3344 2684 in
3370 2619 3571 2683 Evauo‘

1953 2723 2096 2795 gelio
2125 2742 2138 2777 :
2175 2722 2306 2777 Esto
2333 2723 2657 2778 consentiens
2704 2721 3008 2776 adversario
3039 2731 3130 2775 tuo
3158 2719 3260 2775 cito
3278 2760 3293 2786 ,
3339 2718 3465 2773 dum
3491 2734 3546 2773 es

1953 2832 2071 2871 cum
2101 2832 2160 2871 eo
2194 2815 2250 2870 in
2277 2816 2362 2870 via
2391 2814 2607 2888 (Matth.
2634 2813 2713 2888 ν).
2754 2813 2874 2882 Via,
2899 2813 3023 2869 libri
3052 2813 3187 2886 legis
3218 2820 3275 2869 et
3309 2810 3546 2883 prophe-

1954 2916 2154 2974 tarum,
2173 2916 2233 2962 ut
2260 2908 2315 2963 in
2341 2905 2577 2963 Ieremia
2603 2923 2617 2961 :
2644 2920 2799 2977 super
2825 2907 2936 2961 vias
2962 2915 3096 2961 state
3125 2914 3177 2959 et
3202 2904 3367 2959 videte
3394 2910 3442 2958 et
3464 2904 3546 2957 ἰὴ·
3572 2918 3575 2921 λ

1954 3008 2214 3071 terrogate
2241 2999 2306 3054 de
2341 3000 2539 3054 semitis
2583 2998 2837 3070 antiquis,
2861 3013 2979 3069 quis
3017 2998 3084 3052 sit
3108 2996 3190 3052 via
3220 2995 3357 3049 bona
3408 2994 3547 3067 (Jer;

1950 3090 2050 3163 vi).
2082 3090 2318 3158 Semita,
2348 3097 2617 3161 praecepta
2638 3089 2842 3155 'divina,
2879 3095 2939 3144 ut
2984 3087 3038 3143 in
3075 3086 3329 3159 psalmo:
3364 3084 3549 3140 Deduc

1948 3168 2037 3239 me
2052 3183 2107 3238 in
2144 3184 2328 3239 semita
2348 3183 2719 3238 mandatorum
2748 3193 2960 3237 tuorum
2990 3177 3162 3255 (Psal.
3190 3178 3408 3249 cxvm’).
3452 3192 3455 3207 '
3564 3188 3569 3195 '

2569 3292 2797 3355 CAPUT
2834 3294 2925 3352 IV.

2589 3368 2669 3445 De
2692 3368 2896 3439 plateis.

2021 3463 2221 3519 Platem
2267 3470 2541 3534 perpetuae
2568 3476 2633 3518 ac
2670 3462 2892 3518 latiores
2933 3460 3212 3517 civitatum
3266 3457 3367 3513 viae
3399 3462 3548 3523 sunt,

1946 3554 2099 3626 juxta
2152 3556 2536 3625 proprietatem
2562 3554 2759 3625 linguae
2788 3553 2990 3609 Graeca:
3021 3568 3050 3607 a
3081 3549 3365 3606 latitudine
3398 3560 3542 3603 nun-

1952 3646 2403 3716 cupatm.Plate:e
2441 3660 2572 3701 vero
2612 3644 2865 3701 similiter
2911 3642 3202 3714 aliquando
3248 3641 3304 3696 in
3350 3636 3571 3696 bonam'

1950 3747 2182 3803 partem,
2213 3737 2503 3808 aliquando
2533 3736 2809 3791 in‘malam
2849 3735 3039 3806 posita:
3067 3732 3431 3805 reperiuntur.
3474 3728 3545 3785 In’

1950 3830 2171 3896 bonam,
2194 3829 2411 3900 quando
2448 3827 2859 3899 amplitudinem
2902 3824 3241 3883 credentium
3290 3822 3345 3878 in
3375 3820 3573 3894 genti-‘

1952 3923 2054 3977 bus
2077 3920 2402 3992 signiﬁcant.
2439 3919 2594 3977 Unde
2649 3921 2912 3991 scriptum
2945 3927 3068 3975 est:
3102 3914 3375 3988 Sapientia
3415 3912 3549 3983 foris

1952 4011 2226 4082 prtrdicat,
2258 4013 2379 4066 etin
2409 4009 2598 4082 plateis
2627 4011 2719 4064 dat
2740 4025 2913 4063 vocem
2932 4022 3085 4063 suam
3113 4005 3300 4079 (Prov.
3336 4002 3397 4072 ι).
3427 4001 3548 4056 Ali-

1952 4103 2167 4173 quando
2212 4102 2479 4174 signiﬁcat
2531 4109 2789 4157 teternam
2832 4098 3219 4156 beatitudinem
3265 4093 3546 4150 dilatatam

1952 4202 2280 4259 sanctorum,
2300 4200 2359 4248 ut
2384 4195 2436 4248 in
2461 4192 2783 4266 Apocalypsi
2811 4210 2824 4246 :
2851 4190 3049 4245 Piatea:
3080 4197 3208 4254 tuas,
3224 4185 3542 4250 Jerusalem,

1948 4299 2249 4345 sternentur
2276 4305 2408 4343 auro
2436 4289 2655 4354 mundo,
2686 4298 2734 4343 et
2758 4303 2850 4357 per
2873 4300 3049 4339 omnes
3086 4282 3225 4337 vicos
3258 4291 3377 4336 tuos
3415 4276 3546 4333 atie-

1950 4379 2060 4433 luia
2098 4379 2385 4433 cantabunt
2416 4378 2601 4453 (Apoc.
2631 4375 2769 4448 χχι).
2826 4374 2884 4429 In
2932 4371 3134 4427 malam
3169 4384 3302 4426 vero
3329 4378 3544 4440 partem

1946 4469 2127 4543 platea
2164 4470 2407 4539 ponitur,
2441 4467 2656 4540 quando
2694 4463 3102 4536 amplitudinem
3134 4460 3403 4533 signiﬁcat
3447 4468 3548 4513 sai-

1953 4559 2218 4614 cularium
2245 4560 2619 4629 voluptatum:
2657 4556 2783 4626 quia
2825 4555 2909 4627 (ut
2937 4566 3100 4625 supra
3146 4548 3403 4619 diximus)
3434 4547 3547 4602 tata

1952 4660 2004 4705 et
2027 4653 2263 4721 spatiosa
2286 4652 2373 4705 via
2409 4659 2508 4717 est,
2524 4666 2642 4720 qua:
2668 4648 2812 4701 ducit
2842 4648 2912 4702 ad
2932 4655 3153 4701 mortem
3180 4642 3399 4716 (Matth.
3418 4640 3545 4711 vn).

2581 4755 2811 4813 CAPUT
2850 4754 2917 4810 V.

2584 4828 2664 4884 De
2702 4826 2917 4882 cloacis.

2020 4928 2231 4984 Cloacar
2249 4926 2426 4991 dictae,
2457 4924 2602 4996 quod
2628 4923 2715 4978 his
2735 4922 3084 4995 percolaqu
3101 4932 3277 4989 aquae.
3308 4914 3420 4972 Has
3442 4917 3551 4987 pri-

1949 5034 2096 5076 mum
2122 5018 2309 5076 Romae
2350 5018 2545 5074 fecisse
2581 5018 2769 5074 dicunt
2799 5012 3154 5086 Tarquinium
3190 5009 3457 5074 Priscum,
3488 5018 3555 5064 ut

1951 5113 2164 5183 quoties
2185 5110 2489 5182 pluviarum
2517 5108 2803 5164 inundatio
2820 5108 3108 5169 existeret,
3139 5114 3240 5174 per
3265 5115 3363 5157 eas
3390 5108 3546 5157 extra

1953 5206 2226 5263 civitatem
2277 5204 2677 5270 emitterentur,
2732 5217 2803 5257 ne
2854 5197 3108 5256 maximis
3159 5197 3547 5269 perpetuisque

1951 5296 2363 5369 tempestatibus
2431 5295 2712 5366 planitiem
2772 5292 2860 5349 vel
2919 5291 3271 5348 fundamenta
3331 5287 3546 5345 urbium

1947 5399 2160 5465 strages
2185 5404 2450 5462 aquarum
2473 5391 2832 5447 subverteret.

2581 5503 2807 5561 CAPUT
2846 5504 2929 5561 VI.

2644 5575 2725 5631 De
2761 5575 2897 5646 foro.

2022 5669 2196 5726 Foras
2216 5679 2297 5725 est
2326 5669 2752 5725 exercendarum
2783 5669 2957 5725 litium
2986 5669 3159 5735 locus,
3194 5684 3223 5724 a
3255 5666 3420 5724 fando
3457 5667 3541 5721 di-

1952 5773 2093 5820 ctus.
2142 5763 2268 5819 Ilaec
2333 5764 2449 5820 loca
2500 5771 2557 5818 et
2610 5772 2889 5834 prorostra
2955 5771 3259 5818 vocantur:
3292 5761 3537 5829 Ideoque,

1952 5857 2094 5928 quod
2125 5872 2193 5913 ex
2238 5856 2380 5914 bello
2426 5857 2636 5915 Punico
2682 5858 2856 5928 captis
2892 5856 3119 5911 navibus
3148 5850 3540 5921 Carthaginem-
