4074 6324
285 437 389 498 $89

851 543 1090 610 CAPUT
1127 547 1307 606 XVill.

911 641 988 696 De
1021 640 1261 696 macello.

356 735 637 793 Macellum
666 734 890 800 dictum,
917 735 1062 804 quod
1088 734 1161 788 ibi
1185 739 1492 787 mactentur
1513 743 1733 801 pecora,
1757 742 1875 797 qua:

280 828 652 884 mercantibus
687 828 1086 880 venundantur.
1117 822 1412 878 Mercatum
1439 829 1620 876 autem
1667 835 1695 872 a
1720 831 1874 875 com-

281 920 492 975 me‘rcio
520 917 878 974 nominatam.
910 915 987 971 ibi
1031 931 1120 970 res
1149 915 1386 968 vendere
1428 913 1512 969 vel
1538 926 1723 966 emere
1753 911 1876 966 soli-

280 1013 394 1065 tinn
414 1017 548 1064 'cst:
581 1009 723 1064 sicut
770 1015 825 1063 e‘t
851 1007 1121 1062 teloncum
1149 1006 1365 1070 dicitur,
1396 1005 1484 1060 ubi
1536 1015 1746 1060 merces
1773 1017 1874 1057 na-

281 1101 449 1164 vium,
479 1110 537 1156 et
561 1108 848 1155 nautarum
878 1099 1244 1154 emolumenta
1273 1097 1589 1153 redduntur.
1617 1096 1691 1150 lbi
1728 1095 1874 1150 enim

211 1200 216 1204 '
244 1229 246 1232 τ
280 1191 562 1262 vectigalis
589 1199 812 1246 exactor
855 1190 1025 1256 sedet,
1051 1190 1297 1260 pretium
1331 1189 1494 1246 rebus
1523 1187 1873 1258 impositurus

281 1287 335 1336 e’t
355 1292 488 1338 voee
513 1283 547 1336 ἐι
571 1281 960 1338 mercatoribus
990 1279 1258 1348 ﬂagitans.

859 1381 1086 1449 caper
1147 1375 1288 1448 'xrx.

891 1464 970 1520 De
1007 1483 1232 1520 carcere.

353 1562 554 1616 Carcer
590 1563 672 1616 est
697 1600 712 1626 ,
764 1573 791 1613 a
830 1573 938 1627 quo
983 1557 1335 1628 prohibemur
1361 1557 1552 1613 exire:
1593 1568 1646 1611 et
1699 1559 1873 1613 dictus

278 1665 468 1712 carcer
511 1669 541 1708 a
591 1651 914 1708 coercendo.
967 1649 1167 1704 Carcer
1210 1647 1362 1717 juxta
1419 1648 1727 1719 allegoriam
1781 1649 1876 1702 ali-

281 1748 499 1820 quando
556 1742 826 1818 significat
853 1743 1263 1799 tribulationem
1305 1743 1591 1811 praesentis
1624 1745 1748 1797 vita:
1785 1742 1875 1797 ubi

281 1839 608 1898 tribulantur
631 1839 786 1893 electi
837 1837 903 1890 ad
957 1845 1183 1905 tempus,
1217 1825 1283 1890 de
1319 1850 1427 1904 quo
1458 1835 1726 1906 Propheta
1761 1836 1870 1890 ait:

1251 433 1346 492 'DE
1385 415 1735 492 UNIVERSO
1775 415 1949 482 unm
1992 427 2154 482 xxn.
2195 457 2264 467 .-
2302 428 2428 483 un.
2468 428 2609 487 xw.

3461 422 3570 489 πθ

1902 545 1948 608 Λ
1978 539 2128 593 Atria
2175 540 2317 593 enim
2352 551 2445 593 aut
2476 547 2720 596 sanctam
2746 538 3047 595 Ecclesiam
3075 532 3384 610 signiﬁcant
3407 579 3426 609 ,
3476 548 3573 598 aut

1980 631 2255 686 introitum
2295 631 2435 685 ﬁdei.
2474 632 2626 687 Unde
2681 633 2944 701 scriptum
2997 639 3114 688 est:
3160 631 3373 686 Stante:
3422 641 3572 690 erant

1976 723 2128 793 pedes
2156 724 2320 777 nostri
2352 723 2404 776 in
2439 723 2587 776 atriis
2613 726 2737 790 tuis,
2766 722 3063 778 Jerusalem
3114 721 3324 794 (Ibid.).
3349 721 3572 793 Signiﬁ-

1977 821 2066 867 cat
2096 814 2238 867 cnim
2271 828 2385 878 eos,
2418 813 2509 882 qui
2542 811 2654 881 jam
2707 813 2766 866 in
2807 807 3179 882 penetralibus
3233 820 3360 866 sunt
3385 813 3576 869 Eccle«

1978 905 2090 969 site,
2111 907 2222 960 sive
2248 907 2339 975 qui
2359 903 2644 976 "ingressus
2669 893 2760 961 vel
2802 917 3051 976 egressus
3077 912 3204 962 esse
3225 916 3570 963 meruerunt.

1979 1000 2301 1058 Thalamum
2332 1003 2435 1058 hac
2461 1018 2527 1058 ex
2569 1017 2736 1058 causa
2766 1005 3012 1058 vocatum
3042 999 3244 1058 rerum.
3265 1002 3402 1058 Cum
3426 1003 3572 1058 enim

1978 1103 2146 1162 rapta:
2173 1092 2406 1149 fuissent
2437 1109 2466 1148 a
2510 1093 2770 1150 Romanis
2811 1093 3037 1150 Sabinae
3064 1136 3076 1159 ,
3129 1103 3194 1149 ex
3225 1093 3421 1164 quibus
3452 1107 3576 1150 cum

1976 1202 2084 1241 una
2109 1195 2234 1241 ante
2267 1187 2400 1241 alias
2427 1188 2606 1256 specie
2627 1187 2970 1243 ‘n‘obiliscum
3001 1187 3195 1258 magna
3217 1187 3577 1244 admiratione

1979 1278 2219 1334 omnium
2249 1285 2553 1350 raperetur,
2589 1277 2908 1334 Thalamoni
2936 1280 3059 1336 duci
3087 1281 3209 1334 eam
3235 1281 3464 1336 oraculo
3489 1281 3579 1335 re-

1978 1383 2236 1441 Sponsum
2266 1380 2346 1425 est
2371 1371 2505 1426 dari.
2535 1369 2599 1425 Et
2630 1373 2899 1440 quomodo
2921 1370 3230 1445 {quoniam}
3264 1373 3347 1428 hac
3377 1371 3577 1444 nuptiae

1978 1461 2214 1516 feliciter
2247 1471 2557 1528 cesserant,
2605 1463 2911 1519 institutum
2956 1473 3076 1531 est,
3126 1473 3185 1520 ut
3217 1467 3274 1520 in
3323 1468 3574 1522 omnibus

1976 1554 2183 1623 nuptiis
2219 1554 2440 1608 thalami
2471 1567 2668 1610 nomen
2689 1557 2936 1611 iteretur.
2963 1551 3203 1628 Egyptii
3230 1557 3443 1628 quoque
3471 1559 3572 1612 lin-

1979 1649 2082 1714 gua
2098 1661 2190 1698 sua
2210 1645 2346 1712 loca,
2364 1645 2418 1699 in
2447 1645 2642 1715 quibus
2663 1646 2926 1705 nubentes
2955 1651 3252 1706 Succedunt
3273 1659 3328 1706 et
3354 1649 3574 1717 cubant,

1978 1735 2276 1794 thalamum
2324 1740 2631 1795 nominant.
2667 1741 2958 1798 Thalamus
2999 1749 3128 1814 ergo
3178 1745 3409 1816 mystice
3453 1745 3576 1800 ute—

1980 1843 2099 1885 rum
2132 1841 2340 1895 sancta}
2370 1829 2552 1887 Maria:
2577 1832 2801 1903 virginis
2849 1831 3142 1905 signiﬁcat,
3165 1835 3223 1890 in
3251 1841 3356 1905 quo
3384 1839 3577 1892 natura

279 1932 436 1988 Educ
466 1932 527 1984 de
569 1945 775 1984 carcere
799 1929 1029 1981 animam
1079 1941 1248 1980 meum
1291 1925 1358 1978 ad
1401 1925 1751 1986 conﬁtendum
1788 1939 1881 1978 uo-
1909 1917 1957 1977 B
1983 1923 2170 1979 nostra
2201 1923 2489 1993 conjuncta
2517 1934 2598 1980 est
2629 1925 2807 1981 Verbo
2829 1926 2922 1982 Dei
2945 1969 2959 1992 ,
2987 1928 3089 1982 hoc
3113 1931 3223 1992 est,
3251 1937 3438 1983 sancta
3469 1927 3578 1984 Ec-

281 2026 414 2080 m’ni
445 2036 533 2079 tuo
565 2018 739 2094 (Pstzl.
772 2020 950 2090 cm):
980 2015 1280 2089 aliquando
1311 2020 1612 2074 custodiam
1659 2019 1875 2084 inferni,

280 2126 343 2174 ut
371 2125 454 2172 est
477 2115 606 2171 illud
637 2114 692 2168 in
738 2109 1030 2182 Evangelio
1061 2129 1074 2165 :
1106 2110 1283 2164 .ludea:
1329 2111 1505 2164 tradat
1538 2119 1585 2163 te
1618 2110 1877 2178 ministro,

281 2209 404 2264 etin
435 2201 696 2263 carcerem
736 2191 985 2268 mittaris,
1017 2213 1070 2258 et
1111 2203 1318 2271 reliqua
1343 2200 1572 2272 (Matth.
1599 2200 1676 2272 v).

903 2313 1130 2372 CAPUT
1171 2305 1288 2370 XX.

847 2385 925 2442 De
973 2385 1304 2470 habitaculis.

350 2482 634 2541 Habitatio
667 2483 736 2539 ab
751 2479 1009 2538 habendo
1033 2479 1436 2536 vcl‘lrabitando
1464 2487 1676 2546 vocata,
1705 2479 1882 2536 utha-

281 2575 460 2636 bita-re
491 2575 666 2632 casas.
719 2575 922 2630 Domus
949 2579 1016 2630 ex
1040 2573 1230 2629 Graeca
1283 2573 1641 2644 appellatione
1665 2583 1878 2631 vo‘ca’ta.

282 2667 420 2731 Nam
459 2677 678 2730 domata
717 2671 890 2728 (ἔπερί
918 2681 1060 2726 tecta
1091 2671 1302 2726 dicunt.
1354 2670 1448 2725 Est
1478 2680 1660 2724 autem
1691 2671 1882 2725 domus

282 2773 447 2826 unius
473 2769 698 2826 familia:
748 2767 1015 2824 habitatio
1041 2806 1056 2831 ,
1108 2767 1248 2822 'sicut
1283 2765 1434 2820 urbis
1467 2765 1628 2818 unius
1676 2763 1880 2834 populi,

285 2864 428 2920 sicut
451 2862 610 2917 Orbis
631 2859 964 2915 domicilium
995 2857 1160 2912 totius
1183 2856 1398 2927 generis
1428 2856 1671 2911 humani.
1709 2855 1883 2911 Omne

285 2953 572 3008 mdiﬁcium
605 2951 810 3019 antiqui
841 2951 1009 3005 aedem
1038 2946 1466 3018 appellaverunt.
1485 2946 1590 3000 Alii
1617 2947 1784 3000 :edem
1814 2945 1882 3000 ab

285 3044 497 3100 edendo
526 3044 744 3115 quidem
778 3042 1074 3111 sumpsisse
1102 3049 1300 3095 nomen
1327 3040 1662 3104 eaistimant,
1692 3037 1883 3096 dantes

288 3135 596 3205 exemplum
628 3135 692 3189 de
724 3133 914 3188 Plauto
947 3153 958 3186 :

416 3231 465 3279 Si
493 3239 741 3278 vocassem
765 3228 922 3278 'vos'in
946 3226 1104 3278 aedem
1129 3225 1186 3274 ad
1208 3223 1478 3288 prandium.

1985 2017 2147 2072 clesia
2179 2018 2397 2073 Christo
2435 2017 2572 2074 Filio
2602 2017 2695 2072 Dei
2722 2017 2973 2089 copulata
2986 2013 3080 2074 'cst
3105 2039 3115 2073 :
3153 2020 3236 2075 vel
3266 2021 3426 2076 corda
3456 2027 3581 2076 san-

1982 2118 2214 2173 ctorum,
2256 2109 2310 2163 in
2347 2109 2541 2178 quibus
2569 2111 2747 2164 anima
2775 2123 2871 2179 per
2899 2123 3140 2165 amorem
3173 2119 3370 2181 sponso
3394 2112 3582 2168 invisi-

1982 2199 2075 2251 bili
2097 2198 2357 2270 jungitur,
2390 2210 2446 2252 ut
2487 2200 2604 2269 ejus
2625 2199 2901 2254 'dCsidCl'it)
2929 2201 3136 2267 ardeat,
3167 2201 3424 2272 nullaque
3441 2201 3577 2272 jam,

1984 2307 2102 2360 quze
2135 2293 2186 2344 in
2236 2292 2434 2346 mundo
2481 2301 2647 2359 sunt,
2704 2293 3093 2361 concupiscat:
3126 2291 3409 2364 praesentis
3455 2296 3582 2350 vita:

1981 2381 2370 2454 longitudinem
2399 2383 2614 2453 poenam
2640 2385 2883 2454 deputet,
2907 2385 3056 2440 exire
3078 2375 3320 2452 'iestin‘et,
3346 2397 3400 2441 et
3435 2402 3585 2442 amo-

1982 2474 2060 2530 ris
2095 2473 2345 2544 amplexu
2391 2473 2451 2528 in
2501 2475 2741 2532 caelestis
2777 2477 2963 2547 sponsi
2994 2477 3201 2532 v’isi‘one
3238 2475 3586 2549 requiescere

1979 2565 2276 2620 desideret.
2313 2559 2665 2620 Coenaculum
2731 2568 2933 2622 dictum
2974 2575 3011 2623 ‘a
3051 2569 3438 2626 'c'dmmtinibne
3492 2584 3586 2626 ve-

1986 2657 2189 2711 scendi.
2210 2655 2362 2712 Unde
2381 2665 2433 2712 et
2460 2658 2787 2726 coenobium,
2808 2661 3154 2732 congregatio
3199 2655 3420 2733 Antiqui
3440 2663 3585 2720 enim

1976 2747 2196 2818 publice
2227 2756 2280 2802 et
2307 2751 2362 2802 in
2390 2763 2677 2806 commune
2704 2753 3060 2807 vescebantur
3086 2772 3098 2806 :
3129 2753 3233 2810 nec
3263 2755 3426 2810 uilius
3454 2771 3583 2811 cou-

1986 2843 2185 2897 vivium
2217 2843 2490 2913 singulare
2516 2853 2651 2910 erat,
2679 2861 2746 2900 ne
2766 2847 2823 2900 in
2845 2847 3057 2903 occ'u‘lto
3086 2847 3292 2904 deliciae
3317 2849 3586 2906 luxui'iatn

1986 2937 2288 3006 gignerent.
2321 2935 2678 2991 Camaculum
2707 2951 2836 3009 ergo
2885 2935 3155 3009 signiﬁcat
3194 2942 3450 3001 f'sanc'tam
3482 2941 3586 2998 Ec-

1981 3027 2208 3082 ‘clcsiam
2243 3069 2256 3094 ,
2307 3028 2358 3081 in
2392 3029 2495 3098 qna
2523 3025 2774 3084 Christus
2806 3025 3122 3102 mysterium
3148 3034 3421 3102 passionis
3456 3051 3590 3102 sum,

1985 3129 2041 3174 'et
2073 3132 2473 3177 sacramentum
2504 3123 2749 3192 corporis
2798 3133 2853 3178 ct
2907 3125 3189 3196 sanguinis
3241 3127 3324 3182 s'ui
3367 3125 3589 3197 dicavit,

1985 3223 2089 3267 nec
2122 3227 2228 3267 non
2256 3222 2310 3268 et
2339 3213 2428 3267 ubi
2462 3207 2697 3284 Spiritus
2725 3223 2946 3270 sanctus
2978 3215 3031 3270 in
3052 3219 3236 3287 specie
3264 3219 3407 3289 ignis
3433 3223 3594 3291 super

288 3311 428 3369 Hinc
453 3313 845 3391 ct'ardilicium,
876 3327 940 3368 eo
980 3313 1120 3383 quod
1147 3311 1312 3365 fuerit
1342 3312 1491 3380 prius
1520 3311 1586 3365 ad
1613 3309 1881 3364 edendum
1908 3313 1955 3377 ο
1985 3313 2206 3361 ῑοιιιιιιιι
2237 3307 2425 3376 viginti
2455 3307 2759 3390 credentes,
2791 3317 2845 3364 et
2874 3301 3148 3365 variarum
3179 3309 3484 3383 linguarum
3513 3315 3594 3369 io-

288 3405 513 3460 factum.
561 3405 768 3459 ‘Dom‘us
818 3419 946 3459 caro
999 3403 1297 3457 Salvatoris
1344 3410 1621 3472 assumpta
1662 3402 1715 3456 in
1759 3413 1888 3454 san-

291 3504 379 3551 cta
419 3495 682 3559 Ecclesia,
707 3504 767 3549 ut
793 3497 848 3549 in
875 3494 1163 3548 Salomone
1191 3512 1202 3546 :
1245 3491 1513 3562 Sapientia
1555 3492 1654 3545 sibi
1676 3491 1885 3544 domum

291 3587 571 3655 wdiﬁcavit
616 3583 799 3657 (Prov.
828 3585 924 3656 ιι).
971 3583 1037 3639 Et
1064 3585 1116 3638 in
1145 3583 1390 3653 psalmo:
1426 3583 1494 3637 In
1539 3582 1752 3635 domum
1779 3581 1887 3634 Do-

289 3679 422 3732 mini
451 3679 640 3731 ibimus
669 3691 785 3729 cum
813 3693 1066 3732 consensu
1095 3675 1270 3747 (Psal.
1299 3677 1468 3742 cxxn).
1497 3676 1700 3730 Domus
1727 3675 1888 3729 corda

289 3769 536 3826 ﬁdelium
583 3768 668 3825 vel
710 3783 954 3836 corpora,
983 3778 1038 3820 ut
1080 3769 1131 3821 in
1160 3768 1347 3822 Exodo
1379 3786 1390 3820 '.
1437 3765 1650 3821 Ponetis
1674 3767 1735 3821 de
1765 3783 1890 3820 san-

293 3864 451 3935 guine
482 3863 604 3932 agni
634 3852 790 3930 super
826 3870 1103 3927 utrumque
1131 3871 1353 3930 postem,
1384 3869 1431 3912 et
1477 3858 1893 3928 superliminari-

297 3954 392 4009 bus
419 3953 624 4017 domus,
645 3952 698 4005 in
721 3952 907 4021 quibus
931 3951 1090 4005 etlctis
1118 3949 1249 4004 illud
1280 3949 1477 4021 (Exod.
1511 3950 1633 4020 xu).
1667 3945 1890 4014 Domus,

295 4047 466 4103 UOrda
503 4046 882 4116 reproborum,
917 4052 972 4098 ut
996 4044 1049 4096 in
1074 4041 1212 4097 Isaia
1241 4061 1252 4094 :
1289 4041 1361 4096 'Et
1395 4043 1631 4095 orientur
1655 4040 1705 4094 iu
1727 4040 1894 4093 domi-

299 4140 394 4194 bus
418 4153 595 4193 eorum
620 4139 782 4208 spinte
819 4135 973 4207 (Isai.
1005 4133 1210 4204 xxxiv),
1241 4135 1291 4190 id
1321 4145 1425 4199 est,
1464 4133 1768 4189 sollicitudo
1799 4145 1898 4187 5:1:-

301 4235 430 4290 culi.
460 4231 660 4286 Domus
688 4230 921 4291 diaboli,
976 4239 1274 4283 conventus
1310 4227 1548 4281 omnium
1602 4225 1894 4289 maturam,

303 4334 364 4378 ut
399 4325 449 4377 in
497 4322 783 4377 Salomone
815 4339 826 4373 :
857 4319 945 4374 Ne
978 4320 1110 4389 forte
1157 4319 1476 4391 impleantur
1497 4319 1730 4371 extranei
1771 4315 1897 4371 viri-

305 4413 399 4467 bus
424 4414 544 4477 tuis,
577 4424 622 4465 et
659 4412 860 4464 labores
882 4412 958 4464 tui
985 4413 1084 4464 sint
1115 4411 1169 4464 in
1205 4411 1357 4464 domo
1406 4409 1577 4463 aliena
1606 4407 1787 4481 (Prov.
1822 4406 1897 4479 v).

301 4495 442 4557 ’Aula
489 4503 675 4557 domus
721 4510 800 4556 est
847 4502 994 4572 regia
1028 4502 1140 4555 sive
1185 4500 1496 4570 spatiosum
1535 4499 1900 4555 habitaculum

306 4594 601 4667 porticibus
631 4605 862 4664 quatuor
909 4593 1244 4649 conclusum.
1274 4594 1485 4648 Atrium
1527 4607 1724 4664 magna
1759 4593 1900 4647 (edes

1991 3401 2148 3471 quela
2183 3401 2261 3454 eis
2289 3417 2388 3470 per
2419 3401 2668 3456 eumdem
2698 3400 2961 3473 Spiritum
2993 3405 3118 3462 data
3148 3409 3250 3462 est.
3275 3405 3590 3464 Tricliuium

1993 3500 2077 3544 cst
2130 3490 2471 3546 coenaeulnm
2506 3509 2536 3545 a
2575 3493 2752 3547 tribus
2784 3494 2995 3549 lectulis
3026 3493 3477 3554 discumbentium
3516 3501 3594 3556 die

1994 3595 2162 3638 ctum.
2191 3583 2344 3664 Apud
2371 3596 2584 3640 veteres
2612 3587 2765 3642 enim
2797 3588 2851 3642 in
2881 3587 2998 3644 loco
3029 3587 3259 3646 convivii
3300 3603 3594 3664 apparatus

1989 3659 2386 3748 exponebatur.
2430 3678 2581 3733 Clin'c
2618 3680 2762 3734 enim
2811 3681 2998 3736 Graece
3041 3681 3219 3737 lectus
3269 3683 3352 3738 νει
3383 3687 3598 3742 accubi-

1993 3770 2102 3833 tus,
2139 3784 2202 3823 ex
2257 3784 2366 3838 quo
2389 3770 2693 3824 coniectum
2722 3773 2825 3836 elst,
2872 3782 2930 3826 ut
2967 3773 3258 3828 triclinium
3301 3773 3592 3833 diceretur.

2000 3859 2319 3913 Triclinium
2349 3861 2489 3914 enim
2520 3861 2679 3914 ﬁdem
2713 3859 2994 3918 Trinitatis
3015 3863 3278 3935 exprimit
3304 3883 3318 3921 :
3358 3869 3446 3924 ubi
3475 3883 3599 3923 san-

2000 3953 2100 4005 c'tze
2129 3952 2322 4004 animtc
2350 3949 2454 4005 ﬁde
2474 3993 2488 4015 ,
2532 3965 2628 4021 spe
2654 3957 2708 4006 et
2751 3952 3018 4009 charitate
3043 3957 3384 4024 quiescentes
3411 3975 3599 4028 exspe-

2001 4043 2147 4097 Ctant
2177 4043 2455 4098 introitum
2482 4043 2629 4113 regni
2656 4043 2910 4099 cmics'tis.
2956 4045 3102 4100 Cella
3131 4047 3295 4113 dicta,
3323 4047 3466 4118 quod
3503 4065 3601 4105 nos

2002 4134 2239 4188 Occultat
2266 4143 2320 4188 et
2350 4135 2507 4188 celat.
2539 4133 2854 4192 Cubiculum
2883 4141 3036 4201 vero,
3058 4137 3200 4206 qudd
3229 4137 3294 4194 ‘c'o
3318 4133 3598 4208 cubant-us,

2001 4219 2183 4296 ibique
2205 4227 2533 4282 dormientes
2556 4227 2964 4296 requiescimus.
2986 4228 3172 4284 Cubile
3195 4238 3376 4286 autem
3400 4232 3602 4288 cuban-

2003 4321 2054 4376 di
2086 4321 2237 4378 locus
2279 4329 2398 4377 est:
2439 4327 2710 4387 secessus,
2748 4321 2892 4393 quod
2945 4323 3016 4378 sit
3049 4321 3221 4390 locus,
3249 4324 3305 4380 id
3333 4333 3438 4394 est,
3485 4326 3604 4384 sine

2007 4413 2593 4469 acccssu.'Cubiculum
2631 4413 2954 4484 ’spiritali’ter
2981 4415 3254 4486 signiﬁcat
3278 4412 3462 4474 cordis
3517 4434 3602 4474 se-

2006 4515 2212 4558 cretum
2242 4525 2251 4559 :
2288 4506 2426 4560 unde
2446 4504 2669 4573 jub‘etur
2706 4499 3167 4577 VirEvangelicus
3196 4489 3355 4564 orare
3383 4508 3600 4565 Patrem

2008 4596 2304 4649 C(elestem.
2340 4589 2491 4650 Unde
2518 4597 2566 4649 ei
2599 4597 2836 4651 dicitur:
2873 4595 2948 4650 Tu
2993 4596 3166 4651 autem
3203 4617 3320 4651 cum
3353 4601 3601 4666 oraveris,

308 4695 408 4751 est,
440 4686 551 4741 sive
583 4686 811 4755 aniplior
863 4693 916 4740 et
948 4687 1186 4755 spatiosa
1245 4685 1455 4750 (iunius,
1493 4693 1548 4738 et
1582 4686 1784 4738 dictum
1817 4693 1901 4739 est
1928 4659 1978 4719 Ῑ)
2007 4684 2144 4736 intra
2174 4685 2222 4735 in
2256 4685 2568 4746 cubiculum,
2611 4696 2656 4738 et
2704 4685 2884 4739 clauso
2918 4688 3050 4739 ostio
3081 4687 3178 4740 "ora
3214 4675 3429 4740 Patrem
3455 4699 3604 4743 tuum

305 4778 505 4833 atrium
533 4820 546 4842 ,
584 4779 726 4847 quod
749 4778 1016 4832 addantur
1039 4779 1086 4831 ei
1139 4786 1250 4831 tres
1268 4778 1517 4847 porticus
1542 4778 1898 4831 extrinsecus.

307 4867 413 4925 Alii
452 4869 647 4924 atrium
670 4910 685 4935 ,
709 4869 858 4938 quasi
906 4867 972 4923 ab
1004 4869 1126 4940 igne
1156 4877 1209 4924 et
1241 4868 1385 4939 ligno
1411 4877 1586 4922 atrum
1628 4866 1900 4922 dixerunt.

307 4963 498 5018 'Atrum
528 4971 654 5033 ergo
679 4948 736 5017 ﬁt
755 4975 821 5017 cx
841 4961 1003 5017 tumo.
1021 4961 1155 5016 Aula
1172 4962 1315 5016 enim
1345 4969 1585 5015 sanctam
1606 4957 1904 5014 Ecclesium

311 5051 598 5122 signiﬁcat,
631 5064 722 5108 aut
748 5055 1135 5109 conScientiam
1154 5053 1523 5108 mundissimm
1554 5053 1769 5118 animae,
1789 5053 1903 5123 ipsa

312 5155 396 5201 est
431 5145 575 5200 enim
614 5145 734 5200 aula
787 5145 984 5216 regalis
1031 5157 1085 5200 et
1138 5146 1401 5201 habitatio
1432 5143 1667 5214 Spiritus
1703 5144 1900 5212 sancti,

307 5238 454 5293 sicut
482 5236 612 5291 dicit
637 5235 964 5308 Apostolus:
993 5237 1131 5303 Quia
1160 5235 1404 5307 templum
1429 5235 1525 5290 Dei
1544 5237 1664 5290 estis
1686 5235 1733 5288 et
1755 5237 1906 5304 spiri-

314 5335 396 5384 tus
425 5330 521 5384 Dei
544 5331 743 5384 habitat
789 5331 843 5384 in
875 5329 1014 5385 vobis
1044 5327 1093 5401 (1
1117 5330 1236 5385 Cor.
1268 5328 1370 5398 ιιι).
1421 5321 1625 5384 Domus
1651 5337 1778 5399 ergo
1808 5328 1904 5382 ali-

313 5423 530 5493 quando
585 5421 851 5495 signiﬁcat
905 5433 1148 5478 sanctam
1178 5423 1496 5487 Ecclesium,
1522 5431 1577 5476 ut
1614 5434 1697 5477 εει
1726 5419 1853 5477 illud
1887 5440 1900 5475 :

310 5512 543 5568 Domum
568 5523 712 5568 tuam
733 5515 872 5570 decet
895 5516 1212 5580 sanctitudo,
1241 5515 1485 5580 Domine,
1509 5515 1561 5568 in
1581 5513 1904 5584 longitudine

311 5607 522 5662 dierum
547 5607 718 5681 (Psal.
765 5609 933 5682 xw);
963 5609 1247 5680 aliquando
1279 5608 1552 5664 cmleStem
1585 5603 1903 5672 Jerusalem,

321 5699 386 5756 de
419 5718 523 5772 qua
549 5702 747 5773 legitur
781 5723 791 5756 :
825 5704 1056 5757 La’tatus
1106 5722 1219 5757 sum
1263 5705 1317 5756 in
1358 5704 1437 5756 his
1477 5720 1592 5772 qutc
1622 5703 1758 5755 dicta
1788 5703 1905 5756 sunt

323 5795 493 5848 mihi:
541 5793 594 5849 in
639 5798 848 5849 domum
875 5795 1084 5848 Domini
1136 5797 1319 5848 ibimus
1365 5793 1534 5864 (Psal.
1576 5795 1756 5862 (nm);
1814 5794 1908 5847 ali-

326 5885 544 5956 quando
572 5893 698 5943 Vero
725 5887 957 5942 animant
995 5896 1254 5952 sanctam,
1289 5890 1338 5942 in
1377 5904 1481 5957 qua
1517 5888 1724 5941 habitat
1747 5887 1903 5941 Deus.

2010 4775 2225 4846 (Malm.
2257 4775 2350 4846 γι).
2380 4773 2749 4829 Diversorium
2779 4776 3006 4842 dictum,
3029 4777 3093 4831 eo
3116 4776 3258 4846 quod
3285 4777 3352 4834 ex
3376 4775 3604 4834 diversis

2008 4866 2112 4920 viis
2141 4865 2212 4920 ibi
2245 4867 2614 4920 conveniatur.
2667 4862 2976 4936 ilOSpitium
3021 4871 3203 4921 sermo
3254 4866 3472 4924 (ἔκρουε
3522 4879 3606 4928 est

2007 4961 2100 5014 ubi
2126 4960 2246 5030 quis
2265 4959 2329 5012 ad
2364 4970 2571 5030 tempus
2596 4958 2847 5031 hospitali
2869 4961 2995 5031 jure
3020 4959 3378 5028 inhabita't,ct
3409 4961 3604 5019 iterum

2010 5051 2134 5106 inde
2165 5051 2440 5105 transiens
2469 5052 2662 5122 migrat
2690 5071 2702 5106 :
2739 5052 2861 5107 inde
2909 5062 2964 5105 et
3021 5060 3298 5118 metatum,
3332 5055 3456 5125 quia
3488 5073 3606 5111 mu-

2005 5154 2173 5200 tatur.
2199 5140 2351 5200 Unde
2379 5146 2572 5215 legitur
2593 5168 2603 5200 :
2623 5145 2690 5202 Et
2712 5147 3079 5202 castramctati
3097 5159 3223 5202 sunt
3239 5166 3336 5219 pro
3358 5160 3604 5207 mutave-

2007 5245 2153 5292 runt.
2185 5229 2302 5294 Non
2351 5239 2496 5293 cnim
2537 5239 2646 5295 illic
2697 5243 2982 5310 permanet
3011 5239 3305 5307 exercitus,
3341 5242 3434 5297 sed
3482 5233 3606 5316 per-

2007 5332 2222 5386 transit.
2273 5330 2640 5386 Diversoriu'm
2704 5337 2884 5402 potest
2921 5329 3227 5404 signiﬁcare
3281 5329 3602 5404 praesentem

2005 5422 2329 5486 Ecclesium,
2379 5423 2446 5476 ad
2475 5438 2637 5492 quam
2691 5421 2936 5495 undique
2987 5425 3172 5498 gentes
3224 5426 3605 5481 convenientes

2010 5509 2377 5569 habitaculum
2417 5521 2706 5584 quaerunt,
2749 5509 2887 5570 etin
2918 5507 2984 5572 eo
3024 5499 3273 5586 'hospitio
3328 5509 3607 5574 manentes

2015 5605 2219 5660 aditum
2271 5611 2585 5674 exspectant
2638 5607 2882 5678 superum
2920 5609 3132 5679 patriai.
3161 5591 3489 5680 Hypogteum
3524 5617 3610 5666 est

2015 5709 2384 5755 constructum
2413 5701 2512 5754 sub
2543 5701 2699 5756 terris
2745 5685 3055 5769 (editicium,
3090 5689 3232 5770 quod
3264 5705 3361 5756 nos
3387 5711 3601 5756 antrum

2015 5792 2097 5845 vel
2131 5791 2439 5862 speluncam
2468 5791 2714 5848 dicimus.
2750 5794 3044 5858 Solarium,
3072 5787 3212 5862 (μιοὸ
3237 5791 3336 5846 soli
3375 5783 3428 5846 et
3461 5785 3607 5844 aura:

2016 5896 2199 5958 pateat
2227 5905 2238 5940 :
2272 5886 2445 5956 qualis
2476 5885 2577 5941 fuit
2597 5887 2768 5954 locus,
2793 5886 2846 5941 in
2875 5893 2979 5956 (luo
3006 5887 3179 5941 David
3206 5879 3502 5940 Bellisabcc
3529 5881 3607 5938 la-
