4074 6324
318 492 426 550 395

1278 483 1367 540 DE
1406 481 1755 540 UNIVERSO
1789 477 1973 535 LIBRI
2014 476 2176 532 XXII.
2217 504 2287 564 —:
2319 475 2447 530 LIB.
2485 473 2626 530 XIV.

3470 475 3574 532 ὅθι

321 608 492 670 thum,
520 619 647 660 cum
673 617 890 659 sursum
913 603 1078 659 corda
1127 602 1368 658 levamus
1395 615 1412 664 ;
1442 613 1751 670 purpuram,
1775 609 1898 652 cum
1925 600 1980 662 Α
2009 589 2168 645 istius
2216 589 2404 645 mundi
2435 595 2722 653 versatur;
2751 596 2998 643 sanctum
3043 598 3224 644 autem
3269 600 3578 647 sanctorum

319 713 519 768 corpus
546 695 783 770 passioni
810 693 1155 765 subiicimus;
1180 707 1388 747 coccum
1412 689 1490 745 bis
1511 690 1752 754 tinctum,
1775 701 1901 742 cum

285 785 288 788 ’
324 791 560 864 gemina,
586 789 643 847 id
664 797 768 856 est,
792 788 889 844 Dei
918 796 974 843 et
991 786 1228 860 proximi
1257 783 1546 856 dilectione
1568 781 1897 853 ﬁagramus;

325 876 558 953 byss'um,
571 896 696 936 cum
707 879 888 937 carnis
905 879 1213 935 castitatem
1237 875 1504 932 sentimus
1521 890 1536 940 ;
1557 873 1693 943 pilos
1708 887 1901 942 capra-

326 988 464 1036 rum,
515 957 646 1025 Icum
672 968 918 1026 habitum
937 967 1275 1040 poenitentiae
1298 981 1364 1022 ac
1393 965 1572 1020 luctus
1593 961 1899 1027 induimus;

255 1061 260 1064 ’
317 1062 476 1134 pelles
516 1061 740 1116 arietum
765 1059 1082 1134 rubricatas,
1110 1074 1234 1115 cum
1271 1058 1414 1128 ipsos
1445 1053 1702 1114 dominici
1719 1051 1902 1124 gregis

267 1149 574 1210 “ductores
612 1170 710 1210 suo
768 1151 1030 1224 sanguine
1082 1151 1388 1222 baptizatos
1425 1141 1902 1215 videmus;pelles

318 1245 707 1318 hyacinthinus,
734 1260 857 1310 cum
889 1259 990 1298 nos
1013 1252 1136 1314 post
1159 1248 1390 1296 mortem
1415 1235 1681 1308 spiritalia
1711 1235 1768 1292 in
1793 1250 1904 1291 ete-

317 1336 385 1391 lis
416 1351 648 1407 corpora
701 1334 980 1391 habituros
1006 1349 1126 1388 esse
1156 1346 1468 1406 speramus;
1500 1329 1646 1398 ligna
1692 1325 1899 1392 sethim,

267 1417 273 1438 ³
317 1443 464 1493 cum,
495 1425 808 1497 erpurgatis
835 1431 1182 1495 peccatorum
1233 1423 1478 1494 spinetis,
1510 1419 1710 1478 munda
1737 1428 1903 1473 carne

318 1527 374 1574 et
399 1517 579 1574 anima
609 1517 839 1572 Domino
866 1515 964 1571 soli
997 1516 1298 1572 serviemus
1322 1532 1337 1581 ;
1371 1514 1544 1569 oleum
1572 1512 1642 1566 ad
1668 1510 1899 1566 lumina-

321 1610 401 1664 ria
420 1609 812 1676 coucinnanda,
841 1625 966 1666 cum
997 1607 1264 1682 fructibus
1304 1607 1589 1664 charitatis
1612 1613 1668 1660 et
1691 1601 1903 1661 miseri-

319 1703 518 1758 cordite
546 1700 914 1776 refulgemus;
955 1711 1196 1756 aromata
1245 1702 1301 1755 in
1348 1707 1692 1770 unguentum,
1718 1704 1767 1750 et
1787 1700 1903 1764 thy-

317 1795 517 1848 miama
563 1791 684 1847 boni
722 1791 920 1862 odoris,
973 1807 1096 1846 cum
1140 1791 1447 1860 opinionem
1494 1788 1650 1858 bona:
1700 1792 1929 1842 nostrae.

321 1879 552 1934 actionis
576 1877 759 1933 multis
801 1877 868 1932 ad
893 1877 1200 1948 exemplum
1223 1877 1362 1932 bene
1388 1874 1605 1929 vivendi
1631 1871 1788 1943 longe
1817 1870 1901 1924 la-

320 1979 483 2040 teque
517 1967 895 2034 diﬁ'undimus;
947 1967 1148 2037 lapides
1180 1966 1461 2036 onychinos
1501 1973 1549 2018 et
1576 1977 1804 2034 gemmas
1832 1959 1903 2012 ad
1931 1951 1979 2010 B

322 2059 624 2115 ornandum
661 2060 827 2131 ephod
859 2076 919 2112 ac
945 2057 1224 2124 rationale,
1253 2072 1375 2111 cum
1406 2052 1668 2110 miracula
1696 2059 1906 2106 sancto-

322 2163 470 2218 rum,
500 2149 698 2222 quibus
739 2149 1095 2223 cogitationes
1120 2147 1234 2204 Deo
1285 2148 1507 2202 devotas
1527 2153 1582 2199 et
1616 2158 1779 2212 opera
1805 2140 1910 2196 vir-

281 2245 284 2248 ’
317 2247 499 2297 tutum
526 2255 815 2306 ornavere,
845 2240 1006 2310 digna
1028 2238 1184 2294 laude
1207 2237 1586 2311 praedicamus,
1608 2243 1767 2305 atque
1791 2232 1908 2287 haec

321 2331 378 2385 in
408 2319 734 2401 adiutorium
781 2338 979 2386 nostra:
1029 2329 1178 2393 ﬁdei,
1231 2327 1321 2384 ubi
1353 2343 1490 2399 opus
1519 2325 1701 2392 fuerit,
1757 2339 1908 2378 assu-

322 2423 544 2478 mimus.
577 2422 711 2490 Quia
739 2423 883 2477 cnim
919 2422 972 2476 in
1014 2421 1260 2476 humeris
1308 2435 1472 2475 onera
1521 2427 1734 2490 gestare
1763 2417 1908 2472 sole-

322 2527 470 2580 mus,
503 2522 648 2568 recte
680 2513 876 2584 cphod,
909 2512 962 2567 id
988 2520 1090 2578 est,
1153 2511 1596 2585 superbumerale
1637 2525 1800 2581 opera
1820 2508 1910 2579 ju-

285 2629 290 2637 δ
323 2615 554 2671 storum,
585 2611 642 2660 et
667 2603 743 2674 pii
769 2620 867 2675 pro
886 2602 1116 2659 Domino
1147 2601 1360 2658 labores
1385 2603 1748 2658 insinuantur.
1773 2599 1908 2666 Quia
1957 2622 1973 2633 α

331 2707 460 2750 vero
498 2697 554 2751 in
587 2704 812 2766 pectore
841 2693 1227 2766 cogitationum
1255 2695 1412 2750 sedes
1432 2703 1547 2759 est,
1571 2705 1717 2748 recte
1745 2691 1800 2748 in
1825 2708 1911 2745 ra-

293 2799 298 2802 '
328 2785 540 2854 tionali,
567 2789 657 2858 qui
689 2798 772 2844 est
793 2787 1009 2845 habitus
1029 2790 1292 2860 pectoris,
1331 2788 1622 2844 rationales
1663 2796 1718 2843 et
1755 2803 1912 2842 mun-

321 2879 410 2934 dae
429 2876 724 2936 electorum
754 2882 1110 2952 cogitationes
1142 2882 1521 2951 exprimuntur
1546 2897 1560 2946 ;
1597 2879 1913 2951 lapidesque

325 2971 586 3041 onychini
609 2978 665 3025 et
693 2986 918 3042 geminae
947 2979 1144 3027 ornant
1171 2971 1348 3042 ephod
1379 2987 1442 3026 ac
1472 2969 1756 3035 rationale,
1789 2985 1912 3025 cum

331 3061 550 3116 eximiis
595 3077 930 3117 summorum
959 3060 1181 3117 Patrum
1235 3061 1448 3117 actibus
1495 3070 1548 3116 et
1577 3061 1916 3134 cogitationi-

328 3152 434 3209 bus
457 3154 621 3208 etiam
648 3154 1034 3210 miraculorum
1066 3152 1298 3226 insignia
1345 3153 1662 3225 junguntur.
1691 3151 1916 3224 Legitur

330 3260 462 3313 ergo
492 3246 548 3300 in
578 3244 758 3301 Veteri
790 3244 1138 3302 Testamento
1195 3246 1260 3301 de
1289 3243 1619 3300 tabernaculi
1664 3253 1916 3300 constru-

299 3337 534 3404 ctione,
588 3335 733 3407 quod
781 3335 993 3409 Moyses
1047 3336 1334 3392 fabricavit
1372 3337 1427 3393 in
1485 3335 1720 3401 deserto,
1768 3333 1917 3390 etde

332 3428 519 3497 templi
570 3427 954 3493 aediﬁcatione,
1008 3427 1153 3499 quod
1207 3425 1495 3482 aediﬁcavit
1561 3423 1817 3480 Salomon
1864 3422 1920 3478 in

301 3541 307 3548 ι
333 3529 484 3575 terra
510 3519 972 3590 repromissionis,
1015 3519 1107 3574 ubi
1135 3519 1190 3572 in
1222 3525 1451 3588 utroque
1478 3514 1706 3571 aediﬁcio
1734 3521 1921 3571 sancta

329 3623 391 3667 et
418 3620 611 3667 sancta
662 3617 977 3666 sanctorum
1002 3618 1517 3676 commemorantur,
1549 3625 1778 3680 quorum
1806 3623 1922 3678 my-

327 3703 503 3758 steria
554 3701 661 3756 rite
700 3701 1129 3772 iutelligentibus
1177 3701 1335 3757 facile
1365 3709 1555 3774 patent
1583 3721 1596 3755 :
1625 3703 1752 3772 quia
1777 3710 1923 3756 utra-

339 3809 452 3865 que
481 3791 695 3849 ‘domus
747 3801 994 3847 sanctam
1050 3791 1348 3848 Ecclesiam
1398 3795 1664 3862 designat.
1721 3793 1925 3849 Verum

333 3885 466 3956 quia
491 3883 644 3954 prior
670 3883 864 3938 domus
912 3881 964 3937 in
991 3881 1207 3949 itinere,
1257 3897 1363 3953 quo
1401 3882 1468 3938 ad
1506 3890 1707 3938 terram
1740 3898 1926 3952 repro-

335 3975 618 4032 missionis
660 3974 1018 4040 veniebatur;
1069 3974 1184 4029 haec
1216 3984 1395 4029 autem
1453 3973 1824 4029 aediﬁcabatur
1873 3974 1928 4029 in

337 4067 462 4137 ipsa
491 4075 636 4121 terra
666 4065 1126 4136 repromissionis,
1170 4074 1226 4120 et
1253 4066 1308 4120 in
1336 4065 1555 4121 civitate
1583 4063 1879 4120 Jerusalem
1910 4081 1924 4131 ;

312 4158 458 4236 'i'lla,
484 4165 546 4211 ut
571 4157 640 4211 de
665 4155 784 4212 loco
811 4158 881 4211 ad
916 4155 1093 4210 locum
1124 4156 1316 4211 crebro
1343 4155 1658 4210 Levitarum
1679 4154 1928 4209 ministe-

339 4248 426 4305 rio
453 4254 690 4320 portata,
728 4248 943 4303 tandem
977 4248 1033 4302 in
1069 4255 1270 4302 terram
1314 4248 1596 4318 promissa:
1642 4246 1926 4302 haeredita-

343 4341 417 4394 tis
454 4340 845 4406 induceretur;
879 4339 1014 4404 haec,
1044 4347 1105 4393 ut
1130 4354 1258 4394 mox
1288 4338 1341 4392 in
1370 4340 1543 4410 patria
1570 4339 1683 4410 ipsa
1718 4348 1774 4394 et
1799 4339 1930 4394 civi-

341 4437 460 4487 tate
487 4432 633 4502 regia
655 4437 970 4486 constructa
996 4429 1296 4484 inviolabili
1335 4446 1548 4502 semper
1578 4429 1929 4486 fundamento

325 4523 690 4587 consisteret,
722 4522 897 4577 donec
918 4521 1148 4575 inditum
1181 4520 1284 4576 sibi
1308 4522 1604 4589 ﬁgurarum
1627 4519 1928 4577 ctelestium

2005 681 2176 748 illam,
2225 696 2346 752 quae
2392 681 2449 736 in
2499 679 2655 735 caelis
2695 687 2824 735 est:
2889 680 3016 749 quia
3074 680 3192 750 ipsa
3241 690 3432 737 sancta
3477 682 3584 738 Ec-

2003 774 2189 840 clesia,
2247 788 2367 845 qua:
2405 788 2474 828 ex
2502 773 2708 829 sanctis
2733 772 2939 844 angelis
2988 781 3044 828 et
3089 773 3400 830 hominibus
3451 789 3580 830 con-

2002 873 2176 930 stans,
2222 863 2419 934 partim
2473 862 2647 918 adhuc
2675 861 3051 933 peregrinatur
3080 863 3134 918 in
3169 861 3401 927 inﬁmis,
3451 877 3578 933 par-

2003 954 2098 1009 tim
2135 963 2316 1010 autem
2345 953 2400 1010 in
2451 967 2686 1024 superna
2727 954 2905 1022 patria
2954 961 3146 1024 νηπίη
3197 953 3254 1008 in
3303 954 3576 1023 supernis,

2005 1045 2181 1100 adhuc
2237 1043 2387 1099 cives
2433 1058 2560 1098 suos
2583 1083 2600 1109 ,
2665 1042 2950 1098 dirimente
3014 1042 3131 1098 velo
3189 1042 3313 1100 cteli
3342 1083 3357 1110 ,
3422 1043 3586 1101 habet

2002 1134 2071 1188 ad
2135 1133 2366 1188 invicem
2422 1141 2748 1204 segregatos.
2816 1132 2892 1188 De
2943 1148 3049 1202 qua
3111 1132 3313 1188 Paulus
3363 1143 3584 1204 aposto-

2004 1225 2090 1282 lus
2120 1226 2190 1280 ad
2215 1225 2470 1282 Hebraeos
2518 1225 2763 1282 scribens
2812 1224 3128 1295 plenissime
3157 1233 3408 1292 testatur,
3463 1243 3587 1284 cum

2004 1318 2282 1374 Christum
2320 1332 2511 1374 verum
2553 1317 2864 1389 pontiﬁcem
2919 1318 3114 1374 asserit
3139 1334 3246 1374 non
3269 1332 3367 1387 per
3399 1319 3586 1376 hirco-

2005 1427 2128 1468 rum
2156 1421 2213 1468 et
2241 1412 2554 1478 vitulorum,
2588 1413 2683 1469 sed
2730 1427 2829 1481 per
2849 1413 3130 1484 proprium
3153 1413 3473 1484 sanguinem
3503 1413 3586 1468 in-

2007 1506 2202 1564 troisse
2225 1505 2394 1561 semel
2415 1506 2471 1560 in
2500 1513 2706 1569 sancta,
2731 1513 2932 1564 aeterna
2960 1506 3330 1576 redemptione
3344 1505 3584 1564 inventa.

2006 1597 2250 1666 Denique
2280 1596 2336 1652 in
2369 1594 2666 1666 Scripturis
2699 1596 2905 1652 sanctis
2928 1596 3220 1667 aliquando
3267 1597 3583 1654 tabernacu-

2005 1689 2117 1748 lum
2151 1705 2352 1760 corpus
2379 1691 2596 1748 Domini
2643 1690 2940 1748 Salvatoris
2959 1693 3254 1763 signiﬁcat,
3271 1705 3348 1748 .uu
3367 1709 3422 1748 tn
3444 1693 3588 1764 psal-

2005 1795 2096 1840 mo
2125 1799 2136 1834 :
2171 1779 2241 1835 In
2266 1779 2375 1835 sole
2401 1781 2575 1850 posuit
2603 1780 3003 1836 tabernaculum
3025 1799 3178 1838 suum
3201 1781 3378 1853 (Psal.
3397 1782 3587 1854 xvru).

2003 1873 2139 1928 Item
2198 1873 2606 1930 tabernaculum
2643 1873 2742 1929 Dei
2796 1883 2984 1930 sancta
3020 1883 3106 1930 est
3158 1874 3423 1940 Ecclesia,
3475 1876 3590 1930 sive

2007 1967 2188 2023 anima
2213 1966 2388 2022 ﬁdelis
2416 1967 2472 2022 in
2497 1967 2932 2037 peregrinatione
2962 1967 3148 2023 mundi
3184 1968 3407 2038 degens.
3442 1967 3597 2022 Unde

2009 2057 2204 2129 legitur
2225 2057 2282 2112 in
2308 2057 2560 2113 Psalmo:
2599 2055 2862 2122 Quoniam
2910 2058 3180 2129 ingrediar
3217 2059 3273 2114 in
3317 2058 3493 2113 locum:
3507 2067 3596 2110 ta-

2011 2150 2278 2206 bernaculi
2321 2150 2649 2205 admirabilis
2709 2166 2868 2220 usque
2907 2151 2976 2205 ad
3027 2151 3238 2205 domum
3286 2150 3385 2204 Dei
3419 2148 3593 2222 (Psal.

2010 2242 2164 2313 xu)“;
2197 2251 2252 2297 et
2283 2241 2338 2295 in
2361 2239 2654 2311 Apostolo:
2683 2239 3102 2295 Tabernaculum
3129 2245 3265 2310 quod
3293 2241 3408 2309 ﬁxit
3431 2240 3594 2302 Deus,

2010 2343 2060 2388 et
2088 2349 2192 2387 non
2233 2333 2390 2386 homo
2428 2331 2615 2404 (Hebr.
2677 2330 2820 2400 vut).
2871 2330 2949 2386 De
2999 2331 3101 2386 hoc
3163 2331 3515 2386 tabernaculo
3543 2333 3595 2386 in

2009 2424 2196 2480 Exodo
2217 2423 2509 2479 Dominum
2535 2423 2705 2494 Moysi
2728 2422 2802 2477 ita
2831 2422 3072 2478 locutum
3100 2422 3268 2478 fuisse
3291 2433 3552 2477 narratur
3577 2441 3591 2477 :

2011 2515 2202 2571 Facies
2228 2517 2355 2570 mihi
2410 2515 2906 2583 sanctiﬁcationem,
2933 2524 2982 2568 et
3009 2514 3131 2569 inde
3157 2515 3368 2569 uidebor
3401 2532 3434 2568 a
3457 2515 3598 2569 vobis

2012 2607 2212 2679 (Exod.
2267 2614 2419 2676 xxv).
2470 2606 2747 2663 Columnae
2777 2605 3113 2662 tabernaculi
3173 2606 3424 2663 doctores
3475 2616 3602 2660 sunt

2011 2697 2288 2764 Ecclesia,
2322 2706 2384 2752 ut
2417 2699 2473 2752 in
2497 2697 2760 2768 Aposwlo
2811 2696 3005 2769 legitur
3035 2714 3048 2750 :
3077 2696 3328 2762 Iacobus,
3349 2706 3400 2751 et
3428 2697 3599 2752 Joan-

2014 2811 2128 2859 nes,
2163 2802 2211 2848 et
2241 2789 2463 2862 Cap/tas,
2513 2793 2606 2862 qui
2643 2790 2950 2845 videbantur
3000 2789 3258 2844 columna:
3306 2806 3415 2845 esse
3455 2786 3599 2860 (Gal.

2014 2886 2100 2957 ιι).
2151 2885 2299 2941 Seras
2350 2885 2468 2941 sive
2520 2893 2726 2949 vectes,
2767 2899 2888 2954 quae
2917 2882 3127 2939 tabulas
3181 2883 3296 2939 sive
3325 2882 3605 2938 columnas

2015 2976 2388 3042 continebant,
2457 2975 2800 3046 Scripturam
2854 2989 3065 3030 sacram
3123 2971 3209 3028 vel
3253 2971 3602 3028 concordiam

2015 3074 2330 3122 sanctorum
2371 3064 2788 3135 praedicatorum
2815 3061 3146 3134 signiﬁcant.
3181 3061 3334 3118 Unde
3357 3060 3526 3117 robur
3547 3070 3606 3114 et

2019 3155 2252 3210 ﬁrmitas
2277 3169 2468 3210 eorum
2511 3155 2935 3210 demonstratur.
2969 3154 3136 3212 Bascs
3169 3163 3297 3209 sunt
3327 3153 3608 3208 columna-

2018 3266 2140 3305 rum
2161 3249 2286 3305 libri
2311 3247 2471 3320 Legis
2491 3258 2546 3302 et
2567 3247 2961 3318 Prophetarum
2985 3263 3000 3314 ;
3029 3255 3193 3317 caput
3207 3245 3605 3312 columnarum,

2021 3341 2295 3400 Christus.
2325 3338 2385 3394 In
2417 3338 2678 3410 Apostolo
2709 3357 2722 3391 :
2756 3335 2928 3409 Caput
2965 3337 3063 3390 uiri
3116 3335 3357 3391 Christus
3396 3334 3448 3408 (ι
3477 3334 3604 3390 Cor.

2021 3431 2123 3501 ιι).
2170 3429 2409 3487 Cortina:
2460 3428 2813 3492 tabernaculi,
2867 3427 3156 3482 multitudo
3192 3425 3454 3490 ﬁdelium,
3485 3425 3609 3481 ﬁdei

2022 3523 2241 3579 funibus
2297 3529 2460 3592 atque
2509 3519 2912 3590 Scripturarum
2955 3517 3242 3588 praeceptis
3296 3532 3605 3587 suspensa:

2025 3614 2231 3670 ansulae
2248 3613 2581 3671 cortinarum
2611 3613 2997 3683 hyacinthinm,
3033 3611 3273 3668 etelestia
3297 3620 3566 3681 praecepta
3593 3628 3607 3674 ;

2027 3722 2153 3776 saga
2177 3704 2392 3760 cllicina
2419 3703 2668 3760 undecim
2700 3704 2800 3758 sub
2847 3713 3194 3774 peccatorum
3227 3702 3401 3764 forma
3423 3704 3607 3773 expri-

2027 3807 2286 3862 muntur;
2327 3797 2720 3868 quinquaginta
2769 3797 2958 3851 circuli
2991 3811 3140 3866 spem
3191 3797 3387 3852 futurae
3412 3796 3612 3865 quietis

2029 3886 2375 3957 significant;
2415 3896 2605 3943 saneta
2648 3897 2956 3942 sanctorum
2981 3888 3220 3944 caelestis
3271 3888 3363 3941 illa
3410 3887 3610 3955 patria,

2029 3985 2084 4032 et
2138 3985 2339 4030 :eterna
2394 3975 2591 4046 gaudia
2648 3975 2801 4046 regni
2859 3975 3156 4040 caelorum;
3188 3975 3295 4030 duo
3323 3975 3609 4038 cherubin,

2031 4069 2138 4122 duo
2184 4076 2509 4124 testamenta
2555 4066 2753 4138 Legis;
2784 4082 2911 4120 arca
2963 4066 3297 4121 Testamenti
3348 4066 3611 4121 Ecclesia.

2031 4160 2185 4218 Unde
2216 4159 2414 4231 legitur
2463 4161 2518 4215 in
2557 4158 2775 4214 Psalmo
2804 4178 2816 4212 :
2848 4157 3110 4228 Exsurge,
3166 4157 3410 4224 Domine,
3450 4159 3506 4212 in
3537 4175 3617 4212 re-

2027 4253 2201 4323 quiem
2253 4261 2425 4316 tuam,
2460 4261 2516 4304 tu
2551 4259 2599 4304 et
2645 4267 2772 4304 arca
2823 4249 3257 4318 sanctiﬁcationis
3301 4260 3408 4304 tum
3439 4247 3614 4320 (Psal.

2029 4341 2236 4412 cxxxt).
2271 4341 2711 4411 Propitiatorium
2760 4355 2922 4412 super
2950 4356 3134 4396 arcam
3163 4339 3413 4397 Christus
3442 4341 3496 4396 in
3521 4358 3616 4397 ca-

2029 4433 2140 4504 pite
2173 4431 2447 4487 Ecclesiae.
2482 4431 2538 4486 In
2565 4431 2808 4502 Epistola
2849 4431 3074 4488 Joannis
3105 4452 3118 4487 :
3152 4433 3478 4489 Advocatum
3520 4435 3618 4488 ha~

2033 4525 2208 4580 bemus
2236 4524 2378 4594 apud
2405 4520 2618 4577 Patrem
2669 4523 2853 4578 Jesum
2893 4523 3158 4578 Christum
3180 4525 3410 4593 justum,
3439 4534 3486 4577 et
3511 4525 3619 4592 ipse

329 4627 544 4668 'munus
574 4612 860 4682 impleret:
893 4617 1072 4683 potest
1124 4611 1180 4666 in
1215 4610 1304 4665 illa
1340 4612 1624 4680 praesentis
1676 4610 1929 4667 Ecclesia:
1955 4645 2009 4706 Β
2035 4625 2108 4668 est
2131 4614 2434 4685 propitiatio
2464 4631 2558 4683 pro
2593 4616 2819 4684 peccatis
2877 4617 3069 4668 nostris
3093 4613 3142 4685 (1
3167 4613 3330 4668 Ιοαη.
3363 4614 3448 4682 u).
3479 4616 3620 4677 Qua-

348 4703 505 4760 labor
533 4711 588 4759 et
608 4703 883 4768 exsilium,
913 4703 968 4756 in
992 4703 1096 4756 hac
1124 4701 1307 4756 futura
1335 4702 1551 4770 requies
1572 4710 1628 4757 et
1653 4701 1930 4756 beatitudo

349 4795 616 4866 ﬁgurari;
647 4793 733 4850 vel
761 4803 910 4849 certe
932 4793 1059 4864 quia
1108 4792 1199 4846 illa
1255 4792 1384 4848 solis
1439 4792 1566 4848 ﬁliis
1596 4793 1786 4859 Israel,
1815 4793 1932 4847 haec

335 4895 533 4943 ‘autem
563 4904 593 4942 a
621 4885 909 4957 proselytis
943 4885 1106 4940 etiam
1136 4883 1190 4940 in
1220 4884 1470 4955 gentibus
1515 4885 1655 4939 facta
1683 4891 1780 4947 est,
1811 4898 1934 4954 pos-

339 4975 480 5036 isunt
506 4980 559 5034 in
590 4978 677 5033 illa
704 4978 1078 5049 principaliter
1110 4986 1293 5050 patres
1322 4977 1532 5034 Veteris
1577 4977 1929 5043 Testamcnti,

353 5080 409 5127 et
438 5071 693 5143 antiquus
721 5071 811 5125 ille
834 5070 931 5125 Dei
979 5070 1226 5142 populus,
1261 5071 1316 5124 in
1344 5070 1447 5126 hac
1501 5079 1679 5125 autem
1711 5085 1935 5140 congre-

354 5173 478 5234 gata
508 5163 574 5219 de
596 5163 845 5235 gentibus
865 5163 1109 5217 Ecclesia
1137 5161 1432 5232 ﬁguraliter
1463 5162 1689 5233 exprimi
1715 5179 1729 5228 ;
1753 5177 1941 5231 quam-

357 5255 440 5310 vis
465 5254 751 5311 aediﬁcium
793 5254 1074 5323 utriusque
1103 5251 1294 5308 domus
1327 5251 1660 5308 enucleatius
1712 5249 1940 5322 spiritali

359 5347 522 5402 sensu
549 5361 838 5401 excussum
876 5354 933 5400 et
955 5345 1175 5400 labores
1202 5344 1486 5414 pmsentis
1531 5342 1786 5399 Ecclesiae
1809 5358 1943 5411 quo-

355 5436 614 5502 tidianos,
654 5445 711 5492 et
728 5436 953 5507 praemia
1012 5434 1069 5489 in
1115 5432 1296 5488 futuro
1320 5434 1601 5504 perennia,
1640 5433 1944 5504 gaudiaque

359 5527 513 5600 regni
538 5525 798 5594 celestis,
848 5535 904 5583 et
928 5523 1248 5581 electionem
1273 5523 1464 5594 prima;
1491 5524 1544 5578 in
1569 5522 1734 5578 Israel
1757 5521 1944 5578 Eccle-

359 5620 478 5688 siae,
511 5632 566 5678 et
589 5620 819 5677 salutem
847 5619 1089 5676 omnium
1115 5618 1355 5690 gentium
1407 5617 1462 5672 in
1508 5615 1726 5672 Christo
1760 5615 1943 5670 multi-

359 5714 539 5769 modis
563 5715 882 5771 ostendatur
908 5711 1186 5768 insinuare
1216 5710 1424 5781 ﬁguris.
1449 5709 1708 5766 Sanctum
1736 5718 1939 5774 autem,

361 5806 504 5875 quod
531 5807 653 5861 velo
683 5819 948 5875 suSpeuso
974 5820 1003 5858 a
1032 5802 1340 5859 sanctuario
1386 5811 1697 5874 separatum
1735 5813 1839 5869 est,
1869 5804 1942 5857 si-

361 5895 586 5968 gniﬁcat
628 5903 953 5967 prementem
995 5891 1314 5960 Ecclesium,
1351 5909 1470 5964 quae
1504 5894 1940 5963 peregrinatione

687 5985 961 6050 Parnm"
1005 5983 1170 6065 CXL

2037 4714 2159 4759 tuor
2194 4701 2384 4758 circuli
2425 4703 2596 4767 aurei,
2633 4704 2686 4756 in
2717 4703 2912 4771 quibus
2960 4719 3087 4757 arca
3115 4703 3454 4770 portabatur,
3494 4717 3622 4769 qua-

2038 4803 2160 4847 tuor
2183 4791 2598 4862 Evangeliorum
2650 4791 2794 4854 libri,
2841 4791 3037 4860 quibus
3073 4790 3318 4846 Ecclesia
3357 4804 3454 4859 per
3488 4807 3621 4860 qua—

2038 4895 2161 4939 tuor
2213 4882 2397 4938 mundi
2447 4893 2630 4954 partes
2683 4884 2926 4938 accincta
2954 4883 3297 4952 prmdicatur.
3334 4880 3524 4937 Vectes
3554 4882 3620 4936 de

2038 4979 2200 5051 lignis
2265 4977 2706 5049 imputribilibus,
2768 4976 2987 5031 circulis
3040 4974 3392 5038 intromissis,
3449 4974 3620 5030 fortes

2037 5069 2423 5141 praedicatores
2466 5077 2644 5124 mente
2675 5069 2989 5136 incorrupta
3019 5064 3342 5135 evangelicm
3366 5063 3622 5134 praedica-

2041 5161 2173 5214 tioni
2205 5176 2420 5230 semper
2448 5160 2659 5215 intenti.
2714 5159 2859 5214 Urna
2897 5173 3083 5221 aurea,
3115 5171 3241 5212 caro
3261 5163 3345 5212 est
3371 5153 3617 5208 Salvato-

2042 5253 2117 5306 ris
2157 5251 2377 5317 munda,
2425 5259 2698 5322 perpetua:
2735 5249 3031 5304 divinitatis
3080 5247 3359 5302 dulcedine
3395 5245 3617 5315 repleta.

2041 5343 2224 5398 Mensa
2251 5342 2510 5396 Dominus
2536 5339 2694 5395 Jesus
2721 5339 2988 5403 Christus,
3027 5339 3119 5408 qui
3155 5345 3238 5393 est
3269 5334 3490 5392 refectio
3517 5334 3623 5390 ele-

2042 5445 2278 5501 ctorum,
2307 5433 2420 5488 sive
2449 5432 2631 5486 unitas
2665 5430 2787 5486 ﬁdei
2813 5446 2828 5498 ;
2861 5430 2924 5486 de
2951 5445 3058 5500 quo
3106 5429 3237 5483 dicit
3285 5425 3572 5481 Psalmista
3603 5442 3617 5480 :

2047 5524 2262 5579 Parasti
2304 5525 2358 5577 in
2381 5532 2656 5592 conspectu
2687 5538 2799 5576 meo
2849 5536 3080 5576 mensam
3113 5517 3286 5591 (Psal.
3323 5515 3480 5588 uti).
3514 5514 3619 5570 P0-

2045 5624 2152 5670 test
2183 5625 2238 5670 et
2289 5628 2471 5668 mensa
2505 5612 2572 5667 de
2627 5612 2786 5684 lignis
2825 5613 3023 5668 setbim
3073 5619 3228 5682 pacta
3283 5607 3617 5679 Scripturam

2045 5721 2254 5764 sacram
2283 5704 2610 5774 signiﬁcare,
2665 5704 2730 5759 de
2783 5704 3012 5760 fortibus
3057 5711 3365 5758 sanctorum
3404 5708 3618 5768 patrum

2045 5800 2227 5855 verbis
2254 5797 2570 5868 actibusque
2597 5805 2965 5867 compactam;
2997 5812 3115 5864 qua:
3141 5795 3268 5849 dum
3300 5790 3471 5852 nobis,
3499 5803 3617 5856 qua:

2046 5894 2155 5949 sint
2179 5902 2393 5950 aeternae
2423 5889 2618 5960 gaudia
2648 5888 3020 5956 beatitudinis,
3051 5893 3105 5940 et
3127 5881 3395 5953 quomodo
3416 5879 3482 5934 ad
3507 5878 3621 5933 haec

3112 5977 3186 6039 13
