4074 6324
301 361 406 420 59⁸1

1288 353 1377 409 DE
1415 351 1763 410 UNIVERSO
1801 349 1982 407 LIBRI
2015 347 2180 403 XXII.
2221 374 2287 388 ---
2329 345 2456 401 LIB.
2499 345 2638 401 XIV.

3492 340 3603 403 598

305 471 628 545 simplicitas
659 469 840 525 cordis
869 468 924 523 in
953 465 1280 524 sacriﬁcium
1308 467 1404 523 Dei
1433 466 1678 522 oﬁ‘crtur.
1723 466 1786 533 in
1832 467 1905 521 si-
1931 478 1985 541 Α
2007 463 2154 534 plum
2205 460 2302 516 Dei
2356 475 2453 530 per
2480 458 2875 514 inhabitantem
2919 457 3170 528 spiritum
3193 455 3312 526 eius
3338 457 3396 514 in
3444 458 3607 517 nobis

307 565 561 637 milagine
585 562 794 634 puritas
820 561 1018 616 mentis
1045 597 1060 628 ,
1102 559 1186 616 vel
1211 575 1376 630 opera
1407 560 1814 636 misericordiae.
1846 559 1907 613 In

306 658 564 733 primitiis
589 643 742 711 initia
774 658 1055 732 honorum.
1077 670 1325 732 cperum,
1353 654 1438 709 vel
1469 653 1610 708 bona
1637 652 1903 708 voluntas.

307 753 366 808 lu
394 749 636 808 decumis
668 763 798 802 vero
828 747 1091 816 perfectio
1111 747 1378 818 bonorum
1409 761 1656 816 operum.
1717 743 1909 799 Sacer-

311 831 408 899 dos
434 839 700 896 Dominus
735 826 818 894 est
850 837 1008 918 Jesus
1052 837 1320 920 Christus,
1367 837 1419 892 in
1443 837 1659 908 Psalmo
1691 855 1704 890 :
1743 835 1821 890 Tu
1854 853 1908 890 es

307 931 552 989 sacerdos
576 931 861 986 secundum
888 930 1136 1008 ordinent
1153 917 1533 1004 Melchisedech
1562 925 1737 998 (Psal.
1771 926 1906 997 CIX).

311 1009 656 1090 Sacerdotes,
697 1023 892 1089 sancti,
931 1031 990 1076 ut
1033 1024 1087 1076 in
1116 1017 1294 1076 Isaia:
1353 1019 1454 1074 Vos
1481 1020 1777 1089 sacerdotes
1804 1019 1911 1074 Do-

310 1120 440 1176 mini
467 1099 778 1185 vocabimini
813 1125 861 1170 et
888 1115 1115 1188 ministri
1160 1114 1259 1168 Dei
1291 1114 1457 1186 nostri
1495 1112 1632 1185 (Isa.
1669 1112 1783 1182 LXI)
1812 1129 1826 1176 ;
1857 1120 1913 1165 et

309 1214 367 1268 in
410 1210 608 1266 malam
634 1193 846 1281 partem
894 1191 951 1261 in
976 1206 1236 1262 Malachia
1272 1225 1285 1260 :
1321 1205 1421 1259 Vos
1446 1204 1762 1269 sacerdotes,
1785 1202 1912 1273 quid

310 1287 575 1374 polluistis
627 1317 812 1355 nomen
853 1297 1075 1375 meum?
1132 1297 1392 1370 (Malach.
1427 1297 1513 1368 ιι.)
1574 1297 1913 1352 Vestimenta

313 1376 678 1459 sacerdotum,
707 1408 874 1462 opera
893 1391 1163 1468 justitite;
1200 1398 1260 1444 ut
1286 1390 1340 1444 in
1373 1388 1582 1460 psalmo
1615 1405 1627 1442 :
1661 1386 1918 1442 Sacerdo-

315 1497 390 1542 tes
427 1471 524 1551 tui,
578 1485 823 1551 Domine,
876 1483 1170 1538 induantur
1210 1482 1426 1551 justitia
1474 1477 1648 1551 (Psal.
1703 1479 1912 1547 cxxxr).

313 1579 450 1636 Item
477 1579 800 1635 vestimenta
831 1577 1152 1642 sacerdotis,
1181 1575 1333 1645 plebs
1359 1572 1616 1628 ﬁdelium.
1641 1571 1720 1650 ιη
1760 1571 1919 1626 Levi-

317 1674 426 1728 tico
453 1691 468 1727 :
506 1655 673 1743 Caput
700 1687 856 1726 suum
887 1687 991 1725 non
1017 1653 1381 1738 discooperiet,
1407 1674 1454 1719 et
1479 1665 1782 1720 uestimenta
1812 1679 1919 1717 non

317 1766 519 1822 scindet
548 1764 693 1838 (Leu.
724 1765 860 1836 xxI).
891 1763 1096 1818 Tunica
1127 1759 1478 1832 hyacinthina
1497 1757 1700 1814 Christi
1731 1755 1920 1812 Eccle—

2008 551 2270 608 cﬁicimur
2298 569 2309 604 :
2351 558 2562 605 constat
2582 549 2790 617 utique,
2829 547 2956 617 quia
2986 547 3215 618 ﬁguram
3239 548 3482 604 omnium
3509 565 3610 606 no-

2009 653 2185 701 strum
2221 653 2277 699 et
2336 643 2506 714 ipsius
2551 641 2802 696 videlicet
2857 638 3075 694 Domini
3118 647 3176 694 et
3240 639 3609 695 membrorum

2009 736 2148 806 ejus,
2183 751 2304 806 qua:
2331 750 2431 790 nos
2479 747 2693 799 sumus,
2738 731 2998 802 templum
3042 730 3174 786 illud
3205 731 3484 787 materiale
3528 743 3608 785 te-

2013 829 2169 885 nuit:
2203 829 2297 882 sed
2329 827 2498 897 ipsius
2528 834 2788 895 tanquam
2821 825 3030 894 lapides
3075 823 3424 895 singulariter
3451 823 3616 878 electi

2011 932 2067 978 et
2087 921 2308 993 pretiosi
2341 922 2396 976 in
2428 921 2780 975 fundamento
2809 917 3050 972 fundati:
3081 917 3254 973 nostri
3282 926 3464 972 autem
3489 925 3613 972 tan-

2013 1032 2177 1086 quam
2200 1016 2444 1085 lapidum
2474 1015 2718 1068 vivorum
2745 1013 3295 1083 supermdiﬁcatorum
3320 1020 3482 1083 sdper
3503 1011 3620 1068 fun-

2015 1109 2328 1164 damentum
2383 1107 2763 1177 Apostolorum
2813 1115 2867 1160 et
2916 1107 3325 1176 prophetarum,
3375 1106 3480 1161 hoc
3507 1112 3617 1174 est,

2015 1213 2179 1270 super
2223 1201 2398 1270 ipsum
2443 1199 2729 1254 Dominum
2782 1197 2997 1268 (Ephes.
3033 1198 3117 1268 ιι).
3177 1197 3381 1254 Domus
3410 1206 3618 1264 autem,

2016 1305 2181 1362 quam
2211 1290 2516 1344 aediﬁcabat
2550 1306 2645 1344 rex
2695 1289 2954 1344 Salomon
3003 1289 3232 1345 Domitio
3264 1290 3500 1346 habebat
3546 1287 3618 1345 60

2017 1383 2230 1438 cubitos
2277 1382 2332 1436 in
2362 1382 2716 1452 longitudine,
2763 1391 2818 1436 et
2844 1382 2915 1435 20
2956 1381 3170 1438 cubitos
3217 1383 3272 1437 in
3312 1382 3620 1437 latitudine.

2019 1477 2324 1548 Longitudo
2349 1477 2542 1533 domus
2567 1476 3037 1547 longanimitatem
3066 1469 3316 1548 designat
3345 1476 3623 1545 Ecclesiae,
3687 1469 3690 1472 ’

2019 1569 2200 1638 quain
2225 1569 2417 1631 exsilio
2439 1568 2896 1639 peregrinationis
2922 1567 3081 1638 hujus
3106 1570 3376 1639 patienter
3399 1570 3627 1625 adversa
3692 1582 3694 1584 '

2021 1675 2249 1731 quaeque
2273 1661 2492 1726 tolerat,
2535 1662 2708 1716 donec
2753 1662 2820 1716 ad
2848 1662 3109 1731 patriam,
3139 1669 3300 1732 quam
3323 1664 3626 1734 exspectat,

2021 1753 2322 1822 perveniat.
2370 1751 2625 1808 Latitudo
2664 1753 2904 1808 insinuat
2934 1753 3278 1822 charitater‘ii,
3309 1757 3429 1825 quae
3477 1756 3632 1811 novit

321 1860 424 1927 sia,
456 1859 571 1930 ejus
599 1857 863 1929 sanguine
899 1857 1174 1912 decorata.
1233 1853 1290 1908 ln
1325 1853 1551 1909 Exodo:
1586 1851 1658 1906 Et
1685 1850 1922 1921 fecerunt
1946 1856 1996 1919 Β
2024 1845 2248 1901 dilatato
2294 1846 2416 1902 sinu
2445 1847 2646 1902 mentis
2695 1863 2802 1904 non
2834 1848 3008 1904 solum
3058 1849 3264 1905 amicos
3293 1849 3349 1903 in
3395 1848 3506 1905 Ded
3533 1849 3631 1905 sed

322 1951 557 2006 tunicam
603 1949 1022 2020 hyacintltinam,
1066 1955 1173 2003 etc.
1223 1945 1422 2016 (Exod.
1453 1943 1666 2014 xxxut).
1719 1942 1919 2012 Super-

323 2041 604 2098 humerale
634 2041 810 2096 virtus
839 2039 1173 2110 operationis
1208 2039 1276 2092 ab
1303 2039 1546 2093 humeris
1595 2037 1921 2108 signiﬁcata.

323 2133 384 2188 ιιι
410 2132 597 2203 Exodo
621 2150 634 2186 :
665 2129 734 2184 Et
760 2131 992 2201 fecerunt
1023 2129 1446 2201 superltumerale
1473 2130 1538 2183 de
1566 2145 1697 2183 auro
1723 2139 1772 2184 et
1799 2130 1924 2199 hya-

325 2226 534 2291 cintho,
590 2241 830 2295 purpura
886 2233 938 2280 et
985 2239 1138 2278 cocco
1177 2232 1227 2278 et
1277 2222 1428 2293 bysso
1467 2232 1659 2278 retorta
1712 2221 1922 2293 (1bid.).

328 2315 613 2372 Rationale
657 2315 936 2381 doctrina,
977 2313 1063 2374 vel
1106 2313 1307 2370 veritas
1354 2329 1451 2370 seu
1497 2314 1728 2370 rationis
1768 2327 1800 2367 a
1829 2326 1927 2383 pe-

335 2417 488 2464 ctore
519 2408 832 2464 deelaratio.
881 2408 941 2482 In
985 2408 1172 2464 Exodo
1210 2426 1225 2462 :
1283 2407 1355 2462 Et
1397 2408 1632 2477 fecerunt
1671 2407 1928 2463 rationale

331 2517 486 2572 opere
511 2499 678 2556 textili
712 2499 925 2572 (Ibid.).
983 2500 1283 2556 Duodecim
1307 2500 1512 2571 lapides
1559 2501 1614 2554 in
1657 2500 1927 2566 rationali,

334 2601 600 2663 quaterno
637 2592 832 2648 ordine
875 2592 1002 2646 trini
1053 2593 1246 2663 positi,
1295 2592 1458 2648 ﬁdem
1504 2590 1791 2647 Trinitatis
1813 2633 1827 2657 ,
1878 2599 1932 2645 et

336 2683 720 2754 Evangelicum
769 2698 1096 2750 sermonem,
1147 2691 1309 2754 atque
1338 2683 1622 2750 duodecim
1651 2683 1930 2752 apostolo-

337 2791 457 2830 rum
487 2775 788 2832 doctrinam
832 2775 886 2829 in
915 2784 1135 2845 pectore
1173 2774 1470 2830 sacerdotis
1507 2787 1721 2844 semper
1754 2775 1936 2830 inesse

338 2873 660 2922 monstrant.
715 2865 940 2921 Poderis
961 2907 977 2932 ,
1029 2867 1134 2922 hoc
1177 2876 1278 2933 est,
1315 2866 1497 2921 tunica
1544 2862 1828 2922 secretior.
1874 2861 1936 2920 ln

339 2956 526 3012 Exodo
558 2975 572 3012 :
612 2956 681 3011 Et
713 2957 946 3027 fecerunt
970 2958 1329 3012 vestimentum
1352 2957 1543 3028 pedere
1565 2957 1658 3012 sub
1688 2956 1932 3023 umbone,

339 3066 467 3119 opus
513 3048 722 3115 textile,
763 3058 930 3104 totum
952 3050 1345 3118 Iiyacintliinum
1387 3048 1597 3122 (Ibid.).
1647 3049 1936 3103 Tintinna-

341 3139 464 3194 bula
506 3155 666 3194 aurea
709 3141 1047 3196 vestimentis
1073 3142 1274 3196 inserta
1327 3155 1507 3197 sermo
1535 3140 1938 3211 pradicationis

340 3232 594 3302 operibus
623 3232 947 3304 conjunctis.
982 3233 1118 3288 Mala
1157 3233 1355 3302 punica
1401 3231 1777 3288 tintinnabulis
1812 3247 1936 3302 per-
1962 3219 2007 3284 C

341 3323 537 3389 mixta,
575 3323 755 3402 unitas
780 3323 930 3391 ﬁdei,
977 3332 1031 3380 et
1055 3326 1347 3381 concordia
1375 3325 1682 3382 charitatis.
1709 3324 1940 3380 Lamina

343 3429 508 3470 aurea
560 3415 616 3469 in
647 3411 849 3481 fronte,
895 3418 1078 3474 crucis
1126 3417 1493 3495 praeﬁguratio
1523 3418 1609 3473 vel
1650 3415 1940 3473 manifesta

336 3507 561 3580 judicia.
589 3511 648 3564 In
673 3510 896 3565 Exodo:
930 3511 998 3566 Et
1032 3512 1263 3582 fecerunt
1309 3512 1566 3568 laminam
1603 3526 1848 3580 auream,-
1891 3520 1939 3567 et

341 3601 576 3672 fecerunt
600 3602 655 3670 in
675 3618 736 3655 ea
759 3601 964 3656 litteras
987 3601 1310 3671 deformatos
1340 3606 1640 3660 sanctitatis
1666 3603 1941 3675 signaculo

339 3689 561 3744 Domini
608 3687 820 3770 (Ibid.).
855 3690 1055 3746 Sancta
1094 3701 1406 3749 sanctorum
1431 3696 1691 3766 mysteria
1715 3709 1944 3766 quaeque

339 3783 464 3850 Dei,
498 3782 583 3838 vel
612 3799 779 3852 regna
815 3785 1098 3840 canorum.
1148 3785 1208 3839 In
1236 3785 1494 3855 Apostolo
1523 3805 1536 3840 :
1571 3786 1697 3841 Non
1721 3788 1858 3840 enim
1887 3787 1943 3840 in

342 3874 657 3945 manufacta
680 3885 863 3930 sancta
892 3876 1049 3930 Jesus
1076 3877 1306 3930 introivit
1329 3877 1648 3948 exemplaria
1673 3889 1943 3932 verorum:

341 3971 439 4026 sed
472 3971 525 4024 in
553 3971 723 4039 ipsum
771 3969 991 4037 ctenim,
1049 3979 1105 4024 ut
1146 3979 1396 4041 appareat
1444 3985 1584 4024 nunc
1630 3969 1802 4024 vultui
1848 3969 1946 4024 Dei

346 4056 538 4136 (Hebr.
569 4062 670 4134 Ix).
705 4061 927 4137 Templa
955 4077 1155 4118 nomen
1181 4063 1454 4133 generale.
1492 4059 1599 4117 Pro
1648 4061 1781 4118 locis
1800 4061 1946 4117 enim

348 4154 764 4225 quibuscunque
808 4155 1021 4225 magnis
1063 4155 1272 4224 antiqui
1306 4155 1505 4225 templa
1542 4154 1840 4210 dicebant:
1892 4162 1948 4209 et

354 4247 556 4316 templa
586 4248 764 4314 dicta,
793 4248 946 4317 quasi
992 4257 1136 4304 tecta
1185 4249 1402 4320 ampla:
1437 4250 1530 4305 sed
1559 4256 1617 4305 et
1661 4243 1815 4305 locus
1852 4249 1946 4304 de-

354 4340 598 4408 signatus
626 4341 698 4395 ad
722 4340 990 4396 orientem
1015 4356 1047 4396 a
1076 4341 1530 4412 contemplatione
1572 4341 1830 4411 templum
1861 4340 1944 4396 di-

356 4430 616 4485 cebatur:
653 4432 806 4502 cujus
829 4441 1015 4503 partes
1042 4440 1275 4503 quatuor
1316 4440 1512 4488 erant:
1541 4434 1718 4489 antica
1755 4434 1821 4488 ad
1853 4449 1945 4490 σι·-

357 4528 492 4585 tum,
525 4523 734 4591 postica
760 4523 829 4578 ad
851 4539 1128 4590 occasum,
1159 4525 1378 4580 sinistra
1407 4525 1474 4579 ad
1499 4526 1939 4595 septentrionem,

359 4611 548 4667 dextra
579 4613 647 4667 ad
685 4615 966 4670 meridiem
995 4623 1284 4684 expectant
1326 4614 1641 4686 [spectans].
1679 4615 1830 4670 Unde
1890 4625 1946 4670 ct

357 4703 573 4772 quando
597 4703 856 4773 templum
879 4704 1282 4767 construebant,
1307 4705 1571 4758 orientem
1592 4706 1949 4773 expectabant

357 4795 789 4864 atquiuoctia-lem
815 4837 832 4862 ,
863 4797 936 4851 ita
984 4806 1044 4851 ut
1083 4797 1222 4852 linea
1263 4798 1332 4852 ab
1364 4807 1482 4852 ortu
1519 4799 1586 4852 ad
1615 4798 1949 4853 occidentem

361 4887 556 4954 missa,
573 4888 767 4944 ﬁerent
785 4898 967 4959 partes
987 4889 1111 4945 cadi
1129 4890 1317 4945 dextra
1336 4899 1498 4959 atque
1519 4890 1740 4946 sinistra
1764 4906 1949 4960 aequa-

363 4978 442 5035 les
471 4996 483 5031 :
518 4987 576 5035 ut
600 4983 696 5052 qui
727 4982 1035 5038 consuleret
1059 4997 1121 5037 ac
1149 4985 1549 5052 deprecaretur,
1579 4991 1788 5038 rectum
1809 4984 1952 5053 aspi-

364 5079 513 5126 ceret
535 5071 825 5128 orientem.
869 5072 1150 5142 Templum
1201 5075 1429 5145 mystice
1478 5073 1562 5129 vel
1605 5089 1799 5144 corpus
1842 5071 1948 5128 Do-

365 5165 499 5219 mini
527 5157 819 5237 signiﬁcat,
851 5167 918 5221 de
944 5181 1054 5236 quo
1072 5169 1186 5237 ipse
1215 5168 1270 5220 in
1293 5163 1584 5237 Evangelio
1612 5166 1723 5220 ait:
1758 5164 1952 5221 Solvite

366 5261 615 5331 templum
642 5263 738 5316 hoc
758 5303 774 5327 ,
819 5262 949 5317 dicit
984 5261 1261 5325 Dominus,
1292 5271 1340 5315 et
1369 5263 1422 5314 in
1467 5261 1631 5314 tribus
1655 5259 1835 5313 diebus
1864 5274 1954 5313 ex-

369 5352 542 5406 citabo
570 5353 702 5406 illud
728 5353 908 5423 (Joan.
939 5353 1022 5426 ll)‘,
1051 5354 1134 5409 vel
1158 5361 1362 5409 emtum
1394 5363 1727 5417 sanctorum,
1760 5352 1956 5422 quibus

370 5442 660 5512 Apostolus
683 5446 761 5498 ait
789 5465 801 5500 :
846 5443 950 5500 Vos
975 5449 1098 5501 estis
1124 5446 1366 5516 templum
1390 5445 1509 5509 Dei,
1536 5454 1581 5497 et
1611 5443 1836 5515 Spiritus
1862 5444 1958 5498 Dei

371 5537 574 5590 habitat
603 5540 660 5591 in
680 5539 820 5593 vobis
837 5551 856 5590 :
879 5539 926 5592 si
953 5539 1067 5610 quis
1091 5548 1263 5593 autem
1286 5537 1530 5607 templum
1553 5533 1650 5589 Dei
1673 5535 1958 5604 violaverit,

375 5630 634 5699 disperdat
659 5629 811 5686 illum
834 5631 996 5686 Deus.
1030 5628 1297 5701 Templum
1319 5630 1454 5684 enim
1473 5629 1568 5683 Dei
1599 5638 1836 5682 sanctum
1862 5637 1958 5694 est,

375 5720 516 5790 quod
546 5723 669 5777 estis
705 5738 792 5778 vos
821 5721 874 5796 (Ι
903 5721 1023 5776 Cor.
1067 5721 1169 5796 III).
1203 5722 1260 5776 Si
1291 5737 1421 5793 ergo
1454 5721 1543 5776 ille
1575 5719 1834 5792 templum
1862 5718 1961 5774 Dei

379 5827 478 5886 per
502 5823 840 5878 amotam
867 5815 1258 5875 humanitatem
1281 5815 1456 5873 factus
1481 5826 1585 5874 est.
1621 5823 1676 5872 et
1701 5829 1801 5872 nos
1828 5821 1964 5872 tem-

2025 1940 2273 1996 inimieos
2325 1941 2554 2012 diligere
2602 1949 2825 2012 propter
2865 1943 3154 1998 Dominum
3181 1986 3195 2010 ,
3249 1944 3419 2000 denec
3448 1945 3635 2000 v'eniat

2026 2039 2257 2102 tempus,
2299 2034 2537 2102 quando,
2571 2033 2687 2088 sive
2713 2035 2780 2088 ad
2809 2039 2999 2104 pacem
3043 2051 3198 2091 suam
3231 2037 3508 2092 conversis
3535 2053 3635 2094 seu

2027 2126 2270 2181 funditus
2297 2127 2549 2182 omnibus
2596 2127 2882 2184 exstinctis
2910 2130 3168 2198 inimicis,
3201 2146 3323 2185 cuni
3350 2131 3480 2186 solis
3504 2147 3635 2202 gan-

2029 2218 2154 2272 deat
2181 2217 2369 2272 amicis
2397 2218 2452 2272 in
2479 2218 2609 2273 Deo.
2642 2219 2885 2274 Altituth
2935 2235 3087 2289 spem
3124 2221 3407 2277 denuntiat
3439 2215 3636 2279 futura:

2030 2313 2422 2377 retributionis,
2468 2315 2622 2384 c‘njus
2653 2314 2847 2368 intuitu
2890 2313 3124 2370 libenter
3155 2314 3340 2370 inﬁma
3382 2321 3636 2387 qumque,

2031 2405 2146 2460 sive
2182 2421 2301 2474 quae
2329 2405 2660 2472 demulcent,
2695 2421 2790 2460 seu
2838 2423 2957 2476 quae
2982 2407 3360 2474 adversantur,
3393 2413 3637 2464 contem-

2031 2495 2134 2560 nit,
2165 2510 2335 2564 usque
2361 2491 2507 2563 dum',
2548 2497 2792 2567 utrisque
2818 2497 3148 2555 transcensis
3175 2542 3188 2565 ,
3222 2501 3334 2556 sola
3361 2501 3639 2556 mereatur

2032 2585 2218 2641 videre
2243 2586 2382 2640 bona
2412 2587 2623 2644 Domini
2650 2588 2704 2642 in
2736 2597 2880 2644 terra
2907 2591 3227 2645 viventium.
3275 2589 3483 2661 Opera,
3516 2605 3639 2662 qutB

2034 2677 2222 2732 Hiram
2254 2677 2448 2733 artifex
2476 2681 2542 2734 de
2572 2679 2713 2751 Tyro
2752 2679 2958 2736 fecerat
2992 2679 3295 2748 Salomoni,
3336 2683 3639 2753 spiritalem

2035 2769 2489 2839 signiﬁcationem
2529 2771 2750 2826 habent.
2809 2770 2959 2829 Mare
3004 2769 3162 2829 fusile
3193 2773 3380 2829 decem
3420 2777 3637 2831 cubito-

2035 2875 2178 2929 rum,
2227 2879 2259 2917 a
2304 2863 2446 2919 lahio
2495 2871 2669 2934 usque
2714 2866 2782 2920 ad
2830 2865 3033 2921 labium
3088 2867 3378 2923 rotmidum
3435 2870 3490 2923 in
3532 2870 3640 2924 cir-

2037 2958 2204 3025 cuitu,
2237 2958 2467 3030 ﬁguram
2494 2968 2641 3016 tenet
2664 2961 2806 3016 sacri
2841 2949 3213 3031 Baptismatis,
3244 2978 3350 3032 quo
3378 2953 3434 3016 iii
3457 2963 3642 3019 remis-

2039 3051 2247 3107 sionem
2290 3057 2642 3121 peccatorum
2696 3054 3074 3108 emundamur.
3125 3053 3418 3110 Duodecim
3450 3042 3644 3121 boves,

2042 3145 2133 3214 qui
2169 3141 2298 3200 illud
2328 3147 2641 3217 portabant,
2683 3145 2967 3202 duodecim
2989 3145 3279 3215 Apostolos
3307 3135 3641 3218 signiﬁcant,

2039 3246 2093 3294 et
2121 3254 2328 3301 omnes,
2363 3240 2453 3310 qui
2478 3241 2596 3295 vice
2626 3255 2815 3295 eorum
2846 3239 3136 3311 regendam
3178 3239 3231 3294 in
3262 3239 3480 3295 Christo
3511 3257 3642 3296 san-

2040 3343 2186 3390 etam
2215 3341 2573 3402 susceperunt
2599 3331 2919 3386 Ecclesiam.
2952 3328 3217 3385 Similiter
3240 3329 3524 3387 duodecim
3555 3331 3640 3388 lu-

2041 3431 2205 3491 teres,
2248 3418 2303 3479 in
2361 3425 2556 3494 quibus
2607 3425 2797 3480 hostia:
2833 3423 3152 3479 lavabantur
3195 3425 3505 3496 signiﬁcant
3551 3443 3643 3483 sa-

2045 3534 2196 3574 crum
2227 3515 2507 3588 Baptisma‘
2553 3526 2608 3574 et
2633 3517 3126 3575 sanctiﬁcationem
3157 3517 3393 3588 Spiritus
3444 3522 3641 3576 sancti.

2043 3608 2253 3665 Caetera
2282 3607 2463 3663 autem
2493 3624 2654 3676 vasa,
2687 3625 2807 3680 qua:
2850 3609 3143 3679 praedictus
3176 3607 3370 3662 artifex
3405 3608 3561 3663 ﬁnxit
3582 3611 3650 3665 de

2044 3713 2152 3754 aere
2181 3699 2234 3753 in
2277 3695 2530 3768 argilloSa
2578 3707 2752 3764 terra,
2803 3698 3050 3754 diversas
3080 3687 3287 3769 species
3341 3699 3653 3770 signiﬁcant

2046 3799 2355 3846 sanctorum
2382 3792 2660 3847 hominum
2685 3809 2803 3862 qua:
2832 3793 2884 3846 in
2916 3793 3169 3864 argillosa
3199 3802 3374 3857 terra,
3417 3794 3522 3848 hoc
3543 3802 3646 3861 est,

2047 3884 2102 3938 in
2145 3883 2429 3956 ScripttIra
2460 3901 2615 3942 sacra
2668 3883 2981 3941 formantur
3022 3888 3090 3942 ad
3136 3887 3496 3942 ministerium
3528 3887 3647 3943 Dei.

2631 3996 2862 4058 CAPUT
2899 3997 3064 4054 XXI].

2561 4133 2564 4138 _
2675 4065 2753 4121 De
2796 4067 3042 4121 aditibus.

2117 4155 2310 4213 Aditus
2334 4153 2401 4215 ab
2422 4157 2669 4215 adeundo
2697 4149 2894 4224 dictus,
2917 4175 3015 4230 per
3037 4174 3198 4228 quem
3236 4149 3570 4231 ingredimur
3597 4169 3654 4215 et

2048 4249 2404 4306 admittimur.
2459 4247 2795 4306 Vestibulum
2838 4259 2922 4307 est
2953 4251 3035 4306 vel
3081 4251 3260 4307 aditus
3304 4252 3648 4328 domuspri-

2047 4349 2205 4408 vataz,
2249 4337 2340 4396 vel
2362 4342 2593 4412 spatium
2641 4339 2898 4410 adjacens
2926 4340 3130 4396 aedibus
3155 4333 3430 4413 publicis:
3466 4350 3519 4396 et
3561 4357 3653 4397 ve-

2049 4433 2303 4489 stibulum
2335 4433 2541 4488 dictum
2594 4431 2680 4499 eo,
2734 4433 2877 4503 quod
2907 4449 2972 4488 eo
3017 4433 3327 4488 vcstiuntur
3356 4431 3520 4500 fores,
3555 4443 3651 4488 aut

2048 4528 2189 4598 quod
2219 4528 2423 4582 aditum
2450 4534 2591 4581 tecto
2617 4526 2832 4596 vestiat,
2862 4536 2952 4581 aut
2980 4527 3047 4581 ab
3077 4528 3289 4582 stando.
3311 4524 3649 4580 Vestibulum

2054 4630 2232 4673 autem
2261 4619 2549 4688 aliquando
2573 4617 2842 4687 signiﬁcat
2875 4615 3056 4684 ﬁdem,
3096 4634 3192 4686 per
3222 4633 3382 4686 quam
3415 4617 3652 4670 intratur

2052 4711 2108 4765 in
2134 4709 2430 4764 Ecclesium
2457 4725 2471 4762 :
2503 4709 2791 4779 aliquando
2813 4709 3194 4774 humilitatem,
3219 4709 3345 4777 quia
3370 4723 3526 4783 nemo
3555 4722 3651 4776 po.
3707 4741 3711 4744 -

2057 4799 2161 4855 test
2195 4801 2262 4855 ad
2293 4801 2490 4871 gradus
2537 4799 2860 4874 spiritalium
2892 4800 3154 4853 donorum
3193 4791 3507 4863 ascendere,
3545 4799 3647 4856 nisi

2052 4909 2150 4964 per
2174 4891 2492 4948 humilitatis
2515 4893 2790 4945 virtutem.
2835 4891 2988 4945 Unde
3026 4891 3284 4960 scriptum
3327 4902 3447 4944 est:
3482 4887 3638 4959 Super

2054 4983 2206 5055 quem
2247 4985 2516 5055 requiescit
2550 4969 2778 5054 Spiritus
2808 5000 2950 5036 mens
2975 5023 2988 5049 ,
3019 4982 3121 5034 nisi
3145 4998 3301 5051 super
3327 4981 3577 5054 liuinilem
3599 4999 3650 5036 et

2052 5067 2283 5146 quietum
2330 5086 2377 5129 et
2405 5086 2705 5131 trementem
2743 5092 3004 5130 sermones
3052 5075 3234 5129 meos?
3284 5073 3418 5147 (Isa.
3476 5074 3648 5145 LXVI.)

2053 5166 2239 5223 Potest
2281 5184 2496 5239 quoque
2547 5184 2644 5238 per
2693 5151 3015 5222 vestibulum
3066 5166 3198 5222 ﬁdes
3232 5167 3481 5238 intelligi.
3528 5166 3647 5235 Ipsa

2055 5261 2252 5333 quippe
2295 5269 2379 5315 est
2431 5269 2555 5314 ante
2611 5259 2809 5330 gradus
2844 5266 2899 5312 et
2926 5267 3135 5328 portam
3165 5277 3178 5312 :
3241 5259 3365 5329 quia
3397 5258 3548 5328 prius
3580 5258 3650 5312 ad

2056 5347 2217 5406 ﬁdem
2251 5351 2514 5415 venimus,
2552 5360 2605 5404 et
2635 5349 2976 5419 postmodum
3025 5366 3120 5420 per
3157 5349 3520 5420 spiritualium
3551 5350 3649 5404 do-

2059 5460 2251 5499 norum
2273 5441 2473 5513 gradus
2502 5440 2738 5497 caelestis
2793 5443 2915 5498 vitae
2963 5442 3169 5496 aditum
3206 5441 3490 5495 intramus.
3535 5438 3652 5494 Non

2063 5536 2205 5589 enim
2234 5534 2524 5589 virtutibus
2547 5533 2764 5586 venitur
2803 5532 2870 5586 ad
2910 5532 3092 5598 ﬁdem,
3153 5531 3247 5587 sed
3275 5532 3380 5586 ﬁde
3411 5532 3654 5602 pergitur

2065 5627 2132 5682 ad
2166 5627 2426 5682 virtutes:
2471 5641 2567 5696 per
2595 5625 2754 5680 ﬁdem
2785 5641 2914 5696 ergo
2939 5627 3155 5682 venitur
3204 5626 3272 5680 ad
3316 5640 3501 5697 opera,
3557 5623 3651 5679 sed

2063 5733 2161 5788 per
2188 5733 2351 5789 opera
2395 5714 2659 5774 solidatur
2688 5718 2743 5772 in
2772 5716 2894 5774 ﬁde.
2930 5709 3268 5773 Vestibulum
3312 5717 3498 5785 itaque
3524 5722 3653 5768 ante

2067 5811 2266 5884 gradus
2305 5815 2390 5867 est
2417 5827 2432 5868 τ
2464 5809 2594 5884 quia
2631 5810 2725 5882 qui
2746 5809 2898 5882 prius
2917 5809 3226 5877 crediderit,
3260 5807 3375 5874 ipse
3397 5813 3522 5876 post
3545 5801 3654 5858 vir—
