4038 6324
423 363 532 425 103

1075 363 1139 421 Β.
1179 363 1436 424 unum
1471 362 1694 439 MAURI
1732 347 2052 422 meumr.
2087 345 2403 423 meum.
2441 362 2734 424 mm
2760 365 2954 424 mas
2991 365 3055 423 ιι.

417 490 478 538 et
502 478 687 538 odoris
708 483 925 536 constat
948 491 1070 535 esse
1095 479 1384 550 praecipui.
1413 477 1572 548 Quod
1597 479 1680 536 eis
1721 487 1847 551 apte
1889 493 2020 535 ccn-
2045 481 2098 544 Α
2126 489 2240 536 tum
2275 494 2446 552 genus
2469 485 2556 537 est
2581 495 2792 548 carent,
2815 497 2942 554 qua
2959 487 3226 540 eoa-mi-
3254 481 3474 551 Attin,
3498 493 3726 556 qnam-

459 573 592 636 enit,
622 572 716 646 qui
743 587 868 627 eum
892 571 1154 642 Apostolo
1183 571 1366 627 dicere
1389 581 1618 642 possunt
1649 592 1662 626 :
1699 569 1896 626 Christi
1927 572 2020 626 lio-

423 682 523 722 aus
547 665 680 721 odor
701 681 882 721 sumus
909 665 1020 719 Deo
1051 663 1137 736 (11
1162 663 1284 720 Cor.
1311 665 1407 737 n);
1437 673 1492 721 et
1539 683 1552 718 :
1585 662 1787 721 Nostra
1811 681 2022 720 conver—

421 760 560 814 satio
584 759 640 812 in
675 755 816 813 caelis
844 766 920 812 est
939 755 1106 830 (Phil.
1137 752 1244 830 ιιι).
1277 757 1506 814 Tectum
1530 757 1888 834 intentionem
1911 773 2022 814 cm-

419 848 575 904 lestis
603 848 934 919 operationis
961 849 1161 918 signat,
1191 849 1244 902 id
1272 857 1376 915 est,
1428 849 1596 904 vitam
1645 850 2020 920 contemplati-

419 958 545 996 vam
571 943 624 1006 in
654 943 948 1016 Evangelio
985 963 998 998 :
1036 929 1102 996 Et
1131 943 1222 1015 qui
1249 945 1302 998 in
1331 955 1462 999 tecto
1491 954 1590 1009 est,
1615 963 1718 1000 non
1739 945 2019 1000 descendat

421 1037 625 1108 aliquid
653 1036 832 1090 tollere
878 1037 942 1091 de
978 1021 1132 1091 duino
1162 1054 1259 1090 sua
1283 1035 1506 1112 (Matth.
1541 1037 1716 1109 xxw).
1767 1037 1898 1092 item
1944 1045 2022 1091 te-

419 1137 570 1204 ctum
622 1145 825 1202 corpus
858 1129 1114 1194 hominis,
1175 1137 1232 1181 ut
1272 1128 1327 1182 in
1369 1129 1662 1200 Evangelio
1695 1148 1708 1182 :
1769 1127 1924 1194 Quod
1963 1128 2018 1182 in

421 1238 553 1276 aure
587 1222 808 1287 auditis,
839 1221 1126 1294 prtedicate
1156 1237 1313 1291 super
1343 1229 1532 1274 tectum
1567 1219 1782 1290 (Matth.
1809 1218 1889 1291 χ).
1915 1215 2018 1272 Τε-

419 1320 572 1368 ctum
615 1312 862 1368 velamen
909 1312 1068 1384 legis,
1099 1321 1154 1366 et
1181 1311 1488 1368 obscuritas
1519 1319 1832 1366 sanctarum
1871 1311 2017 1366 Scri-

416 1413 703 1476 pturarum
731 1405 1072 1478 intelligitur.
1104 1405 1306 1461 Absida
1337 1421 1516 1476 graeco
1557 1418 1811 1460 sermone
1849 1404 2016 1460 latine

419 1497 832 1568 interpretatur,
871 1497 1050 1569 lucida
1075 1512 1093 1549 :
1135 1514 1200 1552 co
1245 1499 1389 1568 quod
1417 1497 1621 1552 lumine
1649 1508 1873 1568 accepto
1918 1513 2017 1568 per

421 1603 611 1659 arcum
642 1590 1004 1662 resplendeat.
1044 1589 1152 1644 Sed
1183 1597 1365 1644 utrum
1397 1590 1642 1646 absidam
1674 1605 1743 1644 an
1771 1590 2012 1645 absidem

345 1727 357 1756 ,Α
421 1678 606 1734 dicere
631 1678 914 1746 debemus,
941 1665 1093 1734 verbi
1135 1694 1306 1750 genus
1334 1679 1646 1750 ambiguum
1679 1681 1897 1751 quidam
1919 1681 2014 1736 do-

367 1807 370 1810 -
421 1781 635 1828 ctorum
667 1773 1003 1830 existimant.
1037 1772 1279 1827 Testudo
1306 1781 1389 1828 est
1417 1789 1634 1830 camera
1663 1775 1848 1845 templi
1871 1775 2010 1830 obli-

2127 573 2212 626 nis
2243 571 2456 644 angulis
2479 581 2574 627 aut
2599 572 2850 644 amplius,
2876 574 3102 645 paribus
3127 573 3359 632 latet-lim
3393 577 3719 638 intervallis.

2125 665 2387 736 Capitelia
2427 665 2594 732 dicta,
2619 668 2764 735 quod
2802 667 2914 724 sint
2939 668 3320 734 columnarum
3341 671 3542 743 capita,
3579 674 3726 730 sicut

2125 773 2288 830 super
2311 759 2510 816 collum
2541 769 2723 832 caput.
2752 761 3013 834 Epistylia
3043 770 3194 829 sunt,
3215 779 3339 834 quae
3370 778 3539 837 super
3571 769 3728 839 capi-

2122 850 2247 904 telis
2269 851 2644 908 columnarum
2666 861 2962 922 ponuntur,
2985 862 3042 909 et
3054 862 3139 908 est
3152 869 3417 926 gramm,
3437 856 3495 914 id
3509 866 3726 924 est,“-

2121 935 2406 1012 permissa.
2440 942 2606 999 Bases
2625 953 2804 998 autem
2823 945 3050 1016 mystice
3085 955 3318 1016 possunt
3337 948 3567 1020 intelligi
3596 950 3725 1006 libri

2122 1033 2590 1091 Testamentorum
2623 1037 2949 1102 divinorum,
3009 1038 3208 1108 quibus
3255 1039 3508 1096 innititur
3543 1045 3726 1099 omnis

2119 1123 2367 1180 doctrina
2402 1134 2715 1182 sanctorum
2765 1128 3204 1198 praedicatorum.
3246 1130 3524 1190 alumnas
3571 1135 3722 1190 enim

2121 1224 2246 1268 sunt
2275 1215 2521 1286 Apostoli
2549 1225 2605 1274 et
2631 1217 2885 1274 doctores
2909 1219 3210 1292 Evangelii.
3257 1222 3368 1280 llos
3404 1225 3725 1296 praeﬁgura-

2119 1314 2316 1360 veruut
2357 1306 2463 1362 illis
2487 1308 2606 1362 dum
2641 1309 2932 1376 columnae,
2970 1327 3109 1382 quas
3149 1312 3348 1383 legitur
3387 1313 3584 1372 fecisse
3627 1317 3726 1373 lli-

2119 1413 2239 1454 rain
2279 1399 2335 1458 in
2381 1399 2746 1457 aediﬁcatione
2774 1403 2961 1473 templi
3007 1402 3245 1471 Domini,
3283 1405 3428 1462 sicut
3449 1409 3720 1480 scriptum

2117 1489 2280 1544 estin
2308 1489 2446 1546 libro
2469 1490 2678 1562 Regum
2705 1501 2762 1546 et
2795 1493 3272 1565 Paralipomenon,
3320 1507 3384 1553 ut
3409 1508 3496 1555 est
3540 1500 3671 1555 illud
3703 1519 3717 1556 :

2117 1583 2402 1654 Complosit
2419 1583 2611 1639 Hiram
2632 1589 2930 1658 omue'optts
2948 1591 3082 1659 regis
3107 1589 3166 1643 in
3187 1590 3476 1658 domo'Bei,
3497 1593 3597 1647 hoc
3617 1605 3719 1659 est,

2115 1672 2386 1727 columnas
2407 1674 2544 1734 duas
2564 1685 2612 1729 et
2637 1675 2875 1746 epistylia
2887 1685 2938 1732 et
2954 1679 3130 1748 capita
3147 1688 3198 1734 et
3209 1681 3364 1751 quasi
3377 1683 3625 1752 quadam
3641 1699 3726 1738 re-

2116 1765 2314 1820 tiacula
2335 1783 2454 1837 quis
2497 1768 2672 1837 capita
2713 1778 2940 1840 tegerent
2994 1787 3152 1841 super
3194 1773 3436 1844 epistylia
3472 1773 3560 1845 (ΙΙ
3583 1773 3722 1829 Ras.

417 1880 526 1936 qua
556 1883 570 1920 ε
606 1881 732 1920 nam
775 1865 828 1918 in
867 1865 1084 1919 modum
1116 1863 1404 1920 testudinis
1433 1873 1648 1920 veteres
1684 1865 2009 1936 templorum
2038 1860 2086 1920 Β
2114 1857 2211 1928 iv).
2241 1857 2333 1913 Hae
2353 1865 2479 1914 sunt
2501 1859 2788 1927 columnae,
2809 1862 2876 1918 de
2895 1864 3092 1932 quibus
3110 1863 3310 1922 Paulus
3326 1869 3403 1923 ait
3427 1869 3718 1936 :Jacobus,

416 1965 564 2013 tecta
593 1957 884 2023 faciebant,
920 1973 1040 2037 qua:
1070 1956 1190 2012 ideo
1217 1957 1298 2013 sic
1329 1955 1524 2024 ﬁebat,
1564 1966 1624 2012 ut
1665 1959 1786 2016 εωΙί
1824 1960 2018 2032 imagi-

417 2067 545 2108 nem
593 2051 893 2111 redderet:
940 2053 1083 2123 quod
1115 2059 1329 2106 constat
1369 2065 1490 2107 esse
1539 2066 1862 2108 convexum.
1893 2054 2013 2121 fAlii

419 2147 748 2203 testudinem
781 2146 969 2202 volunt
995 2162 1115 2204 esse
1141 2147 1317 2201 locum
1347 2147 1402 2202 in
1443 2155 1600 2220 parte
1637 2146 1762 2200 atrii
1791 2147 2017 2202 adversa

416 2241 781 2297 venientibus.
819 2240 994 2296 Arcus
1028 2241 1184 2308 dicti,
1216 2241 1360 2314 quod
1389 2241 1500 2298 sint
1529 2248 1647 2296 arta
1671 2240 2018 2298 conclusione

419 2335 652 2400 curvati,
691 2333 794 2408 ipsi
840 2340 896 2388 et
938 2332 1194 2390 fornices.
1242 2333 1559 2408 Pavimenta
1587 2333 1851 2405 originem
1879 2331 2019 2404 apud

421 2423 642 2484 Grmcos
655 2425 858 2480 habent
873 2425 1153 2484 elaborata
1174 2431 1294 2480 arte
1311 2424 1558 2498 picturae,
1576 2423 1882 2479 lithostrota
1895 2439 2020 2500 par-

419 2517 563 2573 vulis
583 2519 784 2574 crustis
809 2534 874 2573 ac
907 2519 1141 2574 tcsscllis
1170 2517 1353 2573 tinctis
1375 2518 1429 2573 in
1451 2519 1633 2574 varios
1655 2519 1865 2573 colores
1891 2536 1902 2571 :
1927 2533 2019 2572 vo-

420 2614 541 2664 cata
565 2619 745 2662 autem
768 2607 1076 2679 pavimenta
1100 2622 1166 2663 eo
1208 2610 1352 2680 quod
1372 2619 1696 2682 paveantur,
1721 2609 1771 2663 id
1794 2617 1896 2672 cst,
1921 2623 2019 2664 cce-

420 2697 638 2752 dantur.
665 2696 824 2753 Unde
850 2706 906 2754 et
931 2713 1120 2770 pavor,
1153 2700 1280 2772 quia
1308 2701 1470 2756 caedit
1495 2715 1611 2756 cor.
1647 2699 1909 2774 Ostracus
1936 2707 2020 2755 est

419 2787 792 2860 pavimentum
833 2777 1154 2860 testaceum,
1191 2808 1258 2847 eo
1286 2795 1432 2864 quod
1462 2793 1651 2849 fractis
1684 2794 1839 2850 testis
1873 2795 2020 2850 calce

422 2882 662 2937 admixto
684 2881 929 2940 feriatur.
947 2884 1167 2960 Teslam
1185 2885 1330 2940 enim
1348 2884 1524 2941 Graeci
1537 2898 1795 2942 ostracon
1809 2887 2014 2956 dicunt.

419 2973 798 3052 Pavimentum
851 2976 1171 3046 intelligitur
1217 2977 1526 3032 humiliatio
1579 2988 1744 3051 atque
1797 2979 2019 3036 afﬂictio

420 3066 638 3132 animm,
689 3068 804 3144 sive
857 3069 908 3122 in
955 3077 1170 3123 terrena
1215 3069 1526 3136 declinatio,
1561 3079 1620 3124 ut
1661 3079 1746 3126 est
1792 3071 1921 3130 illud
1965 3072 2016 3126 in

421 3153 640 3230 Psalmo
659 3175 673 3211 :
691 3158 922 3229 (idlta’sit
947 3159 1239 3236 pavimento
1267 3162 1445 3215 anima
1470 3178 1584 3216 mea
1601 3159 1775 3234 (Psal.
1799 3161 2014 3236 csvm).

2119 1947 2321 2020 Gepltas
2347 1957 2396 2004 et
2423 1948 2678 2017 Joannes,
2701 1953 2794 2024 qui
2816 1953 3130 2010 uidebantur
3155 1957 3414 2016 columnae
3435 1978 3564 2029 esse,
3587 1963 3723 2018 dea:-

2117 2045 2259 2094 teras
2291 2039 2551 2096 dederunt
2589 2043 2717 2103 mihi
2765 2053 2818 2098 et
2854 2043 3120 2105 Romam
3162 2049 3484 2113 societatem.
3528 2063 3589 2110 ut
3623 2072 3722 2112 nos

2117 2131 2175 2186 iu
2223 2134 2484 2202 gentibus,
2530 2133 2610 2196 illi
2658 2144 2834 2192 autent
2887 2139 2945 2193 in
2997 2140 3396 2201 circumcisione
3415 2144 3567 2219 (Gel.
3629 2151 3718 2221 ll).

2119 2223 2330 2292 Quibus
2374 2227 2560 2284 verbis
2607 2229 2766 2300 quasi
2817 2245 3092 2303 exponere
3139 2237 3354 2294 videtur
3396 2243 3720 2313 mysterium

2119 2315 2498 2376 columnarum
2545 2320 2933 2389 materiaiium,
2980 2327 3196 2398 etquid
3237 2329 3490 2388 videlicet
3527 2332 3702 2404 ﬁgura

2118 2407 2320 2474 verint,
2365 2417 2420 2463 et
2441 2423 2614 2478 quare
2637 2413 2759 2467 dum
2797 2413 2909 2470 sint
2935 2415 3112 2472 factae.
3165 2419 3454 2491 Apostolus
3481 2437 3722 2497 namque

2120 2507 2178 2554 et
2225 2499 2485 2557 doctores
2527 2510 2748 2560 sanctos
2789 2517 3018 2564 cunctos
3069 2511 3346 2581 spiritales
3383 2515 3716 2586 significant,

2121 2589 2292 2649 fortes
2321 2595 2578 2653 nimirum
2609 2596 2715 2655 ﬁde
2751 2609 2915 2668 atque
2947 2615 3114 2672 opere
3161 2612 3216 2659 et
3254 2609 3716 2679 contemplatione

2123 2686 2193 2741 ad
2219 2701 2454 2756 superna
2481 2696 2715 2745 erectos.
2745 2691 2876 2746 Duae
2901 2702 3026 2749 sunt
3059 2703 3261 2764 autem,
3289 2707 3354 2754 ut-
3375 2708 3434 2756 et
3453 2713 3642 2773 gentes
3661 2710 3718 2759 et

2119 2777 2594 2836 circumcisionem
2641 2783 2988 2853 praedicando
3021 2786 3078 2842 in
3128 2787 3430 2848 Ecciesiam
3467 2794 3718 2851 introdu-

2121 2877 2249 2926 cant
2283 2887 2296 2924 :
2345 2872 2566 2927 stabant
2610 2872 2663 2928 in
2693 2876 2908 2944 porticu
2938 2885 3068 2933 ante
3101 2879 3248 2936 fores
3295 2883 3500 2956 templi,
3539 2894 3595 2942 et
3633 2888 3717 2942 in-

2121 2976 2367 3032 gressum
2393 2961 2536 3019 illius
2559 2979 2660 3021 suo
2699 2966 2894 3024 decore
2929 2983 2996 3024 ae
3033 2969 3437 3044 pulchritudine
3463 2991 3532 3032 ex
3561 2985 3682 3032 utra

2119 3066 2230 3123 que
2253 3061 2408 3124 parte
2437 3055 2765 3112 mirabiliter
2787 3058 3078 3118 ornabant.
3117 3060 3332 3118 Ostium
3361 3071 3546 3122 autem
3583 3075 3719 3124 tent—

2121 3145 2199 3216 pli
2231 3147 2492 3204 [uncinos
2534 3157 2618 3205 est
2650 3167 2664 3204 :
2695 3150 2822 3220 quia
2857 3159 3019 3208 nem
3057 3153 3208 3210 venit
3236 3154 3302 3211 ad
3325 3155 3564 3224 Patrem,
3611 3160 3716 3217 nisi

422 3248 803 3308 Pavimentum
825 3261 908 3310 est
951 3253 1047 3308 soli
1077 3254 1308 3326 alicujus
1335 3255 1390 3312 in
1417 3255 1693 3310 levitatem
1725 3255 2015 3311 maximam

2121 3253 2222 3308 per
2263 3238 2440 3308 ipsum
2477 3239 2662 3312 (Joan.
2715 3242 2866 3315 xw);
2911 3251 2970 3300 et
3012 3245 3156 3301 sicut
3204 3247 3332 3302 alibi
3368 3249 3546 3306 dicit:
3594 3251 3709 3325 Ego

424 3343 726 3408 constructi
789 3343 1068 3414 soliditas,
1119 3362 1240 3418 quae
1296 3347 1494 3402 merito
1549 3355 1740 3402 nostro
1801 3349 2017 3418 corpori

424 3434 792 3508 comparatur,
824 3437 1084 3510 quoniam
1113 3447 1168 3492 et
1197 3438 1373 3511 ipsum
1397 3437 1561 3493 simili
1609 3438 1785 3512 nitore
1816 3439 2018 3518 leviga-
2056 3442 2060 3446 ’

424 3531 536 3578 tur.
566 3523 874 3596 Adhresisse
904 3542 964 3582 se
991 3541 1122 3606 ergo
1149 3529 1280 3584 dicit
1308 3529 1458 3584 carni
1489 3544 1603 3586 suae
1631 3548 1643 3587 :
1677 3531 1822 3604 quod
1859 3531 2018 3606 vitio-

421 3632 542 3672 sum
570 3634 690 3678 esse
716 3636 826 3696 non
874 3621 1096 3695 dubium
1139 3631 1241 3676 est.
1274 3623 1467 3698 Anima
1499 3625 1545 3679 si
1589 3623 1866 3698 adhaereat
1899 3641 2018 3681 cor-

419 3712 565 3786 pori,
595 3713 807 3770 delictis
838 3714 985 3770 favet
1032 3733 1044 3770 :
1080 3715 1126 3788 si
1151 3717 1430 3789 voluptate
1468 3719 1538 3774 sit
1566 3721 1759 3790 divisa,
1807 3720 2019 3794 virtuti-

423 3801 547 3860 bus.
581 3805 956 3876 Pavimentum
981 3807 1261 3867 humilitas
1293 3809 1532 3866 ﬁdelium
1568 3812 1872 3877 doctrinam
1899 3830 2017 3888 san-

421 3906 634 3966 ctorum
659 3900 935 3986 patienter
960 3901 1394 3974 suscipientium,
1424 3911 1485 3957 ut
1514 3903 1569 3958 in
1602 3903 1916 3971 Ezechiele:
1947 3905 2016 3960 Et

418 3999 543 4064 ante
555 3991 988 4064 gazophylacium
999 3992 1353 4066 pavimentum
1366 4003 1591 4049 stratum
1606 3993 1780 4066 lapide
1795 3995 1866 4068 (E
1870 3997 2011 4070 sec/1.

421 4078 533 4156 ξι).
565 4079 695 4137 item
724 4079 920 4156 legitur
947 4081 1000 4134 in
1029 4081 1168 4138 libro
1195 4082 1510 4157 RegumUl
1517 4083 1545 4138 Ι
1571 4084 1700 4156 Reg.
1730 4089 1841 4159 v1),
1869 4087 2014 4161 quod

423 4169 678 4246 Salomon
707 4172 1076 4255 pavimentum
1107 4173 1304 4231 texerit
1329 4189 1464 4228 auro
1492 4174 1822 4232 intrinsecus
1845 4183 1901 4234 et
1921 4191 2016 4230 ex-

420 4263 716 4326 trinsecus,
771 4263 876 4318 hoc
916 4273 1022 4328 est,
1075 4264 1132 4320 in
1174 4263 1396 4320 oraculo
1438 4273 1495 4320 et
1540 4268 1595 4319 in
1645 4267 1762 4338 ipso
1793 4268 2008 4343 templo.

419 4356 580 4412 Texit
623 4371 753 4436 ergo
799 4355 1056 4422 Salomon
1104 4360 1474 4440 pavimentum
1533 4361 1724 4420 domus
1759 4379 1892 4430 auro
1934 4365 2012 4439 in-

421 4447 697 4522 trinsecus
729 4455 784 4507 et
817 4449 1152 4519 extrinsecus
1186 4492 1199 4529 τ
1241 4451 1368 4524 quia
1397 4451 1512 4510 Bex
1543 4465 1730 4513 uoster
1752 4456 2012 4526 paciﬁcus

425 4544 481 4593 et
510 4538 729 4616 angelos
766 4547 930 4610 atque
959 4541 1164 4608 animas
1191 4542 1463 4615 iustorum
1495 4545 1547 4600 in
1589 4547 1742 4604 caelis
1772 4548 2012 4618 perfecte

425 4644 490 4686 ac
516 4630 758 4704 plenarie
783 4631 926 4710 dono
955 4631 1256 4702 dilectionis
1284 4643 1610 4692 aeternorum
1637 4653 1667 4691 a
1699 4639 2008 4712 mortalium

423 4723 634 4802 vilitate
684 4725 934 4789 secrevit.
975 4725 1351 4798 Compluvium
1407 4729 1630 4800 dictum,
1683 4731 1810 4804 quia
1859 4748 2015 4804 aqua:

336 4870 343 4892 ί
415 4822 625 4886 partes,
684 4830 808 4888 qua:
855 4815 1003 4884 circa
1054 4825 1208 4884 sunt,
1258 4833 1322 4875 eo
1366 4821 1714 4876 conveniunt.
1761 4821 2014 4879 Tessellae

331 4916 338 4928 ’
422 4917 572 4976 sunt,
603 4925 635 4964 e
679 4910 873 4996 quibus
899 4911 1169 4969 domicilia
1221 4921 1558 4982 sternuntur,
1596 4931 1627 4970 a
1660 4916 1881 4972 tesseris
1910 4931 2012 4976 n0-

429 5002 656 5066 minata,
683 5002 736 5056 id
763 5011 864 5069 est,
896 5005 1178 5077 quadratis
1219 5004 1416 5078 lapillis
1444 5022 1542 5078 per
1575 5007 2009 5067 diminutionem.

425 5096 597 5154 Bases
624 5095 840 5174 initura:
861 5105 988 5160 sunt
1009 5098 1408 5172 columnarum,
1437 5116 1558 5170 qua:
1602 5117 1636 5156 a
1659 5099 2012 5160 fundamento

415 5195 777 5262 consurgunt,
805 5196 860 5262 et
908 5192 1259 5264 superposita:
1307 5190 1530 5252 fabrica:
1573 5191 2010 5272 sustinentpon-

419 5280 544 5338 dus.
570 5279 735 5344 Bases
758 5288 940 5344 autem
991 5297 1188 5348 nomen
1229 5291 1397 5354 petra!
1422 5289 1507 5345 est
1533 5280 1842 5353 fortissimae
1869 5286 2008 5359 Syro

416 5385 689 5439 sermone.
744 5372 1022 5448 Columna:
1061 5390 1160 5450 pro
1196 5374 1532 5448 longitudine
1581 5383 1636 5453 et
1676 5379 2010 5445 rotunditate

417 5473 652 5534 vocatae,
690 5467 744 5524 in
786 5469 985 5540 quibus
1014 5467 1178 5524 totius
1228 5463 1450 5546 fabricae.
1495 5469 1706 5547 pondus
1753 5472 2000 5550 erigitur.

415 5558 656 5629 Antiqua
704 5561 846 5616 ratio
892 5559 1266 5631 continuarunt
1294 5566 1410 5618 erat
1461 5558 1798 5636 altitudinis,
1846 5562 2004 5636 tertia

414 5667 545 5723 pars
586 5651 908 5716 latitudinis.
963 5647 1178 5712 Genera
1206 5648 1562 5722 rotundarum
1585 5659 1816 5725 quatuor
1837 5661 2003 5711 sunt:

415 5745 650 5814 Dorium
718 5743 936 5810 ionica,
990 5739 1323 5817 Tuscanicae,
1375 5741 1692 5822 Cpriutbiae,
1747 5759 2003 5818 mensura

417 5835 791 5894 crassitudinis
829 5841 886 5891 et
910 5832 1211 5890 altitudinis
1251 5833 1396 5890 inter
1424 5849 1482 5890 se
1512 5835 1798 5892 distantes.
1842 5836 2005 5904 Quin-

2121 3347 2240 3384 sum
2291 3331 2485 3388 ostium
2529 3346 2550 3386 :
2598 3350 2692 3404 per
2735 3351 2819 3391 me
2857 3336 2904 3390 si
2940 3337 3057 3408 quis
3097 3338 3381 3405 introierit,
3423 3341 3717 3400 minabitur

2123 3424 2307 3498 (Joan.
2357 3427 2435 3499 κ).
2483 3427 2637 3496 Quod
2663 3428 2914 3486 videlicet
2941 3431 3144 3487 ostium
3172 3432 3438 3490 columnas
3470 3435 3540 3492 ab
3565 3444 3714 3492 utm-

2119 3533 2226 3588 que
2256 3519 2431 3575 latere
2457 3535 2642 3575 coram
2663 3521 2854 3591 positae
2876 3523 3237 3578 circumstant
3257 3565 3271 3589 ,
3308 3540 3432 3581 cum
3477 3527 3713 3583 ministri

2121 3613 2389 3667 sermonis
2439 3612 2660 3682 utrique
2704 3614 2902 3685 popqu
2953 3616 3238 3672 introitum
3285 3619 3440 3691 regni
3476 3621 3713 3677 cmicstis

2119 3705 2434 3759 ostendunt.
2487 3693 2678 3776 Capita
2727 3707 2931 3762 etenim
2977 3707 3355 3764 columnarum
3384 3750 3400 3775 ,
3456 3711 3562 3766 hoc
3605 3719 3710 3776 est,

2121 3809 2371 3868 suprema
2410 3811 2538 3866 pars
2567 3811 2754 3852 earum
2785 3800 3080 3868 praecordia
3103 3809 3230 3866 sunt
3257 3801 3496 3858 ﬁdelium
3526 3804 3710 3860 docto-

2117 3905 2263 3952 rum,
2296 3905 2528 3960 qucrum
2579 3888 2688 3945 Deo
2725 3889 2938 3946 devotis
2970 3892 3398 3962 cogitationibus
3435 3895 3577 3950 sicut
3621 3909 3712 3950 ca-

2116 3981 2231 4050 pite
2277 3980 2545 4046 membra,
2589 3980 2666 4035 ita
2724 3980 2966 4052 ipsorum
3020 3983 3204 4038 omnia
3248 3992 3304 4040 et
3351 3999 3517 4056 opera
3575 3985 3710 4040 diri-

2118 4079 2321 4144 guntur
2346 4079 2402 4126 et
2431 4072 2616 4127 verba.
2649 4071 2765 4128 Duo
2789 4080 2972 4129 autem
3011 4075 3262 4146 capitolia
3285 4116 3300 4142 ,
3347 4089 3471 4146 quae
3501 4075 3591 4131 bis
3617 4091 3710 4131 ca-

2116 4165 2318 4234 pitibus
2352 4173 2510 4220 erant
2555 4167 2920 4237 superposita,
2975 4168 3080 4224 duo
3137 4178 3267 4224 sunt
3311 4175 3637 4226 testamenta
3693 4189 3704 4224 :

2116 4277 2347 4334 quorum
2375 4261 2730 4318 meditatione
2757 4272 2920 4334 atque
2943 4244 3290 4320 observantia
3312 4265 3562 4321 doctores
3586 4281 3712 4322 san-

2117 4355 2188 4409 cti
2239 4361 2352 4408 toto
2383 4354 2566 4409 animo
2610 4355 2917 4410 subduntur
2957 4363 3014 4409 et
3067 4369 3316 4428 corpore.
3368 4355 3524 4412 Unde
3571 4356 3710 4412 bene

2115 4453 2407 4515 utrumque
2434 4446 2745 4517 capitolium
2778 4449 3019 4520 quinque
3061 4450 3277 4504 cubitus
3317 4449 3556 4505 habebat
3599 4449 3712 4503 alti-

2116 4527 2390 4594 tudinis:
2432 4539 2559 4609 quia
2612 4539 2869 4594 nimirum
2927 4525 3168 4611 quinque
3228 4540 3382 4596 libris
3441 4541 3710 4612 scriptura

2117 4629 2368 4686 Mosaicae
2398 4630 2534 4702 legis
2557 4625 2956 4706 comprehensa
2984 4641 3086 4688 est.
3119 4631 3370 4703 Quinque
3398 4615 3570 4708 etiam
3606 4647 3711 4688 sa:-

2114 4724 2219 4780 culi
2246 4733 2436 4802 aetates
2463 4733 2574 4781 tota
2603 4726 2806 4781 veteris
2835 4727 3188 4782 instrumenti
3216 4728 3388 4782 series
3417 4727 3702 4798 complexa
3727 4709 3742 4719 ’

2113 4826 2214 4881 est.
2247 4817 2454 4892 Novum
2482 4833 2612 4880 vero
2641 4815 3025 4876 testamentum
3059 4836 3164 4876 non
3195 4821 3299 4876 alia
3339 4821 3496 4877 nobis
3527 4819 3707 4891 aliqua

2111 4909 2391 4987 praedicat,
2415 4926 2578 4982 quam
2601 4925 2720 5001 quae
2747 4911 2958 4984 Moyses
2982 4915 3328 4996 praedicanda
3345 4929 3442 5001 per
3461 4915 3563 4970 hoc
3587 4929 3708 4970 esse

2113 5001 2460 5081 praedixerat,
2502 5010 2556 5056 ct
2599 4995 2896 5073 prophetat.
2926 4995 3148 5074 Species
3200 4995 3436 5078 namque
3483 5016 3705 5062 catena-

2123 5108 2240 5154 rum
2263 5100 2318 5146 et
2343 5091 2640 5148 similitudo
2669 5094 2803 5148 retis
2829 5094 2883 5148 in
2913 5095 3199 5178 capitellis,
3231 5097 3468 5153 varietas
3494 5107 3578 5154 est
3602 5098 3710 5152 vir-

2119 5193 2295 5239 tutum
2325 5183 2649 5256 spiritalium
2677 5184 2730 5240 in
2760 5187 2986 5254 sanctis,
3017 5189 3084 5244 de
3119 5205 3224 5261 qua
3259 5190 3484 5262 Domino
3518 5199 3708 5245 canta-

2117 5286 2207 5334 tur
2233 5278 2285 5331 in
2313 5276 2526 5332 Psalmo
2552 5292 2567 5331 :
2594 5277 2771 5332 Astitit
2801 5281 2980 5351 regina
3021 5299 3052 5336 a
3088 5282 3286 5336 dextris
3314 5283 3416 5336 tuis
3441 5283 3497 5360 in
3522 5283 3704 5337 vestitu

2115 5369 2390 5432 deaurato,
2433 5369 2828 5426 circumamicta
2878 5375 3132 5430 varietate
3170 5375 3509 5448 diversorum
3568 5375 3702 5430 cha-

2111 5462 2392 5516 rismatum
2425 5457 2598 5531 (Psat.
2643 5465 2822 5536 xuv);
2868 5467 2952 5522 vel
2983 5477 3128 5524 certe
3166 5469 3445 5542 multiplex
3479 5478 3705 5526 contex-

2116 5553 2190 5609 tic
2219 5560 2534 5612 catenarum
2561 5562 2616 5614 et
2663 5558 2795 5628 retis
2824 5561 3084 5630 expansio
3128 5544 3461 5637 multifar-ias
3504 5562 3705 5630 eiecto—

2113 5661 2234 5724 rum
2269 5660 2530 5720 personas
2574 5648 2812 5724 insinuat
2843 5669 2857 5706 :
2887 5654 2978 5727 qui
3025 5670 3149 5710 cum
3178 5657 3362 5732 verbis
3387 5666 3702 5728 sanctorum

2109 5738 2526 5825 praedicatorum
2553 5738 2785 5820 fideliter
2815 5745 3170 5828 auscultando
3205 5757 3369 5840 atque
3395 5745 3702 5822 obediendo

2113 5835 2414 5899 adhaerent,
2445 5833 2600 5904 quasi
2641 5835 3013 5896 columnarum
3040 5833 3309 5916 capitibus
3341 5839 3700 5914 superpositatI
