4038 6324
368 397 476 456 403

1337 391 1427 451 DE
1461 388 1813 451 UNIVERSO
1849 387 2034 446 LIBRI
2067 385 2235 446 XXII.
2273 415 2348 434 -—
2380 386 2510 444 LIB.
2549 383 2687 445 XIV.

3551 382 3659 442 ιοθ

366 520 513 569 retes
541 518 596 567 et
625 507 885 568 catenula:
911 507 1235 567 miraculum
1279 520 1392 565 suae
1427 507 1781 564 oonnexionis
1825 521 1959 562 cun-
1983 508 2032 572 Α
2063 515 2234 575 ctum,
2283 505 2542 577 quoniam
2587 502 2744 580 panis
2787 516 2856 558 ex
2900 515 2966 559 eo
3033 501 3212 560 factus
3253 499 3328 562 ibi
3379 499 3654 574 coquitur.

367 605 472 663 ctis
494 604 902 676 aspectautihus
928 605 1194 674 praebent.

927 715 1156 788 CAPUT
1191 713 1380 784 xxiv.

924 808 1002 865 De
1042 810 1384 882 repositoriis.

439 925 722 983 Erarium
771 933 1048 989 vocatum,
1100 925 1226 994 quia
1269 924 1424 994 prius
1454 938 1528 979 ms
1565 922 1839 994 signatum
1886 921 1961 976 ibi

369 1015 785 1074 recondebatur.
815 1016 929 1070 lloc
956 1015 1102 1070 enim
1131 1015 1259 1069 olim
1287 1014 1340 1068 in
1370 1029 1471 1068 usu
1499 1022 1638 1078 erat,
1685 1027 1819 1067 auro
1869 1028 1960 1067 ar-

369 1125 639 1185 gentoque
660 1113 895 1167 nondum
920 1113 1150 1182 signato.
1175 1111 1254 1164 Ex
1276 1123 1506 1179 quorum
1532 1105 1761 1172 metallis
1781 1119 1965 1175 quam-

370 1209 452 1262 vis
490 1215 678 1277 postea
719 1204 860 1260 facta
892 1204 1082 1259 fuisset
1105 1202 1359 1274 pecunia,
1393 1213 1591 1254 nomen
1622 1206 1801 1252 tamen
1829 1211 1964 1251 tera-

369 1297 437 1353 rii
489 1296 788 1368 permansit
831 1295 900 1350 ab
929 1311 992 1349 eo
1038 1294 1256 1349 metallo
1303 1293 1443 1346 unde
1481 1289 1709 1360 pecunia
1753 1288 1964 1342 iuitimtt

371 1375 620 1458 sum-psit.
640 1387 950 1441 Armarium
986 1387 1135 1441 locus
1162 1395 1266 1452 est,
1301 1383 1391 1438 ubi
1417 1396 1862 1464 quarumcunque
1886 1394 1968 1432 ar-

374 1480 505 1534 tittttt
538 1481 901 1534 instrumenta
933 1487 1209 1556 ponuntur
1241 1497 1254 1531 :
1286 1475 1769 1530 armamentarium
1801 1488 1929 1530 vero
1949 1514 1962 1538 ,

370 1571 464 1626 ubi
490 1579 697 1625 tantum
726 1571 832 1626 tela
855 1586 1152 1625 armorum.
1183 1569 1334 1625 Unde
1354 1566 1632 1622 Juvenalis
1660 1581 1672 1619 :
1700 1565 1967 1636 Quidquid

373 1663 563 1717 habent
589 1663 809 1716 telorum
839 1662 1250 1716 armamentaria
1273 1660 1387 1714 coeli
1409 1674 1426 1711 :
1453 1660 1594 1713 dicta
1621 1668 1800 1712 autem
1825 1665 1969 1710 utra-

375 1769 479 1824 que
495 1755 561 1808 ab
577 1754 762 1819 armis,
779 1753 831 1808 id
845 1763 946 1819 est,
963 1754 1201 1807 brachiis
1215 1754 1409 1822 quibus
1422 1759 1762 1816 exercentur.
1778 1750 1970 1807 Biblio-

379 1843 535 1898 theca
564 1853 647 1899 est
690 1844 862 1910 locus,
907 1846 1000 1898 ubi
1031 1853 1368 1914 reponuntur
1417 1843 1562 1898 libri.
1607 1842 1792 1898 Biblos
1822 1843 1968 1896 enim

377 1951 550 2008 grmce
576 1936 736 2004 liber,
771 1937 928 1991 thece
958 1936 1345 2006 repositorium
1376 1936 1595 1990 dicitur.
1633 1933 1925 1989 Cellarium
1950 1976 1964 2000 ,

378 2029 521 2097 quod
550 2028 603 2081 in
649 2043 714 2082 co
761 2027 1083 2098 colligantur
1140 2028 1444 2083 ministeria
1501 2042 1835 2092 mensarum,
1886 2027 1971 2086 vel

379 2133 499 2188 quae
542 2120 851 2174 necessaria
901 2121 1066 2174 victui
1116 2127 1426 2191 supersunt.
1483 2120 1630 2186 Inter
1659 2128 1973 2192 promptua-

376 2210 519 2265 rium
565 2221 744 2267 autem
791 2221 844 2266 ct
874 2213 1153 2268 cellarium
1201 2214 1302 2269 hoc
1345 2213 1590 2280 interest,
1635 2213 1779 2284 quod
1809 2211 1973 2266 cella-

377 2302 520 2356 rium
570 2310 651 2357 est
703 2318 998 2372 paucorum
1056 2305 1300 2369 dierum,
1353 2306 1788 2376 promptuarium
1845 2320 1975 2362 vero

383 2395 642 2462 temporis
672 2394 836 2466 longi.
871 2395 1312 2470 Promptuariutn
1337 2396 1565 2461 dictum,
1599 2409 1664 2449 eo
1688 2394 1831 2466 quod
1853 2394 1976 2449 inde

379 2485 687 2539 necessaria
738 2487 903 2540 victui
936 2496 1284 2556 promuntur,
1333 2487 1438 2542 hoc
1470 2495 1573 2554 est,
1602 2485 1971 2558 proferuntur.

380 2574 757 2644 Promptuaria
807 2571 1097 2647 aliquando
1127 2579 1182 2632 in
1214 2578 1410 2638 malam
1451 2589 1658 2648 partem
1699 2579 1975 2648 accipiun-

381 2675 494 2732 tur,
524 2676 582 2720 ut
613 2675 695 2722 est
723 2667 850 2722 illud
881 2687 892 2721 :
919 2667 1298 2739 Promptuaria
1328 2685 1509 2722 eorum
1531 2667 1706 2738 plena,
1733 2676 1977 2721 eructan-

383 2760 456 2812 tia
486 2775 549 2814 ex
592 2760 688 2814 hoc
715 2761 772 2815 in
807 2759 941 2813 illud
964 2759 1135 2832 (Psal.
1169 2760 1380 2834 cxutt).
1415 2761 1812 2832 Promptuaria,
1858 2777 1978 2844 quae

382 2851 601 2907 cellaria
629 2852 820 2924 vulgus
866 2851 1118 2921 appellat,
1165 2852 1545 2907 hmretieorum
1572 2853 1734 2908 corda
1768 2852 1978 2924 signifi-

387 2951 533 3008 cant,
567 2943 656 2997 ubi
684 2943 1020 2998 diversarum
1052 2959 1235 2998 rerum
1259 2945 1469 3015 species
1509 2945 1787 3016 epulaeque
1814 2946 1979 3018 depo-

388 3033 505 3088 sita
531 3041 674 3088 sunt.
705 3032 808 3088 lsta
839 3042 1103 3103 quantum
1129 3036 1348 3104 copiose
1378 3021 1571 3091 farcita
1595 3047 1742 3104 sunt,
1768 3047 1977 3092 tantum

387 3125 630 3182 diversas
678 3129 1043 3183 eructationes
1106 3129 1358 3199 pessimae
1405 3131 1768 3188 exhalationis
1819 3135 1977 3188 emit-

389 3224 525 3272 tunt.
560 3217 708 3286 Quos
734 3220 779 3275 si
826 3221 1151 3277 auctoritate
1177 3223 1492 3289 convincas,
1542 3224 1609 3279 ad
1653 3224 1978 3295 interpreta—
2007 3254 2053 3318 ρ

387 3309 608 3376 tionum.
643 3313 914 3382 nequitias
944 3312 1344 3372 transferuntur
1386 3333 1400 3369 :
1441 3330 1565 3370 cum
1610 3315 1738 3371 inde
1765 3333 1982 3390 quoque

389 3399 593 3464 fuerint
615 3401 844 3466 Domino
865 3404 1090 3474 iuvante
1114 3406 1376 3475 superati,
1409 3406 1476 3462 ad
1519 3408 1888 3477 sophistarum
1925 3425 1985 3466 se

387 3493 663 3556 versutias
685 3495 1095 3566 calumniasque
1113 3505 1464 3564 convertunt,
1486 3499 1628 3570 vagi,
1660 3499 1940 3557 instabiles
1966 3521 1978 3557 :

388 3583 518 3652 quia
546 3585 784 3649 radicem
818 3595 1094 3655 nequeunt
1122 3587 1325 3644 habere
1350 3590 1616 3644 veritatis.
1644 3590 1802 3648 Unde
1829 3608 1985 3664 aspe-

390 3675 470 3736 ris
498 3675 758 3736 odoribus
785 3686 1101 3746 comparata
1133 3687 1280 3745 sunt,
1313 3696 1433 3750 quat
1461 3682 1790 3751 simplicium
1819 3687 1984 3741 corda

390 3769 565 3824 fetido
608 3785 862 3834 sermone
907 3771 1203 3842 decipiunt.
1234 3775 1514 3845 Apotheca
1538 3785 1720 3834 autem
1750 3780 1836 3835 vel
1859 3781 1987 3835 bor-

392 3876 485 3918 rea
515 3876 544 3914 a
569 3875 744 3931 green
768 3864 933 3920 verba
963 3865 1290 3934 repositoria
1336 3867 1422 3920 vel
1466 3870 1834 3924 reconditoria
1880 3872 1986 3927 dici

393 3961 648 4024 possunt,
680 3969 747 4013 eo
770 3956 918 4025 quod
972 3956 1028 4012 in
1069 3957 1160 4012 his
1199 3958 1447 4014 homines
1475 3960 1783 4017 elaboratas
1807 3962 1988 4035 fruges

395 4053 682 4118 reponunt.
704 4044 924 4104 Emicat
945 4049 1233 4104 enteebam
1249 4065 1428 4120 graeco
1448 4053 1668 4108 nomine
1694 4055 1986 4124 repositam

396 4138 477 4195 rei
511 4139 791 4210 copiosam
823 4142 1184 4198 substantiam
1216 4143 1573 4213 appellamus.

953 4257 1184 4315 CAPUT
1232 4258 1400 4316 XXV.

1020 4351 1098 4406 De
1123 4353 1361 4424 ofﬁcinis.

470 4466 837 4540 Ergasterium
892 4467 1044 4524 locus
1094 4476 1201 4536 est,
1261 4469 1351 4526 ubi
1404 4484 1542 4542 opus
1596 4468 1817 4547 aliquod
1865 4470 1926 4534 iit
1969 4489 1982 4525 :

398 4574 574 4634 graeco
602 4561 802 4624 etenim
833 4575 1084 4633 sermone
1107 4577 1240 4645 erga
1263 4576 1428 4646 opera
1445 4604 1458 4627 ,
1485 4561 1694 4636 sterion
1718 4563 1903 4630 statio,
1937 4562 1990 4632 id

400 4661 508 4718 est,
535 4653 769 4726 operarii
798 4671 810 4706 :
849 4651 1119 4724 ergastula
1147 4667 1362 4724 quoque
1407 4662 1463 4708 et
1497 4653 1613 4726 ipsa
1642 4667 1673 4708 a
1696 4667 1874 4726 graeco
1898 4668 1990 4718 ve-

400 4745 597 4812 cahulo
632 4752 1033 4819 puncupantur,
1078 4743 1169 4814 ubi
1210 4744 1539 4814 deputantur
1578 4743 1726 4812 noxii
1778 4743 1847 4804 ad
1893 4744 1992 4806 ali-

403 4837 544 4907 quod
573 4853 708 4912 opus
737 4837 1066 4909 faciendum,
1092 4844 1154 4890 ut
1181 4835 1356 4890 solent
1383 4834 1710 4906 gladiatores
1737 4843 1792 4890 et
1822 4850 1989 4894 exsu-

404 4929 503 4993 les,
536 4931 627 5002 qui
660 4944 931 4998 marmora
982 4936 1187 4991 secant,
1217 4935 1273 4982 et
1303 4935 1482 4982 tamen
1521 4925 1858 4996 vinculorum
1903 4942 1994 4982 cu-

405 5021 596 5086 stodiis
623 5021 827 5092 alligati
850 5027 998 5082 sunt.
1035 5017 1373 5078 Genetlteum
1414 5017 1788 5094 [Gynzcceum]
1821 5033 1995 5092 graece

406 5115 608 5174 dictum
634 5129 720 5179 eo,
749 5130 856 5186 quo
879 5112 991 5172 dibi
1009 5119 1308 5170 conventus
1324 5109 1651 5178 feminarum
1676 5111 1744 5168 ad
1764 5126 1898 5180 opus
1921 5111 1998 5168 la-

407 5208 572 5265 niiicii
589 5207 946 5277 exercendum
963 5205 1268 5269 conveniat,
1288 5203 1480 5262 mulier
1493 5204 1637 5258 enim
1666 5218 1840 5274 graece
1860 5219 1999 5280 gyno

410 5307 772 5372 nuncupatur.
805 5296 1127 5364 Pistrinum,
1153 5294 1308 5365 quasi
1333 5293 1664 5364 pilistriuum
1695 5311 1708 5346 :
1741 5293 1868 5361 quia
1891 5294 1998 5364 pilo

410 5402 571 5460 antea
607 5391 900 5454 tondebant
921 5403 1172 5462 granum.
1215 5383 1371 5444 Unde
1400 5393 1455 5446 et
1482 5385 1624 5458 apud
1645 5391 1860 5446 veteres
1891 5399 1998 5444 non

411 5484 710 5552 molitores,
744 5483 837 5540 sed
867 5483 1100 5551 pistores
1146 5479 1272 5536 dicti
1306 5497 1318 5532 :
1347 5478 1503 5548 quasi
1533 5477 1780 5552 pinsores
1820 5493 1848 5531 a
1879 5476 1999 5546 pin-

411 5576 596 5640 sendis
624 5575 826 5646 granis.
879 5571 1030 5642 Malae
1075 5571 1219 5634 enim
1255 5585 1383 5626 usus
1434 5569 1673 5627 nondum
1717 5575 1858 5634 erat,
1905 5566 1999 5626 sed

409 5686 642 5744 granum
682 5670 794 5742 pilo
833 5667 1136 5741 pinsebant.
1184 5665 1337 5738 Unde
1381 5674 1436 5724 et
1471 5663 1728 5735 Virgilius
1773 5678 1786 5718 :
1841 5663 2000 5718 Nunc

411 5775 606 5830 torrete
649 5763 757 5836 igni
802 5762 1012 5835 fruges,
1055 5777 1192 5834 quae
1235 5759 1462 5832 frangite
1513 5775 1663 5820 saxo.
1709 5757 1996 5826 Clibanus,

415 5856 472 5919 id
506 5866 608 5923 est,
653 5857 866 5922 furnus,
896 5869 992 5930 per
1024 5852 1423 5931 derivationem
1469 5867 1501 5907 a
1542 5851 1687 5908 farre
1734 5851 1888 5909 aiunt
1919 5851 2000 5908 di-

2018 4611 2071 4671 D

2063 598 2322 656 ﬂlibanus
2354 596 2435 670 (ut
2465 596 2723 667 diximus)
2766 594 3070 654 combustio
3096 595 3430 678 sempiterna
3460 592 3660 650 intelli-

2064 692 2250 768 gitur,
2302 699 2362 747 ut
2403 691 2457 746 in
2508 687 2802 762 Evangelio
2868 707 2881 742 :
2931 685 2989 743 Si
3052 681 3459 760 enim't‘enum,
3513 688 3657 760 quod

2062 783 2218 839 hodie
2267 785 2323 838 in
2362 797 2490 854 agro
2552 790 2648 848 est,
2699 789 2747 834 et
2801 796 2921 835 cras
2973 779 3031 834 in
3071 777 3362 848 ,clibauum
3429 778 3661 848 mittitur

2066 875 2282 949 (Matth.
2314 875 2411 947 vr).
2438 873 2593 932 Unde
2622 873 2868 937 clibanus
2892 871 3171 942 tribulatio
3197 873 3322 930 vita:
3345 869 3656 958 praesentis,

2065 977 2124 1036 ut
2155 969 2209 1024 in
2259 965 2535 1034 Ieremia:
2573 963 2735 1020 Pellis
2772 974 2976 1034 nostra,
3023 964 3129 1032 hoc
3175 972 3279 1030 est,
3307 979 3459 1028 caro,
3507 964 3660 1034 quasi

2068 1062 2323 1130 clibanus,
2352 1070 2535 1114 exusta
2561 1067 2635 1114 est
2664 1077 2697 1120 _a
2724 1059 2859 1129 facie
2879 1067 3240 1129 tempestatum
3263 1058 3420 1128 {antis
3437 1054 3655 1129 (Threu.

2065 1153 2142 1225 v).
2176 1153 2430 1208 Clibanus
2460 1161 2543 1215 est
2587 1151 2883 1222 coquendis
2908 1151 3139 1222 panibus
3166 1133 3301 1213 aenei
3324 1149 3529 1206 vasculi
3565 1149 3659 1204 de-

2069 1245 2230 1299 ducta
2263 1245 2587 1310 rotunditas,
2633 1259 2751 1314 qua:
2796 1244 3181 1302 suburentibus
3229 1242 3463 1300 ﬂammis
3506 1240 3663 1296 ardet

2070 1337 2417 1393 intrinsecus.
2469 1337 2526 1391 In
2555 1352 2660 1408 qua
2708 1335 3057 1392 similitudine
3110 1335 3305 1391 merito
3344 1341 3668 1404 peccatores.

2068 1436 2362 1504 ponuntur,
2411 1429 2502 1498 qui
2534 1428 2586 1484 iu
2614 1426 2796 1482 futuro
2833 1427 3038 1498 judicio
3071 1436 3124 1482 et
3153 1441 3389 1488 moerore
3409 1423 3576 1484 animi
3607 1431 3663 1478 et

2071 1520 2273 1591 poenali
2288 1519 2693 1574 excruciatione
2717 1519 3001 1588 torquendi
3020 1526 3164 1586 sunt,
3185 1518 3278 1587 qui
3295 1526 3483 1572 contra
3505 1531 3663 1585 regu—

2073 1615 2155 1669 las
2183 1613 2392 1668 Domini
2426 1613 2696 1666 obstinata
2731 1619 2912 1666 mento
2940 1612 3212 1670 vixerunt.
3243 1611 3318 1665 De
3341 1609 3539 1680 quibus
3576 1608 3662 1664 di-

2073 1704 2215 1758 citur
2245 1703 2298 1760 in
2328 1701 2534 1773 psalmo
2564 1721 2574 1755 :
2609 1703 2782 1756 Pones
2809 1719 2894 1757 cos
2922 1713 2976 1758 ut
3005 1702 3270 1762 clibaaum
3297 1702 3430 1775 ignis
3456 1702 3510 1762 in
3537 1710 3668 1756 tem-
3735 1687 3744 1704 ’

2023 1840 2029 1853 ,
2073 1810 2198 1866 pore
2231 1792 2400 1856 vultus
2427 1794 2503 1845 tui
2531 1789 2706 1863 (Psal.
2759 1792 2872 1863 xx).
2907 1792 3098 1850 Vultus
3133 1807 3262 1848 vero
3285 1790 3500 1854 Domini
3553 1790 3669 1846 dies

1995 1889 2045 1949 Β
2073 1883 2387 1960 estjudicii,
2417 1884 2632 1954 quando
2667 1883 2811 1938 ﬁlius
2833 1883 3066 1940 hominis
3090 1883 3362 1945 videbitur
3391 1885 3458 1942 ab
3485 1884 3666 1940 homi-

2074 1979 2253 2044 nibus,
2283 1978 2375 2032 scd
2403 1977 2501 2032 soli
2534 1992 2656 2043 eum
2689 1975 2823 2052 justi
2853 1976 3017 2044 etiam
3046 1976 3344 2038 divinitatis
3401 1991 3512 2046 sua:
3537 1992 3668 2032 con-

2077 2068 2427 2142 templatione
2475 2069 2789 2138 respiciunt.
2843 2068 3106 2134 Toreuiar
3136 2069 3342 2126 dictum
3384 2083 3474 2134 eo,
3524 2066 3669 2142 quod

2075 2161 2148 2215 ibi
2183 2177 2300 2216 uvae
2325 2159 2623 2238 calcentur,
2657 2169 2818 2230 atque
2839 2171 3044 2217 exorta:
3070 2161 3464 2234 exprimantur.
3497 2158 3670 2222 Forus

2077 2264 2159 2309 est
2185 2253 2339 2309 locus
2367 2253 2459 2309 ubi
2490 2268 2596 2321 uva
2626 2252 2890 2318 calcatur,
2923 2252 3124 2317 dictus,
3157 2253 3299 2324 quod
3343 2251 3416 2306 ibi
3463 2248 3671 2306 feratur

2077 2363 2202 2413 uva;
2234 2346 2318 2401 vel
2346 2356 2570 2420 propter
2599 2345 2739 2415 quod
2782 2345 2855 2400 ibi
2885 2344 3114 2416 pedibus
3140 2343 3407 2404 feriatur:
3437 2343 3579 2402 ttttde
3616 2349 3675 2398 et

2077 2441 2432 2506 calcatorium
2463 2440 2697 2496 dicitur:
2732 2439 2825 2494 sed
2870 2439 2972 2494 hoc
3008 2453 3203 2504 nomen
3248 2437 3418 2496 multa
3467 2434 3672 2506 signiti-

2079 2542 2188 2598 cat.
2224 2531 2485 2588 Torcular
2509 2533 2679 2587 altare
2703 2531 2771 2586 ab
2794 2546 2879 2596 co,
2909 2531 3052 2601 quod
3082 2529 3155 2585 ibi
3183 2529 3485 2586 oblationes
3509 2538 3674 2598 atque

2077 2627 2288 2688 fructus
2317 2627 2692 2692 conferantur,
2721 2635 2782 2682 ut
2811 2626 2864 2680 in
2893 2625 3108 2692 cantico
3140 2623 3293 2680 Isaia:
3338 2641 3352 2678 :
3395 2621 3460 2678 Et
3492 2631 3670 2680 turrit-

2079 2715 2163 2770 lar
2191 2717 2303 2794 fodi
2333 2719 2388 2772 in
2431 2734 2493 2771 ea
2529 2716 2664 2790 Usa.
2698 2715 2775 2786 v).
2805 2714 2936 2771 item
2983 2714 3244 2779 torcular,
3279 2711 3458 2776 futura
3504 2709 3676 2768 tribu-

2079 2811 2232 2877 latio,
2263 2822 2324 2876 ut
2362 2813 2420 2868 in
2453 2811 2777 2884 Apocalypsi
2827 2828 2838 2864 :
2891 2809 2960 2871 Et
3019 2810 3129 2879 ipse
3175 2805 3396 2862 calcavit
3437 2802 3674 2862 torcular

2080 2906 2187 2962 vini
2218 2907 2313 2962 ira:
2337 2906 2534 2978 furoris
2563 2904 2774 2962 Domini
2808 2902 2993 2974 (Apoc.
3028 2901 3163 2970 six).
3195 2899 3381 2970 Itaque
3412 2895 3671 2957 torcular,

2082 2999 2225 3070 quod
2248 2997 2404 3078 juxta
2445 2995 2739 3068 Scripturre
2789 3001 2990 3052 sanctae
3028 2987 3678 3048 consuetudinem-inter-

2083 3090 2210 3160 dum
2240 3105 2338 3160 pro
2383 3089 2590 3144 ultione
2617 3096 2777 3158 atque
2822 3083 3102 3156 suppliciis
3150 3083 3371 3155 ponitur
3418 3088 3674 3151 peccato-

2083 3197 2224 3253 rum,
2249 3182 2518 3250 interdum
2551 3181 2603 3234 in
2626 3177 3044 3250 congregatione
3069 3190 3332 3234 novorum
3364 3174 3674 3240 fructuum:

2083 3292 2183 3348 pro
2226 3274 2404 3348 poenis
2448 3273 2672 3344 ponitur
2718 3281 2882 3344 atque
2913 3270 3221 3340 tormentis,
3272 3268 3490 3338 quando
3528 3262 3678 3332 lere-

2085 3369 2224 3426 mias
2267 3369 2324 3425 in
2369 3365 2854 3426 lamentationibus
2902 3363 3163 3440 plangens
3203 3361 3542 3420 eversionem
3583 3357 3674 3416 Je-

2086 3459 2319 3522 rusalem
2363 3458 2600 3528 loquitur
2649 3475 2659 3510 :
2709 3455 2968 3516 Torculur
2999 3454 3219 3516 calcavit
3265 3452 3523 3514 Dominus
3574 3451 3679 3510 vir-

2083 3552 2192 3624 gini
2217 3549 2342 3620 {iliw
2368 3548 2527 3604 Juth
2555 3562 2572 3599 :
2604 3548 2720 3608 ideo
2745 3563 2836 3617 ego
2861 3545 3010 3616 ploro
3040 3543 3261 3616 (Tltt'eu.
3296 3543 3359 3614 I).
3394 3542 3452 3598 In
3477 3541 3678 3602 bonam

2086 3649 2296 3712 parient
2339 3639 2650 3711 scribuntur
2686 3635 2879 3708 psalmi
2906 3652 3000 3716 pro
3034 3633 3410 3698 torcularibus,
3453 3642 3680 3690 octavus

2087 3742 2143 3788 et
2164 3732 2527 3801 octogesimus
2553 3731 2744 3800 tertius
2779 3749 2790 3782 :
2823 3729 3023 3801 legitur
3063 3726 3210 3795 enim
3258 3726 3312 3782 in
3345 3724 3504 3786 titulo
3533 3730 3681 3780 octo-

2087 3831 2278 3904 gesimi
2304 3828 2499 3899 psalmi
2545 3828 2619 3886 ita
2655 3842 2668 3880 :
2700 3825 2766 3888 In
2814 3827 2918 3902 [ine
2942 3841 3037 3902 pro
3083 3821 3436 3882 torcularibus
3479 3819 3678 3890 Amph.

2091 3905 2274 3988 Quinti
2300 3919 2504 3984 sabbati
2527 3929 2610 3990 est
2631 3919 2820 3996 quinta
2850 3919 2964 3976 dies
2993 3933 3024 3976 a
3058 3916 3304 3990 sabbato,
3333 3928 3454 3984 qua:
3493 3928 3525 3968 a
3555 3925 3683 3984 gen-

2089 4015 2234 4073 tibus
2260 4013 2375 4070 dies
2396 4011 2566 4077 lovis,
2594 4025 2624 4063 a
2652 4009 2809 4064 nobis
2833 4009 3022 4080 quinta
3054 4007 3194 4076 [cria
3217 4013 3468 4069 vocatur,
3497 4003 3553 4058 in
3573 4015 3682 4074 qua

2091 4105 2230 4162 dixit
2259 4103 2401 4162 Deus
2427 4120 2439 4156 :
2475 4099 2782 4171 Producunt
2811 4114 2963 4172 aqua:
2987 4096 3196 4173 reptilia
3217 4095 3521 4156 ani-marum
3545 4092 3686 4162 uiua-

2092 4214 2237 4264 rum,
2264 4204 2310 4252 et
2332 4191 2567 4261 volatilia,
2596 4192 2689 4260 illi!
2714 4191 3051 4260 [irritamento
3074 4186 3186 4260 εφιὶ
3217 4199 3236 4252 ς
3265 4185 3493 4257 mystice
3515 4183 3681 4256 signi-

2095 4287 2285 4353 ﬁcans,
2339 4285 2566 4356 diversa:
2591 4281 2808 4344 virtutis
2846 4280 2994 4352 viros
3039 4295 3105 4344 ex
3150 4278 3308 4351 aquis
3345 4273 3686 4350 baptismatis

2095 4395 2216 4438 esse
2244 4379 2569 4436 nascituros.
2601 4373 2768 4439 Tituli
2789 4389 2920 4451 ergo
2962 4372 3122 4442 huius
3163 4370 3394 4444 intentio
3424 4369 3548 4442 italis
3578 4374 3680 4438 ρει,

2095 4481 2175 4538 ιιι.
2219 4473 2271 4528 in
2295 4471 2474 4542 ﬁnem.
2515 4467 2759 4540 designet
2787 4465 3082 4538 Dominum
3111 4463 3546 4537 Christttutzpra
3577 4469 3686 4532 ter-

2097 4563 2386 4628 cularibus,
2428 4559 2715 4623 ecclesiam
2744 4557 3220 4630 persecutiooihus
3259 4552 3631 4625 examinatum
3668 4567 3682 4602 :

2099 4655 2300 4724 Asaplt,
2321 4649 2800 4721 congregationem
2830 4647 3052 4720 :quinta
3075 4645 3303 4718 sabbati,
3332 4641 3685 4712 baptisnnun.

2103 4745 2255 4806 Unde
2277 4743 2548 4812 colligitur
2569 4739 2834 4809 psalmum
2874 4739 2927 4800 in
2957 4736 3202 4804 Ecclesia
3255 4731 3466 4806 Domini
3495 4731 3562 4790 de
3610 4746 3692 4788 re-

2101 4823 2361 4911 generata
2403 4832 2823 4907 congregatione
2850 4844 2971 4892 esse
3012 4829 3344 4892 locuturum.
3389 4823 3505 4894 Hoc
3543 4824 3688 4890 enim

2101 4933 2284 5002 Asaph
2315 4930 2382 4994 ad
2409 4928 2694 4992 historiam
2718 4925 2940 4996 quidem
2965 4923 3202 4993 loquitur
3227 4939 3243 4976 ε
3270 4920 3364 4986 sed
3388 4918 3583 4990 melius
3605 4917 3691 4987 in-

2105 5022 2362 5092 telligitur
2381 5018 2732 5090 spiritualiter
2763 5033 2792 5072 a
2824 5015 3024 5086 populo
3051 5012 3381 5070 Christiano.
3411 5009 3592 5082 Lacus
3614 5009 3690 5076 in-

2103 5114 2318 5172 fernum
2345 5110 2638 5184 signiﬁcat,
2675 5118 2734 5164 ut
2771 5110 2824 5164 in
2870 5106 3154 5179 psalterio.
3186 5102 3488 5176 ﬂoruerunt
3519 5121 3599 5160 me
3637 5103 3692 5158 in

2102 5206 2222 5266 lucu
2250 5203 2511 5272 inferiori,
2550 5209 2604 5256 ct
2634 5200 2762 5258 alibi
2795 5218 2807 5253 :
2843 5199 3183 5266 Deduxerunl
3207 5199 3265 5260 in
3292 5197 3473 5268 locum.
3509 5195 3692 5264 metti:

2101 5298 2258 5360 vitam
2287 5310 2456 5350 meam
2484 5290 2660 5365 (Psal.
2696 5289 2963 5362 Lxxrvu).
3161 5283 3164 5287 ’

2680 5403 2908 5460 CAPUT
2948 5402 3137 5460 XXVI.

2644 5475 2722 5544 De
2762 5477 3158 5548 munitioribus.

2177 5570 2444 5635 Munitum
2477 5567 2568 5635 vel
2594 5569 2986 5634 munimentum
3012 5566 3216 5634 dictum
3234 5605 3250 5632 ,
3281 5567 3404 5636 quia
3431 5572 3698 5630 mentiost

2103 5667 2325 5728 iactum.
2357 5661 2566 5725 Cohors
2595 5658 2727 5732 [Al.,
2753 5657 2900 5731 cors]
2924 5665 3111 5725 vocata
3132 5697 3148 5724 .
3178 5657 3263 5721 vel
3283 5657 3430 5727 quod
3454 5663 3698 5716 coarctat

2101 5762 2300 5819 cuncta
2337 5769 2459 5825 quae
2483 5752 2714 5818 interius
2730 5761 2876 5821 sunt,
2902 5751 2954 5808 id
2977 5758 3080 5817 est,
3103 5750 3418 5818 concludat;
3447 5747 3537 5808 vel
3554 5745 3700 5815 quod

2104 5855 2356 5906 coerceat
2389 5845 2604 5918 objecta
2642 5860 2740 5904 suo
2780 5850 3070 5901 extraneos
3111 5850 3167 5898 et
3207 5841 3357 5896 adire
3388 5835 3694 5921 prohibeat.
