4038 6324
295 347 473 405 tos“
1031 345 1059 378 ι·

1259 337 1355 397 an
1387 288 1736 397 eumenen
1773 333 1958 395 metu
1997 325 2166 396 xuii.
2199 334 2614 394 —--'Lts.-xrv.

3473 339 3582 394 MD

291 459 906 541 pyramides-ﬁerem,-
939 467 1037 515 aut
1079 458 1338 529 Ingentes
1394 455 1661 513 columna:
1709 454 1881 510 collo-
1909 451 2443 527 Aperegrinationis
2496 469 2607 510 sua:
2661 455 2716 508 in
2773 454 2973 509 casulis
3028 453 3296 510 habitare.
3353 454 3422 511 Et
3479 469 3576 527 per

293 554 598 618 cadentuit'
628 554 856 626 Mystice
891 549 1218 622 depuleram
1273 545 1566 619 aliquando
1617 544 1887 602 occultam

295 648 597 722 nequitiam
643 645 758 700 sive
804 642 1182 699 haereticorum
1225 637 1668 712 praedicationem
1716 635 1890 722 signi-
1932 671 1938 678 ι

295 720 444 798 ﬂeat.
486 736 639 796 Unde
674 733 967 790 PSalmista
993 732 1128 790 dicit
1155 749 1168 785 :
1203 728 1529 801 Sepulcrum
1559 720 1751 798 patens
1772 735 1890 797 gut-

294 842 386 888 tur
435 845 614 886 eorum
663 824 856 900 (Psal.
897 841 996 881 xm
1019 823 1060 897 )..
1117 822 1440 894 Sepulcrum
1487 820 1636 876 enim
1685 818 1889 874 mortui

295 931 494 1006 guttur
517 928 605 1002 est
635 918 986 996 mentientis,
1025 917 1119 989 qui
1161 914 1495 994 exitiabilem
1539 911 1643 970 sibi
1689 911 1890 1006 vanita-

294 1002 1108 1093 temfiinifapcibusrevolvit,
1160 1023 1281 1082 quae
1329 1006 1532 1086 malum
1580 1004 1771 1058 mortis
1808 1002 1890 1079 in-

293 1089 640 1182 ﬂigitrthene
682 1103 864 1186 autem
908 1100 1144 1166 addidit,
1187 1105 1370 1184 patens
1401 1112 1436 1166 :V
1464 1089 1609 1168 quod
1655 1097 1700 1152 si
1744 1095 1887 1151 clau-

295 1212 622 1274 sumlesset,
652 1203 833 1277 minus
877 1200 1106 1276 Ieteret.
1156 1200 1460 1272 Aliquando
1506 1199 1728 1255 fetidam
1760 1213 1890 1254 con-

291 1295 660 1368 versationem
696 1293 1004 1364 peccatoris
1043 1301 1100 1369 et
1139 1292 1289 1360 avari
1323 1291 1562 1360 hominis
1596 1289 1891 1362 signiﬁcat.

294 1386 476 1458 Unde!
504 1386 664 1458 idem
697 1451 699 1456 λ
737 1384 1027 1442 Psalmista
1083 1379 1162 1440 ait
1187 1425 1214 1458 ,ι
1247 1381 1509 1453 ,δεραισνα
1560 1398 1740 1437 eorum
1795 1381 1890 1435 do~

291 1496 636 1556 muscarum
665 1480 722 1534 iu
752 1489 1006 1546 wtcrnum
1039 1477 1227 1551 (Psal.
1261 1493 1426 1533 xum
1453 1476 1470 1549 )
1496 1493 1512 1542 ;
1564 1476 1691 1546 quia
1723 1475 1778 1530 in
1809 1474 1892 1530 in-

293 1582 463 1646 cepta,
493 1565 741 1634 avaritia,
765 1581 821 1628 et
859 1571 1076 1628 luxuria
1109 1570 1317 1647 eligunt,
1351 1581 1721 1640 perseverare.
1753 1566 1889 1622 Item

293 1664 607 1743 sepulcrum
663 1662 934 1735 signiﬁcat
989 1662 1338 1734 bypocritas,
1392 1660 1485 1730 qui
1537 1658 1670 1716 foris
1722 1657 1891 1714 simu-

293 1757 467 1814 latam
499 1755 1106 1834 justitiamﬁostendunt
1127 1795 1142 1822 ,
1174 1763 1229 1810 et
1257 1754 1406 1823 intus
1446 1752 1594 1824 pleni
1623 1759 1749 1808 sunt
1774 1767 1889 1806 ma-

289 1847 426 1914 litia.
455 1846 777 1912 et,dolore,
826 1846 894 1904 de
938 1846 1155 1916 Quibus.
1184 1846 1446 1910 Dominus
1496 1844 1550 1900 in
1598 1843 1890 1914 Evangelio

290 1937 885 2018 dicitnquodsimiles
912 1948 1106 2010 essent
1138 1937 1402 2008 sepulcris
1439 1935 1731 1998 dealbatis,
1771 1951 1891 2006 quae

291 2031 447 2098 foris.
495 2040 764 2102 apparent
792 2089 794 2092 ,
825 2031 1138 2086 hominibus
1205 2031 1488 2100 speciosa,
1557 2029 1704 2086 intus
1766 2037 1916 2086 sunt.

292 2123 455 2194 plena
484 2123 698 2180 ossibus
727 2132 1065 2178 mortuorum
1100 2121 1330 2194 (Matth.
1363 2137 1497 2177 χχιιι
1516 2120 1558 2194 ).
1588 2121 1892 2189 Aliquando

293 2224 477 2270 tamen
531 2214 838 2284 sepulcrum
885 2215 940 2269 in
986 2214 1188 2269 bonam
1234 2221 1445 2282 partem
1493 2212 1783 2282 accipitur,
1833 2218 1894 2264 ut

290 2314 395 2371 est
433 2305 525 2365 illa
580 2305 851 2361 sententia
907 2304 1130 2375 Eliphas
1184 2304 1253 2358 ad
1312 2304 1535 2358 beatum
1592 2300 1736 2356 Job:
1791 2301 1890 2356 1n-

289 2397 544 2468 gredieris
593 2399 647 2449 in
695 2395 1022 2449 abundantia
1065 2393 1364 2470 sepulcrum
1414 2391 1575 2464 (Job.
1607 2391 1701 2464 v).
1753 2391 1893 2458 Quid

291 2486 528 2557 sepulcri
578 2485 823 2550 nomine,
882 2485 987 2541 nisi
1030 2481 1458 2558 contemplativa
1506 2483 1651 2547 vita,
1705 2482 1891 2558 signa-

296 2579 426 2633 tur?
457 2593 593 2649 .quze
643 2592 742 2632 nos
788 2577 944 2648 quasi
994 2577 1061 2632 ab
1109 2575 1214 2631 hoc
1256 2574 1460 2629 mundo
1512 2582 1760 2629 mortuos
1805 2587 1896 2628 se»

292 2670 519 2747 pollvit,
587 2669 716 2724 dum
778 2682 810 2721 a
868 2665 1104 2723 terrenis
1165 2665 1451 2722 desideriis
1501 2673 1787 2733 susceptos
1837 2665 1892 2720 in

295 2762 502 2824 intimis
547 2758 850 2818 abscondit.
903 2757 996 2813 Ait
1043 2771 1174 2828 ergo
1216 2755 1585 2827 :Ingredicris
1627 2757 1684 2810 in
1727 2755 1894 2809 abun-

293 2853 477 2908 dantia
523 2849 839 2924 sepulcrum.
886 2847 984 2903 Vir
1022 2847 1223 2919 quippe
1261 2846 1539 2916 perfectus
1584 2843 1893 2916 sepulcrum

297 2945 353 2999 in
404 2944 730 3000 abundantia
776 2940 1122 3014 ingreditur:
1159 2939 1286 3010 quia
1322 2938 1476 3010 prius
1529 2938 1721 2994 activae
1764 2938 1894 2992 vitae

296 3049 462 3106 opera
522 3040 851 3106 congregat,
909 3043 964 3089 et
1022 3034 1367 3106 postmodum
1428 3033 1612 3088 carnis
1673 3048 1892 3088 sensum

299 3143 398 3199 per
446 3126 959 3198 contemplationem
1008 3111 1283 3182 mortuum
1336 3127 1465 3194 huic
1513 3126 1717 3181 mundo
1766 3125 1891 3181 fun-

300 3222 445 3276 ditus
496 3219 754 3276 occultat.
824 3219 959 3274 Item
1013 3219 1322 3290 sepulcrum
1381 3220 1647 3275 memoria
1701 3220 1896 3276 mortis

299 3322 356 3368 et
397 3311 813 3369 resurrectionis
859 3311 1074 3368 Domini
1121 3312 1461 3385 intelligitur,
1510 3320 1572 3368 ut
1618 3313 1676 3366 in'
1714 3311 1894 3367 Isaia:

302 3403 370 3457 Et
393 3389 812 3474 eritzsepulcrum
832 3403 948 3474 ejus
971 3402 1256 3474 gloriosum
1286 3402 1422 3478 (Isa.
1450 3403 1549 3478 ιιι).
1576 3401 1898 3474 Sepulcrum

298 3503 502 3573 corpus
554 3493 794 3563 peccatis
843 3493 1119 3548 subditum
1145 3535 1159 3560 ,
1210 3495 1326 3550 sive
1375 3494 1725 3573 si'mulatores
1772 3493 1896 3564 qui-

298 3570 439 3654 que”,
466 3592 528 3639 ut
562 3585 618 3639 in
641 3584 930 3651 Evangelio
958 3598 974 3637 :
1009 3583 1100 3638 Vw
1128 3585 1288 3651 vobis,
1322 3583 1583 3641 Pharisaei
1601 3570 1661 3640 et
1688 3583 1897 3652 scribta,

296 3672 408 3743 qui-
435 3671 632 3725 similes
677 3672 800 3725 estis
847 3671 1098 3742 sepulcris
1127 3672 1384 3728 dealbatis
1417 3671 1658 3744 (Matth.
1692 3689 1828 3728 xxut
1850 3672 1896 3746 ).'

299 3765 504 3829 Fossa,
557 3761 833 3819 damnatio
877 3773 1259 3834 peccatorum,
1317 3775 1376 3820 ut
1423 3766 1481 3821 in
1529 3765 1792 3822 Psalmoz’
1826 3763 1898 3821 Ut

298 3851 510 3926 mitiges
547 3871 666 3910 eum
691 3871 725 3909 a
753 3855 935 3910 diebus
977 3856 1170 3922 malis,
1213 3857 1379 3911 donec
1421 3856 1660 3926 fodiatur
1701 3854 1894 3929 (Psal.

300 3946 436 4003 scin
461 3945 501 4017 )-.
538 3945 707 4001 Fossa
744 3945 1023 4002 damnatio
1068 3947 1268 4003 diaboli
1310 3947 1396 4002 vel
1441 3946 1800 4012 Antichristi,
1838 3954 1902 4003 ut

300 4039 678 4110 ini'pl'oph'eta'
708 4037 822 4093 :‘Et
861 4039 1188 4110 indagabunt
1236 4039 1420 4104 Assur,
1468 4039 1521 4094 id
1572 4041 1684 4106 est,
1739 4039 1897 4094 Anti-

301 4131 605 4198 causam,
649 4133 707 4186 in
746 4128 888 4202 fossa
929 4131 1164 4186 Nebroth
1209 4129 1416 4204 (Zach.
1451 4147 1480 4186 x
1509 4131 1548 4202 ).
1587 4130 1897 4186 Fovea'do-

303 4217 800 4295 lus'v‘el'laqueus
849 4225 903 4281 in
953 4235 1215 4292 mortem,
1269 4235 1329 4281 ut
1378 4225 1431 4281 in
1483 4214 1742 4296 psalmo:
1788 4225 1896 4280 La-

303 4309 680 4394 curit"aperuit
723 4313 998 4385 etc/fodit
1042 4333 1188 4383 eum,
1245 4325 1292 4371 et
1341 4315 1527 4372 incidit
1582 4317 1638 4372 in
1685 4313 1890 4386 foveant

303 4395 862 4482 quatit"?‘ecit-"('Psal.
894 4421 967 4464 vn
993 4405 1034 4480 )·.
1071 4408 1262 4464 'Fovea
1306 4407 1578 4465 haeretiCa'
1609 4411 1889 4480 deceptio',

304 4510 364 4556 ut
384 4493 1098 4571 “in"SalomonezszOvea
1151 4500 1421 4571 profunda
1470 4498 1548 4556 est
1599 4503 1847 4557 meretrix
1875 4544 1889 4570 ,

300 4602 348 4646 et
393 4569 588 4672 pineus
631 4589 888 4662 angustus
934 4559 1287 4644 aliena'uxo'r
1328 4586 1532 4661 (Prov.
1578 4591 1782 4664 nm).-
1815 4601 1827 4604 --
1876 4559 1888 4570 ’
1917 4559 1970 4620 Β

807 4685 830 4688 ”
871 4677 1101 4757 CAPUT
1135 4683 1331 4756 xm.

761 4765 881 4827 De“
906 4770 1150 4840 adiﬁciis
1192 4772 1463 4826 rusticis.‘
1535 4789 1538 4794 '

372 4862 511 4920 casa
558 4865 776 4936 agreste
817 4862 1222 4928 habitaculum,
1263 4863 1602 4935 palisatque
1639 4863 1893 4936 'virgultis

383 4767 484 4810 Ti'lli

299 4950 768 5026 anfn‘dinibusque
798 4963 1142 5021 contextum,
1175 4949 1372 5026 quibus
1403 4956 1615 5025 possint
1644 4956 1891 5012 homines
1947 4957 1952 4964 ’

300 5047 501 5105 tue’t‘i'a'
533 5050 586 5105 vi
613 5047 833 5120 frigoris
862 5049 944 5104 vel
974 5049 1182 5103 caloris
1214 5045 1434 5117 injuria.
1464 5048 1760 5120 Tuguriutn
1799 5064 1889 5103 ca-

298 5143 418 5199 sula
463 5136 755 5214 estquam
795 5141 1003 5198 faciunt
1047 5141 1149 5196 sibi
1195 5141 1448 5196 Custodes
1491 5141 1772 5196 vinearum
1820 5142 1888 5196 ad

298 5226 670 5304 teghnen"'sui
723 5232 1246 5304 quasi'te'gurium:
1298 5231 1412 5286 sive
1457 5239 1679 5301 propter
1724 5231 1885 5286 ardo-

299 5331 434 5383 rem"
467 5315 633 5392 solis,
687 5329 745 5383 e't
791 5326 973 5381 radios
1027 5323 1424 5380 declinandos:
1479 5325 1604 5379 sive
1653 5332 1711 5379 ut
1764 5325 1889 5380 inde

297 5419 384 5474 vel
417 5409 692 5492 Ξἰιόιιιίιιειέι
745 5416 832 5472 vel
893 5413 1188 5483 bestiolas,
1243 5426 1362 5486 quae
1413 5415 1660 5472 insidiari
1711 5412 1889 5472 solent

299 5504 722 5583 rtaﬁ's’frugiliu‘s
743 5525 765 5578 ,'
784 5513 1032 5583 abigant.
1060 5512 1209 5567 Hanc
1248 5513 1435 5568 rustici
1467 5517 1767 5584 tzapannam
1794 5513 1889 5568 vo-

300 5593 826 5674 cart't"'qu0d"unnm
876 5595 1098 5659 tantum
1134 5589 1340 5673 capiat:
1382 5603 1522 5659 Casa
1572 5591 1688 5660 sive
1733 5615 1891 5678 tugu-

299 5690 442 5779 riuin
479 5689 1034 5779 posSuntg'egestatem
1069 5695 1516 5779 prii‘sentisvitzc
1557 5697 1884 5778 signiﬁcare.

302 5771 463 5843 Unde
509 5771 934 5860 legiutrli'(;li'eb.
966 5788 1098 5860 ιι),
1146 5773 1344 5859 patres
1374 5773 1592 5846 nostros
1640 5781 1694 5845 in
1741 5773 1888 5847 terra
1935 5783 1937 5786 ’

1996 547 2270 618 tugurium
2319 546 2424 600 vile
2469 547 2836 602 habita-culum
2880 549 2934 601 in
2983 547 3266 612 Isaia,.et
3314 550 3424 604 cito
3478 551 3574 604 de-

1995 639 2213 694 ciduum
2259 640 2317 694 in
2364 641 2466 694 hoc
2510 639 2711 694 mundo
2760 638 3107 710 exprimitur,
3162 648 3222 694 ut
3265 647 3348 694 est
3405 639 3576 695 illud:

1994 732 2114 788 Erit
2176 731 2304 787 Sion
2363 733 2497 787 sicut
2547 732 2920 787 umbrticulum
2981 734 3039 788 in
3100 733 3287 798 vinea,
3336 742 3383 787 et
3446 735 3580 788 sicut

1995 826 2263 896 tugurium
2308 826 2364 879 in
2413 826 2778 880 cucumerario
2826 823 2978 896 (Isa.
3011 823 3093 898 l).

2568 935 2796 993 CAPUT
2828 933 3000 990 ΧΧΧ.

2640 1007 2720 1061 De
2757 1008 2919 1078 agris.
2974 1019 2976 1022 '

2063 1100 2207 1172 Ager
2254 1098 2421 1154 latine
2471 1097 2801 1169 appellatur,
2853 1112 2919 1153 eo
2967 1097 3111 1168 quod
3163 1097 3218 1152 in
3270 1111 3336 1152 eo
3383 1097 3584 1167 aliquid

1992 1199 2204 1263 agatur.
2263 1191 2394 1246 Alii
2425 1203 2616 1261 agrum
2669 1205 2737 1244 ex
2789 1203 2968 1261 graeco
3025 1189 3301 1245 nominari
3356 1189 3586 1243 manife-

1995 1288 2131 1344 stius
2177 1286 2408 1342 crodunt
2441 1305 2452 1339 :
2484 1286 2626 1342 unde
2677 1293 2732 1340 et
2773 1285 2900 1339 villa
2950 1301 3124 1356 graece
3173 1285 3468 1358 choragros
3506 1282 3588 1335 di-

1993 1379 2153 1435 citur.
2200 1377 2338 1432 Villa
2379 1393 2410 1431 a
2454 1377 2626 1442 vallo,
2675 1377 2727 1431 id
2768 1384 2886 1441 est,
2933 1392 3127 1447 aggere
3177 1384 3337 1432 terra:
3380 1389 3588 1428 nuncu-

1964 1456 2148 1545 'pata,
2201 1471 2346 1542 quod
2393 1485 2493 1540 pro
2542 1471 2714 1525 limite
2758 1471 3012 1525 constitui
3064 1470 3222 1525 solet.
3277 1468 3586 1523 Possessio-

1992 1583 2091 1624 nes
2142 1575 2269 1623 sunt
2325 1567 2437 1638 agri
2492 1565 2601 1621 late
2655 1573 2935 1637 patentes,
2987 1565 3189 1636 publici
3243 1565 3585 1635 privatique,

1993 1675 2131 1730 quos
2165 1659 2220 1714 in
2253 1658 2407 1713 initio
2453 1673 2559 1713 non
2606 1657 3043 1727 mancipatione,
3087 1656 3184 1711 sed
3227 1656 3479 1726 quisque,
3526 1661 3588 1708 ut

1987 1753 2202 1826 potuit,
2251 1751 2534 1823 occupavit
2565 1761 2727 1821 atque
2766 1748 3052 1820 possedit:
3097 1748 3239 1803 unde
3285 1757 3340 1802 et
3381 1761 3590 1800 nuncu-

1919 1821 2128 1919 Bpati.
2181 1821 2404 1900 Fundus
2452 1845 2630 1899 dictus
2677 1842 2822 1912 quod
2863 1856 2929 1895 eo
2979 1839 3240 1895 fundatur
3285 1839 3372 1893 vel
3421 1837 3588 1893 stabi-

1995 1940 2156 1994 liatur
2199 1936 2604 2008 patrimonium.
2654 1933 2875 1988 Fundus
2919 1939 3100 1985 autem
3147 1931 3412 1984 urbanum
3459 1927 3589 1982 aedi-

1994 2035 2180 2090 ﬁcium
2238 2040 2292 2087 et
2347 2031 2611 2085 rusticum
2668 2025 3074 2098 intelligendum
3128 2030 3232 2079 est.
3279 2021 3586 2086 Prsidium,

1995 2125 2139 2196 quod
2185 2131 2252 2178 ex
2304 2120 2555 2175 omnibus
2597 2117 2982 2189 patrifamilias
3033 2114 3275 2169 maxime
3323 2111 3590 2182 praevide-

1993 2227 2106 2284 tur,
2147 2216 2200 2270 id
2243 2223 2358 2279 est,
2405 2219 2660 2283 apparet,
2708 2209 2864 2280 quasi
2907 2207 3270 2279 prmvidium:
3314 2203 3400 2258 vel
3443 2202 3588 2274 quod

1995 2307 2200 2380 antiqui
2243 2324 2405 2379 agros
2448 2321 2582 2377 quos
2623 2304 2768 2361 bello
2807 2308 3097 2373 ceperant,
3144 2307 3204 2354 ut
3252 2299 3445 2368 praeda:
3487 2312 3588 2352 no-

1993 2403 2173 2468 mine,
2219 2401 2512 2456 habebant.
2556 2397 2745 2454 Omnis
2778 2402 2959 2449 autem
2989 2407 3117 2463 ager
3161 2389 3254 2462 (ut
3278 2390 3452 2445 Varro
3495 2390 3590 2442 do-

1993 2491 2120 2562 cet)
2175 2489 2512 2561 quadril‘arie
2563 2487 2862 2542 dividitur:
2925 2490 3020 2538 aut
3071 2496 3236 2536 arvus
3288 2487 3372 2535 est
3424 2492 3588 2550 ager,

1995 2585 2048 2640 id
2075 2593 2158 2640 cst
2178 2625 2192 2649 ,
2223 2581 2505 2637 sationalis
2530 2597 2544 2646 ;
2577 2589 2672 2634 aut
2699 2579 2941 2634 consitus
2966 2617 2981 2643 ,
3017 2576 3069 2631 id
3097 2581 3183 2630 est
3206 2614 3220 2639 ,
3250 2581 3409 2644 aptus
3438 2569 3594 2625 arbo-

1995 2675 2146 2731 ribus
2176 2691 2190 2741 ;
2223 2683 2318 2730 aut
2347 2673 2618 2744 pascualis
2643 2713 2658 2738 ,
2685 2672 2778 2743 qui
2808 2669 2992 2725 herbis
3017 2675 3231 2722 tantum
3254 2671 3310 2720 et
3339 2661 3590 2718 animali-

1993 2767 2096 2822 bus
2119 2775 2316 2832 vacat;
2343 2775 2437 2821 aut
2461 2763 2677 2828 ﬂoreus,
2708 2764 2761 2818 in
2786 2777 2893 2832 quo
2921 2769 3046 2817 sunt
3067 2759 3213 2815 horti
3239 2756 3432 2828 apibus
3464 2769 3593 2811 con-

1993 2867 2248 2932 gruentes
2311 2865 2367 2914 et
2425 2856 2667 2912 ﬂoribus.
2737 2855 2892 2923 Quod
2960 2854 3126 2910 etiam
3199 2850 3460 2922 Virgilius
3530 2849 3584 2902 in

1993 2960 2190 3022 quarto
2236 2951 2375 3005 libro
2428 2949 2818 3020 Georgicorum
2873 2955 3089 3003 secutus
3144 2952 3246 2999 est.
3307 2941 3437 3014 Agri
3499 2955 3594 2994 au-

1995 3049 2106 3096 tem
2159 3039 2379 3096 nomine
2432 3039 2730 3093 humanum
2785 3051 2996 3107 genus,
3061 3034 3314 3089 habitans
3377 3032 3431 3086 in
3488 3031 3593 3085 hoc

1995 3129 2232 3198 mundo,
2304 3127 2648 3198 exprimitur.
2726 3126 2878 3182 Unde
2944 3125 3146 3196 legitur
3211 3125 3265 3178 in
3334 3120 3592 3193 parabola

1999 3207 2311 3292 evangelica
2346 3239 2359 3273 :
2394 3221 2532 3292 Ager
2577 3230 2654 3275 est
2707 3220 2936 3274 mundus
2992 3217 3232 3290 (Matth.
3283 3232 3382 3272 xm
3414 3215 3473 3288 ),
3532 3215 3588 3268 in

1999 3328 2111 3384 quo
2165 3313 2465 3368 seminatur
2516 3320 2765 3367 sanctum
2813 3310 3040 3365 verbum
3090 3309 3236 3364 Dei:
3289 3309 3386 3363 sed
3432 3306 3590 3375 juxta

1998 3401 2362 3459 diﬂ'erentiam
2409 3411 2572 3458 terra:
2621 3401 3015 3458 fructiﬁcavit:
3068 3401 3197 3471 quia
3247 3402 3389 3457 bona
3441 3409 3588 3454 terra

1999 3495 2233 3551 fructum
2267 3495 2578 3567 centuplum
2607 3496 2876 3551 bonorum
2905 3509 3134 3565 operum
3163 3492 3373 3564 profert
3398 3509 3412 3546 :
3447 3490 3589 3553 mala

1947 3581 1949 3584 ’
1999 3594 2180 3641 autem
2227 3585 2439 3658 profert
2492 3587 2680 3656 spinas
2726 3593 2784 3641 et
2836 3585 3064 3640 tribulos
3111 3584 3371 3639 vitiorum
3394 3624 3412 3650 ,
3465 3597 3588 3653 qum

1997 3677 2161 3732 etiam
2192 3685 2276 3732 est
2314 3676 2680 3732 maledictioni
2719 3678 2988 3748 proxima.
3031 3677 3164 3733 Item
3202 3691 3335 3747 ager
3369 3683 3463 3731 est
3483 3690 3579 3730 ec-

1998 3772 2200 3837 clesia,
2248 3781 2308 3826 ut
2352 3773 2406 3826 in
2454 3772 2695 3829 Genesi:
2745 3773 2911 3841 Ecce,
2957 3774 3035 3829 ait
3074 3772 3257 3839 Isaac,
3311 3773 3444 3827 odor
3489 3771 3592 3842 ﬁlii

1996 3863 2101 3916 mei
2145 3863 2282 3916 sicut
2327 3863 2460 3917 odor
2488 3864 2602 3932 agri
2629 3863 2801 3932 pleni,
2837 3867 2924 3919 cui
2957 3865 3216 3920 benedixit
3249 3863 3392 3918 Deus
3423 3862 3586 3934 (Gen.

1997 3952 2212 4024 xxv").
2262 3953 2330 4008 Et
2381 3954 2434 4008 in
2483 3954 2822 4025 Evangelio:
2871 3956 3130 4011 Emerunt
3175 3972 3240 4011 ea:
3287 3956 3360 4010 eis
3405 3969 3591 4026 agrum

1996 4043 2148 4115 ﬁguli
2191 4046 2248 4099 in
2287 4043 2611 4114 sepulturam
2655 4045 3050 4116 peregrinorum
3097 4043 3339 4116 (Matth.
3371 4057 3521 4097 xxvn
3548 4042 3589 4114 ).

1995 4136 2130 4192 Item
2185 4152 2312 4208 ager
2368 4143 2453 4191 est
2499 4136 2728 4207 populus
2777 4134 3109 4192 Judteorum.
3160 4137 3238 4191 De
3295 4151 3402 4206 quo
3457 4149 3590 4202 agro

1998 4224 2251 4280 Salomon
2308 4227 2377 4281 ad
2429 4225 2702 4282 Abiathan
2756 4227 3099 4283 sacerdotem
3152 4226 3272 4282 ait:
3338 4224 3586 4280 Vade-in

1995 4334 2181 4389 agrum
2235 4328 2383 4374 tuum
2435 4319 2492 4374 in
2538 4319 2767 4374 Anathot
2824 4319 2932 4391 (II
2961 4319 3088 4391 Reg.
3124 4319 3221 4392 ιι).
3272 4319 3407 4375 Item
3461 4332 3592 4390 ager

1994 4407 2265 4479 signiﬁcat
2305 4407 2648 4480 disciplinam
2689 4408 2967 4481 religionis
3006 4408 3365 4475 Christianas,
3405 4415 3468 4462 ut
3507 4416 3594 4475 est

1993 4498 2126 4577 illud
2175 4500 2228 4555 in
2277 4499 2619 4570 Evangelio:
2683 4498 2868 4555 Simile
2923 4511 2999 4556 est
3055 4518 3273 4573 regnum
3333 4500 3582 4562 calorum

1996 4593 2240 4647 thesauro
2285 4592 2592 4647 abscondito
2626 4593 2682 4647 in
2722 4611 2884 4664 agro,
2915 4611 3066 4666 quem
3106 4595 3198 4665 qui
3247 4594 3444 4648 invenit
3483 4593 3581 4645 hoc

1951 4677 1954 4680 ’
1995 4699 2114 4750 mo,
2155 4684 2428 4762 abscondit
2472 4694 2519 4738 et
2556 4699 2667 4755 prce
2707 4677 2900 4755 gaudio
2943 4685 3088 4740 illius
3134 4686 3274 4739 vadit
3316 4693 3364 4738 et
3406 4682 3584 4737 vendit

1998 4774 2174 4830 omnia
2200 4791 2315 4845 (μηδ
2345 4774 2519 4841 habet,
2549 4785 2599 4830 et
2629 4777 2752 4829 emit
2781 4791 2966 4846 agrum
2995 4776 3148 4831 illum
3172 4818 3186 4843 ,
3215 4786 3322 4830 etc.
3355 4773 3587 4846 (Matth:

1997 4883 2098 4922 xm
2121 4865 2163 4939 ).
2193 4861 2512 4923 'Thesaurus
2542 4869 2646 4924 istc
2674 4869 2898 4925 caeleste
2929 4870 3260 4926 desiderium
3289 4870 3584 4942 signiﬁcat.

1996 4955 2142 5029 Ager
2184 4974 2352 5026 vero,
2405 4960 2460 5015 in
2501 4975 2610 5032 quo
2657 4963 2952 5018 thesaurus
2995 4962 3370 5027 absconditur,
3417 4962 3587 5018 disci-

1996 5051 2196 5121 plinam
2248 5051 2410 5106 studii
2453 5052 2733 5108 ccelestis:
2787 5055 2983 5119 homo,
3035 5055 3128 5125 qui
3177 5055 3325 5110 hunc
3372 5055 3588 5110 thesau-

1999 5155 2118 5194 rum
2167 5137 2404 5208 invenit,
2449 5142 2682 5198 humiles
2710 5149 2766 5198 ct
2795 5143 3078 5215 religiosos
3119 5144 3412 5215 signiﬁcat.
3446 5144 3586 5212 Quia

1996 5234 2152 5290 valde
2189 5235 2457 5306 gaudent,
2489 5237 2613 5292 dum
2645 5239 2846 5291 bonum
2876 5238 3185 5308 percipiunt
3213 5237 3541 5298 desiderium
3567 5257 3581 5294 :

1995 5336 2126 5383 tunc
2168 5326 2412 5398 profecto
2457 5328 2726 5394 venditis,
2781 5328 2834 5383 id
2885 5336 3001 5395 est,
3049 5330 3375 5401 contemptis
3429 5329 3584 5384 volu-

1993 5419 2236 5492 ptatibus
2283 5421 2498 5485 carnis,
2549 5420 2872 5492 cunctisque
2920 5422 3156 5479 terrenis
3206 5422 3584 5480 delectationi-

1994 5510 2129 5577 bus,
2179 5511 2362 5566 omnia
2409 5511 2595 5567 mundi
2639 5527 2740 5583 per
2781 5512 3080 5584 disciplinas
3120 5513 3361 5569 caelestis
3407 5522 3586 5569 custo-

1993 5602 2139 5658 diam
2184 5603 2432 5658 calcant.
2466 5602 2539 5658 nil
2567 5589 3390 5680 jamwacanﬁ‘blandnur,
3417 5605 3580 5662 libet:

1994 5697 2109 5764 nil,
2138 5699 2281 5769 quod
2318 5697 2498 5754 carnis
2533 5699 2696 5754 vitam
2733 5699 2990 5766 trucidat,
3031 5701 3254 5771 spiritus
3295 5695 3577 5754 horrescit.

1999 5789 2125 5845 Sive
2176 5789 2378 5849 aliter:
2442 5787 2729 5848 thesauros
2774 5792 2878 5848 istc
2924 5790 3172 5852 Christus
3222 5787 3576 5858 intelligitur:
