4038 6324
318 393 432 454 615

1294 382 1382 442 DE
1420 376 1773 443 UNlVERSO
1801 377 1987 438 LIBRI
2021 374 2189 438 XXII.
2227 405 2301 427 ι·-
2334 377 2464 440 ω.
2501 379 2624 440 ιν.

3492 387 3606 451 ιη

322 517 409 568 est
432 513 490 564 et
513 502 839 578 dilapidata,
869 499 1033 560 idest
1057 473 1330 572 lapidibus
1368 505 1563 556 strata.
1601 498 1772 556 Primi
1807 518 1908 558 au-
1935 503 1989 568 Α
2013 501 2158 558 inter
2191 509 2410 559 montes
2451 511 2746 575 angustum
2781 511 2840 559 et
2883 503 3072 561 tritum
3091 505 3112 572 ,'
3151 522 3182 562 a
3223 502 3362 566 callo
3399 513 3600 583 pedum

325 612 436 658 tem
472 597 626 655 Poeni
666 597 921 652 dicuntur
945 593 1216 664 lapidibus
1241 593 1361 649 vias
1391 594 1684 660 stravisse,
1723 601 1912 664 postea

325 689 562 768 Romani
601 701 698 745 eas
725 703 826 759 per
862 699 1080 742 omnem
1125 700 1264 758 pene
1297 686 1486 742 orbem
1531 683 1915 757 disposuerunt

325 795 553 862 propter
580 782 964 839 rectitudinem
997 780 1253 868 itinerum
1275 822 1290 848 ,
1318 795 1388 836 ne
1415 780 1568 852 plebs
1593 789 1742 837 esset
1769 782 1912 838 otio-

325 899 407 940 sa.
442 881 622 953 Agger
653 885 738 934 est
780 877 958 933 media
1005 883 1190 932 stratae
1225 874 1527 931 eminentia
1573 875 1916 948 coaggeratis

327 972 822 1045 lapidibus-strata,
855 971 923 1025 ab
953 983 1180 1042 aggere,
1208 968 1261 1023 id
1293 975 1410 1035 est,
1440 984 1470 1024 a
1499 969 1916 1025 coacervatione

328 1065 504 1132 dicta,
538 1077 702 1135 quam
741 1061 990 1118 historici
1036 1063 1181 1118 viam
1231 1062 1527 1118 militarem
1570 1061 1779 1128 dicunt,
1810 1069 1914 1116 ut:

451 1178 618 1242 Qualis
637 1192 771 1250 saepe
793 1182 882 1230 vim
904 1177 1176 1242 deprensus
1197 1180 1250 1232 in
1276 1192 1467 1246 aggere
1489 1191 1723 1250 serpens.

323 1265 432 1344 lter
457 1273 541 1330 vel
567 1273 676 1343 itus
701 1281 784 1334 .est
819 1273 925 1340 via,
946 1289 1055 1350 qua
1092 1273 1159 1330 iri
1199 1274 1268 1337 ab
1309 1273 1530 1346 homine
1565 1287 1916 1352 quaquaver-

325 1382 447 1426 sum
488 1374 691 1446 potest.
733 1365 844 1432 lter
889 1376 1072 1427 autem
1118 1373 1173 1428 et
1216 1367 1384 1430 itiner
1427 1367 1701 1430 diversam
1743 1365 1916 1440 signi-

327 1458 640 1529 ﬁcationem
695 1459 917 1519 habent.
971 1459 1080 1527 iter
1138 1459 1283 1523 enim
1332 1467 1420 1520 est
1471 1459 1622 1534 locus
1684 1459 1917 1534 transitu

325 1549 534 1624 facilis,
584 1549 726 1612 unde
781 1559 838 1615 ct
900 1551 1234 1628 appellamus
1301 1552 1457 1608 itum.
1508 1551 1676 1625 itiner
1735 1559 1918 1610 autem

327 1642 438 1708 itus
479 1651 565 1698 est
607 1642 784 1715 longua
831 1643 970 1709 vim,
1015 1652 1071 1700 et
1114 1644 1233 1723 ipse
1273 1644 1428 1703 labor
1469 1641 1814 1710 ambulandi,
1857 1650 1918 1700 ut

326 1751 436 1806 quo
474 1735 610 1793 velis
662 1737 969 1810 pervenias.
1006 1734 1212 1802 Semita
1269 1737 1486 1794 itineris
1527 1735 1840 1798 dimidium,
1885 1750 1917 1794 a

325 1826 463 1890 scuti
505 1827 585 1882 itu
627 1827 854 1902 dictum,
899 1825 1109 1904 semita
1139 1835 1320 1902 autem
1350 1827 1630 1904 puluinum
1659 1835 1763 1887 eat.
1795 1823 1918 1884 Cal-

325 1919 395 1991 lis
436 1919 680 1987 terarum
725 1929 784 1980 et
831 1922 1121 1995 pecudum.
1163 1921 1327 1985 Callis
1368 1931 1453 1996 est
1494 1922 1599 1986 iter
1642 1921 1916 1996 pecudum
1943 1913 1992 1975 B

2015 602 2301 662 vocatum,
2353 595 2469 651 sive
2517 593 2660 651 callo
2705 597 2974 667 pecudum
3025 599 3400 668 pet-duratum.
3459 603 3602 660 'l‘ra-é

2017 690 2176 746 mites
2223 695 2350 744 sunt
2395 696 2710 744 transversa
2756 683 2812 744 in
2859 689 3008 762 agris
3047 691 3246 747 itinera
3289 693 3408 748 sive
3452 701 3600 752 recta

2015 782 2102 837 via
2132 800 2146 838 :
2173 781 2305 839 dicti
2333 822 2349 850 ,
2377 783 2522 853 quod
2549 783 2947 841 transmittant.
2976 783 3217 840 Divortla
3261 791 3388 841 sunt
3430 785 3604 843 ﬂexus

2017 876 2263 943 viarum,
2291 876 2396 932 hoc
2423 883 2544 943 est,
2587 877 2690 932 vite
2731 875 2788 930 in
2829 876 3048 932 diversa
3089 878 3401 934 tendentes.
3449 875 3605 935 Nune

2019 968 2340 1025 diverticula
2370 968 2652 1035 sunt,hoc
2701 973 2788 1024 est
2839 968 3070 1024 diversae
3129 983 3194 1024 ac
3241 970 3430 1025 divisae
3479 969 3602 1035 vim,

2017 1064 2136 1120 sive
2175 1065 2386 1120 semitae
2426 1071 2770 1128 transversa,
2795 1077 2918 1134 quae
2940 1067 3067 1118 sunt
3095 1077 3126 1117 a
3155 1061 3331 1117 latere
3357 1061 3478 1116 vias.
3513 1061 3606 1116 Βί-

2029 1158 2201 1222 vium,
2231 1156 2360 1228 quia
2403 1153 2598 1226 duplex
2639 1163 2726 1210 est
2763 1155 2873 1210 via.
2917 1153 3198 1226 Compita,
3251 1154 3382 1225 quia
3422 1154 3607 1224 plures

1985 1248 2075 1306 'fn
2124 1265 2187 1306 ea
2237 1257 2555 1320 competunt
2604 1249 2740 1314 viae,
2792 1249 2948 1328 quasi
3009 1248 3215 1312 trivim,
3283 1247 3602 1317 quadrivizc.

2019 1341 2135 1398 Hoc
2188 1355 2404 1412 quoque
2460 1341 2858 1396 observandum
2909 1347 2993 1396 est
3047 1340 3100 1394 in
3158 1339 3294 1395 locis
3343 1337 3604 1410 singulis,

2019 1437 2108 1492 ubi
2154 1437 2256 1491 ista
2301 1435 2520 1490 nomina
2562 1435 2776 1489 viarum
2814 1441 2942 1490 sunt
2983 1432 3266 1496 denotata,
3302 1439 3366 1486 ut
3403 1445 3432 1485 a
3469 1440 3608 1500 pras-

2021 1528 2344 1585 cedentibus
2388 1526 2475 1582 vel
2522 1527 2984 1597 oonsequentibus
3035 1523 3278 1594 ejusdem
3327 1521 3609 1592 scripturae

2018 1623 2154 1679 locis
2192 1638 2379 1678 earum
2417 1621 2746 1702 significatio
2789 1619 3145 1692 intelligatur.
3187 1618 3324 1686 Quia
3367 1616 3447 1671 sic
3483 1629 3610 1670 cono

2021 1735 2189 1790 gruus
2239 1733 2434 1774 sensus
2472 1715 2631 1772 facile
2678 1717 2732 1770 in
2787 1716 2866 1770 eis
2911 1712 3269 1785 dignoscitur,
3305 1720 3490 1766 utrum
3542 1705 3610 1763 ad

2020 1809 2220 1867 bonam
2258 1809 2344 1867 vel
2384 1809 2586 1866 malam
2621 1815 2834 1881 partem
2882 1806 3220 1878 pertineant.

1256 2151 1561 2254 LIBER
1614 2149 2089 2248 QUINTUS
2151 2149 2638 2230 DECIMUS.

1599 2311 2332 2340 *ι--ια-υ-σ-ι-η

851 2419 1078 2479 CAPUT
1116 2419 1405 2479 PRIMUM.

901 2513 980 2568 De
1003 2511 1340 2584 philosophis.

402 2601 712 2674 Philosophi
741 2617 916 2674 green
941 2605 1306 2675 appellatione
1333 2612 1620 2671 vocantur,
1651 2603 1744 2676 qui
1785 2603 1914 2660 lati-

329 2711 400 2755 ne
463 2707 735 2753 amatores
797 2698 1076 2770 sapientiae
1133 2699 1582 2770 interpretantur.
1626 2699 1723 2754 Est
1769 2700 1916 2754 enim

327 2789 709 2862 Philosophus,
750 2791 843 2862 qui
890 2791 1198 2846 divinarum
1228 2798 1282 2846 et
1331 2792 1694 2847 humanarum
1732 2807 1920 2847 rerum

329 2881 612 2937 scientiam
637 2882 816 2938 habet.
840 2877 1070 2938 Omnem
1084 2883 1222 2938 bene
1238 2883 1450 2938 vivendi
1463 2883 1736 2938 tramitem
1751 2891 1917 2939 tenet.

331 2973 538 3030 Nomen
573 2973 1020 3046 philosophorum
1064 2976 1298 3047 primum
1333 2991 1365 3032 a
1395 2975 1702 3049 Pythagora
1749 2975 1923 3034 fertur

328 3077 599 3124 exortum.
631 3068 767 3125 Nam
799 3069 926 3126 dum
968 3079 1125 3127 antea
1156 3071 1320 3143 graeci
1360 3079 1579 3128 veteres
1613 3070 1918 3142 Sophistas,

330 3162 387 3256 id
414 3171 520 3230 est,
540 3163 840 3256 sapientes,
872 3171 966 3220 aut
1003 3165 1254 3220 doctores
1279 3163 1562 3234 sapientiae
1594 3165 1921 3256 semetipsos
1947 3179 1996 3256 ρ
2022 3159 2330 3233 philosophi
2363 3161 2420 3215 in
2470 3160 2770 3216 hmresibus
2783 3160 2934 3256 suis,
2979 3159 3243 3256 habentes
3269 3159 3492 3256 quidam
3511 3175 3730 3256 ⁸ηθψξιλ

322 3251 620 3323 iactantius
647 3256 1014 3322 nominarent,
1050 3257 1156 3312 iste
1190 3256 1574 3327 interrogatus,
1620 3255 1752 3326 quid
1790 3267 1918 3326 pro-

332 3346 594 3416 ﬁteretur,
658 3349 964 3405 verecundo
1021 3349 1238 3405 nomine
1283 3348 1687 3421 philoSOphum,
1735 3346 1790 3401 id
1812 3353 1919 3412 est,

331 3449 631 3496 amatorem
679 3441 960 3512 sapientiae
1010 3455 1069 3497 se
1124 3457 1246 3498 esse
1298 3441 1622 3511 respondit:
1661 3441 1920 3511 quoniam

329 3533 632 3603 sapientem
671 3535 918 3604 proﬁteri
953 3533 1460 3604 arrogantissimum
1499 3533 1807 3590 videbatur.
1843 3533 1922 3588 ita

328 3625 586 3698 deinceps
623 3627 860 3695 posteris
909 3626 1133 3696 placuit,
1169 3633 1229 3679 ut
1276 3625 1613 3696 quantalibet
1657 3627 1724 3680 de
1760 3625 1924 3680 reims

327 3719 396 3774 ad
454 3718 777 3789 sapientiam
827 3717 1226 3787 pertinentibus
1269 3717 1516 3772 doctrina
1562 3715 1792 3786 quisque
1837 3713 1922 3770 vel

325 3810 434 3867 sibi
457 3809 544 3864 vel
564 3809 685 3864 aliis
704 3808 980 3864 videretur
998 3807 1284 3873 excellere,
1310 3823 1415 3862 non
1438 3807 1542 3861 nisi
1571 3806 1924 3878 philosophus

325 3909 642 3960 vocaretur.
657 3899 824 3956 iidem
846 3908 1026 3956 autem
1039 3898 1342 3971 philosophi
1365 3899 1559 3970 triplici
1575 3912 1774 3968 genere
1787 3899 1925 3954 divi-

329 3979 552 4055 duntur.
577 3995 712 4052 Nam
737 4003 832 4051 aut
857 3995 1068 4067 physici
1089 4001 1236 4058 sunt,
1269 4002 1363 4050 aut
1391 3993 1579 4060 ethici,
1609 4002 1703 4048 aut
1733 3992 1918 4064 iogici.

328 4089 549 4163 Physici
571 4087 720 4154 dicti,
747 4085 874 4162 quia
891 4091 959 4146 de
979 4088 1188 4144 naturis
1204 4093 1439 4143 tractant
1466 4107 1478 4142 ε
1503 4095 1697 4144 natura
1711 4086 1924 4168 quippe

330 4199 508 4260 grzcce
537 4185 726 4258 physis
759 4174 1006 4240 vocatur.
1046 4181 1243 4262 Ethici,
1275 4183 1400 4253 quia
1437 4181 1504 4238 de
1533 4182 1776 4237 moribus
1808 4190 1921 4235 tra-

331 4287 505 4334 ctant.
565 4275 678 4333 Mos
733 4276 877 4334 enim
926 4276 1070 4346 apud
1127 4275 1346 4331 Graecos
1383 4275 1540 4331 ethos
1597 4273 1918 4346 appellatur.

330 4370 518 4443 Legici
558 4369 762 4435 aute'm,
811 4367 937 4440 quia
965 4367 1019 4424 in
1065 4368 1278 4424 naturis
1319 4375 1374 4424 et
1403 4367 1457 4422 in
1487 4367 1729 4434 moribus
1761 4366 1924 4422 ratio-

276 4450 284 4458 .
330 4452 456 4544 neu}
494 4462 832 4534 adiungunt:
865 4463 1006 4516 ratio
1037 4461 1181 4517 enim
1211 4475 1392 4532 graece
1411 4461 1564 4532 logos
1590 4462 1807 4516 dicitur.
1833 4459 1924 4514 Bi-

2025 2433 2152 2477 nan
2195 2419 2444 2476 veritatis
2481 2417 2690 2490 inducit
2738 2415 3039 2487 hominem.
3089 2412 3308 2477 iustitia
3359 2413 3613 2476 dilectio-

2025 2525 2151 2567 nem
2185 2510 2280 2566 Dei
2303 2519 2359 2565 et
2380 2510 2610 2581 proximi
2634 2518 2835 2566 servat.
2867 2507 3150 2568 Fortitudo
3173 2507 3343 2570 vincit
3363 2505 3610 2572 adversa.

2024 2612 2365 2674 utertemque
2399 2604 2718 2660 contemnit.
2767 2601 3148 2674 Temperantia
3199 2602 3426 2662 vitiosas
3461 2601 3614 2660 volu~

2022 2705 2202 2769 ptates
2233 2697 2504 2769 reprimit,
2533 2706 2589 2753 et
2610 2697 2791 2752 omnia
2823 2697 3158 2752 moderatur.
3193 2693 3392 2766 Logica
3429 2703 3612 2754 autent

2026 2789 2284 2852 dividitur
2311 2789 2367 2844 in
2387 2791 2522 2845 duas
2544 2789 2777 2860 species,
2803 2791 2908 2856 hoc
2921 2796 3006 2844 est
3020 2787 3371 2848 Dialecticam
3395 2795 3452 2844 et
3472 2786 3614 2847 Rbe-

2025 2883 2277 2938 toricam.
2325 2881 2616 2938 Dialectica
2647 2890 2733 2950 est
2756 2880 3052 2950 disputatio
3080 2888 3259 2946 acuta,
3288 2893 3481 2938 verum
3505 2878 3614 2936 dis-

2025 2979 2277 3047 tinguens
2321 2991 2352 3030 a
2391 2975 2550 3034 falso.
2597 2973 2894 3031 Rhetorica
2933 2981 3015 3029 est
3051 2971 3336 3043 disciplina
3380 2970 3452 3030 ad
3486 2985 3613 3042 μοι-η

2023 3068 2360 3124 suadentia:
2387 3081 2617 3138 qumque
2653 3066 2868 3135 idonea.
2903 3065 3075 3125 Divisi
3117 3073 3246 3124 sunt
3279 3074 3461 3122 mitem
3509 3063 3615 3135 ipsi

2023 3256 2168 3311 mina
2211 3271 2278 3310 ex
2305 3255 2620 3311 auctoribus
2645 3271 2660 3310 :
2695 3265 2757 3310 ut
2782 3253 3071 3319 Platonici,
3104 3253 3382 3325 Epicurei,
3407 3253 3613 3325 Pythao

2023 3346 2194 3418 gorici
2226 3364 2240 3399 :
2285 3346 2376 3401 alii
2409 3362 2440 3400 a
2487 3347 2622 3402 locis
2669 3346 3174 3410 conventiculorum
3212 3355 3269 3407 et
3311 3345 3612 3414 stationum

2023 3438 2733 3508 suarum,utPcripatetici,
2765 3438 2959 3504 Stoici,
2982 3437 3314 3506 Acadespici.
3345 3438 3640 3530 Platonici;
3724 3512 3748 3535 ‘

2023 3547 2056 3587 a
2083 3532 2325 3588 Platone.
2349 3531 2414 3588 lli
2431 3535 3050 3595 animarumcreatorem
3076 3537 3404 3602 esseDeum,
3422 3549 3616 3605 corpoé

2024 3639 2145 3680 Μ
2176 3626 2396 3697 angelos
2421 3635 2670 3682 asserunt
2691 3645 2706 3681 ι
2729 3643 2830 3697 per
2864 3627 3063 3683 multos
3089 3643 3354 3684 annorum
3381 3626 3615 3686 circulo!

2024 3718 2080 3774 in
2109 3718 2319 3774 diversa
2346 3733 2575 3788 corpora
2594 3721 2772 3775 redire
2797 3721 3009 3775 animas
3037 3719 3420 3775 dicunt.8toici
3446 3733 3476 3773 a
3495 3718 3614 3774 loco

2024 3810 2177 3870 dicti.
2207 3811 2458 3868 Porticus
2481 3814 2627 3868 enim
2651 3814 2753 3869 fuit
2775 3813 3026 3878 Athenis,
3049 3829 3212 3884 quam
3241 3829 3417 3885 graece
3446 3814 3612 3870 Stoan

2024 3906 2389 3978 appellabant,
2403 3908 2456 3961 in
2473 3923 2576 3976 qua
2601 3908 2748 3977 picta
2760 3915 2916 3962 erant
2939 3916 3092 3978 gesta
3105 3907 3430 3977 sapientum,
3450 3915 3614 3981 atque

2022 4001 2264 4058 virorum
2301 4001 2524 4058 fortium
2555 4003 2817 4056 historiae.
2843 4001 2901 4055 le
2933 4003 3077 4057 hanc
3110 4002 3378 4070 porticum
3420 4013 3618 4054 convc-

2021 4094 2237 4150 nientes
2262 4093 2536 4164 sapientes
2565 4091 3110 4164 philosophabamur,
3141 4106 3208 4146 ex
3236 4107 3344 4161 qua
3377 4098 3434 4145 et
3457 4090 3614 4150 stoici

2023 4187 2154 4242 dicti
2183 4196 2308 4242 sunt
2340 4203 2552 4256 :grrcce
2574 4187 2721 4241 enim
2775 4185 3020 4255 porticus
3063 4192 3180 4241 stoa
3210 4185 3427 4240 dicitur.
3461 4182 3611 4238 lianc

2022 4287 2228 4335 sectam
2259 4280 2434 4350 primo
2461 4278 2608 4333 Eeuo
2644 4277 2898 4334 instituit.
2936 4277 3000 4334 lli
3023 4285 3238 4350 negant,
3269 4279 3388 4334 sine
3413 4277 3615 4334 virtute

2021 4370 2162 4427 ciiici
2196 4386 2524 4442 quemquam
2555 4370 2794 4426 beatum.
2816 4369 2992 4426 Omne
3019 4378 3302 4441 peceatum
3345 4367 3618 4428 uniforme

2023 4477 2142 4518 esse
2158 4445 2430 4529 asserunt,
2455 4463 2726 4519 dicentes:
2745 4463 2825 4518 sic
2845 4461 2936 4517 ille
2950 4449 3149 4518 nocens
3173 4463 3295 4529 erit,
3321 4463 3413 4534 qui
3431 4461 3618 4534 paleas

328 4557 536 4638 viditur
562 4565 742 4610 autem
786 4553 1016 4626 Physica
1067 4555 1122 4610 in
1163 4562 1372 4636 septem
1421 4561 1630 4624 partes,
1682 4555 1786 4610 hoc
1814 4562 1917 4635 est,
2026 4555 2308 4620 iuraverit,
2351 4570 2513 4625 quam
2542 4554 2634 4625 qui
2665 4570 2861 4610 aurum
2894 4555 3026 4626 :qui
3058 4569 3303 4626 mergum
3333 4555 3616 4620 occiderit,

330 4649 770 4717 Aritbmcticam,
811 4650 1237 4726 Astronomiam,
1264 4647 1653 4719 Astrologiam,
1702 4649 1921 4704 Macha-

331 4743 502 4807 niam,
549 4739 892 4816 Medicinam,
936 4739 1303 4798 Geometriam
1361 4751 1418 4800 et
1467 4742 1753 4800 Musicam.
1799 4743 1924 4798 Ari-

331 4824 594 4892 thmetica
639 4847 723 4891 est
754 4851 1103 4891 numerorum
1147 4836 1396 4891 scientia.
1448 4837 1794 4892 Astronomia
1845 4846 1926 4892 est

339 4919 418 4984 ex
451 4939 746 4993 astrorum,
780 4943 885 4996 qua
908 4927 1159 4982 oriuntur
1179 4937 1234 4982 ct
1261 4928 1518 4982 occidunt
1540 4937 1706 4982 astra.
1737 4927 1925 4982 Astro-

330 5019 474 5092 logia
497 5031 581 5076 est
611 5029 882 5075 astrorum
915 5021 1054 5073 ratio
1082 5028 1138 5094 et
1168 5027 1361 5074 natura
1393 5029 1447 5075 et
1482 5029 1740 5091 potestas,
1769 5019 1924 5074 εαξιί-

332 5098 439 5199 que
468 5113 830 5196 conversatio.
877 5111 1154 5180 Mechan'm
1189 5119 1271 5166 est
1311 5112 1504 5191 peritia
1542 5111 1760 5165 fabrica:
1791 5111 1926 5166 artis

333 5207 390 5294 in
432 5191 662 5266 metallis
707 5191 762 5261 et
798 5206 853 5278 in
885 5205 1046 5274 lignis
1093 5211 1147 5259 et
1194 5205 1478 5278 lapidibus.
1533 5203 1796 5259 Medicina
1843 5212 1928 5259 est
1972 5281 1978 5288 ι

335 5299 563 5356 scientia
599 5299 968 5368 curationum,
994 5298 1062 5352 ad
1089 5305 1576 5368 temperamentum
1601 5305 1659 5352 et
1695 5296 1926 5370 salutem

333 5389 582 5471 corporis
628 5387 867 5444 iuventa.
916 5377 1224 5458 Geometria
1275 5397 1356 5443 est
1389 5387 1673 5459 disciplina
1707 5404 1927 5443 mensu-

334 5484 490 5556 randi
533 5485 706 5568 spatia
757 5483 1020 5552 locorum,
1063 5492 1117 5538 et
1161 5483 1562 5564 magnitudines
1614 5497 1924 5562 corporum.

334 5574 540 5656 physica
571 5587 652 5651 est
705 5577 898 5656 divisio
927 5592 1206 5642 sonorum,
1239 5584 1295 5630 et
1322 5591 1512 5631 vocum
1561 5575 1818 5640 varietas,
1849 5582 1932 5630 est

333 5651 634 5750 ippdu‘lativo
673 5651 922 5743 canendi.
966 5670 1153 5739 Ethica
1186 5677 1366 5724 autem
1411 5668 1674 5724 dividitur
1717 5669 1769 5722 iu
1798 5683 1932 5738 qua-

337 5773 463 5844 tuor
492 5773 697 5854 partes,
727 5767 830 5832 hoc
857 5773 962 5853 est,
1001 5762 1054 5818 in
1086 5763 1454 5853 prudentiam,
1494 5761 1786 5854 iustitiam,
1817 5757 1930 5814 lor-

338 5838 724 5936 ti‘tudi'nem'et
775 5838 1210 5942 temperantiam.
1242 5838 1540 5916 Prudentia
1597 5856 1652 5913 in
1689 5838 1918 5930 agnitio.

1977 4644 1988 4684 ἓ
2025 4647 2292 4720 quantuni
2306 4661 2526 4715 equum.
2545 4643 2656 4700 Non
2671 4648 2815 4699 enim
2833 4645 3278 4709 animalerimeu,
3292 4645 3384 4698 sed
3403 4646 3618 4698 animus

2023 4739 2176 4794 facit.
2207 4737 2272 4792 lli
2300 4739 2462 4794 etiam
2501 4739 2740 4792 animam
2773 4751 2898 4793 cum
2932 4751 3162 4808 corpore
3189 4737 3372 4808 perire
3408 4735 3614 4799 dicunt,

2025 4831 2259 4884 animam
2301 4845 2515 4900 quoque
2557 4830 2818 4885 virtutem
2851 4830 3216 4884 continentem
3260 4839 3317 4883 et
3355 4835 3615 4882 teter-nam

2025 4937 2150 4979 esse
2200 4931 2442 4995 negant:
2483 4921 2741 4976 allectant
2783 4921 3008 4992 gloriam
3047 4930 3326 4985 aeternam,
3373 4935 3498 4974 cum
3539 4917 3618 4980 fas

2027 5027 2210 5072 tentur
2241 5034 2299 5072 se
2334 5033 2438 5072 non
2476 5033 2597 5073 esse
2636 5025 2888 5073 aeternos.
2929 5014 3238 5070 Academici
3284 5011 3534 5083 appellati
3583 5028 3615 5070 a

2027 5112 2153 5167 villa
2197 5111 2435 5167 Platonis
2465 5112 3118 5175 academiaAtheuarum,
3164 5109 3253 5164 ubi
3291 5110 3432 5164 idem
3463 5107 3617 5163 Plato

2031 5207 2277 5276 docebat.
2299 5207 2362 5261 lli
2384 5207 2564 5260 omnia
2585 5208 2788 5261 incerta
2817 5206 3109 5279 opinantur
3134 5205 3260 5262 :sed
3283 5205 3424 5259 sicut
3443 5204 3618 5260 faten-

2031 5298 2156 5354 dum
2173 5306 2255 5353 est
2285 5295 2450 5352 multa
2475 5299 2679 5352 incerta
2695 5305 2750 5350 et
2769 5297 2979 5352 occulta
3001 5309 3144 5362 esse,
3163 5311 3280 5368 quae
3297 5296 3618 5354 voluitDeus

2033 5393 2441 5473 intelligentiam
2470 5392 2706 5448 hominis
2729 5393 2992 5465 excedere
3029 5411 3041 5447 :
3073 5393 3152 5448 sic
3184 5402 3361 5464 tamen
3386 5391 3616 5464 plurima

2033 5501 2154 5558 esse
2167 5502 2284 5572 qua:
2298 5486 2506 5558 possint
2523 5493 2576 5540 et
2593 5501 2784 5541 sensus
2797 5487 3121 5568 penetrabili
3141 5486 3350 5557 ratione
3371 5499 3620 5560 compre-

2034 5580 2292 5636 hendere.
2320 5579 2471 5656 lianc
2500 5588 2704 5638 sectam
2737 5579 3106 5642 Archesilaus,
3139 5577 3470 5650 Cyrenaicus
3499 5577 3622 5648 phi-

2025 5671 2292 5749 losophus
2319 5671 2540 5748 reperit,
2571 5671 2722 5742 cujus
2753 5680 2991 5726 sectator
3020 5671 3117 5748 fuit
3149 5669 3502 5728 Democritus,
3529 5667 3622 5736 qui

2037 5763 2192 5828 dixit,
2229 5769 2483 5843 tauquam
2532 5762 2585 5817 in
2637 5770 2799 5833 puteo
2823 5761 2952 5840 alio,
3003 5763 3077 5816 ita
3129 5769 3189 5834 ut
3219 5758 3414 5814 fundus
3444 5756 3622 5811 nullus

2037 5856 2127 5924 sit,
2175 5853 2250 5911 ita
2293 5835 2352 5910 in.
2374 5835 2606 5912 occulto
2629 5853 2814 5926 jacere
2865 5835 3170 5916 veritatem.
3203 5848 3546 5928 Peripatetici
3591 5865 3624 5908 a
