4038 6324
465 395 574 452 ηδ

1104 395 1165 450 Β.
1205 392 1460 448 RABANI
1497 391 1716 448 MAURI
1751 390 2071 448 ARCHIEP.
2112 390 2421 448 MOGUNT.
2460 388 2744 447 OPERUM
2785 387 2965 443 PARS
3003 386 3067 443 ll.

3629 388 3744 450 du

466 524 594 566 suos
619 508 848 580 perimat
886 507 1046 563 malis
1089 507 1296 563 artibus
1331 507 1601 563 inimicos.
1635 505 1702 560 Hi
1729 506 1894 562 etiam
1923 519 2047 560 san-
2072 510 2126 568 Α
2149 508 2281 561 tato.
2312 504 2564 574 Sortilegi
2593 511 2739 569 sunt,
2771 501 2862 572 qui
2886 501 2992 556 sub
3008 498 3228 556 nomine
3273 499 3415 554 ﬁcta:
3461 497 3746 571 religionis

467 602 628 673 guine
672 608 900 655 utuntur
929 607 985 654 et
1026 600 1284 665 victimis,
1329 608 1386 654 et
1413 614 1554 670 saepe
1581 600 1902 669 contingunt
1929 614 2050 654 cor-

466 707 600 762 pora
639 699 998 746 mortuorum.
1041 688 1411 746 Necromantii
1449 698 1607 756 sunt,
1651 704 1882 760 quorum
1907 703 2047 758 prae-

467 783 861 840 cautationibus
898 783 1152 839 videntur
1203 781 1508 837 resuscitati
1551 782 1752 838 mortui
1781 781 2048 845 divinare,

467 883 524 931 et
565 875 635 930 ad
681 875 1014 945 interrogata
1057 873 1403 944 respondere.
1435 871 1639 928 Necros
1682 873 1824 927 enim
1876 885 2051 943 graece

467 974 715 1022 mortuus
743 1006 758 1032 ,
793 965 1032 1020 manteia
1064 965 1321 1019 divinatio
1371 972 1747 1034 nuncupatur,
1796 962 1863 1018 ad
1918 978 2052 1032 quos

467 1057 809 1112 suscitandos
838 1055 1085 1111 cadaveri
1116 1056 1332 1126 sanguis
1373 1053 1646 1124 adjicitur.
1688 1053 1825 1108 Nam
1865 1067 2053 1108 amare

467 1147 740 1203 daemones
787 1146 1101 1219 sanguinem
1137 1146 1321 1201 dicunt
1362 1161 1377 1200 :
1415 1146 1643 1216 ideoque
1677 1145 1928 1215 quotiens
1957 1159 2053 1198 ne-

464 1241 765 1297 cromantia
787 1241 1045 1308 ﬁt,cruor
1065 1257 1205 1313 aqua
1239 1243 1519 1309 miscetur,
1546 1251 1604 1297 ut
1627 1242 1808 1296 colore
1829 1241 2050 1311 sangui-

470 1335 555 1388 nis
582 1333 792 1390 facilius
814 1343 1192 1406 provocentur.
1222 1335 1599 1406 Hydromantii
1622 1336 1689 1390 ab
1718 1349 1858 1402 aqua
1882 1332 2012 1388 dicit
2037 1347 2052 1386 :

465 1435 550 1481 est
597 1428 740 1483 enim
771 1428 1166 1500 hydromantia,
1200 1428 1253 1482 in
1281 1443 1434 1498 aqua:
1467 1427 1804 1496 inspectione
1831 1426 2055 1480 umbras

469 1519 772 1575 daemonum
800 1535 1050 1586 evocare,
1106 1528 1161 1575 et
1219 1520 1480 1591 imagines
1523 1519 1610 1574 vel
1659 1518 2054 1573 ludificationes

466 1622 656 1663 eorum
684 1610 888 1676 videre,
919 1610 1099 1680 ibique
1129 1609 1198 1664 ab
1222 1610 1303 1664 eis
1335 1609 1515 1679 aliqua
1545 1609 1753 1675 audire,
1778 1609 1869 1665 ubi
1901 1609 2055 1662 adhi-

465 1699 580 1754 bito
611 1701 873 1772 sanguine
893 1701 1059 1756 etiam
1081 1703 1149 1756 ab
1170 1701 1357 1758 inferis
1384 1702 1739 1772 perhibentur
1755 1702 2051 1758 sciscitari:

461 1791 609 1857 quod
666 1807 835 1862 genus
888 1792 1233 1848 divinationis
1285 1809 1313 1846 a
1355 1792 1536 1848 Persis
1585 1792 1758 1849 fertur
1805 1794 2045 1849 allatum.

463 1883 635 1936 Varro
666 1881 796 1935 dicit
841 1881 1186 1936 divinationis
1225 1890 1459 1951 quatuor
1505 1897 1625 1938 esse
1667 1899 1863 1953 genera
1893 1902 1906 1937 :
1941 1894 2048 1940 ter-
2074 1864 2122 1924 Β

466 1987 607 2038 ram,
634 1988 851 2043 aquam,
876 1989 1078 2040 aerem,
1117 1983 1172 2030 et
1208 1975 1406 2047 ignem.
1459 1975 1595 2030 Hinc
1643 1978 2002 2046 geomantiam
2029 2018 2044 2045 ,

471 2061 932 2132 hydromantiam,
960 2065 1372 2130 aeromantiam,
1395 2067 1798 2136 pyromantiam
1824 2070 2044 2124 dictam.

464 2151 639 2206 Divini
668 2153 817 2220 dicti,
867 2155 1022 2224 quasi
1062 2154 1174 2210 Deo
1219 2155 1361 2225 pleni
1409 2173 1420 2208 :
1469 2157 1750 2214 divinitate
1797 2161 1942 2214 enim
1990 2159 2050 2215 s'e

466 2244 655 2313 plenos
681 2247 1016 2314 assimulant,
1046 2258 1103 2304 et
1129 2258 1304 2304 astuta
1345 2247 1708 2307 fraudulentia
1737 2254 2048 2310 hominibus

457 2332 642 2390 futura
685 2338 1009 2409 conjectant.
1065 2341 1180 2395 Duo
1235 2350 1363 2396 sunt
1401 2357 1600 2414 genera
1650 2343 2044 2400 divinationis:

457 2442 548 2483 ars
574 2437 630 2484 et
659 2428 830 2486 furor.
863 2431 1236 2488 lncantatores
1277 2436 1455 2490 vocati
1491 2443 1654 2502 sunt,
1697 2437 1822 2507 quia
1871 2446 2046 2494 artem

463 2522 642 2577 verbis
671 2523 993 2594 compleant.
1034 2525 1203 2581 Arioli
1239 2528 1414 2582 vocati
1440 2569 1455 2595 ,
1488 2538 1708 2599 propter
1731 2530 1875 2600 quod
1905 2531 2048 2586 circa

461 2624 587 2664 aras
616 2610 880 2668 idolorum
932 2615 1168 2670 nefarias
1210 2632 1400 2686 preces
1435 2619 1726 2687 emittunt,
1751 2629 1804 2675 et
1833 2622 2047 2676 funesta

462 2699 728 2756 sacrificia
762 2701 1014 2770 oﬂ‘erunt,
1065 2706 1254 2775 bisque
1293 2707 1698 2765 celebritatibus
1743 2711 2047 2767 daemonum

460 2804 720 2858 responsa
750 2794 1037 2863 accipiunt.
1075 2796 1366 2866 Aruspices
1411 2801 1738 2870 nuncupati,
1767 2803 1920 2870 quasi
1951 2803 2048 2857 ho-

463 2896 646 2936 rarum
697 2884 1035 2955 inspectores
1067 2905 1080 2941 :
1111 2888 1227 2944 dies
1259 2890 1404 2944 enim
1430 2899 1486 2944 et
1509 2892 1674 2948 horas
1723 2894 1776 2948 in
1825 2895 2046 2965 agendis

461 2978 693 3047 negotiis
741 2981 1100 3052 operibusque
1152 2985 1458 3039 custodiunt
1489 3003 1502 3040 :
1532 2994 1584 3042 et
1609 2987 1737 3056 quid
1785 3003 1883 3058 per
1935 2989 2048 3044 sin-

457 3070 585 3140 gula
631 3081 876 3145 tempora
916 3077 1206 3134 observare
1260 3079 1452 3134 debeat
1497 3081 1679 3146 homo,
1717 3080 2042 3134 intendunt:

461 3161 516 3215 hi
573 3163 734 3218 etiam
784 3173 908 3221 exta
943 3168 1204 3236 pecudum
1243 3169 1560 3240 inspiciunt,
1585 3179 1639 3226 et
1664 3187 1732 3225 ex
1757 3173 1836 3226 cis
1861 3170 2043 3225 futura

458 3254 776 3322 praedicant.
827 3257 1072 3332 Augures
1100 3269 1227 3316 sunt
1252 3261 1477 3326 scilicet,
1511 3261 1604 3332 qui
1629 3260 1839 3315 volatus
1861 3260 2042 3315 avium

455 3349 512 3397 et
534 3358 699 3400 voces
727 3345 1034 3414 intendunt,
1062 3350 1275 3420 aliaque
1315 3351 1468 3422 signa
1505 3364 1710 3416 rerum,
1739 3348 1824 3403 vel
1852 3349 2040 3406 obser-

457 3434 702 3490 vationes
727 3435 1017 3508 improvise
1039 3441 1350 3497 hominibus
1374 3449 1725 3497 occurrentes
1755 3461 1767 3494 :
1802 3441 1963 3496 iidem
1989 3449 2045 3496 et

461 3528 730 3598 auspices.
765 3530 903 3586 Nam
931 3535 1169 3608 auspicia
1196 3545 1342 3604 sunt,
1389 3552 1508 3606 quas
1534 3536 1639 3592 iter
1662 3536 1923 3593 facientes
1948 3538 2045 3593 ob-

455 3628 695 3673 servant.
745 3619 900 3676 Dicta
955 3633 1135 3679 autem
1179 3635 1308 3681 sunt
1353 3627 1610 3697 auspicia,
1661 3629 1815 3699 quasi
1862 3629 2044 3684 avium

457 3709 678 3777 aspicia,
721 3720 779 3766 et
826 3719 1073 3784 auguria,
1106 3718 1261 3786 quasi
1311 3719 1488 3773 avium
1531 3720 1736 3790 garria,
1775 3722 1879 3776 hoc
1919 3729 2039 3788 est,

458 3799 640 3854 avium
668 3816 828 3858 voces
861 3811 916 3858 et
953 3805 1167 3878 linguae.
1220 3808 1352 3864 Item
1382 3812 1700 3882 augurium,
1731 3813 1888 3884 quasi
1935 3813 2046 3868 avi-

454 3892 686 3962 gerium,
717 3895 863 3965 quod
901 3911 1028 3953 aves
1058 3909 1270 3970 gerunt.
1319 3901 1434 3957 Duo
1464 3912 1591 3958 sunt
1629 3913 1812 3960 autem
1847 3919 2044 3975 genera

455 3985 820 4054 auspiciorum
853 4005 866 4040 :
912 4004 1079 4044 unum
1105 3992 1172 4046 ad
1202 3991 1389 4048 oculos
1412 4034 1427 4059 ,
1459 3993 1604 4049 aliud
1629 3995 1699 4049 ad
1727 4009 1887 4050 aures
1921 4009 2045 4065 per-

465 4075 662 4130 tinens.
695 4077 777 4132 Ad
810 4080 1000 4136 oculos
1047 4082 1255 4138 scilicet
1299 4083 1512 4139 volatus
1559 4103 1572 4139 :
1611 4085 1680 4141 ad
1731 4099 1890 4141 aures
1938 4100 2043 4140 vox

456 4166 657 4221 avium.
681 4167 1022 4241 Pythonissaa
1050 4188 1080 4226 a
1115 4173 1309 4243 Pythio
1328 4172 1577 4243 Apolline
1599 4175 1777 4241 dictae,
1807 4190 1874 4230 eo
1901 4175 2046 4246 quod

459 4257 508 4312 is
535 4271 725 4314 auctor
771 4259 876 4315 fuit
901 4261 1199 4318 divinandi.
1229 4263 1500 4335 Astrologi
1541 4265 1668 4320 dicti
1695 4281 1784 4332 eo,
1815 4267 1958 4336 quod
1987 4267 2044 4321 in

457 4349 621 4403 astris
660 4361 1018 4420 augurantur.
1058 4353 1398 4408 Genetbliaci
1425 4355 1675 4425 appellati
1697 4367 1920 4426 propter
1953 4372 2046 4412 na-

457 4438 649 4494 talium
693 4442 1180 4498 considerationem
1228 4445 1457 4499 dierum.
1485 4444 1739 4502 Genesim
1788 4463 1918 4504 vero
1947 4449 2046 4503 ho-

458 4532 668 4590 minum
710 4549 810 4604 per
837 4535 1274 4632 duodecimgcmli
1305 4538 1458 4610 signa
1492 4541 1803 4596 describunt
1829 4583 1842 4607 ,
1897 4543 2040 4596 side-
2065 4572 2120 4632 Β

454 4639 686 4696 rumque
708 4641 872 4682 Clll‘Sll
896 4628 1241 4683 nascentium
1260 4645 1462 4697 mores,
1487 4641 1662 4699 actus,
1685 4640 1877 4688 eventa
1903 4648 2043 4703 pras-

453 4713 637 4770 dicare
659 4726 946 4784 conantur,
970 4718 1023 4774 id
1043 4727 1147 4785 est,
1169 4721 1290 4789 quis
1313 4721 1460 4790 quali
1483 4722 1635 4789 signo
1657 4722 1820 4778 fuerit
1843 4733 2000 4778 natus
2025 4739 2038 4778 :

455 4815 550 4860 aut
593 4821 754 4877 quem
789 4808 1037 4865 effectum
1087 4811 1285 4866 habeat
1333 4813 1497 4879 vitae,
1544 4815 1636 4882 qui
1683 4815 1942 4870 nascitur.
1975 4815 2041 4870 Hi

453 4903 602 4961 sunt,
631 4899 724 4967 qui
752 4900 912 4971 vulgo
939 4901 1308 4958 Mathematici
1346 4914 1624 4959 vocantur.
1652 4905 1816 4976 Cujus
1854 4921 2043 4977 super-

453 4985 695 5042 stitionis
722 5003 892 5060 genus
931 4992 1375 5050 constellationes
1421 4994 1573 5049 latini
1603 5007 1820 5063 vocant,
1855 4999 1908 5053 id
1934 5008 2038 5066 est,

453 5078 765 5136 notatioues
800 5082 1037 5140 siderum
1063 5127 1078 5151 ,
1135 5087 1407 5158 quomodo
1461 5102 1519 5143 se
1577 5089 1812 5144 habeant
1839 5131 1854 5156 ,
1917 5107 2039 5147 cum

455 5171 685 5240 quisque
734 5174 994 5229 nascitur.
1050 5177 1292 5233 Primum
1341 5187 1520 5234 autem
1571 5180 1732 5235 iidem
1765 5181 2041 5237 stellarum

453 5260 782 5331 interpretes
805 5265 948 5333 magi
978 5270 1427 5339 nuncupabantur
1447 5290 1458 5323 :
1476 5272 1614 5326 sicut
1632 5272 1697 5326 de
1713 5272 1799 5327 his
1820 5272 2039 5341 legitur,

457 5350 551 5421 qui
591 5351 646 5405 in
692 5352 991 5425 Evangelio
1040 5356 1312 5413 Christum
1362 5368 1547 5414 natum
1597 5362 1984 5416 nuntiaverunt
2023 5381 2036 5416 :

453 5449 644 5511 postea
689 5441 796 5498 hoc
838 5443 1058 5501 nomine
1110 5445 1208 5500 soli
1256 5445 1624 5504 Mathematici
1662 5467 1675 5504 :
1709 5450 1865 5520 cujus
1911 5451 2042 5507 artis

455 5531 684 5587 scientia
738 5551 912 5606 usque
961 5535 1027 5591 ad
1067 5535 1417 5610 Evangelium
1470 5539 1573 5596 fuit
1610 5556 1868 5596 concessa
1921 5559 1934 5595 :
1983 5549 2045 5596 ut

458 5620 678 5678 Christo
708 5626 854 5681 edito
875 5641 1043 5694 nemo
1086 5630 1280 5686 exinde
1325 5631 1664 5686 nativitatem
1713 5631 1943 5703 alicujus
1977 5631 2045 5688 de

457 5723 654 5772 cetero
682 5716 1152 5790 interpretaretur.
1201 5722 1518 5794 Horoscopi,
1559 5725 1702 5792 quod
1751 5739 1848 5793 per
1882 5724 2047 5780 horas

453 5808 767 5874 ttativitaws
792 5812 1073 5872 hominum
1095 5814 1462 5888 speculantur,
1486 5816 1736 5880 dissimili
1754 5823 1809 5879 et
1831 5816 2046 5883 diverso

2149 615 2249 672 per
2277 599 2538 669 quasdam
2569 639 2585 664 ,
2615 613 2752 666 quas
2778 603 2954 651 sortes
2982 599 3294 650 sanctorum
3336 599 3568 658 vocant,
3603 593 3746 647 divi-

2151 690 2384 745 nationis
2427 689 2710 744 scientiam
2750 685 3099 757 proﬁtentur,
3141 692 3236 738 aut
3283 698 3750 754 quarumcunquc

2151 781 2547 852 scripturarum
2572 779 2912 850 inspectione
2938 776 3122 831 futura
3150 776 3492 846 promittunt.
3540 773 3752 830 Salis:-

2153 880 2299 928 tores
2327 872 2505 928 vocati
2533 879 2700 937 sunt,
2734 870 2861 940 quia
2901 869 3029 924 dum
3060 867 3140 923 eis
3189 867 3558 923 membrorum
3601 881 3754 936 quae-

2153 980 2365 1036 cunque
2393 974 2578 1036 partes
2603 963 2848 1020 salierint
2865 1004 2882 1029 ,
2925 961 3128 1031 aliquid
3155 959 3260 1016 sibi
3292 959 3490 1015 exinde
3515 973 3753 1028 prospe-

2154 1072 2275 1111 rum
2305 1072 2401 1112 seu
2431 1056 2587 1111 triste
2615 1054 2925 1126 signiﬁcare
2967 1052 3284 1124 praedicunt.
3315 1052 3401 1108 Ad
3420 1052 3535 1107 haec
3557 1053 3752 1107 omnia

2152 1149 2428 1218 pertinent
2441 1156 2497 1204 et
2518 1147 2761 1220 ligatum:
2786 1145 3198 1202 exsecrabilium
3230 1146 3593 1202 remediorum
3619 1160 3754 1201 con-

2155 1239 2491 1304 temnendas,
2534 1239 2647 1294 sive
2681 1239 2736 1292 iu
2784 1237 3326 1308 praecantationibus,
3350 1239 3466 1293 sive
3506 1237 3562 1291 in
3610 1237 3750 1292 cha-

2154 1331 2487 1397 racteribus,
2539 1329 2624 1385 vel
2673 1330 2728 1384 in
2783 1330 3086 1399 quibusque
3138 1331 3302 1385 rebus
3348 1328 3751 1399 suspendendis

2155 1435 2314 1498 atque
2339 1427 2569 1499 ligandis
2599 1445 2612 1480 :
2639 1427 2696 1482 in
2719 1427 2917 1496 quibus
2939 1427 3193 1483 omnibus
3217 1441 3308 1482 ars
3330 1426 3638 1482 daemonum
3660 1431 3752 1482 est

2155 1535 2220 1574 ex
2250 1520 2483 1589 quadam
2528 1517 2784 1588 pestifera
2819 1518 3080 1574 societate
3106 1518 3386 1574 hominum
3431 1524 3488 1572 et
3523 1516 3749 1588 angelo-
3815 1582 3824 1589 ι,

2158 1587 2287 1666 runi
2307 1587 2573 1664 malorum
2617 1618 2826 1664 exorta.
2878 1609 3032 1665 Unde
3080 1617 3274 1664 cuncta
3300 1608 3521 1663 vitanda
3549 1587 3677 1664 sunt
3709 1623 3746 1661 a

2155 1700 2464 1755 Christiano
2483 1707 2538 1756 et
2548 1700 2768 1756 omnino
2779 1700 2998 1770 penitus
3012 1699 3386 1755 exsecratione
3407 1698 3745 1769 repudianda

2158 1798 2320 1859 atque
2366 1790 2695 1846 damnanda.
2752 1792 2990 1862 Auguria
3040 1791 3223 1844 avium
3296 1790 3539 1860 Phryges
3577 1789 3744 1859 primi

2151 1882 2474 1938 invenerunt
2505 1901 2516 1935 :
2544 1882 2875 1953 prmstigium
2919 1897 3052 1937 vero
3079 1880 3378 1937 Mercurius
3421 1880 3630 1952 primus
3661 1881 3744 1934 di-

2149 1975 2291 2030 citur
2310 1975 2603 2030 invenisse.
2637 1975 2849 2028 Dictum
2874 1984 2958 2029 est
2985 1981 3167 2029 autem
3194 1974 3551 2046 praestigium,
3592 1973 3744 2042 quod

2149 2067 2480 2139 praestringit
2506 2067 2678 2121 aciem
2709 2065 3008 2121 oculorum.
3036 2066 3114 2121 De
3144 2065 3370 2136 magicis
3403 2071 3583 2119 autem
3609 2063 3745 2117 arti-

2151 2161 2253 2215 bus
2289 2167 2453 2229 atque
2494 2159 2955 2214 incantationibus
2977 2167 3033 2214 et
3061 2156 3537 2230 superstitionibus
3559 2156 3742 2210 diver-

2151 2249 2248 2315 sis,
2275 2264 2412 2319 quas
2433 2247 2664 2320 gentiles
2693 2256 2748 2302 et
2768 2247 2889 2303 falsi
2920 2248 3204 2303 christiani
3237 2248 3290 2302 in
3319 2245 3742 2302 divinationihus

2149 2341 2264 2398 suis
2311 2349 2368 2396 et
2405 2340 2879 2396 observationibus
2923 2341 3193 2410 perversis
3239 2339 3392 2409 sequi
3445 2339 3698 2393 videntur
3721 2377 3738 2401 ,

2148 2436 2280 2506 quid
2320 2435 2406 2490 lex
2454 2435 2634 2490 divina
2679 2434 2888 2488 sanciat
2935 2433 3038 2487 :in
3083 2431 3501 2488 auctoritatibus
3539 2425 3740 2484 veteris

2149 2527 2483 2583 Testamenti
2532 2542 2597 2581 ac
2624 2527 2748 2581 novi
2791 2524 2950 2580 facile
2980 2533 3065 2579 est
3111 2523 3376 2578 invenire.
3426 2522 3742 2575 Detestatur

2149 2620 2292 2674 eni'm
2323 2635 2418 2676 eos
2445 2619 2532 2674 lex
2566 2619 2748 2673 divina
2775 2659 2789 2684 ,
2817 2633 2938 2689 quas
2967 2618 3024 2672 in
3073 2617 3212 2672 libro
3255 2615 3427 2671 Exodi
3457 2615 3533 2668 ita
3562 2612 3694 2667 dicit
3719 2629 3732 2664 :

2149 2712 2418 2781 Maleﬁcos
2445 2713 2501 2766 in
2536 2720 2675 2765 terra
2705 2722 2796 2763 tua
2827 2727 2891 2764 ne
2914 2709 3135 2780 patiaris
3159 2711 3323 2763 vivere
3349 2706 3550 2780 (Exod.
3573 2704 3732 2776 ml).

2147 2803 2211 2858 Et
2241 2805 2370 2858 item
2403 2820 2415 2856 :
2451 2802 2554 2868 Qui
2579 2801 2840 2868 immolat,
2867 2801 2966 2867 ait,
2992 2801 3094 2855 diis
3121 2810 3310 2871 prieter
3333 2799 3433 2855 soli
3471 2798 3696 2853 Domino
3719 2837 3734 2862 ,

2148 2898 2411 2951 occidetur
2452 2894 2662 2967 (Ibid.).
2724 2893 2793 2948 Et
2827 2894 2882 2948 in
2923 2893 3165 2948 Levitico
3203 2911 3216 2946 :
3277 2891 3361 2946 Ne
3417 2891 3694 2946 comedetis
3718 2930 3734 2954 ,

2146 2988 2340 3059 inquit,
2356 3003 2476 3042 cum
2504 2986 2790 3057 sanguine:
2817 3001 2923 3038 non
2945 2984 3304 3055 auguramini,
3329 2999 3421 3036 nec
3442 2981 3738 3038 observabi-

2146 3082 2212 3135 tis
2254 3081 2460 3135 somnia
2487 3119 2501 3145 ,
2548 3089 2596 3132 et
2646 3093 2802 3147 super
2829 3086 3093 3131 mortuum
3133 3091 3198 3130 ne
3237 3073 3478 3128 incidetis
3526 3088 3735 3126 carnem

2148 3182 2391 3236 vestram,
2424 3186 2586 3240 neque
2614 3169 2814 3240 ﬁguras
2841 3177 2891 3223 et
2922 3161 3169 3238 siigmata
3199 3166 3400 3236 facietis
3426 3164 3589 3219 vobis.
3619 3163 3736 3234 Ego

2145 3261 2403 3316 Dominus
2433 3258 2648 3331 (Ibid.)'.
2685 3258 2754 3314 Et
2779 3259 2942 3313 item:
2967 3255 3051 3311 Ne
3073 3255 3363 3321 declinatis,
3393 3255 3489 3320 ait,
3515 3254 3584 3309 ad
3615 3270 3734 3308 ma-

2145 3373 2257 3428 gos,
2301 3373 2392 3411 nec
2428 3355 2492 3410 ab
2527 3353 2712 3408 ariolis
2748 3353 2949 3424 aliquid
2987 3353 3341 3417 seiscitemini,
3377 3363 3434 3406 ut
3475 3369 3578 3407 non
3622 3350 3738 3422 pol-

2145 3451 2368 3505 luamini
2391 3466 2484 3521 per
2506 3466 2592 3504 eos
2623 3447 2834 3520 (lbid.).
2858 3446 2927 3502 Et
2955 3447 3150 3502 iterum
3190 3465 3203 3500 :
3244 3446 3356 3510 Vir,
3389 3444 3563 3514 inquit
3587 3483 3603 3509 ,
3629 3444 3739 3498 sive

2145 3540 2372 3607 mulier,
2407 3541 2465 3593 in
2505 3539 2689 3610 quibus
2732 3537 3043 3608 pytltonicus
3085 3535 3160 3590 vel
3197 3535 3533 3590 divinationis
3573 3533 3737 3604 fuerit

2144 3634 2384 3701 spiritus,
2404 3641 2569 3685 morte
2588 3630 2848 3684 moriatur
2874 3645 2893 3683 :
2923 3627 3186 3698 lapidibus
3216 3627 3434 3681 obruent
3453 3641 3541 3680 eos
3569 3637 3587 3676 :
3610 3641 3740 3678 san-

2145 3725 2260 3795 guis
2292 3739 2473 3778 eorum
2496 3722 2564 3776 sit
2591 3737 2746 3792 super
2771 3737 2857 3775 eos
2882 3719 3027 3788 (Leu.
3054 3719 3169 3790 xx).
3204 3718 3262 3773 In
3311 3717 3739 3774 Deuteronomio

2147 3829 2362 3884 quoque
2375 3813 2455 3869 sic
2468 3812 2628 3866 dicit:
2645 3809 2872 3876 Quando
2885 3809 3148 3880 ingressus
3175 3808 3338 3877 fueris
3357 3816 3736 3878 terram,quam

2143 3906 2402 3961 Dominus
2429 3903 2570 3958 Deus
2600 3911 2721 3956 tuus
2755 3902 2979 3954 daturus
2999 3909 3074 3954 est
3101 3901 3193 3954 tibi
3215 3913 3233 3951 :
3253 3915 3407 3964 caue,
3427 3903 3490 3952 ne
3512 3897 3735 3951 imiteris

2145 3997 2585 4052 abominationem
2605 3994 2818 4048 illarum
2844 3994 3093 4064 gentium.
3115 3992 3228 4047 Nec
3262 3978 3556 4046 inveniatur
3583 3992 3639 4045 in
3660 4000 3732 4054 te,

2143 4089 2232 4160 qui
2256 4089 2438 4143 lustret
2464 4087 2635 4157 ﬁlium
2654 4103 2829 4152 suum,
2855 4095 2948 4140 aut
2982 4085 3150 4154 ﬁliam
3176 4085 3367 4138 ducens
3402 4099 3494 4154 per
3524 4083 3733 4152 ignem:

2145 4192 2235 4238 aut
2249 4183 2337 4254 qui
2361 4181 2556 4236 ariolos
2580 4182 2875 4236 sciscitetur
2901 4191 2948 4235 et
2977 4180 3202 4234 observet
3235 4179 3439 4233 somnia
3460 4188 3613 4247 atque
3635 4193 3735 4229 au—

2144 4276 2298 4347 guria
2328 4291 2346 4335 :
2375 4291 2468 4328 nec
2514 4277 2580 4328 sit
2619 4273 2906 4343 maleﬁcus,
2951 4289 3116 4342 neque
3163 4273 3478 4336 incantator,
3517 4286 3610 4324 nec
3639 4287 3734 4338 pg-

2145 4365 2326 4418 thones
2369 4363 2630 4428 consulat,
2658 4380 2821 4434 neque
2861 4363 3086 4426 divinos,
3127 4371 3173 4417 et
3205 4369 3407 4432 quierat
3433 4379 3466 4414 a
3513 4359 3731 4413 mortuis

2145 4458 2432 4510 veritatem.
2463 4452 2657 4509 Omnia
2689 4455 2828 4507 enim
2873 4451 3404 4523 Itazcgabominabitur
3447 4449 3728 4503 Dominus.

2147 4545 2216 4599 Et
2237 4556 2448 4616 propter
2485 4545 2788 4614 hujusmodi
2829 4543 3024 4598 scelera
3065 4543 3251 4597 delebit
3300 4559 3386 4596 eos
3410 4543 3465 4596 in
3507 4540 3730 4593 introitu

2145 4646 2255 4691 tuo.
2283 4634 2554 4706 Perfectus
2575 4637 2676 4690 eris
2696 4644 2744 4689 et
2769 4635 2962 4705 absque
2998 4633 3207 4687 macula
3240 4649 3356 4687 cum
3379 4631 3599 4686 Domino
3624 4629 3730 4683 Deo

2144 4737 2255 4781 tuo.
2282 4726 2468 4782 Gentes
2504 4727 2619 4780 ista:
2661 4741 2885 4796 quarum
2922 4725 3208 4795 possidebis
3244 4735 3458 4788 terram,
3500 4737 3728 4791 augures

2144 4826 2191 4870 et
2231 4817 2433 4870 divinos
2481 4815 2828 4868 audiunt:tu
2901 4824 3076 4868 autem
3123 4831 3156 4868 a
3212 4813 3436 4867 Domino
3475 4811 3587 4866 Deo
3641 4820 3730 4863 tuo

2145 4909 2299 4963 aliter
2334 4911 2604 4962 institutus
2635 4925 2688 4962 es
2724 4907 2899 4979 (Deut.
2923 4907 3100 4977 xvm).
3134 4907 3202 4961 Et
3238 4906 3365 4976 quid
3397 4903 3728 4974 sequendum

2147 5001 2219 5056 sit
2267 5001 2352 5055 vel
2391 5000 2813 5064 obaudiendum,
2867 5015 2992 5054 mox
3022 4999 3286 5069 sequitur,
3331 4998 3518 5052 dicens
3545 5013 3557 5049 :
3588 4993 3730 5046 Pro-

2147 5094 2351 5164 phetam
2397 5090 2460 5145 de
2506 5101 2653 5161 gente
2697 5100 2786 5144 tua
2819 5100 2866 5144 et
2916 5090 2980 5143 de
3017 5089 3274 5158 fratribus
3319 5088 3424 5141 tuis
3475 5085 3609 5139 sicut
3649 5099 3730 5136 me

2146 5182 2418 5237 suscitabit
2469 5180 2562 5235 tibi
2607 5181 2864 5234 Dominus
2924 5179 3068 5233 Deus
3110 5189 3230 5235 tuus
3263 5178 3472 5248 :ipsum
3511 5175 3724 5238 audies,

2147 5281 2205 5326 ut
2235 5271 2408 5342 petisti
2444 5288 2477 5324 a
2516 5269 2740 5324 Domino
2761 5268 2871 5324 Deo
2913 5277 3003 5323 tuo
3045 5269 3101 5322 in
3153 5267 3310 5334 Oreb,
3345 5266 3558 5338 quando
3606 5281 3731 5317 con-

2147 5364 2386 5417 cionatus
2411 5378 2464 5416 es
2503 5371 2658 5431 atque
2702 5360 2882 5414 dixisti
2911 5376 2929 5415 :
2965 5357 3120 5414 Ultra
3169 5375 3273 5413 non
3305 5359 3522 5413 audiam
3555 5371 3728 5409 uocem

2145 5454 2359 5510 Domini
2389 5453 2483 5507 Dei
2519 5451 2660 5507 mei:
2687 5461 2737 5507 et
2779 5454 2952 5524 ignem
2994 5452 3132 5506 hunc
3169 5452 3460 5506 maximum
3505 5446 3731 5517 amplius

2147 5563 2250 5603 non
2294 5546 2496 5612 uidebo,
2527 5563 2590 5602 ne
2613 5547 2835 5601 moriar.
2883 5546 2952 5600 Et
2984 5549 3058 5600 ait
3093 5546 3350 5601 Dominus
3393 5544 3558 5599 mihi:
3589 5540 3733 5597 Bene

2148 5638 2327 5692 omnia
2365 5646 2486 5691 sunt
2535 5637 2718 5693 locuti.
2751 5636 3070 5707 Prophetam
3095 5638 3358 5692 suscitabo
3384 5637 3456 5690 eis
3475 5635 3538 5690 de
3558 5633 3730 5690 medio

2149 5729 2377 5798 fratrum
2417 5745 2633 5783 suorum
2682 5727 2906 5783 similem
2967 5729 3065 5793 tui,
3105 5737 3152 5783 et
3206 5744 3397 5798 ponam
3428 5727 3578 5782 verba
3613 5739 3728 5778 mea

2148 5821 2205 5878 in
2242 5837 2330 5897 ore
2367 5821 2482 5890 eius
2514 5837 2533 5878 .'
2577 5818 2913 5891 loqueturque
2953 5821 3023 5876 ad
3055 5838 3143 5878 eos
3196 5821 3392 5890 omnia,
3431 5831 3548 5892 quw
3599 5830 3731 5887 pra:-
