  <div class='ocr_page' id='page_1' title='image "/cluster/home/n/w/nwhite01/storage/ocr_20150623/111/hvd.32044009716333/220.png"; bbox 0 0 4038 6324; ppageno 0'>
   <div class='ocr_carea' id='block_1_1' title="bbox 250 337 471 450">
    <p class='ocr_par' dir='ltr' id='par_1_1' title="bbox 250 337 471 450">
     <span class='ocr_line' id='line_1_1' title="bbox 250 337 471 450; baseline 0 0"><span class='ocrx_word' id='word_1_1' title='bbox 250 337 471 450; x_wconf 65' lang='grc' dir='ltr'><strong>ηδ’</strong></span> 
     </span>
    </p>
   </div>
   <div class='ocr_carea' id='block_1_2' title="bbox 1218 376 2550 443">
    <p class='ocr_par' dir='ltr' id='par_1_2' title="bbox 1218 376 2550 443">
     <span class='ocr_line' id='line_1_2' title="bbox 1218 376 2550 443; baseline -0.005 -3"><span class='ocrx_word' id='word_1_2' title='bbox 1218 383 1305 443; x_wconf 88' lang='lat' dir='ltr'><strong>DE</strong></span> <span class='ocrx_word' id='word_1_3' title='bbox 1344 378 1695 442; x_wconf 80' lang='lat' dir='ltr'><strong>UNIVERSO</strong></span> <span class='ocrx_word' id='word_1_4' title='bbox 1734 376 1914 434; x_wconf 76' lang='lat' dir='ltr'><strong>LIBRI</strong></span> <span class='ocrx_word' id='word_1_5' title='bbox 1952 376 2117 434; x_wconf 81' lang='lat' dir='ltr'><strong>XXII.</strong></span> <span class='ocrx_word' id='word_1_6' title='bbox 2158 411 2229 423; x_wconf 92' lang='lat'><strong>-—</strong></span> <span class='ocrx_word' id='word_1_7' title='bbox 2265 381 2394 436; x_wconf 83' lang='lat' dir='ltr'><strong>LIB.</strong></span> <span class='ocrx_word' id='word_1_8' title='bbox 2437 379 2550 436; x_wconf 82' lang='lat' dir='ltr'><strong>XV.</strong></span> 
     </span>
    </p>
   </div>
   <div class='ocr_carea' id='block_1_3' title="bbox 3419 372 3526 430">
    <p class='ocr_par' dir='ltr' id='par_1_3' title="bbox 3419 372 3526 430">
     <span class='ocr_line' id='line_1_3' title="bbox 3419 372 3526 430; baseline -0.019 0"><span class='ocrx_word' id='word_1_9' title='bbox 3419 372 3526 430; x_wconf 62' lang='lat'><strong>426</strong></span> 
     </span>
    </p>
   </div>
   <div class='ocr_carea' id='block_1_4' title="bbox 253 487 3535 578">
    <p class='ocr_par' dir='ltr' id='par_1_4' title="bbox 253 487 3535 578">
     <span class='ocr_line' id='line_1_4' title="bbox 253 487 3535 578; baseline -0.005 -19"><span class='ocrx_word' id='word_1_10' title='bbox 253 518 439 578; x_wconf 87' lang='lat' dir='ltr'><strong>cepero</strong></span> <span class='ocrx_word' id='word_1_11' title='bbox 462 500 564 557; x_wconf 73' lang='lat' dir='ltr'><strong>illi.</strong></span> <span class='ocrx_word' id='word_1_12' title='bbox 606 495 713 568; x_wconf 83' lang='lat' dir='ltr'><strong>Qui</strong></span> <span class='ocrx_word' id='word_1_13' title='bbox 745 505 919 555; x_wconf 84' lang='lat' dir='ltr'><strong>autem</strong></span> <span class='ocrx_word' id='word_1_14' title='bbox 962 496 1115 553; x_wconf 88' lang='lat' dir='ltr'><strong>verba</strong></span> <span class='ocrx_word' id='word_1_15' title='bbox 1162 497 1300 567; x_wconf 87' lang='lat' dir='ltr'><strong>ejus,</strong></span> <span class='ocrx_word' id='word_1_16' title='bbox 1347 512 1465 566; x_wconf 71' lang='lat' dir='ltr'><strong>qua:</strong></span> <span class='ocrx_word' id='word_1_17' title='bbox 1504 495 1744 565; x_wconf 77' lang='lat' dir='ltr'><strong>loquetur</strong></span> <span class='ocrx_word' id='word_1_18' title='bbox 1786 494 1842 545; x_wconf 84' lang='lat' dir='ltr'><strong>in</strong></span> <span class='ocrx_word' id='word_1_19' title='bbox 1871 492 1921 552; x_wconf 83' lang='lat' dir='ltr'><strong>A</strong></span> <span class='ocrx_word' id='word_1_20' title='bbox 1949 500 2089 545; x_wconf 91' lang='lat' dir='ltr'><strong>sunt.</strong></span> <span class='ocrx_word' id='word_1_21' title='bbox 2114 490 2191 547; x_wconf 92' lang='lat' dir='ltr'><strong>lbi</strong></span> <span class='ocrx_word' id='word_1_22' title='bbox 2218 492 2366 548; x_wconf 92' lang='lat' dir='ltr'><strong>enim</strong></span> <span class='ocrx_word' id='word_1_23' title='bbox 2403 491 2459 545; x_wconf 92' lang='lat' dir='ltr'><strong>in</strong></span> <span class='ocrx_word' id='word_1_24' title='bbox 2494 490 2627 547; x_wconf 91' lang='lat' dir='ltr'><strong>locis</strong></span> <span class='ocrx_word' id='word_1_25' title='bbox 2675 488 2983 563; x_wconf 79' lang='lat' dir='ltr'><strong>agrestibus</strong></span> <span class='ocrx_word' id='word_1_26' title='bbox 3022 497 3079 544; x_wconf 91' lang='lat' dir='ltr'><strong>et</strong></span> <span class='ocrx_word' id='word_1_27' title='bbox 3115 487 3268 559; x_wconf 87' lang='lat' dir='ltr'><strong>pagis</strong></span> <span class='ocrx_word' id='word_1_28' title='bbox 3304 488 3535 559; x_wconf 90' lang='lat' dir='ltr'><strong>gentiles</strong></span> 
     </span>
    </p>
   </div>
   <div class='ocr_carea' id='block_1_5' title="bbox 253 583 1845 660">
    <p class='ocr_par' dir='ltr' id='par_1_5' title="bbox 253 583 1845 660">
     <span class='ocr_line' id='line_1_5' title="bbox 253 583 1845 660; baseline -0.01 -8"><span class='ocrx_word' id='word_1_29' title='bbox 253 596 468 652; x_wconf 85' lang='lat' dir='ltr'><strong>nomine</strong></span> <span class='ocrx_word' id='word_1_30' title='bbox 482 608 618 659; x_wconf 88' lang='lat' dir='ltr'><strong>meo,</strong></span> <span class='ocrx_word' id='word_1_31' title='bbox 649 591 836 646; x_wconf 85' lang='lat' dir='ltr'><strong>audire</strong></span> <span class='ocrx_word' id='word_1_32' title='bbox 860 587 1106 655; x_wconf 82' lang='lat' dir='ltr'><strong>noluerit,</strong></span> <span class='ocrx_word' id='word_1_33' title='bbox 1137 605 1230 660; x_wconf 86' lang='lat' dir='ltr'><strong><em>ego</em></strong></span> <span class='ocrx_word' id='word_1_34' title='bbox 1257 587 1398 642; x_wconf 87' lang='lat' dir='ltr'><strong>ultor</strong></span> <span class='ocrx_word' id='word_1_35' title='bbox 1419 587 1639 641; x_wconf 70' lang='lat' dir='ltr'><strong>existam</strong></span> <span class='ocrx_word' id='word_1_36' title='bbox 1668 583 1845 657; x_wconf 88' lang='lat' dir='ltr'><strong>(Deut.</strong></span> 
     </span>
    </p>
   </div>
   <div class='ocr_carea' id='block_1_6' title="bbox 254 662 1851 758">
    <p class='ocr_par' dir='ltr' id='par_1_6' title="bbox 254 662 1851 758">
     <span class='ocr_line' id='line_1_6' title="bbox 254 662 1851 758; baseline -0.009 -16"><span class='ocrx_word' id='word_1_37' title='bbox 254 662 438 758; x_wconf 60' lang='lat' dir='ltr'><strong>mnf.</strong></span> <span class='ocrx_word' id='word_1_38' title='bbox 453 682 555 738; x_wconf 75' lang='lat' dir='ltr'><strong>llic</strong></span> <span class='ocrx_word' id='word_1_39' title='bbox 572 696 703 753; x_wconf 90' lang='lat' dir='ltr'><strong>ergo</strong></span> <span class='ocrx_word' id='word_1_40' title='bbox 714 680 985 751; x_wconf 82' lang='lat' dir='ltr'><strong>Propheta</strong></span> <span class='ocrx_word' id='word_1_41' title='bbox 1004 687 1059 735; x_wconf 92' lang='lat' dir='ltr'><strong>et</strong></span> <span class='ocrx_word' id='word_1_42' title='bbox 1074 679 1333 734; x_wconf 87' lang='lat' dir='ltr'><strong>Dominus</strong></span> <span class='ocrx_word' id='word_1_43' title='bbox 1351 678 1593 751; x_wconf 87' lang='lat' dir='ltr'><strong>omnium</strong></span> <span class='ocrx_word' id='word_1_44' title='bbox 1619 675 1851 748; x_wconf 88' lang='lat' dir='ltr'><strong>prophe-</strong></span> 
     </span>
    </p>
   </div>
   <div class='ocr_carea' id='block_1_7' title="bbox 256 769 1850 846">
    <p class='ocr_par' dir='ltr' id='par_1_7' title="bbox 256 769 1850 846">
     <span class='ocr_line' id='line_1_7' title="bbox 256 769 1850 846; baseline -0.007 -11"><span class='ocrx_word' id='word_1_45' title='bbox 256 787 462 842; x_wconf 79' lang='lat' dir='ltr'><strong>tarum,</strong></span> <span class='ocrx_word' id='word_1_46' title='bbox 491 776 581 846; x_wconf 85' lang='lat' dir='ltr'><strong>qui</strong></span> <span class='ocrx_word' id='word_1_47' title='bbox 604 783 687 830; x_wconf 90' lang='lat' dir='ltr'><strong>est</strong></span> <span class='ocrx_word' id='word_1_48' title='bbox 716 774 820 841; x_wconf 90' lang='lat' dir='ltr'><strong>via,</strong></span> <span class='ocrx_word' id='word_1_49' title='bbox 857 775 1051 829; x_wconf 77' lang='lat' dir='ltr'><strong>veritas</strong></span> <span class='ocrx_word' id='word_1_50' title='bbox 1073 782 1120 828; x_wconf 91' lang='lat' dir='ltr'><strong>et</strong></span> <span class='ocrx_word' id='word_1_51' title='bbox 1148 774 1257 829; x_wconf 89' lang='lat' dir='ltr'><strong>vita</strong></span> <span class='ocrx_word' id='word_1_52' title='bbox 1286 771 1469 845; x_wconf 83' lang='lat' dir='ltr'><strong>(Joan.</strong></span> <span class='ocrx_word' id='word_1_53' title='bbox 1494 770 1629 843; x_wconf 69' lang='lat' dir='ltr'><strong>xxv),</strong></span> <span class='ocrx_word' id='word_1_54' title='bbox 1663 769 1850 826; x_wconf 87' lang='lat' dir='ltr'><strong>condi-</strong></span> 
     </span>
    </p>
   </div>
   <div class='ocr_carea' id='block_1_8' title="bbox 257 858 1847 938">
    <p class='ocr_par' dir='ltr' id='par_1_8' title="bbox 257 858 1847 938">
     <span class='ocr_line' id='line_1_8' title="bbox 257 858 1847 938; baseline -0.007 -12"><span class='ocrx_word' id='word_1_55' title='bbox 257 880 350 927; x_wconf 90' lang='lat' dir='ltr'><strong>tor</strong></span> <span class='ocrx_word' id='word_1_56' title='bbox 398 868 684 938; x_wconf 88' lang='lat' dir='ltr'><strong>utriusque</strong></span> <span class='ocrx_word' id='word_1_57' title='bbox 714 866 1043 929; x_wconf 77' lang='lat' dir='ltr'><strong>testamenti,</strong></span> <span class='ocrx_word' id='word_1_58' title='bbox 1088 880 1196 920; x_wconf 92' lang='lat' dir='ltr'><strong>non</strong></span> <span class='ocrx_word' id='word_1_59' title='bbox 1226 864 1399 919; x_wconf 89' lang='lat' dir='ltr'><strong>solum</strong></span> <span class='ocrx_word' id='word_1_60' title='bbox 1430 864 1484 918; x_wconf 93' lang='lat' dir='ltr'><strong>in</strong></span> <span class='ocrx_word' id='word_1_61' title='bbox 1522 861 1709 917; x_wconf 83' lang='lat' dir='ltr'><strong>Veteri</strong></span> <span class='ocrx_word' id='word_1_62' title='bbox 1751 858 1847 916; x_wconf 91' lang='lat' dir='ltr'><strong>sed</strong></span> 
     </span>
    </p>
   </div>
   <div class='ocr_carea' id='block_1_9' title="bbox 256 952 1848 1020">
    <p class='ocr_par' dir='ltr' id='par_1_9' title="bbox 256 952 1848 1020">
     <span class='ocr_line' id='line_1_9' title="bbox 256 952 1848 1020; baseline -0.007 -4"><span class='ocrx_word' id='word_1_63' title='bbox 256 961 425 1017; x_wconf 87' lang='lat' dir='ltr'><strong>etiam</strong></span> <span class='ocrx_word' id='word_1_64' title='bbox 481 958 536 1013; x_wconf 91' lang='lat' dir='ltr'><strong>in</strong></span> <span class='ocrx_word' id='word_1_65' title='bbox 563 956 716 1012; x_wconf 78' lang='lat' dir='ltr'><strong>Novo</strong></span> <span class='ocrx_word' id='word_1_66' title='bbox 739 969 930 1011; x_wconf 91' lang='lat' dir='ltr'><strong>omnes</strong></span> <span class='ocrx_word' id='word_1_67' title='bbox 956 967 1173 1009; x_wconf 89' lang='lat' dir='ltr'><strong>errores</strong></span> <span class='ocrx_word' id='word_1_68' title='bbox 1200 962 1255 1009; x_wconf 92' lang='lat' dir='ltr'><strong>et</strong></span> <span class='ocrx_word' id='word_1_69' title='bbox 1278 952 1644 1008; x_wconf 80' lang='lat' dir='ltr'><strong>divinationes</strong></span> <span class='ocrx_word' id='word_1_70' title='bbox 1683 957 1848 1020; x_wconf 83' lang='lat' dir='ltr'><strong>atque</strong></span> 
     </span>
    </p>
   </div>
   <div class='ocr_carea' id='block_1_10' title="bbox 258 1041 1850 1116">
    <p class='ocr_par' dir='ltr' id='par_1_10' title="bbox 258 1041 1850 1116">
     <span class='ocr_line' id='line_1_10' title="bbox 258 1041 1850 1116; baseline -0.006 -11"><span class='ocrx_word' id='word_1_71' title='bbox 258 1058 408 1105; x_wconf 84' lang='lat' dir='ltr'><strong>artes</strong></span> <span class='ocrx_word' id='word_1_72' title='bbox 442 1049 637 1104; x_wconf 77' lang='lat' dir='ltr'><strong>noxias</strong></span> <span class='ocrx_word' id='word_1_73' title='bbox 678 1044 888 1116; x_wconf 87' lang='lat' dir='ltr'><strong>respuit</strong></span> <span class='ocrx_word' id='word_1_74' title='bbox 914 1054 1078 1115; x_wconf 89' lang='lat' dir='ltr'><strong>atque</strong></span> <span class='ocrx_word' id='word_1_75' title='bbox 1112 1044 1451 1100; x_wconf 89' lang='lat' dir='ltr'><strong>contemnit:</strong></span> <span class='ocrx_word' id='word_1_76' title='bbox 1480 1056 1582 1097; x_wconf 90' lang='lat' dir='ltr'><strong>nec</strong></span> <span class='ocrx_word' id='word_1_77' title='bbox 1632 1041 1702 1095; x_wconf 91' lang='lat' dir='ltr'><strong>ab</strong></span> <span class='ocrx_word' id='word_1_78' title='bbox 1742 1041 1850 1096; x_wconf 93' lang='lat' dir='ltr'><strong>alio</strong></span> 
     </span>
    </p>
   </div>
   <div class='ocr_carea' id='block_1_11' title="bbox 258 1132 1847 1212">
    <p class='ocr_par' dir='ltr' id='par_1_11' title="bbox 258 1132 1847 1212">
     <span class='ocr_line' id='line_1_11' title="bbox 258 1132 1847 1212; baseline -0.006 -18"><span class='ocrx_word' id='word_1_79' title='bbox 258 1154 426 1212; x_wconf 89' lang='lat' dir='ltr'><strong>qnam</strong></span> <span class='ocrx_word' id='word_1_80' title='bbox 481 1153 513 1193; x_wconf 87' lang='lat' dir='ltr'><strong>a</strong></span> <span class='ocrx_word' id='word_1_81' title='bbox 570 1152 634 1194; x_wconf 85' lang='lat' dir='ltr'><strong>se</strong></span> <span class='ocrx_word' id='word_1_82' title='bbox 667 1136 783 1191; x_wconf 86' lang='lat' dir='ltr'><strong>vult</strong></span> <span class='ocrx_word' id='word_1_83' title='bbox 812 1135 1018 1205; x_wconf 82' lang='lat' dir='ltr'><strong>requiri</strong></span> <span class='ocrx_word' id='word_1_84' title='bbox 1070 1135 1355 1190; x_wconf 79' lang='lat' dir='ltr'><strong>veritatem</strong></span> <span class='ocrx_word' id='word_1_85' title='bbox 1398 1141 1494 1188; x_wconf 88' lang='lat' dir='ltr'><strong>aut</strong></span> <span class='ocrx_word' id='word_1_86' title='bbox 1538 1132 1847 1198; x_wconf 77' lang='lat' dir='ltr'><strong>sanitatem,</strong></span> 
     </span>
    </p>
   </div>
   <div class='ocr_carea' id='block_1_12' title="bbox 260 1226 1849 1304">
    <p class='ocr_par' dir='ltr' id='par_1_12' title="bbox 260 1226 1849 1304">
     <span class='ocr_line' id='line_1_12' title="bbox 260 1226 1849 1304; baseline -0.007 -16"><span class='ocrx_word' id='word_1_87' title='bbox 260 1233 388 1304; x_wconf 92' lang='lat' dir='ltr'><strong>quia</strong></span> <span class='ocrx_word' id='word_1_88' title='bbox 440 1232 557 1303; x_wconf 91' lang='lat' dir='ltr'><strong>ipse</strong></span> <span class='ocrx_word' id='word_1_89' title='bbox 599 1244 726 1286; x_wconf 87' lang='lat' dir='ltr'><strong>cum</strong></span> <span class='ocrx_word' id='word_1_90' title='bbox 776 1227 939 1284; x_wconf 84' lang='lat' dir='ltr'><strong>Patre</strong></span> <span class='ocrx_word' id='word_1_91' title='bbox 966 1239 1023 1283; x_wconf 88' lang='lat' dir='ltr'><strong>et</strong></span> <span class='ocrx_word' id='word_1_92' title='bbox 1051 1226 1256 1299; x_wconf 86' lang='lat' dir='ltr'><strong>Spiritu</strong></span> <span class='ocrx_word' id='word_1_93' title='bbox 1281 1235 1471 1283; x_wconf 89' lang='lat' dir='ltr'><strong>saneto</strong></span> <span class='ocrx_word' id='word_1_94' title='bbox 1518 1241 1659 1280; x_wconf 91' lang='lat' dir='ltr'><strong>unus</strong></span> <span class='ocrx_word' id='word_1_95' title='bbox 1687 1236 1849 1281; x_wconf 87' lang='lat' dir='ltr'><strong>verus</strong></span> 
     </span>
    </p>
   </div>
   <div class='ocr_carea' id='block_1_13' title="bbox 262 1316 1849 1395">
    <p class='ocr_par' dir='ltr' id='par_1_13' title="bbox 262 1316 1849 1395">
     <span class='ocr_line' id='line_1_13' title="bbox 262 1316 1849 1395; baseline -0.005 -16"><span class='ocrx_word' id='word_1_96' title='bbox 262 1326 427 1395; x_wconf 83' lang='lat' dir='ltr'><strong>atque</strong></span> <span class='ocrx_word' id='word_1_97' title='bbox 469 1321 813 1392; x_wconf 89' lang='lat' dir='ltr'><strong>omnipotens</strong></span> <span class='ocrx_word' id='word_1_98' title='bbox 858 1328 943 1376; x_wconf 86' lang='lat' dir='ltr'><strong>est</strong></span> <span class='ocrx_word' id='word_1_99' title='bbox 991 1320 1155 1385; x_wconf 88' lang='lat' dir='ltr'><strong>Deus,</strong></span> <span class='ocrx_word' id='word_1_100' title='bbox 1184 1319 1393 1375; x_wconf 81' lang='lat' dir='ltr'><strong>faciens</strong></span> <span class='ocrx_word' id='word_1_101' title='bbox 1434 1316 1706 1394; x_wconf 70' lang='lat' dir='ltr'><strong>mirabilia</strong></span> <span class='ocrx_word' id='word_1_102' title='bbox 1733 1333 1849 1372; x_wconf 90' lang='lat' dir='ltr'><strong>ma-</strong></span> 
     </span>
    </p>
   </div>
   <div class='ocr_carea' id='block_1_14' title="bbox 261 1410 1845 1490">
    <p class='ocr_par' dir='ltr' id='par_1_14' title="bbox 261 1410 1845 1490">
     <span class='ocr_line' id='line_1_14' title="bbox 261 1410 1845 1490; baseline -0.007 -18"><span class='ocrx_word' id='word_1_103' title='bbox 261 1433 368 1490; x_wconf 80' lang='lat' dir='ltr'><strong>gna</strong></span> <span class='ocrx_word' id='word_1_104' title='bbox 391 1414 557 1471; x_wconf 90' lang='lat' dir='ltr'><strong>solus.</strong></span> <span class='ocrx_word' id='word_1_105' title='bbox 611 1413 766 1471; x_wconf 91' lang='lat' dir='ltr'><strong>Unde</strong></span> <span class='ocrx_word' id='word_1_106' title='bbox 788 1413 842 1469; x_wconf 91' lang='lat' dir='ltr'><strong>in</strong></span> <span class='ocrx_word' id='word_1_107' title='bbox 880 1413 1171 1486; x_wconf 87' lang='lat' dir='ltr'><strong>Evangelio</strong></span> <span class='ocrx_word' id='word_1_108' title='bbox 1197 1426 1388 1469; x_wconf 92' lang='lat' dir='ltr'><strong>omnes</strong></span> <span class='ocrx_word' id='word_1_109' title='bbox 1429 1411 1498 1465; x_wconf 92' lang='lat' dir='ltr'><strong>ad</strong></span> <span class='ocrx_word' id='word_1_110' title='bbox 1529 1426 1587 1466; x_wconf 88' lang='lat' dir='ltr'><strong>se</strong></span> <span class='ocrx_word' id='word_1_111' title='bbox 1627 1410 1845 1474; x_wconf 84' lang='lat' dir='ltr'><strong>invitat,</strong></span> 
     </span>
    </p>
   </div>
   <div class='ocr_carea' id='block_1_15' title="bbox 262 1496 1849 1570">
    <p class='ocr_par' dir='ltr' id='par_1_15' title="bbox 262 1496 1849 1570">
     <span class='ocr_line' id='line_1_15' title="bbox 262 1496 1849 1570; baseline -0.006 -12"><span class='ocrx_word' id='word_1_112' title='bbox 262 1504 453 1559; x_wconf 88' lang='lat' dir='ltr'><strong>dicens</strong></span> <span class='ocrx_word' id='word_1_113' title='bbox 480 1519 493 1555; x_wconf 91' lang='lat'><strong>:</strong></span> <span class='ocrx_word' id='word_1_114' title='bbox 541 1498 719 1555; x_wconf 79' lang='lat' dir='ltr'><strong>Venite</strong></span> <span class='ocrx_word' id='word_1_115' title='bbox 739 1500 810 1555; x_wconf 88' lang='lat' dir='ltr'><strong>ad</strong></span> <span class='ocrx_word' id='word_1_116' title='bbox 834 1515 938 1565; x_wconf 87' lang='lat' dir='ltr'><strong>me,</strong></span> <span class='ocrx_word' id='word_1_117' title='bbox 971 1515 1148 1553; x_wconf 87' lang='lat' dir='ltr'><strong>omnes</strong></span> <span class='ocrx_word' id='word_1_118' title='bbox 1183 1499 1273 1570; x_wconf 89' lang='lat' dir='ltr'><strong>qui</strong></span> <span class='ocrx_word' id='word_1_119' title='bbox 1295 1497 1547 1552; x_wconf 79' lang='lat' dir='ltr'><strong>laboratis</strong></span> <span class='ocrx_word' id='word_1_120' title='bbox 1570 1506 1619 1550; x_wconf 92' lang='lat' dir='ltr'><strong>et</strong></span> <span class='ocrx_word' id='word_1_121' title='bbox 1646 1496 1849 1551; x_wconf 86' lang='lat' dir='ltr'><strong>onerati</strong></span> 
     </span>
    </p>
   </div>
   <div class='ocr_carea' id='block_1_16' title="bbox 261 1588 1844 1663">
    <p class='ocr_par' dir='ltr' id='par_1_16' title="bbox 261 1588 1844 1663">
     <span class='ocr_line' id='line_1_16' title="bbox 261 1588 1844 1663; baseline -0.007 -13"><span class='ocrx_word' id='word_1_122' title='bbox 261 1595 412 1660; x_wconf 85' lang='lat' dir='ltr'><strong>estis,</strong></span> <span class='ocrx_word' id='word_1_123' title='bbox 447 1602 496 1648; x_wconf 88' lang='lat' dir='ltr'><strong>et</strong></span> <span class='ocrx_word' id='word_1_124' title='bbox 534 1606 627 1663; x_wconf 87' lang='lat' dir='ltr'><strong>ego</strong></span> <span class='ocrx_word' id='word_1_125' title='bbox 670 1590 906 1660; x_wconf 79' lang='lat' dir='ltr'><strong>reﬁciam</strong></span> <span class='ocrx_word' id='word_1_126' title='bbox 939 1606 1048 1645; x_wconf 91' lang='lat' dir='ltr'><strong>vos.</strong></span> <span class='ocrx_word' id='word_1_127' title='bbox 1080 1588 1268 1645; x_wconf 86' lang='lat' dir='ltr'><strong>Tollite</strong></span> <span class='ocrx_word' id='word_1_128' title='bbox 1308 1588 1500 1660; x_wconf 82' lang='lat' dir='ltr'><strong>jugum</strong></span> <span class='ocrx_word' id='word_1_129' title='bbox 1546 1603 1720 1642; x_wconf 87' lang='lat' dir='ltr'><strong>meum</strong></span> <span class='ocrx_word' id='word_1_130' title='bbox 1750 1603 1844 1641; x_wconf 85' lang='lat' dir='ltr'><strong>su-</strong></span> 
     </span>
    </p>
   </div>
   <div class='ocr_carea' id='block_1_17' title="bbox 260 1677 1847 1755">
    <p class='ocr_par' dir='ltr' id='par_1_17' title="bbox 260 1677 1847 1755">
     <span class='ocr_line' id='line_1_17' title="bbox 260 1677 1847 1755; baseline -0.005 -16"><span class='ocrx_word' id='word_1_131' title='bbox 260 1699 356 1755; x_wconf 89' lang='lat' dir='ltr'><strong>per</strong></span> <span class='ocrx_word' id='word_1_132' title='bbox 392 1698 503 1749; x_wconf 92' lang='lat' dir='ltr'><strong>vos,</strong></span> <span class='ocrx_word' id='word_1_133' title='bbox 527 1691 576 1737; x_wconf 92' lang='lat' dir='ltr'><strong>et</strong></span> <span class='ocrx_word' id='word_1_134' title='bbox 618 1681 804 1736; x_wconf 76' lang='lat' dir='ltr'><strong>discite</strong></span> <span class='ocrx_word' id='word_1_135' title='bbox 844 1698 879 1736; x_wconf 87' lang='lat' dir='ltr'><strong>a</strong></span> <span class='ocrx_word' id='word_1_136' title='bbox 922 1697 1006 1736; x_wconf 88' lang='lat' dir='ltr'><strong>me</strong></span> <span class='ocrx_word' id='word_1_137' title='bbox 1051 1682 1176 1753; x_wconf 84' lang='lat' dir='ltr'><strong>quia</strong></span> <span class='ocrx_word' id='word_1_138' title='bbox 1209 1681 1349 1735; x_wconf 89' lang='lat' dir='ltr'><strong>mitis</strong></span> <span class='ocrx_word' id='word_1_139' title='bbox 1396 1696 1512 1735; x_wconf 90' lang='lat' dir='ltr'><strong>sum</strong></span> <span class='ocrx_word' id='word_1_140' title='bbox 1543 1689 1591 1734; x_wconf 88' lang='lat' dir='ltr'><strong>et</strong></span> <span class='ocrx_word' id='word_1_141' title='bbox 1635 1677 1847 1733; x_wconf 86' lang='lat' dir='ltr'><strong>humilis</strong></span> 
     </span>
    </p>
   </div>
   <div class='ocr_carea' id='block_1_18' title="bbox 261 1772 1845 1845">
    <p class='ocr_par' dir='ltr' id='par_1_18' title="bbox 261 1772 1845 1845">
     <span class='ocr_line' id='line_1_18' title="bbox 261 1772 1845 1845; baseline -0.005 -13"><span class='ocrx_word' id='word_1_142' title='bbox 261 1775 422 1832; x_wconf 81' lang='lat' dir='ltr'><strong>corde</strong></span> <span class='ocrx_word' id='word_1_143' title='bbox 441 1788 463 1829; x_wconf 89' lang='lat'><strong><em>:</em></strong></span> <span class='ocrx_word' id='word_1_144' title='bbox 488 1783 538 1830; x_wconf 89' lang='lat' dir='ltr'><strong>et</strong></span> <span class='ocrx_word' id='word_1_145' title='bbox 557 1773 830 1831; x_wconf 77' lang='lat' dir='ltr'><strong>invenietis</strong></span> <span class='ocrx_word' id='word_1_146' title='bbox 868 1773 1099 1845; x_wconf 86' lang='lat' dir='ltr'><strong>requiem</strong></span> <span class='ocrx_word' id='word_1_147' title='bbox 1124 1772 1399 1828; x_wconf 89' lang='lat' dir='ltr'><strong>animabus</strong></span> <span class='ocrx_word' id='word_1_148' title='bbox 1421 1773 1623 1827; x_wconf 89' lang='lat' dir='ltr'><strong>vestris.</strong></span> <span class='ocrx_word' id='word_1_149' title='bbox 1645 1772 1845 1842; x_wconf 83' lang='lat' dir='ltr'><strong>Jugum</strong></span> 
     </span>
    </p>
   </div>
   <div class='ocr_carea' id='block_1_19' title="bbox 1951 578 3535 653">
    <p class='ocr_par' dir='ltr' id='par_1_19' title="bbox 1951 578 3535 653">
     <span class='ocr_line' id='line_1_19' title="bbox 1951 578 3535 653; baseline -0.002 -19"><span class='ocrx_word' id='word_1_150' title='bbox 1951 579 2104 637; x_wconf 88' lang='lat' dir='ltr'><strong>lucos</strong></span> <span class='ocrx_word' id='word_1_151' title='bbox 2155 581 2406 653; x_wconf 89' lang='lat' dir='ltr'><strong>idolaque</strong></span> <span class='ocrx_word' id='word_1_152' title='bbox 2438 587 2764 645; x_wconf 87' lang='lat' dir='ltr'><strong>statuerunt,</strong></span> <span class='ocrx_word' id='word_1_153' title='bbox 2809 586 2864 634; x_wconf 91' lang='lat' dir='ltr'><strong>et</strong></span> <span class='ocrx_word' id='word_1_154' title='bbox 2907 595 2937 633; x_wconf 89' lang='lat' dir='ltr'><strong>a</strong></span> <span class='ocrx_word' id='word_1_155' title='bbox 2970 578 3063 633; x_wconf 91' lang='lat' dir='ltr'><strong>tali</strong></span> <span class='ocrx_word' id='word_1_156' title='bbox 3114 578 3268 632; x_wconf 90' lang='lat' dir='ltr'><strong>initio</strong></span> <span class='ocrx_word' id='word_1_157' title='bbox 3298 578 3535 632; x_wconf 81' lang='lat' dir='ltr'><strong>vocabu—</strong></span> 
     </span>
    </p>
   </div>
   <div class='ocr_carea' id='block_1_20' title="bbox 1948 669 3538 749">
    <p class='ocr_par' dir='ltr' id='par_1_20' title="bbox 1948 669 3538 749">
     <span class='ocr_line' id='line_1_20' title="bbox 1948 669 3538 749; baseline -0.003 -24"><span class='ocrx_word' id='word_1_158' title='bbox 1948 670 2059 725; x_wconf 87' lang='lat' dir='ltr'><strong>lum</strong></span> <span class='ocrx_word' id='word_1_159' title='bbox 2102 673 2298 743; x_wconf 78' lang='lat' dir='ltr'><strong>pagani</strong></span> <span class='ocrx_word' id='word_1_160' title='bbox 2349 671 2547 727; x_wconf 89' lang='lat' dir='ltr'><strong>sortiti.</strong></span> <span class='ocrx_word' id='word_1_161' title='bbox 2596 670 2855 749; x_wconf 71' lang='lat' dir='ltr'><strong>Geutiles,</strong></span> <span class='ocrx_word' id='word_1_162' title='bbox 2901 669 2994 739; x_wconf 89' lang='lat' dir='ltr'><strong>qui</strong></span> <span class='ocrx_word' id='word_1_163' title='bbox 3044 669 3158 723; x_wconf 92' lang='lat' dir='ltr'><strong>sine</strong></span> <span class='ocrx_word' id='word_1_164' title='bbox 3181 669 3301 739; x_wconf 81' lang='lat' dir='ltr'><strong>lege</strong></span> <span class='ocrx_word' id='word_1_165' title='bbox 3327 677 3453 723; x_wconf 90' lang='lat' dir='ltr'><strong>sunt</strong></span> <span class='ocrx_word' id='word_1_166' title='bbox 3480 675 3538 722; x_wconf 80' lang='lat' dir='ltr'><strong>et;</strong></span> 
     </span>
    </p>
   </div>
   <div class='ocr_carea' id='block_1_21' title="bbox 1951 763 3541 836">
    <p class='ocr_par' dir='ltr' id='par_1_21' title="bbox 1951 763 3541 836">
     <span class='ocr_line' id='line_1_21' title="bbox 1951 763 3541 836; baseline -0.003 -17"><span class='ocrx_word' id='word_1_167' title='bbox 1951 765 2076 820; x_wconf 90' lang='lat' dir='ltr'><strong>dum</strong></span> <span class='ocrx_word' id='word_1_168' title='bbox 2104 784 2208 823; x_wconf 91' lang='lat' dir='ltr'><strong>non</strong></span> <span class='ocrx_word' id='word_1_169' title='bbox 2231 769 2535 833; x_wconf 85' lang='lat' dir='ltr'><strong>crederent,</strong></span> <span class='ocrx_word' id='word_1_170' title='bbox 2570 767 2700 822; x_wconf 91' lang='lat' dir='ltr'><strong>dicti</strong></span> <span class='ocrx_word' id='word_1_171' title='bbox 2723 772 2847 823; x_wconf 90' lang='lat' dir='ltr'><strong>sunt</strong></span> <span class='ocrx_word' id='word_1_172' title='bbox 2877 763 3129 836; x_wconf 78' lang='lat' dir='ltr'><strong>gentiles,</strong></span> <span class='ocrx_word' id='word_1_173' title='bbox 3150 763 3278 834; x_wconf 87' lang='lat' dir='ltr'><strong>quia</strong></span> <span class='ocrx_word' id='word_1_174' title='bbox 3311 763 3386 817; x_wconf 89' lang='lat' dir='ltr'><strong>ita</strong></span> <span class='ocrx_word' id='word_1_175' title='bbox 3412 770 3541 817; x_wconf 87' lang='lat' dir='ltr'><strong>sunt</strong></span> 
     </span>
    </p>
   </div>
   <div class='ocr_carea' id='block_1_22' title="bbox 1950 855 3537 931">
    <p class='ocr_par' dir='ltr' id='par_1_22' title="bbox 1950 855 3537 931">
     <span class='ocr_line' id='line_1_22' title="bbox 1950 855 3537 931; baseline -0.001 -21"><span class='ocrx_word' id='word_1_176' title='bbox 1950 864 2010 910; x_wconf 93' lang='lat' dir='ltr'><strong>ut</strong></span> <span class='ocrx_word' id='word_1_177' title='bbox 2038 857 2253 915; x_wconf 81' lang='lat' dir='ltr'><strong>fuerunt</strong></span> <span class='ocrx_word' id='word_1_178' title='bbox 2274 859 2461 931; x_wconf 85' lang='lat' dir='ltr'><strong>geniti,</strong></span> <span class='ocrx_word' id='word_1_179' title='bbox 2495 860 2546 914; x_wconf 90' lang='lat' dir='ltr'><strong>id</strong></span> <span class='ocrx_word' id='word_1_180' title='bbox 2575 867 2656 914; x_wconf 91' lang='lat' dir='ltr'><strong>est</strong></span> <span class='ocrx_word' id='word_1_181' title='bbox 2687 859 2828 914; x_wconf 89' lang='lat' dir='ltr'><strong>sicut</strong></span> <span class='ocrx_word' id='word_1_182' title='bbox 2852 858 2905 911; x_wconf 93' lang='lat' dir='ltr'><strong>in</strong></span> <span class='ocrx_word' id='word_1_183' title='bbox 2926 871 3090 912; x_wconf 91' lang='lat' dir='ltr'><strong>carne</strong></span> <span class='ocrx_word' id='word_1_184' title='bbox 3117 855 3537 920; x_wconf 88' lang='lat' dir='ltr'><strong>descenderunt,</strong></span> 
     </span>
    </p>
   </div>
   <div class='ocr_carea' id='block_1_23' title="bbox 1952 948 3539 1021">
    <p class='ocr_par' dir='ltr' id='par_1_23' title="bbox 1952 948 3539 1021">
     <span class='ocr_line' id='line_1_23' title="bbox 1952 948 3539 1021; baseline 0 -19"><span class='ocrx_word' id='word_1_185' title='bbox 1952 949 2052 1004; x_wconf 88' lang='lat' dir='ltr'><strong>sub</strong></span> <span class='ocrx_word' id='word_1_186' title='bbox 2090 961 2318 1021; x_wconf 88' lang='lat' dir='ltr'><strong>peccato</strong></span> <span class='ocrx_word' id='word_1_187' title='bbox 2367 951 2592 1018; x_wconf 87' lang='lat' dir='ltr'><strong>scilicet,</strong></span> <span class='ocrx_word' id='word_1_188' title='bbox 2640 950 2796 1005; x_wconf 88' lang='lat' dir='ltr'><strong>idolis</strong></span> <span class='ocrx_word' id='word_1_189' title='bbox 2840 949 3158 1014; x_wconf 87' lang='lat' dir='ltr'><strong>servientes,</strong></span> <span class='ocrx_word' id='word_1_190' title='bbox 3204 957 3259 1003; x_wconf 92' lang='lat' dir='ltr'><strong>et</strong></span> <span class='ocrx_word' id='word_1_191' title='bbox 3306 948 3539 1003; x_wconf 90' lang='lat' dir='ltr'><strong>necdum</strong></span> 
     </span>
    </p>
   </div>
   <div class='ocr_carea' id='block_1_24' title="bbox 1949 1041 3538 1115">
    <p class='ocr_par' dir='ltr' id='par_1_24' title="bbox 1949 1041 3538 1115">
     <span class='ocr_line' id='line_1_24' title="bbox 1949 1041 3538 1115; baseline 0.001 -21"><span class='ocrx_word' id='word_1_192' title='bbox 1949 1044 2273 1112; x_wconf 85' lang='lat' dir='ltr'><strong>regenerati.</strong></span> <span class='ocrx_word' id='word_1_193' title='bbox 2324 1043 2557 1099; x_wconf 85' lang='lat' dir='ltr'><strong>Proinde</strong></span> <span class='ocrx_word' id='word_1_194' title='bbox 2588 1044 2676 1115; x_wconf 86' lang='lat' dir='ltr'><strong>qui</strong></span> <span class='ocrx_word' id='word_1_195' title='bbox 2709 1042 2936 1115; x_wconf 81' lang='lat' dir='ltr'><strong>gentiles</strong></span> <span class='ocrx_word' id='word_1_196' title='bbox 2978 1041 3116 1113; x_wconf 89' lang='lat' dir='ltr'><strong>apud</strong></span> <span class='ocrx_word' id='word_1_197' title='bbox 3146 1041 3368 1096; x_wconf 88' lang='lat' dir='ltr'><strong>Latinos</strong></span> <span class='ocrx_word' id='word_1_198' title='bbox 3391 1058 3538 1096; x_wconf 89' lang='lat' dir='ltr'><strong>nun-</strong></span> 
     </span>
    </p>
   </div>
   <div class='ocr_carea' id='block_1_25' title="bbox 1950 1133 3539 1208">
    <p class='ocr_par' dir='ltr' id='par_1_25' title="bbox 1950 1133 3539 1208">
     <span class='ocr_line' id='line_1_25' title="bbox 1950 1133 3539 1208; baseline 0 -19"><span class='ocrx_word' id='word_1_199' title='bbox 1950 1134 2308 1204; x_wconf 86' lang='lat' dir='ltr'><strong>cupabantnr,</strong></span> <span class='ocrx_word' id='word_1_200' title='bbox 2362 1137 2464 1208; x_wconf 87' lang='lat' dir='ltr'><strong>ipsi</strong></span> <span class='ocrx_word' id='word_1_201' title='bbox 2520 1137 2773 1192; x_wconf 90' lang='lat' dir='ltr'><strong>dicuntur</strong></span> <span class='ocrx_word' id='word_1_202' title='bbox 2825 1133 3011 1192; x_wconf 73' lang='lat' dir='ltr'><strong>Grmce</strong></span> <span class='ocrx_word' id='word_1_203' title='bbox 3035 1136 3258 1191; x_wconf 87' lang='lat' dir='ltr'><strong>ethnici.</strong></span> <span class='ocrx_word' id='word_1_204' title='bbox 3321 1135 3539 1190; x_wconf 86' lang='lat' dir='ltr'><strong>Ethnici</strong></span> 
     </span>
    </p>
   </div>
   <div class='ocr_carea' id='block_1_26' title="bbox 1950 1217 3583 1301">
    <p class='ocr_par' dir='ltr' id='par_1_26' title="bbox 1950 1217 3583 1301">
     <span class='ocr_line' id='line_1_26' title="bbox 1950 1217 3583 1301; baseline -0.002 -18"><span class='ocrx_word' id='word_1_205' title='bbox 1950 1228 2095 1283; x_wconf 90' lang='lat' dir='ltr'><strong>enim</strong></span> <span class='ocrx_word' id='word_1_206' title='bbox 2148 1227 2357 1296; x_wconf 69' lang='lat' dir='ltr'><strong>Grarce,</strong></span> <span class='ocrx_word' id='word_1_207' title='bbox 2403 1229 2597 1284; x_wconf 87' lang='lat' dir='ltr'><strong>Latine</strong></span> <span class='ocrx_word' id='word_1_208' title='bbox 2626 1229 2856 1301; x_wconf 89' lang='lat' dir='ltr'><strong>gentiles</strong></span> <span class='ocrx_word' id='word_1_209' title='bbox 2888 1247 2902 1284; x_wconf 88' lang='lat'><strong>:</strong></span> <span class='ocrx_word' id='word_1_210' title='bbox 2940 1230 3136 1284; x_wconf 88' lang='lat' dir='ltr'><strong>ethnos</strong></span> <span class='ocrx_word' id='word_1_211' title='bbox 3179 1229 3322 1284; x_wconf 90' lang='lat' dir='ltr'><strong>enim</strong></span> <span class='ocrx_word' id='word_1_212' title='bbox 3352 1226 3543 1284; x_wconf 60' lang='lat' dir='ltr'><strong>Graece</strong></span> <span class='ocrx_word' id='word_1_213' title='bbox 3575 1217 3583 1229; x_wconf 87' lang='grc'><strong>’</strong></span> 
     </span>
    </p>
   </div>
   <div class='ocr_carea' id='block_1_27' title="bbox 1949 1320 3548 1391">
    <p class='ocr_par' dir='ltr' id='par_1_27' title="bbox 1949 1320 3548 1391">
     <span class='ocr_line' id='line_1_27' title="bbox 1949 1320 3548 1391; baseline -0.003 -14"><span class='ocrx_word' id='word_1_214' title='bbox 1949 1338 2081 1391; x_wconf 85' lang='lat' dir='ltr'><strong>gens</strong></span> <span class='ocrx_word' id='word_1_215' title='bbox 2110 1321 2328 1379; x_wconf 88' lang='lat' dir='ltr'><strong>dicitur.</strong></span> <span class='ocrx_word' id='word_1_216' title='bbox 2390 1322 2519 1379; x_wconf 89' lang='lat' dir='ltr'><strong>Post</strong></span> <span class='ocrx_word' id='word_1_217' title='bbox 2545 1324 2705 1378; x_wconf 87' lang='lat' dir='ltr'><strong>ﬁdem</strong></span> <span class='ocrx_word' id='word_1_218' title='bbox 2741 1331 2921 1378; x_wconf 86' lang='lat' dir='ltr'><strong>autem</strong></span> <span class='ocrx_word' id='word_1_219' title='bbox 2951 1338 3059 1377; x_wconf 92' lang='lat' dir='ltr'><strong>non</strong></span> <span class='ocrx_word' id='word_1_220' title='bbox 3111 1322 3311 1377; x_wconf 90' lang='lat' dir='ltr'><strong>debent</strong></span> <span class='ocrx_word' id='word_1_221' title='bbox 3360 1320 3548 1376; x_wconf 91' lang='lat' dir='ltr'><strong>vocari</strong></span> 
     </span>
    </p>
   </div>
   <div class='ocr_carea' id='block_1_28' title="bbox 1949 1412 3541 1487">
    <p class='ocr_par' dir='ltr' id='par_1_28' title="bbox 1949 1412 3541 1487">
     <span class='ocr_line' id='line_1_28' title="bbox 1949 1412 3541 1487; baseline -0.002 -20"><span class='ocrx_word' id='word_1_222' title='bbox 1949 1420 2159 1483; x_wconf 84' lang='lat' dir='ltr'><strong>gentes,</strong></span> <span class='ocrx_word' id='word_1_223' title='bbox 2190 1430 2281 1469; x_wconf 90' lang='lat' dir='ltr'><strong>seu</strong></span> <span class='ocrx_word' id='word_1_224' title='bbox 2316 1415 2568 1487; x_wconf 84' lang='lat' dir='ltr'><strong>gentiles,</strong></span> <span class='ocrx_word' id='word_1_225' title='bbox 2596 1414 2671 1469; x_wconf 89' lang='lat' dir='ltr'><strong>illi</strong></span> <span class='ocrx_word' id='word_1_226' title='bbox 2721 1416 2812 1485; x_wconf 85' lang='lat' dir='ltr'><strong>qui</strong></span> <span class='ocrx_word' id='word_1_227' title='bbox 2841 1430 2904 1469; x_wconf 83' lang='lat' dir='ltr'><strong>ex</strong></span> <span class='ocrx_word' id='word_1_228' title='bbox 2961 1412 3216 1485; x_wconf 86' lang='lat' dir='ltr'><strong>gentibus</strong></span> <span class='ocrx_word' id='word_1_229' title='bbox 3258 1412 3491 1467; x_wconf 90' lang='lat' dir='ltr'><strong>credunt</strong></span> <span class='ocrx_word' id='word_1_230' title='bbox 3526 1428 3541 1464; x_wconf 88' lang='lat'>:</span> 
     </span>
    </p>
   </div>
   <div class='ocr_carea' id='block_1_29' title="bbox 1950 1499 3551 1575">
    <p class='ocr_par' dir='ltr' id='par_1_29' title="bbox 1950 1499 3551 1575">
     <span class='ocr_line' id='line_1_29' title="bbox 1950 1499 3551 1575; baseline 0.001 -20"><span class='ocrx_word' id='word_1_231' title='bbox 1950 1501 2091 1556; x_wconf 89' lang='lat' dir='ltr'><strong>sicut</strong></span> <span class='ocrx_word' id='word_1_232' title='bbox 2112 1513 2231 1573; x_wconf 85' lang='lat' dir='ltr'><strong>post</strong></span> <span class='ocrx_word' id='word_1_233' title='bbox 2256 1505 2414 1559; x_wconf 79' lang='lat' dir='ltr'><strong>fidem</strong></span> <span class='ocrx_word' id='word_1_234' title='bbox 2439 1503 2540 1560; x_wconf 89' lang='lat' dir='ltr'><strong>dici</strong></span> <span class='ocrx_word' id='word_1_235' title='bbox 2558 1505 2671 1575; x_wconf 85' lang='lat' dir='ltr'><strong>jam</strong></span> <span class='ocrx_word' id='word_1_236' title='bbox 2701 1521 2805 1559; x_wconf 88' lang='lat' dir='ltr'><strong>non</strong></span> <span class='ocrx_word' id='word_1_237' title='bbox 2835 1512 3013 1574; x_wconf 88' lang='lat' dir='ltr'><strong>potest</strong></span> <span class='ocrx_word' id='word_1_238' title='bbox 3042 1499 3279 1567; x_wconf 81' lang='lat' dir='ltr'><strong>Judaeus,</strong></span> <span class='ocrx_word' id='word_1_239' title='bbox 3308 1509 3551 1557; x_wconf 88' lang='lat' dir='ltr'><strong>testante</strong></span> 
     </span>
    </p>
   </div>
   <div class='ocr_carea' id='block_1_30' title="bbox 1948 1591 3553 1666">
    <p class='ocr_par' dir='ltr' id='par_1_30' title="bbox 1948 1591 3553 1666">
     <span class='ocr_line' id='line_1_30' title="bbox 1948 1591 3553 1666; baseline 0 -19"><span class='ocrx_word' id='word_1_240' title='bbox 1948 1591 2115 1647; x_wconf 84' lang='lat' dir='ltr'><strong>Paulo</strong></span> <span class='ocrx_word' id='word_1_241' title='bbox 2170 1594 2413 1666; x_wconf 87' lang='lat' dir='ltr'><strong>apostolo</strong></span> <span class='ocrx_word' id='word_1_242' title='bbox 2463 1604 2516 1650; x_wconf 89' lang='lat' dir='ltr'><strong>et</strong></span> <span class='ocrx_word' id='word_1_243' title='bbox 2572 1595 2789 1652; x_wconf 89' lang='lat' dir='ltr'><strong>dicente</strong></span> <span class='ocrx_word' id='word_1_244' title='bbox 2825 1595 2939 1666; x_wconf 86' lang='lat' dir='ltr'><strong>jam</strong></span> <span class='ocrx_word' id='word_1_245' title='bbox 2985 1593 3357 1650; x_wconf 85' lang='lat' dir='ltr'><strong>Christianis:</strong></span> <span class='ocrx_word' id='word_1_246' title='bbox 3407 1592 3553 1659; x_wconf 85' lang='lat' dir='ltr'><strong>Quo-</strong></span> 
     </span>
    </p>
   </div>
   <div class='ocr_carea' id='block_1_31' title="bbox 1949 1682 3553 1757">
    <p class='ocr_par' dir='ltr' id='par_1_31' title="bbox 1949 1682 3553 1757">
     <span class='ocr_line' id='line_1_31' title="bbox 1949 1682 3553 1757; baseline 0.001 -20"><span class='ocrx_word' id='word_1_247' title='bbox 1949 1682 2091 1738; x_wconf 87' lang='lat' dir='ltr'><strong>niam</strong></span> <span class='ocrx_word' id='word_1_248' title='bbox 2124 1702 2241 1739; x_wconf 83' lang='lat' dir='ltr'><strong>cum</strong></span> <span class='ocrx_word' id='word_1_249' title='bbox 2288 1697 2465 1757; x_wconf 81' lang='lat' dir='ltr'><strong>gentes</strong></span> <span class='ocrx_word' id='word_1_250' title='bbox 2519 1688 2717 1753; x_wconf 81' lang='lat' dir='ltr'><strong>essetis,</strong></span> <span class='ocrx_word' id='word_1_251' title='bbox 2749 1686 2852 1741; x_wconf 91' lang='lat' dir='ltr'><strong>hoc</strong></span> <span class='ocrx_word' id='word_1_252' title='bbox 2888 1694 2993 1751; x_wconf 88' lang='lat' dir='ltr'><strong>est,</strong></span> <span class='ocrx_word' id='word_1_253' title='bbox 3020 1683 3286 1751; x_wconf 80' lang='lat' dir='ltr'><strong>inﬁdeles,</strong></span> <span class='ocrx_word' id='word_1_254' title='bbox 3319 1693 3374 1739; x_wconf 90' lang='lat' dir='ltr'><strong>et</strong></span> <span class='ocrx_word' id='word_1_255' title='bbox 3423 1683 3553 1739; x_wconf 87' lang='lat' dir='ltr'><strong>reli-</strong></span> 
     </span>
    </p>
   </div>
   <div class='ocr_carea' id='block_1_32' title="bbox 1954 1774 3551 1847">
    <p class='ocr_par' dir='ltr' id='par_1_32' title="bbox 1954 1774 3551 1847">
     <span class='ocr_line' id='line_1_32' title="bbox 1954 1774 3551 1847; baseline 0 -18"><span class='ocrx_word' id='word_1_256' title='bbox 1954 1788 2082 1843; x_wconf 85' lang='lat' dir='ltr'><strong>qua.</strong></span> <span class='ocrx_word' id='word_1_257' title='bbox 2128 1775 2306 1831; x_wconf 87' lang='lat' dir='ltr'><strong>Etiam</strong></span> <span class='ocrx_word' id='word_1_258' title='bbox 2332 1786 2590 1847; x_wconf 68' lang='lat' dir='ltr'><strong>apostatre</strong></span> <span class='ocrx_word' id='word_1_259' title='bbox 2621 1776 2895 1842; x_wconf 88' lang='lat' dir='ltr'><strong>dicuntur,</strong></span> <span class='ocrx_word' id='word_1_260' title='bbox 2939 1775 3032 1846; x_wconf 89' lang='lat' dir='ltr'><strong>qui</strong></span> <span class='ocrx_word' id='word_1_261' title='bbox 3069 1785 3191 1847; x_wconf 86' lang='lat' dir='ltr'><strong>post</strong></span> <span class='ocrx_word' id='word_1_262' title='bbox 3221 1774 3551 1844; x_wconf 89' lang='lat' dir='ltr'><strong>baptismum</strong></span> 
     </span>
    </p>
   </div>
   <div class='ocr_carea' id='block_1_33' title="bbox 262 1847 3549 1947">
    <p class='ocr_par' dir='ltr' id='par_1_33' title="bbox 262 1847 3549 1947">
     <span class='ocr_line' id='line_1_33' title="bbox 262 1847 3549 1947; baseline -0.001 -23"><span class='ocrx_word' id='word_1_263' title='bbox 262 1869 403 1924; x_wconf 84' lang='lat' dir='ltr'><strong>enim</strong></span> <span class='ocrx_word' id='word_1_264' title='bbox 417 1883 587 1922; x_wconf 88' lang='lat' dir='ltr'><strong>meum</strong></span> <span class='ocrx_word' id='word_1_265' title='bbox 602 1883 763 1923; x_wconf 87' lang='lat' dir='ltr'><strong>suave</strong></span> <span class='ocrx_word' id='word_1_266' title='bbox 778 1875 876 1933; x_wconf 88' lang='lat' dir='ltr'><strong>est,</strong></span> <span class='ocrx_word' id='word_1_267' title='bbox 894 1875 943 1920; x_wconf 90' lang='lat' dir='ltr'><strong>et</strong></span> <span class='ocrx_word' id='word_1_268' title='bbox 965 1881 1095 1920; x_wconf 88' lang='lat' dir='ltr'><strong>onus</strong></span> <span class='ocrx_word' id='word_1_269' title='bbox 1119 1881 1290 1919; x_wconf 89' lang='lat' dir='ltr'><strong>meum</strong></span> <span class='ocrx_word' id='word_1_270' title='bbox 1309 1864 1413 1919; x_wconf 87' lang='lat' dir='ltr'><strong>leve</strong></span> <span class='ocrx_word' id='word_1_271' title='bbox 1438 1863 1652 1947; x_wconf 65' lang='lat' dir='ltr'><strong>(llattlz.</strong></span> <span class='ocrx_word' id='word_1_272' title='bbox 1673 1862 1770 1934; x_wconf 79' lang='lat' dir='ltr'><strong>xl).</strong></span> <span class='ocrx_word' id='word_1_273' title='bbox 1792 1863 1857 1917; x_wconf 93' lang='lat' dir='ltr'><strong>Et</strong></span> <span class='ocrx_word' id='word_1_274' title='bbox 1885 1847 1932 1906; x_wconf 76' lang='grc' dir='ltr'><em>Β</em></span> <span class='ocrx_word' id='word_1_275' title='bbox 1962 1866 2163 1922; x_wconf 80' lang='lat' dir='ltr'><strong>ChriSti</strong></span> <span class='ocrx_word' id='word_1_276' title='bbox 2206 1878 2514 1939; x_wconf 87' lang='lat' dir='ltr'><strong>susceptum</strong></span> <span class='ocrx_word' id='word_1_277' title='bbox 2544 1871 2609 1924; x_wconf 88' lang='lat' dir='ltr'><strong>ad</strong></span> <span class='ocrx_word' id='word_1_278' title='bbox 2636 1867 2900 1924; x_wconf 83' lang='lat' dir='ltr'><strong>idolorum</strong></span> <span class='ocrx_word' id='word_1_279' title='bbox 2927 1868 3131 1922; x_wconf 91' lang='lat' dir='ltr'><strong>cultum</strong></span> <span class='ocrx_word' id='word_1_280' title='bbox 3154 1875 3210 1920; x_wconf 90' lang='lat' dir='ltr'><strong>et</strong></span> <span class='ocrx_word' id='word_1_281' title='bbox 3246 1865 3549 1922; x_wconf 81' lang='lat' dir='ltr'><strong>sacriﬁcio—</strong></span> 
     </span>
    </p>
   </div>
   <div class='ocr_carea' id='block_1_34' title="bbox 264 1954 1853 2030">
    <p class='ocr_par' dir='ltr' id='par_1_34' title="bbox 264 1954 1853 2030">
     <span class='ocr_line' id='line_1_34' title="bbox 264 1954 1853 2030; baseline -0.004 -16"><span class='ocrx_word' id='word_1_282' title='bbox 264 1959 399 2015; x_wconf 82' lang='lat' dir='ltr'><strong>ilem</strong></span> <span class='ocrx_word' id='word_1_283' title='bbox 424 1975 441 2013; x_wconf 89' lang='lat'><strong>:</strong></span> <span class='ocrx_word' id='word_1_284' title='bbox 464 1957 578 2030; x_wconf 83' lang='lat' dir='ltr'><strong>Ego</strong></span> <span class='ocrx_word' id='word_1_285' title='bbox 598 1974 741 2022; x_wconf 86' lang='lat' dir='ltr'><strong>sum,</strong></span> <span class='ocrx_word' id='word_1_286' title='bbox 776 1956 974 2027; x_wconf 84' lang='lat' dir='ltr'><strong>inquit,</strong></span> <span class='ocrx_word' id='word_1_287' title='bbox 998 1955 1093 2010; x_wconf 76' lang='lat' dir='ltr'><strong>lux</strong></span> <span class='ocrx_word' id='word_1_288' title='bbox 1120 1954 1305 2009; x_wconf 82' lang='lat' dir='ltr'><strong>mundi</strong></span> <span class='ocrx_word' id='word_1_289' title='bbox 1335 1967 1353 2006; x_wconf 90' lang='lat'><strong><em>:</em></strong></span> <span class='ocrx_word' id='word_1_290' title='bbox 1378 1955 1470 2026; x_wconf 88' lang='lat' dir='ltr'><strong>qui</strong></span> <span class='ocrx_word' id='word_1_291' title='bbox 1499 1954 1736 2025; x_wconf 87' lang='lat' dir='ltr'><strong>sequitur</strong></span> <span class='ocrx_word' id='word_1_292' title='bbox 1756 1971 1853 2018; x_wconf 90' lang='lat' dir='ltr'><strong>me,</strong></span> 
     </span>
    </p>
   </div>
   <div class='ocr_carea' id='block_1_35' title="bbox 265 2045 1861 2113">
    <p class='ocr_par' dir='ltr' id='par_1_35' title="bbox 265 2045 1861 2113">
     <span class='ocr_line' id='line_1_35' title="bbox 265 2045 1861 2113; baseline -0.004 -8"><span class='ocrx_word' id='word_1_293' title='bbox 265 2064 373 2105; x_wconf 82' lang='lat' dir='ltr'><strong>non</strong></span> <span class='ocrx_word' id='word_1_294' title='bbox 412 2048 700 2103; x_wconf 78' lang='lat' dir='ltr'><strong>ambulabit</strong></span> <span class='ocrx_word' id='word_1_295' title='bbox 745 2049 803 2102; x_wconf 87' lang='lat' dir='ltr'><strong>in</strong></span> <span class='ocrx_word' id='word_1_296' title='bbox 850 2047 1093 2113; x_wconf 85' lang='lat' dir='ltr'><strong>tenebris,</strong></span> <span class='ocrx_word' id='word_1_297' title='bbox 1138 2046 1227 2101; x_wconf 86' lang='lat' dir='ltr'><strong>sed</strong></span> <span class='ocrx_word' id='word_1_298' title='bbox 1284 2045 1489 2100; x_wconf 79' lang='lat' dir='ltr'><strong>habebit</strong></span> <span class='ocrx_word' id='word_1_299' title='bbox 1527 2045 1702 2099; x_wconf 86' lang='lat' dir='ltr'><strong>lumen</strong></span> <span class='ocrx_word' id='word_1_300' title='bbox 1744 2046 1861 2099; x_wconf 69' lang='lat' dir='ltr'><strong>vitae</strong></span> 
     </span>
    </p>
   </div>
   <div class='ocr_carea' id='block_1_36' title="bbox 267 2136 1860 2214">
    <p class='ocr_par' dir='ltr' id='par_1_36' title="bbox 267 2136 1860 2214">
     <span class='ocr_line' id='line_1_36' title="bbox 267 2136 1860 2214; baseline -0.003 -18"><span class='ocrx_word' id='word_1_301' title='bbox 267 2140 453 2214; x_wconf 86' lang='lat' dir='ltr'><strong>(Joan.</strong></span> <span class='ocrx_word' id='word_1_302' title='bbox 502 2141 643 2213; x_wconf 81' lang='lat' dir='ltr'><strong>vin).</strong></span> <span class='ocrx_word' id='word_1_303' title='bbox 681 2140 783 2197; x_wconf 83' lang='lat' dir='ltr'><strong>llic</strong></span> <span class='ocrx_word' id='word_1_304' title='bbox 808 2140 1129 2212; x_wconf 76' lang='lat' dir='ltr'><strong>ergo,juxta</strong></span> <span class='ocrx_word' id='word_1_305' title='bbox 1164 2139 1315 2195; x_wconf 89' lang='lat' dir='ltr'><strong>Pauli</strong></span> <span class='ocrx_word' id='word_1_306' title='bbox 1360 2140 1706 2205; x_wconf 90' lang='lat' dir='ltr'><strong>sententiam,</strong></span> <span class='ocrx_word' id='word_1_307' title='bbox 1735 2136 1860 2193; x_wconf 86' lang='lat' dir='ltr'><strong>Sal-</strong></span> 
     </span>
    </p>
   </div>
   <div class='ocr_carea' id='block_1_37' title="bbox 266 2227 1858 2302">
    <p class='ocr_par' dir='ltr' id='par_1_37' title="bbox 266 2227 1858 2302">
     <span class='ocr_line' id='line_1_37' title="bbox 266 2227 1858 2302; baseline -0.004 -15"><span class='ocrx_word' id='word_1_308' title='bbox 266 2244 418 2288; x_wconf 85' lang='lat' dir='ltr'><strong>vator</strong></span> <span class='ocrx_word' id='word_1_309' title='bbox 441 2241 518 2287; x_wconf 87' lang='lat' dir='ltr'><strong>est</strong></span> <span class='ocrx_word' id='word_1_310' title='bbox 561 2232 793 2287; x_wconf 84' lang='lat' dir='ltr'><strong>omnium</strong></span> <span class='ocrx_word' id='word_1_311' title='bbox 814 2232 1104 2296; x_wconf 80' lang='lat' dir='ltr'><strong>hominum,</strong></span> <span class='ocrx_word' id='word_1_312' title='bbox 1135 2231 1363 2285; x_wconf 75' lang='lat' dir='ltr'><strong>maxime</strong></span> <span class='ocrx_word' id='word_1_313' title='bbox 1381 2231 1618 2300; x_wconf 80' lang='lat' dir='ltr'><strong>ﬁdelium</strong></span> <span class='ocrx_word' id='word_1_314' title='bbox 1638 2228 1692 2302; x_wconf 88' lang='grc' dir='ltr'><strong>(Ι</strong></span> <span class='ocrx_word' id='word_1_315' title='bbox 1723 2227 1858 2281; x_wconf 89' lang='lat' dir='ltr'><strong>Tim.</strong></span> 
     </span>
    </p>
   </div>
   <div class='ocr_carea' id='block_1_38' title="bbox 273 2320 1863 2394">
    <p class='ocr_par' dir='ltr' id='par_1_38' title="bbox 273 2320 1863 2394">
     <span class='ocr_line' id='line_1_38' title="bbox 273 2320 1863 2394; baseline -0.004 -15"><span class='ocrx_word' id='word_1_316' title='bbox 273 2322 389 2394; x_wconf 83' lang='lat' dir='ltr'><strong>1v);</strong></span> <span class='ocrx_word' id='word_1_317' title='bbox 440 2324 506 2377; x_wconf 92' lang='lat' dir='ltr'><strong>de</strong></span> <span class='ocrx_word' id='word_1_318' title='bbox 527 2338 636 2393; x_wconf 87' lang='lat' dir='ltr'><strong>quo</strong></span> <span class='ocrx_word' id='word_1_319' title='bbox 665 2331 719 2377; x_wconf 93' lang='lat' dir='ltr'><strong>et</strong></span> <span class='ocrx_word' id='word_1_320' title='bbox 751 2322 946 2377; x_wconf 90' lang='lat' dir='ltr'><strong>Petrus</strong></span> <span class='ocrx_word' id='word_1_321' title='bbox 986 2322 1063 2376; x_wconf 90' lang='lat' dir='ltr'><strong>ait</strong></span> <span class='ocrx_word' id='word_1_322' title='bbox 1094 2340 1107 2375; x_wconf 91' lang='lat'><strong>:</strong></span> <span class='ocrx_word' id='word_1_323' title='bbox 1136 2321 1259 2375; x_wconf 85' lang='lat' dir='ltr'><strong>Non</strong></span> <span class='ocrx_word' id='word_1_324' title='bbox 1281 2329 1360 2376; x_wconf 87' lang='lat' dir='ltr'><strong>est</strong></span> <span class='ocrx_word' id='word_1_325' title='bbox 1412 2322 1549 2375; x_wconf 87' lang='lat' dir='ltr'><strong>enim</strong></span> <span class='ocrx_word' id='word_1_326' title='bbox 1576 2320 1725 2374; x_wconf 86' lang='lat' dir='ltr'><strong>aliud</strong></span> <span class='ocrx_word' id='word_1_327' title='bbox 1770 2336 1863 2373; x_wconf 88' lang='lat' dir='ltr'><strong>no-</strong></span> 
     </span>
    </p>
   </div>
   <div class='ocr_carea' id='block_1_39' title="bbox 270 2412 1865 2483">
    <p class='ocr_par' dir='ltr' id='par_1_39' title="bbox 270 2412 1865 2483">
     <span class='ocr_line' id='line_1_39' title="bbox 270 2412 1865 2483; baseline -0.002 -16"><span class='ocrx_word' id='word_1_328' title='bbox 270 2429 394 2467; x_wconf 86' lang='lat' dir='ltr'><strong>men</strong></span> <span class='ocrx_word' id='word_1_329' title='bbox 434 2413 617 2467; x_wconf 81' lang='lat' dir='ltr'><strong>datum</strong></span> <span class='ocrx_word' id='word_1_330' title='bbox 644 2412 943 2467; x_wconf 80' lang='lat' dir='ltr'><strong>hominibus</strong></span> <span class='ocrx_word' id='word_1_331' title='bbox 980 2428 1138 2482; x_wconf 87' lang='lat' dir='ltr'><strong>super</strong></span> <span class='ocrx_word' id='word_1_332' title='bbox 1180 2420 1395 2477; x_wconf 88' lang='lat' dir='ltr'><strong>terram,</strong></span> <span class='ocrx_word' id='word_1_333' title='bbox 1446 2412 1503 2465; x_wconf 89' lang='lat' dir='ltr'><strong>in</strong></span> <span class='ocrx_word' id='word_1_334' title='bbox 1550 2427 1653 2483; x_wconf 87' lang='lat' dir='ltr'><strong>quo</strong></span> <span class='ocrx_word' id='word_1_335' title='bbox 1710 2426 1865 2481; x_wconf 89' lang='lat' dir='ltr'><strong>opor-</strong></span> 
     </span>
    </p>
   </div>
   <div class='ocr_carea' id='block_1_40' title="bbox 270 2501 1864 2574">
    <p class='ocr_par' dir='ltr' id='par_1_40' title="bbox 270 2501 1864 2574">
     <span class='ocr_line' id='line_1_40' title="bbox 270 2501 1864 2574; baseline -0.002 -17"><span class='ocrx_word' id='word_1_336' title='bbox 270 2512 378 2558; x_wconf 83' lang='lat' dir='ltr'><strong>teat</strong></span> <span class='ocrx_word' id='word_1_337' title='bbox 420 2503 655 2558; x_wconf 75' lang='lat' dir='ltr'><strong>Itomines</strong></span> <span class='ocrx_word' id='word_1_338' title='bbox 695 2501 865 2558; x_wconf 86' lang='lat' dir='ltr'><strong>salvos</strong></span> <span class='ocrx_word' id='word_1_339' title='bbox 897 2503 1017 2570; x_wconf 78' lang='lat' dir='ltr'><strong>ﬁeri</strong></span> <span class='ocrx_word' id='word_1_340' title='bbox 1050 2501 1188 2572; x_wconf 81' lang='lat' dir='ltr'><strong>(Act.</strong></span> <span class='ocrx_word' id='word_1_341' title='bbox 1222 2501 1319 2574; x_wconf 82' lang='lat' dir='ltr'><strong>iv).</strong></span> <span class='ocrx_word' id='word_1_342' title='bbox 1351 2501 1409 2556; x_wconf 86' lang='lat' dir='ltr'><strong>In</strong></span> <span class='ocrx_word' id='word_1_343' title='bbox 1441 2517 1548 2572; x_wconf 86' lang='lat' dir='ltr'><strong>quo</strong></span> <span class='ocrx_word' id='word_1_344' title='bbox 1579 2501 1744 2555; x_wconf 90' lang='lat' dir='ltr'><strong>etiam</strong></span> <span class='ocrx_word' id='word_1_345' title='bbox 1770 2514 1864 2554; x_wconf 86' lang='lat' dir='ltr'><strong>no-</strong></span> 
     </span>
    </p>
   </div>
   <div class='ocr_carea' id='block_1_41' title="bbox 273 2592 1865 2665">
    <p class='ocr_par' dir='ltr' id='par_1_41' title="bbox 273 2592 1865 2665">
     <span class='ocr_line' id='line_1_41' title="bbox 273 2592 1865 2665; baseline -0.003 -16"><span class='ocrx_word' id='word_1_346' title='bbox 273 2594 421 2650; x_wconf 82' lang='lat' dir='ltr'><strong>mine</strong></span> <span class='ocrx_word' id='word_1_347' title='bbox 443 2594 685 2665; x_wconf 85' lang='lat' dir='ltr'><strong>quotidie</strong></span> <span class='ocrx_word' id='word_1_348' title='bbox 704 2594 858 2665; x_wconf 86' lang='lat' dir='ltr'><strong>signa</strong></span> <span class='ocrx_word' id='word_1_349' title='bbox 910 2608 1106 2664; x_wconf 86' lang='lat' dir='ltr'><strong>magna</strong></span> <span class='ocrx_word' id='word_1_350' title='bbox 1133 2602 1190 2648; x_wconf 91' lang='lat' dir='ltr'><strong>ct</strong></span> <span class='ocrx_word' id='word_1_351' title='bbox 1221 2594 1488 2649; x_wconf 86' lang='lat' dir='ltr'><strong>sanitates</strong></span> <span class='ocrx_word' id='word_1_352' title='bbox 1541 2593 1593 2648; x_wconf 92' lang='lat' dir='ltr'><strong>in</strong></span> <span class='ocrx_word' id='word_1_353' title='bbox 1620 2592 1865 2648; x_wconf 86' lang='lat' dir='ltr'><strong>Ecclesia</strong></span> 
     </span>
    </p>
   </div>
   <div class='ocr_carea' id='block_1_42' title="bbox 273 2683 1865 2756">
    <p class='ocr_par' dir='ltr' id='par_1_42' title="bbox 273 2683 1865 2756">
     <span class='ocr_line' id='line_1_42' title="bbox 273 2683 1865 2756; baseline 0 -16"><span class='ocrx_word' id='word_1_354' title='bbox 273 2699 375 2755; x_wconf 86' lang='lat' dir='ltr'><strong>per</strong></span> <span class='ocrx_word' id='word_1_355' title='bbox 394 2685 676 2740; x_wconf 85' lang='lat' dir='ltr'><strong>orationes</strong></span> <span class='ocrx_word' id='word_1_356' title='bbox 702 2683 941 2740; x_wconf 88' lang='lat' dir='ltr'><strong>ﬁdelium</strong></span> <span class='ocrx_word' id='word_1_357' title='bbox 962 2684 1120 2740; x_wconf 90' lang='lat' dir='ltr'><strong>ﬁunt.</strong></span> <span class='ocrx_word' id='word_1_358' title='bbox 1146 2684 1414 2752; x_wconf 86' lang='lat' dir='ltr'><strong>Quoniam</strong></span> <span class='ocrx_word' id='word_1_359' title='bbox 1444 2685 1559 2754; x_wconf 88' lang='lat' dir='ltr'><strong>ipse</strong></span> <span class='ocrx_word' id='word_1_360' title='bbox 1585 2684 1865 2756; x_wconf 85' lang='lat' dir='ltr'><strong>discipulis</strong></span> 
     </span>
    </p>
   </div>
   <div class='ocr_carea' id='block_1_43' title="bbox 276 2775 1867 2847">
    <p class='ocr_par' dir='ltr' id='par_1_43' title="bbox 276 2775 1867 2847">
     <span class='ocr_line' id='line_1_43' title="bbox 276 2775 1867 2847; baseline 0 -18"><span class='ocrx_word' id='word_1_361' title='bbox 276 2775 335 2831; x_wconf 91' lang='lat' dir='ltr'><strong>in</strong></span> <span class='ocrx_word' id='word_1_362' title='bbox 379 2776 672 2847; x_wconf 82' lang='lat' dir='ltr'><strong>Evangelia</strong></span> <span class='ocrx_word' id='word_1_363' title='bbox 701 2776 778 2830; x_wconf 85' lang='lat' dir='ltr'><strong>ait</strong></span> <span class='ocrx_word' id='word_1_364' title='bbox 813 2793 827 2830; x_wconf 90' lang='lat'><strong>:</strong></span> <span class='ocrx_word' id='word_1_365' title='bbox 862 2775 999 2831; x_wconf 84' lang='lat' dir='ltr'><strong>Ecce</strong></span> <span class='ocrx_word' id='word_1_366' title='bbox 1025 2792 1119 2847; x_wconf 80' lang='lat' dir='ltr'><strong>ego</strong></span> <span class='ocrx_word' id='word_1_367' title='bbox 1140 2776 1209 2830; x_wconf 85' lang='lat' dir='ltr'><strong>do</strong></span> <span class='ocrx_word' id='word_1_368' title='bbox 1250 2777 1392 2831; x_wconf 86' lang='lat' dir='ltr'><strong>vobis</strong></span> <span class='ocrx_word' id='word_1_369' title='bbox 1421 2785 1731 2847; x_wconf 84' lang='lat' dir='ltr'><strong>potestatem</strong></span> <span class='ocrx_word' id='word_1_370' title='bbox 1757 2775 1867 2830; x_wconf 90' lang='lat' dir='ltr'><strong>cal-</strong></span> 
     </span>
    </p>
   </div>
   <div class='ocr_carea' id='block_1_44' title="bbox 277 2865 1868 2936">
    <p class='ocr_par' dir='ltr' id='par_1_44' title="bbox 277 2865 1868 2936">
     <span class='ocr_line' id='line_1_44' title="bbox 277 2865 1868 2936; baseline 0 -17"><span class='ocrx_word' id='word_1_371' title='bbox 277 2865 435 2919; x_wconf 86' lang='lat' dir='ltr'><strong>candi</strong></span> <span class='ocrx_word' id='word_1_372' title='bbox 474 2882 630 2936; x_wconf 80' lang='lat' dir='ltr'><strong>super</strong></span> <span class='ocrx_word' id='word_1_373' title='bbox 674 2874 936 2936; x_wconf 78' lang='lat' dir='ltr'><strong>serpentes</strong></span> <span class='ocrx_word' id='word_1_374' title='bbox 965 2874 1014 2920; x_wconf 91' lang='lat' dir='ltr'><strong>et</strong></span> <span class='ocrx_word' id='word_1_375' title='bbox 1043 2866 1341 2935; x_wconf 87' lang='lat' dir='ltr'><strong>scorpiones</strong></span> <span class='ocrx_word' id='word_1_376' title='bbox 1365 2875 1415 2920; x_wconf 91' lang='lat' dir='ltr'><strong>et</strong></span> <span class='ocrx_word' id='word_1_377' title='bbox 1465 2882 1622 2936; x_wconf 82' lang='lat' dir='ltr'><strong>super</strong></span> <span class='ocrx_word' id='word_1_378' title='bbox 1662 2881 1868 2919; x_wconf 85' lang='lat' dir='ltr'><strong>omnem</strong></span> 
     </span>
    </p>
   </div>
   <div class='ocr_carea' id='block_1_45' title="bbox 275 2954 1866 3027">
    <p class='ocr_par' dir='ltr' id='par_1_45' title="bbox 275 2954 1866 3027">
     <span class='ocr_line' id='line_1_45' title="bbox 275 2954 1866 3027; baseline 0.001 -17"><span class='ocrx_word' id='word_1_379' title='bbox 275 2956 519 3010; x_wconf 78' lang='lat' dir='ltr'><strong>virtutem</strong></span> <span class='ocrx_word' id='word_1_380' title='bbox 558 2955 777 3010; x_wconf 87' lang='lat' dir='ltr'><strong>inimici.</strong></span> <span class='ocrx_word' id='word_1_381' title='bbox 803 2955 1000 3011; x_wconf 86' lang='lat' dir='ltr'><strong>Euntes</strong></span> <span class='ocrx_word' id='word_1_382' title='bbox 1038 2955 1319 3026; x_wconf 72' lang='lat' dir='ltr'><strong>pra&#39;dicate</strong></span> <span class='ocrx_word' id='word_1_383' title='bbox 1350 2955 1694 3027; x_wconf 81' lang='lat' dir='ltr'><strong>Evangelium</strong></span> <span class='ocrx_word' id='word_1_384' title='bbox 1715 2954 1866 3027; x_wconf 86' lang='lat' dir='ltr'><strong>(Luc.</strong></span> 
     </span>
    </p>
   </div>
   <div class='ocr_carea' id='block_1_46' title="bbox 277 3041 1867 3117">
    <p class='ocr_par' dir='ltr' id='par_1_46' title="bbox 277 3041 1867 3117">
     <span class='ocr_line' id='line_1_46' title="bbox 277 3041 1867 3117; baseline 0.004 -20"><span class='ocrx_word' id='word_1_385' title='bbox 277 3059 340 3110; x_wconf 73' lang='grc' dir='ltr'>ι,</span> <span class='ocrx_word' id='word_1_386' title='bbox 386 3041 555 3099; x_wconf 78' lang='lat' dir='ltr'><strong>Mare.</strong></span> <span class='ocrx_word' id='word_1_387' title='bbox 586 3044 722 3117; x_wconf 76' lang='lat' dir='ltr'><strong>xvi).</strong></span> <span class='ocrx_word' id='word_1_388' title='bbox 771 3045 1026 3101; x_wconf 89' lang='lat' dir='ltr'><strong>lnﬁrmos</strong></span> <span class='ocrx_word' id='word_1_389' title='bbox 1070 3056 1282 3113; x_wconf 88' lang='lat' dir='ltr'><strong>curate,</strong></span> <span class='ocrx_word' id='word_1_390' title='bbox 1312 3055 1561 3103; x_wconf 89' lang='lat' dir='ltr'><strong>mortuos</strong></span> <span class='ocrx_word' id='word_1_391' title='bbox 1585 3048 1867 3115; x_wconf 87' lang='lat' dir='ltr'><strong>suscitate,</strong></span> 
     </span>
    </p>
   </div>
   <div class='ocr_carea' id='block_1_47' title="bbox 276 3133 1866 3209">
    <p class='ocr_par' dir='ltr' id='par_1_47' title="bbox 276 3133 1866 3209">
     <span class='ocr_line' id='line_1_47' title="bbox 276 3133 1866 3209; baseline 0.003 -21"><span class='ocrx_word' id='word_1_392' title='bbox 276 3133 525 3203; x_wconf 84' lang='lat' dir='ltr'><strong>leprosos</strong></span> <span class='ocrx_word' id='word_1_393' title='bbox 573 3136 849 3201; x_wconf 86' lang='lat' dir='ltr'><strong>mundate,</strong></span> <span class='ocrx_word' id='word_1_394' title='bbox 884 3137 1158 3191; x_wconf 63' lang='lat' dir='ltr'><strong>daemones</strong></span> <span class='ocrx_word' id='word_1_395' title='bbox 1191 3135 1391 3205; x_wconf 89' lang='lat' dir='ltr'><strong>ejicite.</strong></span> <span class='ocrx_word' id='word_1_396' title='bbox 1433 3136 1573 3204; x_wconf 86' lang='lat' dir='ltr'><strong>Quid</strong></span> <span class='ocrx_word' id='word_1_397' title='bbox 1606 3152 1736 3209; x_wconf 89' lang='lat' dir='ltr'><strong>ergo</strong></span> <span class='ocrx_word' id='word_1_398' title='bbox 1771 3153 1866 3193; x_wconf 56' lang='lat' dir='ltr'><strong>ne-</strong></span> 
     </span>
    </p>
   </div>
   <div class='ocr_carea' id='block_1_48' title="bbox 278 3205 1944 3297">
    <p class='ocr_par' dir='ltr' id='par_1_48' title="bbox 278 3205 1944 3297">
     <span class='ocr_line' id='line_1_48' title="bbox 278 3205 1944 3297; baseline 0.003 -19"><span class='ocrx_word' id='word_1_399' title='bbox 278 3238 439 3279; x_wconf 88' lang='lat' dir='ltr'><strong>cesse</strong></span> <span class='ocrx_word' id='word_1_400' title='bbox 486 3234 570 3281; x_wconf 90' lang='lat' dir='ltr'><strong>est</strong></span> <span class='ocrx_word' id='word_1_401' title='bbox 609 3226 840 3296; x_wconf 81' lang='lat' dir='ltr'><strong>salutem</strong></span> <span class='ocrx_word' id='word_1_402' title='bbox 896 3226 965 3281; x_wconf 89' lang='lat' dir='ltr'><strong>ab</strong></span> <span class='ocrx_word' id='word_1_403' title='bbox 1012 3226 1119 3281; x_wconf 89' lang='lat' dir='ltr'><strong>alio</strong></span> <span class='ocrx_word' id='word_1_404' title='bbox 1158 3243 1321 3297; x_wconf 90' lang='lat' dir='ltr'><strong>quam</strong></span> <span class='ocrx_word' id='word_1_405' title='bbox 1377 3244 1409 3282; x_wconf 90' lang='lat' dir='ltr'><strong>a</strong></span> <span class='ocrx_word' id='word_1_406' title='bbox 1459 3205 1872 3284; x_wconf 41' lang='lat' dir='ltr'><strong>medico&#39;omni-</strong></span> <span class='ocrx_word' id='word_1_407' title='bbox 1900 3205 1944 3267; x_wconf 63' lang='grc' dir='ltr'>(ἶ</span> 
     </span>
    </p>
   </div>
   <div class='ocr_carea' id='block_1_49' title="bbox 274 3316 1874 3387">
    <p class='ocr_par' dir='ltr' id='par_1_49' title="bbox 274 3316 1874 3387">
     <span class='ocr_line' id='line_1_49' title="bbox 274 3316 1874 3387; baseline 0.004 -18"><span class='ocrx_word' id='word_1_408' title='bbox 274 3323 500 3384; x_wconf 86' lang='lat' dir='ltr'><strong>potente</strong></span> <span class='ocrx_word' id='word_1_409' title='bbox 559 3319 846 3387; x_wconf 78' lang='lat' dir='ltr'><strong>quaerere?</strong></span> <span class='ocrx_word' id='word_1_410' title='bbox 885 3316 994 3372; x_wconf 84' lang='lat' dir='ltr'><strong>Aut</strong></span> <span class='ocrx_word' id='word_1_411' title='bbox 1033 3332 1154 3387; x_wconf 68' lang='lat' dir='ltr'><strong>qure</strong></span> <span class='ocrx_word' id='word_1_412' title='bbox 1204 3318 1345 3374; x_wconf 90' lang='lat' dir='ltr'><strong>ratio</strong></span> <span class='ocrx_word' id='word_1_413' title='bbox 1374 3326 1459 3374; x_wconf 91' lang='lat' dir='ltr'><strong>est</strong></span> <span class='ocrx_word' id='word_1_414' title='bbox 1491 3319 1774 3374; x_wconf 86' lang='lat' dir='ltr'><strong>scientiam</strong></span> <span class='ocrx_word' id='word_1_415' title='bbox 1820 3327 1874 3375; x_wconf 91' lang='lat' dir='ltr'><strong>et</strong></span> 
     </span>
    </p>
   </div>
   <div class='ocr_carea' id='block_1_50' title="bbox 281 3408 1871 3480">
    <p class='ocr_par' dir='ltr' id='par_1_50' title="bbox 281 3408 1871 3480">
     <span class='ocr_line' id='line_1_50' title="bbox 281 3408 1871 3480; baseline 0.002 -18"><span class='ocrx_word' id='word_1_416' title='bbox 281 3408 610 3478; x_wconf 86' lang='lat' dir='ltr'><strong>sapientiam</strong></span> <span class='ocrx_word' id='word_1_417' title='bbox 648 3411 718 3465; x_wconf 87' lang='lat' dir='ltr'><strong>ab</strong></span> <span class='ocrx_word' id='word_1_418' title='bbox 765 3411 871 3465; x_wconf 89' lang='lat' dir='ltr'><strong>alio</strong></span> <span class='ocrx_word' id='word_1_419' title='bbox 918 3410 1156 3480; x_wconf 88' lang='lat' dir='ltr'><strong>quolibet</strong></span> <span class='ocrx_word' id='word_1_420' title='bbox 1187 3410 1398 3465; x_wconf 90' lang='lat' dir='ltr'><strong>discere</strong></span> <span class='ocrx_word' id='word_1_421' title='bbox 1429 3410 1585 3475; x_wconf 90' lang='lat' dir='ltr'><strong>velle,</strong></span> <span class='ocrx_word' id='word_1_422' title='bbox 1610 3426 1769 3480; x_wconf 86' lang='lat' dir='ltr'><strong>quam</strong></span> <span class='ocrx_word' id='word_1_423' title='bbox 1803 3411 1871 3465; x_wconf 87' lang='lat' dir='ltr'><strong>ab</strong></span> 
     </span>
    </p>
   </div>
   <div class='ocr_carea' id='block_1_51' title="bbox 274 3500 1870 3571">
    <p class='ocr_par' dir='ltr' id='par_1_51' title="bbox 274 3500 1870 3571">
     <span class='ocr_line' id='line_1_51' title="bbox 274 3500 1870 3571; baseline 0.001 -18"><span class='ocrx_word' id='word_1_424' title='bbox 274 3500 430 3554; x_wconf 79' lang='lat' dir='ltr'><strong>omni</strong></span> <span class='ocrx_word' id='word_1_425' title='bbox 451 3502 729 3570; x_wconf 66' lang='lat' dir='ltr'><strong>sapientia:</strong></span> <span class='ocrx_word' id='word_1_426' title='bbox 755 3510 811 3557; x_wconf 93' lang='lat' dir='ltr'><strong>et</strong></span> <span class='ocrx_word' id='word_1_427' title='bbox 847 3502 1091 3557; x_wconf 80' lang='lat' dir='ltr'><strong>scientia:</strong></span> <span class='ocrx_word' id='word_1_428' title='bbox 1119 3502 1298 3556; x_wconf 83' lang='lat' dir='ltr'><strong>fronte</strong></span> <span class='ocrx_word' id='word_1_429' title='bbox 1322 3502 1346 3556; x_wconf 88' lang='lat'><strong>?</strong></span> <span class='ocrx_word' id='word_1_430' title='bbox 1370 3503 1446 3556; x_wconf 89' lang='lat' dir='ltr'><strong>De</strong></span> <span class='ocrx_word' id='word_1_431' title='bbox 1469 3517 1576 3571; x_wconf 88' lang='lat' dir='ltr'><strong>quo</strong></span> <span class='ocrx_word' id='word_1_432' title='bbox 1606 3503 1870 3571; x_wconf 89' lang='lat' dir='ltr'><strong>scriptum</strong></span> 
     </span>
    </p>
   </div>
   <div class='ocr_carea' id='block_1_52' title="bbox 275 3583 1874 3659">
    <p class='ocr_par' dir='ltr' id='par_1_52' title="bbox 275 3583 1874 3659">
     <span class='ocr_line' id='line_1_52' title="bbox 275 3583 1874 3659; baseline 0 -20"><span class='ocrx_word' id='word_1_433' title='bbox 275 3591 367 3639; x_wconf 79' lang='lat' dir='ltr'><strong>est</strong></span> <span class='ocrx_word' id='word_1_434' title='bbox 400 3601 414 3637; x_wconf 90' lang='lat'><strong>:</strong></span> <span class='ocrx_word' id='word_1_435' title='bbox 447 3583 631 3639; x_wconf 85' lang='lat' dir='ltr'><strong>Omnis</strong></span> <span class='ocrx_word' id='word_1_436' title='bbox 655 3586 914 3659; x_wconf 87' lang='lat' dir='ltr'><strong>sapientia</strong></span> <span class='ocrx_word' id='word_1_437' title='bbox 954 3603 986 3639; x_wconf 91' lang='lat' dir='ltr'><strong>a</strong></span> <span class='ocrx_word' id='word_1_438' title='bbox 1018 3585 1245 3640; x_wconf 85' lang='lat' dir='ltr'><strong>Domino</strong></span> <span class='ocrx_word' id='word_1_439' title='bbox 1268 3585 1380 3640; x_wconf 90' lang='lat' dir='ltr'><strong>Deo</strong></span> <span class='ocrx_word' id='word_1_440' title='bbox 1433 3596 1616 3659; x_wconf 87' lang='lat' dir='ltr'><strong>est,_et</strong></span> <span class='ocrx_word' id='word_1_441' title='bbox 1638 3587 1777 3656; x_wconf 84' lang='lat' dir='ltr'><strong>apud</strong></span> <span class='ocrx_word' id='word_1_442' title='bbox 1809 3586 1874 3640; x_wconf 58' lang='grc' dir='ltr'><strong>ει-</strong></span> 
     </span>
    </p>
   </div>
   <div class='ocr_carea' id='block_1_53' title="bbox 274 3671 1875 3743">
    <p class='ocr_par' dir='ltr' id='par_1_53' title="bbox 274 3671 1875 3743">
     <span class='ocr_line' id='line_1_53' title="bbox 274 3671 1875 3743; baseline 0.004 -19"><span class='ocrx_word' id='word_1_443' title='bbox 274 3671 395 3725; x_wconf 80' lang='lat' dir='ltr'><strong>lum</strong></span> <span class='ocrx_word' id='word_1_444' title='bbox 418 3671 517 3741; x_wconf 77' lang='lat' dir='ltr'><strong>fuit</strong></span> <span class='ocrx_word' id='word_1_445' title='bbox 555 3690 776 3743; x_wconf 85' lang='lat' dir='ltr'><strong>semper,</strong></span> <span class='ocrx_word' id='word_1_446' title='bbox 813 3683 860 3727; x_wconf 91' lang='lat' dir='ltr'><strong>et</strong></span> <span class='ocrx_word' id='word_1_447' title='bbox 890 3683 966 3727; x_wconf 90' lang='lat' dir='ltr'><strong>est</strong></span> <span class='ocrx_word' id='word_1_448' title='bbox 1017 3685 1137 3728; x_wconf 90' lang='lat' dir='ltr'><strong>ante</strong></span> <span class='ocrx_word' id='word_1_449' title='bbox 1178 3693 1317 3729; x_wconf 87' lang='lat' dir='ltr'><strong>eum.</strong></span> <span class='ocrx_word' id='word_1_450' title='bbox 1367 3676 1595 3731; x_wconf 85' lang='lat' dir='ltr'><strong>Arenam</strong></span> <span class='ocrx_word' id='word_1_451' title='bbox 1616 3678 1799 3741; x_wconf 87' lang='lat' dir='ltr'><strong>maris,</strong></span> <span class='ocrx_word' id='word_1_452' title='bbox 1826 3686 1875 3730; x_wconf 87' lang='lat' dir='ltr'><strong>et</strong></span> 
     </span>
    </p>
   </div>
   <div class='ocr_carea' id='block_1_54' title="bbox 256 3760 1873 3836">
    <p class='ocr_par' dir='ltr' id='par_1_54' title="bbox 256 3760 1873 3836">
     <span class='ocr_line' id='line_1_54' title="bbox 256 3760 1873 3836; baseline 0.004 -22"><span class='ocrx_word' id='word_1_453' title='bbox 256 3760 472 3832; x_wconf 77' lang='lat' dir='ltr'><strong>&#39;pluvite</strong></span> <span class='ocrx_word' id='word_1_454' title='bbox 512 3772 685 3832; x_wconf 84' lang='lat' dir='ltr'><strong>guttas</strong></span> <span class='ocrx_word' id='word_1_455' title='bbox 708 3772 755 3817; x_wconf 91' lang='lat' dir='ltr'><strong>et</strong></span> <span class='ocrx_word' id='word_1_456' title='bbox 814 3764 925 3818; x_wconf 83' lang='lat' dir='ltr'><strong>dies</strong></span> <span class='ocrx_word' id='word_1_457' title='bbox 967 3765 1149 3819; x_wconf 66' lang='lat' dir='ltr'><strong>saeculi</strong></span> <span class='ocrx_word' id='word_1_458' title='bbox 1188 3768 1306 3836; x_wconf 87' lang='lat' dir='ltr'><strong>quis</strong></span> <span class='ocrx_word' id='word_1_459' title='bbox 1330 3768 1682 3822; x_wconf 86' lang='lat' dir='ltr'><strong>dinumerabit</strong></span> <span class='ocrx_word' id='word_1_460' title='bbox 1709 3769 1734 3821; x_wconf 81' lang='lat'><strong><em>?</em></strong></span> <span class='ocrx_word' id='word_1_461' title='bbox 1775 3768 1873 3821; x_wconf 82' lang='lat' dir='ltr'><strong>Al-</strong></span> 
     </span>
    </p>
   </div>
   <div class='ocr_carea' id='block_1_55' title="bbox 272 3851 1875 3928">
    <p class='ocr_par' dir='ltr' id='par_1_55' title="bbox 272 3851 1875 3928">
     <span class='ocr_line' id='line_1_55' title="bbox 272 3851 1875 3928; baseline 0.003 -21"><span class='ocrx_word' id='word_1_462' title='bbox 272 3851 563 3907; x_wconf 70' lang='lat' dir='ltr'><strong>titudinem</strong></span> <span class='ocrx_word' id='word_1_463' title='bbox 607 3853 722 3908; x_wconf 75' lang='lat' dir='ltr'><strong>caeli</strong></span> <span class='ocrx_word' id='word_1_464' title='bbox 757 3864 806 3909; x_wconf 88' lang='lat' dir='ltr'><strong>et</strong></span> <span class='ocrx_word' id='word_1_465' title='bbox 850 3854 1183 3910; x_wconf 80' lang='lat' dir='ltr'><strong>latitudinem</strong></span> <span class='ocrx_word' id='word_1_466' title='bbox 1232 3867 1406 3922; x_wconf 83' lang='lat' dir='ltr'><strong>teme,</strong></span> <span class='ocrx_word' id='word_1_467' title='bbox 1458 3867 1511 3911; x_wconf 89' lang='lat' dir='ltr'><strong>et</strong></span> <span class='ocrx_word' id='word_1_468' title='bbox 1552 3858 1875 3928; x_wconf 71' lang='lat' dir='ltr'><strong>profundum</strong></span> 
     </span>
    </p>
   </div>
   <div class='ocr_carea' id='block_1_56' title="bbox 273 3941 1875 4018">
    <p class='ocr_par' dir='ltr' id='par_1_56' title="bbox 273 3941 1875 4018">
     <span class='ocr_line' id='line_1_56' title="bbox 273 3941 1875 4018; baseline 0.003 -22"><span class='ocrx_word' id='word_1_469' title='bbox 273 3941 461 4014; x_wconf 84' lang='lat' dir='ltr'><strong>abyssi</strong></span> <span class='ocrx_word' id='word_1_470' title='bbox 502 3943 618 4013; x_wconf 87' lang='lat' dir='ltr'><strong>quis</strong></span> <span class='ocrx_word' id='word_1_471' title='bbox 658 3959 868 3998; x_wconf 83' lang='lat' dir='ltr'><strong>mensus</strong></span> <span class='ocrx_word' id='word_1_472' title='bbox 911 3954 988 3998; x_wconf 87' lang='lat' dir='ltr'><strong>est</strong></span> <span class='ocrx_word' id='word_1_473' title='bbox 1014 3946 1037 3985; x_wconf 76' lang='grc'>9</span> <span class='ocrx_word' id='word_1_474' title='bbox 1075 3944 1403 4017; x_wconf 88' lang='lat' dir='ltr'><strong>Sapientiam</strong></span> <span class='ocrx_word' id='word_1_475' title='bbox 1448 3947 1546 4001; x_wconf 86' lang='lat' dir='ltr'><strong>Dei</strong></span> <span class='ocrx_word' id='word_1_476' title='bbox 1575 3948 1875 4018; x_wconf 77' lang='lat' dir='ltr'><strong>prwcetlen-</strong></span> 
     </span>
    </p>
   </div>
   <div class='ocr_carea' id='block_1_57' title="bbox 276 4033 1876 4106">
    <p class='ocr_par' dir='ltr' id='par_1_57' title="bbox 276 4033 1876 4106">
     <span class='ocr_line' id='line_1_57' title="bbox 276 4033 1876 4106; baseline 0.001 -16"><span class='ocrx_word' id='word_1_477' title='bbox 276 4045 389 4090; x_wconf 68' lang='lat' dir='ltr'><strong>seu:</strong></span> <span class='ocrx_word' id='word_1_478' title='bbox 419 4034 593 4089; x_wconf 89' lang='lat' dir='ltr'><strong>omnia</strong></span> <span class='ocrx_word' id='word_1_479' title='bbox 634 4036 751 4105; x_wconf 88' lang='lat' dir='ltr'><strong>quis</strong></span> <span class='ocrx_word' id='word_1_480' title='bbox 790 4035 1165 4106; x_wconf 83' lang='lat' dir='ltr'><strong>investigabit?</strong></span> <span class='ocrx_word' id='word_1_481' title='bbox 1218 4033 1380 4091; x_wconf 86' lang='lat' dir='ltr'><strong>Prior</strong></span> <span class='ocrx_word' id='word_1_482' title='bbox 1419 4040 1654 4092; x_wconf 88' lang='lat' dir='ltr'><strong>omnium</strong></span> <span class='ocrx_word' id='word_1_483' title='bbox 1699 4048 1876 4091; x_wconf 90' lang='lat' dir='ltr'><strong>creata</strong></span> 
     </span>
    </p>
   </div>
   <div class='ocr_carea' id='block_1_58' title="bbox 278 4124 1905 4196">
    <p class='ocr_par' dir='ltr' id='par_1_58' title="bbox 278 4124 1905 4196">
     <span class='ocr_line' id='line_1_58' title="bbox 278 4124 1905 4196; baseline 0.005 -19"><span class='ocrx_word' id='word_1_484' title='bbox 278 4132 363 4178; x_wconf 79' lang='lat' dir='ltr'><strong>est</strong></span> <span class='ocrx_word' id='word_1_485' title='bbox 400 4125 656 4193; x_wconf 84' lang='lat' dir='ltr'><strong>sapientia</strong></span> <span class='ocrx_word' id='word_1_486' title='bbox 696 4135 745 4180; x_wconf 86' lang='lat' dir='ltr'><strong>et</strong></span> <span class='ocrx_word' id='word_1_487' title='bbox 794 4124 1081 4180; x_wconf 86' lang='lat' dir='ltr'><strong>intellectus</strong></span> <span class='ocrx_word' id='word_1_488' title='bbox 1111 4127 1406 4196; x_wconf 71' lang='lat' dir='ltr'><strong>prudentia:</strong></span> <span class='ocrx_word' id='word_1_489' title='bbox 1448 4128 1513 4182; x_wconf 88' lang='lat' dir='ltr'><strong>ab</strong></span> <span class='ocrx_word' id='word_1_490' title='bbox 1552 4145 1680 4183; x_wconf 69' lang='lat' dir='ltr'><strong>(evo.</strong></span> <span class='ocrx_word' id='word_1_491' title='bbox 1732 4128 1905 4185; x_wconf 82' lang='lat' dir='ltr'><strong>Fons.</strong></span> 
     </span>
    </p>
   </div>
   <div class='ocr_carea' id='block_1_59' title="bbox 285 4210 1877 4288">
    <p class='ocr_par' dir='ltr' id='par_1_59' title="bbox 285 4210 1877 4288">
     <span class='ocr_line' id='line_1_59' title="bbox 285 4210 1877 4288; baseline 0.007 -24"><span class='ocrx_word' id='word_1_492' title='bbox 285 4210 565 4282; x_wconf 67' lang='lat' dir='ltr'><strong>sapientia</strong></span> <span class='ocrx_word' id='word_1_493' title='bbox 607 4214 816 4268; x_wconf 83' lang='lat' dir='ltr'><strong>verbum</strong></span> <span class='ocrx_word' id='word_1_494' title='bbox 867 4213 960 4269; x_wconf 91' lang='lat' dir='ltr'><strong>Dei</strong></span> <span class='ocrx_word' id='word_1_495' title='bbox 984 4215 1039 4267; x_wconf 87' lang='lat' dir='ltr'><strong>in</strong></span> <span class='ocrx_word' id='word_1_496' title='bbox 1086 4215 1325 4281; x_wconf 72' lang='lat' dir='ltr'><strong>excelsis,</strong></span> <span class='ocrx_word' id='word_1_497' title='bbox 1349 4227 1395 4270; x_wconf 88' lang='lat' dir='ltr'><strong>et</strong></span> <span class='ocrx_word' id='word_1_498' title='bbox 1420 4218 1683 4288; x_wconf 82' lang='lat' dir='ltr'><strong>ingressus</strong></span> <span class='ocrx_word' id='word_1_499' title='bbox 1732 4218 1877 4275; x_wconf 88' lang='lat' dir='ltr'><strong>illius</strong></span> 
     </span>
    </p>
   </div>
   <div class='ocr_carea' id='block_1_60' title="bbox 282 4302 1879 4379">
    <p class='ocr_par' dir='ltr' id='par_1_60' title="bbox 282 4302 1879 4379">
     <span class='ocr_line' id='line_1_60' title="bbox 282 4302 1879 4379; baseline 0.008 -23"><span class='ocrx_word' id='word_1_500' title='bbox 282 4302 541 4379; x_wconf 62' lang='lat' dir='ltr'><strong>mandata</strong></span> <span class='ocrx_word' id='word_1_501' title='bbox 562 4313 757 4358; x_wconf 64' lang='lat' dir='ltr'><strong>veterna</strong></span> <span class='ocrx_word' id='word_1_502' title='bbox 804 4305 937 4377; x_wconf 88' lang='lat' dir='ltr'><strong>(Sir.</strong></span> <span class='ocrx_word' id='word_1_503' title='bbox 985 4305 1046 4377; x_wconf 86' lang='grc' dir='ltr'><strong>ι).</strong></span> <span class='ocrx_word' id='word_1_504' title='bbox 1102 4308 1203 4374; x_wconf 83' lang='lat' dir='ltr'><strong>Qui</strong></span> <span class='ocrx_word' id='word_1_505' title='bbox 1251 4310 1393 4363; x_wconf 89' lang='lat' dir='ltr'><strong>enim</strong></span> <span class='ocrx_word' id='word_1_506' title='bbox 1425 4311 1542 4365; x_wconf 90' lang='lat' dir='ltr'><strong>sine</strong></span> <span class='ocrx_word' id='word_1_507' title='bbox 1594 4311 1879 4369; x_wconf 87' lang='lat' dir='ltr'><strong>Salvatore</strong></span> 
     </span>
    </p>
   </div>
   <div class='ocr_carea' id='block_1_61' title="bbox 285 4389 1878 4470">
    <p class='ocr_par' dir='ltr' id='par_1_61' title="bbox 285 4389 1878 4470">
     <span class='ocr_line' id='line_1_61' title="bbox 285 4389 1878 4470; baseline 0.008 -24"><span class='ocrx_word' id='word_1_508' title='bbox 285 4389 522 4447; x_wconf 85' lang='lat' dir='ltr'><strong>salutem</strong></span> <span class='ocrx_word' id='word_1_509' title='bbox 550 4394 663 4447; x_wconf 91' lang='lat' dir='ltr'><strong>vult</strong></span> <span class='ocrx_word' id='word_1_510' title='bbox 689 4394 910 4461; x_wconf 90' lang='lat' dir='ltr'><strong>habere,</strong></span> <span class='ocrx_word' id='word_1_511' title='bbox 949 4404 1004 4451; x_wconf 90' lang='lat' dir='ltr'><strong>et</strong></span> <span class='ocrx_word' id='word_1_512' title='bbox 1050 4398 1168 4452; x_wconf 91' lang='lat' dir='ltr'><strong>sine</strong></span> <span class='ocrx_word' id='word_1_513' title='bbox 1190 4414 1317 4453; x_wconf 86' lang='lat' dir='ltr'><strong>vera</strong></span> <span class='ocrx_word' id='word_1_514' title='bbox 1344 4401 1607 4470; x_wconf 87' lang='lat' dir='ltr'><strong>sapientia</strong></span> <span class='ocrx_word' id='word_1_515' title='bbox 1647 4404 1878 4458; x_wconf 68' lang='lat' dir='ltr'><strong>testimat</strong></span> 
     </span>
    </p>
   </div>
   <div class='ocr_carea' id='block_1_62' title="bbox 285 4483 1871 4566">
    <p class='ocr_par' dir='ltr' id='par_1_62' title="bbox 285 4483 1871 4566">
     <span class='ocr_line' id='line_1_62' title="bbox 285 4483 1871 4566; baseline 0.008 -28"><span class='ocrx_word' id='word_1_516' title='bbox 285 4498 351 4539; x_wconf 88' lang='lat' dir='ltr'><strong>se</strong></span> <span class='ocrx_word' id='word_1_517' title='bbox 376 4483 698 4553; x_wconf 88' lang='lat' dir='ltr'><strong>prudentem</strong></span> <span class='ocrx_word' id='word_1_518' title='bbox 740 4487 861 4542; x_wconf 89' lang='lat' dir='ltr'><strong>ﬁeri</strong></span> <span class='ocrx_word' id='word_1_519' title='bbox 919 4503 1099 4558; x_wconf 81' lang='lat' dir='ltr'><strong>posse,</strong></span> <span class='ocrx_word' id='word_1_520' title='bbox 1149 4508 1255 4546; x_wconf 92' lang='lat' dir='ltr'><strong>non</strong></span> <span class='ocrx_word' id='word_1_521' title='bbox 1285 4492 1488 4558; x_wconf 90' lang='lat' dir='ltr'><strong>salvus,</strong></span> <span class='ocrx_word' id='word_1_522' title='bbox 1541 4495 1634 4550; x_wconf 89' lang='lat' dir='ltr'><strong>sed</strong></span> <span class='ocrx_word' id='word_1_523' title='bbox 1682 4512 1871 4566; x_wconf 61' lang='lat' dir='ltr'><strong>aeger;</strong></span> 
     </span>
    </p>
   </div>
   <div class='ocr_carea' id='block_1_63' title="bbox 287 4570 1876 4647">
    <p class='ocr_par' dir='ltr' id='par_1_63' title="bbox 287 4570 1876 4647">
     <span class='ocr_line' id='line_1_63' title="bbox 287 4570 1876 4647; baseline 0.01 -26"><span class='ocrx_word' id='word_1_524' title='bbox 287 4582 401 4621; x_wconf 86' lang='lat' dir='ltr'><strong>non</strong></span> <span class='ocrx_word' id='word_1_525' title='bbox 436 4570 691 4637; x_wconf 85' lang='lat' dir='ltr'><strong>prudens,</strong></span> <span class='ocrx_word' id='word_1_526' title='bbox 735 4572 830 4625; x_wconf 90' lang='lat' dir='ltr'><strong>sed</strong></span> <span class='ocrx_word' id='word_1_527' title='bbox 880 4575 1078 4629; x_wconf 87' lang='lat' dir='ltr'><strong>stultus</strong></span> <span class='ocrx_word' id='word_1_528' title='bbox 1105 4575 1158 4630; x_wconf 91' lang='lat' dir='ltr'><strong>iu</strong></span> <span class='ocrx_word' id='word_1_529' title='bbox 1188 4578 1509 4647; x_wconf 62' lang='lat' dir='ltr'><strong>aegritudine</strong></span> <span class='ocrx_word' id='word_1_530' title='bbox 1558 4582 1876 4637; x_wconf 85' lang='lat' dir='ltr'><strong>assiduala-</strong></span> 
     </span>
    </p>
   </div>
   <div class='ocr_carea' id='block_1_64' title="bbox 286 4659 1880 4730">
    <p class='ocr_par' dir='ltr' id='par_1_64' title="bbox 286 4659 1880 4730">
     <span class='ocr_line' id='line_1_64' title="bbox 286 4659 1880 4730; baseline 0.009 -16"><span class='ocrx_word' id='word_1_531' title='bbox 286 4659 527 4724; x_wconf 81' lang='lat' dir='ltr'><strong>borabit,</strong></span> <span class='ocrx_word' id='word_1_532' title='bbox 578 4668 633 4715; x_wconf 86' lang='lat' dir='ltr'><strong>et</strong></span> <span class='ocrx_word' id='word_1_533' title='bbox 677 4663 732 4715; x_wconf 87' lang='lat' dir='ltr'><strong>in</strong></span> <span class='ocrx_word' id='word_1_534' title='bbox 784 4666 1028 4721; x_wconf 61' lang='lat' dir='ltr'><strong>caecitate</strong></span> <span class='ocrx_word' id='word_1_535' title='bbox 1072 4670 1234 4723; x_wconf 73' lang='lat' dir='ltr'><strong>noxia</strong></span> <span class='ocrx_word' id='word_1_536' title='bbox 1287 4670 1486 4725; x_wconf 88' lang='lat' dir='ltr'><strong>stultus</strong></span> <span class='ocrx_word' id='word_1_537' title='bbox 1559 4682 1613 4725; x_wconf 91' lang='lat' dir='ltr'><strong>et</strong></span> <span class='ocrx_word' id='word_1_538' title='bbox 1655 4674 1880 4730; x_wconf 90' lang='lat' dir='ltr'><strong>demens</strong></span> 
     </span>
    </p>
   </div>
   <div class='ocr_carea' id='block_1_65' title="bbox 289 4749 1878 4827">
    <p class='ocr_par' dir='ltr' id='par_1_65' title="bbox 289 4749 1878 4827">
     <span class='ocr_line' id='line_1_65' title="bbox 289 4749 1878 4827; baseline 0.013 -27"><span class='ocrx_word' id='word_1_539' title='bbox 289 4749 671 4817; x_wconf 87' lang='lat' dir='ltr'><strong>permanebit:</strong></span> <span class='ocrx_word' id='word_1_540' title='bbox 703 4766 766 4806; x_wconf 91' lang='lat' dir='ltr'><strong>ac</strong></span> <span class='ocrx_word' id='word_1_541' title='bbox 786 4754 1013 4821; x_wconf 87' lang='lat' dir='ltr'><strong>proinde</strong></span> <span class='ocrx_word' id='word_1_542' title='bbox 1060 4758 1236 4811; x_wconf 90' lang='lat' dir='ltr'><strong>omnis</strong></span> <span class='ocrx_word' id='word_1_543' title='bbox 1275 4758 1576 4827; x_wconf 88' lang='lat' dir='ltr'><strong>inquisitio,</strong></span> <span class='ocrx_word' id='word_1_544' title='bbox 1627 4773 1681 4818; x_wconf 93' lang='lat' dir='ltr'><strong>et</strong></span> <span class='ocrx_word' id='word_1_545' title='bbox 1702 4767 1878 4821; x_wconf 92' lang='lat' dir='ltr'><strong>omnis</strong></span> 
     </span>
    </p>
   </div>
   <div class='ocr_carea' id='block_1_66' title="bbox 290 4840 1880 4922">
    <p class='ocr_par' dir='ltr' id='par_1_66' title="bbox 290 4840 1880 4922">
     <span class='ocr_line' id='line_1_66' title="bbox 290 4840 1880 4922; baseline 0.009 -26"><span class='ocrx_word' id='word_1_546' title='bbox 290 4840 528 4905; x_wconf 89' lang='lat' dir='ltr'><strong>curatio,</strong></span> <span class='ocrx_word' id='word_1_547' title='bbox 575 4856 695 4911; x_wconf 72' lang='lat' dir='ltr'><strong>qua:</strong></span> <span class='ocrx_word' id='word_1_548' title='bbox 719 4858 749 4897; x_wconf 91' lang='lat' dir='ltr'><strong>a</strong></span> <span class='ocrx_word' id='word_1_549' title='bbox 782 4843 980 4900; x_wconf 89' lang='lat' dir='ltr'><strong>divinis</strong></span> <span class='ocrx_word' id='word_1_550' title='bbox 1029 4854 1086 4901; x_wconf 87' lang='lat' dir='ltr'><strong>et</strong></span> <span class='ocrx_word' id='word_1_551' title='bbox 1136 4850 1328 4918; x_wconf 86' lang='lat' dir='ltr'><strong>magis,</strong></span> <span class='ocrx_word' id='word_1_552' title='bbox 1380 4850 1465 4905; x_wconf 88' lang='lat' dir='ltr'><strong>vel</strong></span> <span class='ocrx_word' id='word_1_553' title='bbox 1502 4853 1572 4907; x_wconf 90' lang='lat' dir='ltr'><strong>ab</strong></span> <span class='ocrx_word' id='word_1_554' title='bbox 1612 4853 1743 4922; x_wconf 89' lang='lat' dir='ltr'><strong>ipsis</strong></span> <span class='ocrx_word' id='word_1_555' title='bbox 1771 4855 1880 4910; x_wconf 58' lang='lat' dir='ltr'><strong>data</strong></span> 
     </span>
    </p>
   </div>
   <div class='ocr_carea' id='block_1_67' title="bbox 294 4931 1879 5016">
    <p class='ocr_par' dir='ltr' id='par_1_67' title="bbox 294 4931 1879 5016">
     <span class='ocr_line' id='line_1_67' title="bbox 294 4931 1879 5016; baseline 0.012 -32"><span class='ocrx_word' id='word_1_556' title='bbox 294 4931 495 4985; x_wconf 87' lang='lat' dir='ltr'><strong>moniis</strong></span> <span class='ocrx_word' id='word_1_557' title='bbox 538 4933 592 4988; x_wconf 91' lang='lat' dir='ltr'><strong>in</strong></span> <span class='ocrx_word' id='word_1_558' title='bbox 617 4935 881 4991; x_wconf 88' lang='lat' dir='ltr'><strong>idolorum</strong></span> <span class='ocrx_word' id='word_1_559' title='bbox 907 4937 1120 4995; x_wconf 89' lang='lat' dir='ltr'><strong>cultura</strong></span> <span class='ocrx_word' id='word_1_560' title='bbox 1166 4943 1461 5012; x_wconf 71' lang='lat' dir='ltr'><strong>espetitur,</strong></span> <span class='ocrx_word' id='word_1_561' title='bbox 1503 4960 1652 5000; x_wconf 88' lang='lat' dir='ltr'><strong>mors</strong></span> <span class='ocrx_word' id='word_1_562' title='bbox 1698 4948 1879 5016; x_wconf 90' lang='lat' dir='ltr'><strong>potius</strong></span> 
     </span>
    </p>
   </div>
   <div class='ocr_carea' id='block_1_68' title="bbox 294 5020 1881 5105">
    <p class='ocr_par' dir='ltr' id='par_1_68' title="bbox 294 5020 1881 5105">
     <span class='ocr_line' id='line_1_68' title="bbox 294 5020 1881 5105; baseline 0.014 -30"><span class='ocrx_word' id='word_1_563' title='bbox 294 5020 523 5078; x_wconf 88' lang='lat' dir='ltr'><strong>dicenda</strong></span> <span class='ocrx_word' id='word_1_564' title='bbox 550 5034 636 5080; x_wconf 87' lang='lat' dir='ltr'><strong>est</strong></span> <span class='ocrx_word' id='word_1_565' title='bbox 680 5042 841 5097; x_wconf 87' lang='lat' dir='ltr'><strong>quam</strong></span> <span class='ocrx_word' id='word_1_566' title='bbox 871 5031 1018 5086; x_wconf 89' lang='lat' dir='ltr'><strong>vita:</strong></span> <span class='ocrx_word' id='word_1_567' title='bbox 1048 5041 1105 5088; x_wconf 91' lang='lat' dir='ltr'><strong>et</strong></span> <span class='ocrx_word' id='word_1_568' title='bbox 1147 5035 1239 5103; x_wconf 89' lang='lat' dir='ltr'><strong>qui</strong></span> <span class='ocrx_word' id='word_1_569' title='bbox 1290 5050 1355 5090; x_wconf 88' lang='lat' dir='ltr'><strong>ea</strong></span> <span class='ocrx_word' id='word_1_570' title='bbox 1382 5045 1677 5105; x_wconf 88' lang='lat' dir='ltr'><strong>sectantur,</strong></span> <span class='ocrx_word' id='word_1_571' title='bbox 1726 5041 1771 5096; x_wconf 91' lang='lat' dir='ltr'><strong>si</strong></span> <span class='ocrx_word' id='word_1_572' title='bbox 1821 5057 1881 5097; x_wconf 90' lang='lat' dir='ltr'><strong>se</strong></span> 
     </span>
    </p>
   </div>
   <div class='ocr_carea' id='block_1_69' title="bbox 297 5117 1876 5194">
    <p class='ocr_par' dir='ltr' id='par_1_69' title="bbox 297 5117 1876 5194">
     <span class='ocr_line' id='line_1_69' title="bbox 297 5117 1876 5194; baseline 0.013 -30"><span class='ocrx_word' id='word_1_573' title='bbox 297 5125 406 5164; x_wconf 88' lang='lat' dir='ltr'><strong>non</strong></span> <span class='ocrx_word' id='word_1_574' title='bbox 433 5117 789 5183; x_wconf 76' lang='lat' dir='ltr'><strong>correxerint,</strong></span> <span class='ocrx_word' id='word_1_575' title='bbox 822 5120 890 5174; x_wconf 88' lang='lat' dir='ltr'><strong>ad</strong></span> <span class='ocrx_word' id='word_1_576' title='bbox 938 5130 1198 5177; x_wconf 65' lang='lat' dir='ltr'><strong>aeternam</strong></span> <span class='ocrx_word' id='word_1_577' title='bbox 1236 5127 1597 5194; x_wconf 88' lang='lat' dir='ltr'><strong>perditionem</strong></span> <span class='ocrx_word' id='word_1_578' title='bbox 1624 5132 1876 5187; x_wconf 88' lang='lat' dir='ltr'><strong>tendunt.</strong></span> 
     </span>
    </p>
   </div>
   <div class='ocr_carea' id='block_1_70' title="bbox 299 5200 1883 5289">
    <p class='ocr_par' dir='ltr' id='par_1_70' title="bbox 299 5200 1883 5289">
     <span class='ocr_line' id='line_1_70' title="bbox 299 5200 1883 5289; baseline 0.016 -35"><span class='ocrx_word' id='word_1_579' title='bbox 299 5200 590 5269; x_wconf 84' lang='lat' dir='ltr'><strong>Quoniam,</strong></span> <span class='ocrx_word' id='word_1_580' title='bbox 609 5207 894 5264; x_wconf 85' lang='lat' dir='ltr'><strong>Psalmista</strong></span> <span class='ocrx_word' id='word_1_581' title='bbox 925 5211 1160 5278; x_wconf 90' lang='lat' dir='ltr'><strong>dicente,</strong></span> <span class='ocrx_word' id='word_1_582' title='bbox 1189 5214 1379 5272; x_wconf 87' lang='lat' dir='ltr'><strong>Omnes</strong></span> <span class='ocrx_word' id='word_1_583' title='bbox 1405 5218 1479 5272; x_wconf 87' lang='lat' dir='ltr'><strong>dii</strong></span> <span class='ocrx_word' id='word_1_584' title='bbox 1501 5223 1728 5289; x_wconf 85' lang='lat' dir='ltr'><strong>gentium</strong></span> <span class='ocrx_word' id='word_1_585' title='bbox 1771 5224 1883 5278; x_wconf 73' lang='lat' dir='ltr'><strong>dte-</strong></span> 
     </span>
    </p>
   </div>
   <div class='ocr_carea' id='block_1_71' title="bbox 298 5291 1882 5373">
    <p class='ocr_par' dir='ltr' id='par_1_71' title="bbox 298 5291 1882 5373">
     <span class='ocr_line' id='line_1_71' title="bbox 298 5291 1882 5373; baseline 0.015 -28"><span class='ocrx_word' id='word_1_586' title='bbox 298 5291 477 5347; x_wconf 85' lang='lat' dir='ltr'><strong>monia</strong></span> <span class='ocrx_word' id='word_1_587' title='bbox 498 5291 671 5365; x_wconf 89' lang='lat' dir='ltr'><strong>(Psal.</strong></span> <span class='ocrx_word' id='word_1_588' title='bbox 703 5297 889 5367; x_wconf 79' lang='lat' dir='ltr'><strong>Lxxv),</strong></span> <span class='ocrx_word' id='word_1_589' title='bbox 921 5304 1013 5367; x_wconf 89' lang='lat' dir='ltr'><strong>qui</strong></span> <span class='ocrx_word' id='word_1_590' title='bbox 1046 5318 1144 5369; x_wconf 83' lang='lat' dir='ltr'><strong>per</strong></span> <span class='ocrx_word' id='word_1_591' title='bbox 1163 5306 1418 5371; x_wconf 81' lang='lat' dir='ltr'><strong>deceptos</strong></span> <span class='ocrx_word' id='word_1_592' title='bbox 1446 5310 1714 5373; x_wconf 86' lang='lat' dir='ltr'><strong>homines.</strong></span> <span class='ocrx_word' id='word_1_593' title='bbox 1745 5315 1882 5371; x_wconf 88' lang='lat' dir='ltr'><strong>alios</strong></span> 
     </span>
    </p>
   </div>
   <div class='ocr_carea' id='block_1_72' title="bbox 301 5380 1880 5461">
    <p class='ocr_par' dir='ltr' id='par_1_72' title="bbox 301 5380 1880 5461">
     <span class='ocr_line' id='line_1_72' title="bbox 301 5380 1880 5461; baseline 0.014 -24"><span class='ocrx_word' id='word_1_594' title='bbox 301 5380 552 5454; x_wconf 86' lang='lat' dir='ltr'><strong>decipere</strong></span> <span class='ocrx_word' id='word_1_595' title='bbox 568 5387 810 5457; x_wconf 85' lang='lat' dir='ltr'><strong>quotidie</strong></span> <span class='ocrx_word' id='word_1_596' title='bbox 831 5390 1092 5459; x_wconf 89' lang='lat' dir='ltr'><strong>gestiunt,</strong></span> <span class='ocrx_word' id='word_1_597' title='bbox 1126 5399 1186 5445; x_wconf 91' lang='lat' dir='ltr'><strong>ut</strong></span> <span class='ocrx_word' id='word_1_598' title='bbox 1206 5394 1530 5461; x_wconf 89' lang='lat' dir='ltr'><strong>perditionis</strong></span> <span class='ocrx_word' id='word_1_599' title='bbox 1550 5413 1661 5455; x_wconf 62' lang='lat' dir='ltr'><strong>suae</strong></span> <span class='ocrx_word' id='word_1_600' title='bbox 1677 5401 1880 5460; x_wconf 83' lang='lat' dir='ltr'><strong>faciant</strong></span> 
     </span>
    </p>
   </div>
   <div class='ocr_carea' id='block_1_73' title="bbox 300 5477 868 5536">
    <p class='ocr_par' dir='ltr' id='par_1_73' title="bbox 300 5477 868 5536">
     <span class='ocr_line' id='line_1_73' title="bbox 300 5477 868 5536; baseline 0.016 -9"><span class='ocrx_word' id='word_1_601' title='bbox 300 5484 397 5528; x_wconf 86' lang='lat' dir='ltr'><strong>eos</strong></span> <span class='ocrx_word' id='word_1_602' title='bbox 421 5485 543 5531; x_wconf 85' lang='lat' dir='ltr'><strong>esse</strong></span> <span class='ocrx_word' id='word_1_603' title='bbox 563 5477 868 5536; x_wconf 83' lang='lat' dir='ltr'><strong>narticines.</strong></span> 
     </span>
    </p>
   </div>
   <div class='ocr_carea' id='block_1_74' title="bbox 927 5572 1255 5631">
    <p class='ocr_par' dir='ltr' id='par_1_74' title="bbox 927 5572 1255 5631">
     <span class='ocr_line' id='line_1_74' title="bbox 927 5572 1255 5631; baseline 0.009 -3"><span class='ocrx_word' id='word_1_604' title='bbox 927 5572 1153 5630; x_wconf 76' lang='lat' dir='ltr'><strong>CAPUT</strong></span> <span class='ocrx_word' id='word_1_605' title='bbox 1194 5577 1255 5631; x_wconf 77' lang='grc' dir='ltr'><strong>ν.</strong></span> 
     </span>
    </p>
   </div>
   <div class='ocr_carea' id='block_1_75' title="bbox 346 5663 1247 5734">
    <p class='ocr_par' dir='ltr' id='par_1_75' title="bbox 346 5663 1247 5734">
     <span class='ocr_line' id='line_1_75' title="bbox 346 5663 1247 5734; baseline 0.011 -24"><span class='ocrx_word' id='word_1_606' title='bbox 346 5712 353 5718; x_wconf 69' lang='grc'><em>,</em></span> <span class='ocrx_word' id='word_1_607' title='bbox 907 5663 983 5716; x_wconf 90' lang='lat' dir='ltr'><strong>De</strong></span> <span class='ocrx_word' id='word_1_608' title='bbox 1008 5666 1247 5734; x_wconf 89' lang='lat' dir='ltr'><strong>paganis.</strong></span> 
     </span>
    </p>
   </div>
   <div class='ocr_carea' id='block_1_76' title="bbox 370 5746 1879 5840">
    <p class='ocr_par' dir='ltr' id='par_1_76' title="bbox 370 5746 1879 5840">
     <span class='ocr_line' id='line_1_76' title="bbox 370 5746 1879 5840; baseline 0.01 -30"><span class='ocrx_word' id='word_1_609' title='bbox 370 5746 575 5824; x_wconf 77' lang='lat' dir='ltr'><strong>Pagani</strong></span> <span class='ocrx_word' id='word_1_610' title='bbox 625 5769 689 5809; x_wconf 80' lang='lat' dir='ltr'><strong>ex</strong></span> <span class='ocrx_word' id='word_1_611' title='bbox 718 5754 872 5825; x_wconf 85' lang='lat' dir='ltr'><strong>pagis</strong></span> <span class='ocrx_word' id='word_1_612' title='bbox 917 5754 1330 5816; x_wconf 84' lang='lat' dir='ltr'><strong>Atheniensium</strong></span> <span class='ocrx_word' id='word_1_613' title='bbox 1373 5760 1523 5831; x_wconf 90' lang='lat' dir='ltr'><strong>dicti,</strong></span> <span class='ocrx_word' id='word_1_614' title='bbox 1552 5763 1659 5837; x_wconf 57' lang='lat' dir='ltr'><strong>.ubi</strong></span> <span class='ocrx_word' id='word_1_615' title='bbox 1687 5777 1879 5840; x_wconf 68' lang='lat' dir='ltr'><strong>exorti</strong></span> 
     </span>
    </p>
   </div>
   <div class='ocr_carea' id='block_1_77' title="bbox 666 5862 1153 5941">
    <p class='ocr_par' dir='ltr' id='par_1_77' title="bbox 666 5862 1153 5941">
     <span class='ocr_line' id='line_1_77' title="bbox 666 5862 1153 5941; baseline 0.008 -20"><span class='ocrx_word' id='word_1_616' title='bbox 666 5862 941 5941; x_wconf 73' lang='lat' dir='ltr'><strong>PATnOL.</strong></span> <span class='ocrx_word' id='word_1_617' title='bbox 987 5864 1153 5941; x_wconf 82' lang='lat' dir='ltr'><strong>CXI.</strong></span> 
     </span>
    </p>
   </div>
   <div class='ocr_carea' id='block_1_78' title="bbox 1965 1952 3554 2018">
    <p class='ocr_par' dir='ltr' id='par_1_78' title="bbox 1965 1952 3554 2018">
     <span class='ocr_line' id='line_1_78' title="bbox 1965 1952 3554 2018; baseline 0.001 -7"><span class='ocrx_word' id='word_1_618' title='bbox 1965 1958 2083 2012; x_wconf 84' lang='lat' dir='ltr'><strong>rum</strong></span> <span class='ocrx_word' id='word_1_619' title='bbox 2106 1952 2593 2017; x_wconf 84' lang='lat' dir='ltr'><strong>contaminationes</strong></span> <span class='ocrx_word' id='word_1_620' title='bbox 2615 1969 2983 2018; x_wconf 85' lang='lat' dir='ltr'><strong>revertuntur.</strong></span> <span class='ocrx_word' id='word_1_621' title='bbox 3012 1958 3111 2015; x_wconf 88' lang='lat' dir='ltr'><strong>Est</strong></span> <span class='ocrx_word' id='word_1_622' title='bbox 3139 1967 3323 2015; x_wconf 87' lang='lat' dir='ltr'><strong>autem</strong></span> <span class='ocrx_word' id='word_1_623' title='bbox 3352 1972 3554 2015; x_wconf 76' lang='lat' dir='ltr'><strong>nomen</strong></span> 
     </span>
    </p>
   </div>
   <div class='ocr_carea' id='block_1_79' title="bbox 1964 2046 2231 2106">
    <p class='ocr_par' dir='ltr' id='par_1_79' title="bbox 1964 2046 2231 2106">
     <span class='ocr_line' id='line_1_79' title="bbox 1964 2046 2231 2106; baseline 0.004 -3"><span class='ocrx_word' id='word_1_624' title='bbox 1964 2046 2231 2106; x_wconf 72' lang='lat' dir='ltr'><strong>Grzecum.</strong></span> 
     </span>
    </p>
   </div>
   <div class='ocr_carea' id='block_1_80' title="bbox 2587 2141 2942 2198">
    <p class='ocr_par' dir='ltr' id='par_1_80' title="bbox 2587 2141 2942 2198">
     <span class='ocr_line' id='line_1_80' title="bbox 2587 2141 2942 2198; baseline -0.003 -1"><span class='ocrx_word' id='word_1_625' title='bbox 2587 2141 2815 2198; x_wconf 73' lang='lat' dir='ltr'><strong>CAPUT</strong></span> <span class='ocrx_word' id='word_1_626' title='bbox 2855 2142 2942 2198; x_wconf 76' lang='lat' dir='ltr'><strong>Vl.</strong></span> 
     </span>
    </p>
   </div>
   <div class='ocr_carea' id='block_1_81' title="bbox 2499 2233 2999 2304">
    <p class='ocr_par' dir='ltr' id='par_1_81' title="bbox 2499 2233 2999 2304">
     <span class='ocr_line' id='line_1_81' title="bbox 2499 2233 2999 2304; baseline 0.002 -16"><span class='ocrx_word' id='word_1_627' title='bbox 2499 2233 2575 2288; x_wconf 88' lang='lat' dir='ltr'><strong>De</strong></span> <span class='ocrx_word' id='word_1_628' title='bbox 2615 2234 2717 2288; x_wconf 85' lang='lat' dir='ltr'><strong>diis</strong></span> <span class='ocrx_word' id='word_1_629' title='bbox 2748 2235 2999 2304; x_wconf 83' lang='lat' dir='ltr'><strong>gentium.</strong></span> 
     </span>
    </p>
   </div>
   <div class='ocr_carea' id='block_1_82' title="bbox 2046 2322 3559 2398">
    <p class='ocr_par' dir='ltr' id='par_1_82' title="bbox 2046 2322 3559 2398">
     <span class='ocr_line' id='line_1_82' title="bbox 2046 2322 3559 2398; baseline -0.003 -16"><span class='ocrx_word' id='word_1_630' title='bbox 2046 2327 2192 2395; x_wconf 89' lang='lat' dir='ltr'><strong>Quos</strong></span> <span class='ocrx_word' id='word_1_631' title='bbox 2223 2326 2425 2398; x_wconf 75' lang='lat' dir='ltr'><strong>pagani</strong></span> <span class='ocrx_word' id='word_1_632' title='bbox 2474 2325 2604 2380; x_wconf 90' lang='lat' dir='ltr'><strong>deos</strong></span> <span class='ocrx_word' id='word_1_633' title='bbox 2649 2332 2920 2390; x_wconf 79' lang='lat' dir='ltr'><strong>asserunt,</strong></span> <span class='ocrx_word' id='word_1_634' title='bbox 2945 2324 3192 2381; x_wconf 89' lang='lat' dir='ltr'><strong>homines</strong></span> <span class='ocrx_word' id='word_1_635' title='bbox 3222 2322 3352 2380; x_wconf 91' lang='lat' dir='ltr'><strong>olim</strong></span> <span class='ocrx_word' id='word_1_636' title='bbox 3390 2323 3559 2379; x_wconf 83' lang='lat' dir='ltr'><strong>fuisse</strong></span> 
     </span>
    </p>
   </div>
   <div class='ocr_carea' id='block_1_83' title="bbox 1966 2413 3552 2493">
    <p class='ocr_par' dir='ltr' id='par_1_83' title="bbox 1966 2413 3552 2493">
     <span class='ocr_line' id='line_1_83' title="bbox 1966 2413 3552 2493; baseline -0.004 -18"><span class='ocrx_word' id='word_1_637' title='bbox 1966 2419 2288 2493; x_wconf 81' lang='lat' dir='ltr'><strong>produntur,</strong></span> <span class='ocrx_word' id='word_1_638' title='bbox 2321 2426 2376 2471; x_wconf 92' lang='lat' dir='ltr'><strong>et</strong></span> <span class='ocrx_word' id='word_1_639' title='bbox 2419 2431 2519 2488; x_wconf 89' lang='lat' dir='ltr'><strong>pro</strong></span> <span class='ocrx_word' id='word_1_640' title='bbox 2560 2413 2985 2484; x_wconf 79' lang='lat' dir='ltr'><strong>uniuscujusque</strong></span> <span class='ocrx_word' id='word_1_641' title='bbox 3022 2415 3146 2468; x_wconf 80' lang='lat' dir='ltr'><strong>vite</strong></span> <span class='ocrx_word' id='word_1_642' title='bbox 3204 2414 3417 2469; x_wconf 87' lang='lat' dir='ltr'><strong>meritis</strong></span> <span class='ocrx_word' id='word_1_643' title='bbox 3445 2415 3552 2469; x_wconf 75' lang='lat' dir='ltr'><strong>coli</strong></span> 
     </span>
    </p>
   </div>
   <div class='ocr_carea' id='block_1_84' title="bbox 1970 2503 3565 2579">
    <p class='ocr_par' dir='ltr' id='par_1_84' title="bbox 1970 2503 3565 2579">
     <span class='ocr_line' id='line_1_84' title="bbox 1970 2503 3565 2579; baseline -0.006 -15"><span class='ocrx_word' id='word_1_644' title='bbox 1970 2508 2109 2579; x_wconf 88' lang='lat' dir='ltr'><strong>apud</strong></span> <span class='ocrx_word' id='word_1_645' title='bbox 2138 2524 2266 2563; x_wconf 91' lang='lat' dir='ltr'><strong>suos</strong></span> <span class='ocrx_word' id='word_1_646' title='bbox 2301 2515 2426 2576; x_wconf 92' lang='lat' dir='ltr'><strong>post</strong></span> <span class='ocrx_word' id='word_1_647' title='bbox 2483 2515 2713 2560; x_wconf 89' lang='lat' dir='ltr'><strong>mortem</strong></span> <span class='ocrx_word' id='word_1_648' title='bbox 2768 2513 3086 2574; x_wconf 77' lang='lat' dir='ltr'><strong>cmperuut:</strong></span> <span class='ocrx_word' id='word_1_649' title='bbox 3115 2514 3173 2559; x_wconf 92' lang='lat' dir='ltr'><strong>ut</strong></span> <span class='ocrx_word' id='word_1_650' title='bbox 3217 2503 3357 2574; x_wconf 88' lang='lat' dir='ltr'><strong>apud</strong></span> <span class='ocrx_word' id='word_1_651' title='bbox 3388 2503 3565 2575; x_wconf 63' lang='lat' dir='ltr'><strong>Egy-</strong></span> 
     </span>
    </p>
   </div>
   <div class='ocr_carea' id='block_1_85' title="bbox 1968 2588 3554 2671">
    <p class='ocr_par' dir='ltr' id='par_1_85' title="bbox 1968 2588 3554 2671">
     <span class='ocr_line' id='line_1_85' title="bbox 1968 2588 3554 2671; baseline -0.004 -17"><span class='ocrx_word' id='word_1_652' title='bbox 1968 2608 2120 2671; x_wconf 91' lang='lat' dir='ltr'><strong>ptum</strong></span> <span class='ocrx_word' id='word_1_653' title='bbox 2163 2598 2280 2663; x_wconf 80' lang='lat' dir='ltr'><strong>isis,</strong></span> <span class='ocrx_word' id='word_1_654' title='bbox 2312 2597 2453 2667; x_wconf 88' lang='lat' dir='ltr'><strong>apud</strong></span> <span class='ocrx_word' id='word_1_655' title='bbox 2492 2596 2708 2652; x_wconf 87' lang='lat' dir='ltr'><strong>Cretam</strong></span> <span class='ocrx_word' id='word_1_656' title='bbox 2740 2592 2907 2660; x_wconf 83' lang='lat' dir='ltr'><strong>Jovis,</strong></span> <span class='ocrx_word' id='word_1_657' title='bbox 2963 2595 3106 2666; x_wconf 88' lang='lat' dir='ltr'><strong>apud</strong></span> <span class='ocrx_word' id='word_1_658' title='bbox 3139 2588 3356 2648; x_wconf 84' lang='lat' dir='ltr'><strong>Mauros</strong></span> <span class='ocrx_word' id='word_1_659' title='bbox 3392 2594 3554 2658; x_wconf 79' lang='lat' dir='ltr'><strong>Juba,</strong></span> 
     </span>
    </p>
   </div>
   <div class='ocr_carea' id='block_1_86' title="bbox 1972 2688 3561 2764">
    <p class='ocr_par' dir='ltr' id='par_1_86' title="bbox 1972 2688 3561 2764">
     <span class='ocr_line' id='line_1_86' title="bbox 1972 2688 3561 2764; baseline -0.003 -15"><span class='ocrx_word' id='word_1_660' title='bbox 1972 2692 2113 2764; x_wconf 89' lang='lat' dir='ltr'><strong>apud</strong></span> <span class='ocrx_word' id='word_1_661' title='bbox 2164 2692 2385 2747; x_wconf 90' lang='lat' dir='ltr'><strong>Latinos</strong></span> <span class='ocrx_word' id='word_1_662' title='bbox 2437 2691 2678 2757; x_wconf 89' lang='lat' dir='ltr'><strong>Faunus,</strong></span> <span class='ocrx_word' id='word_1_663' title='bbox 2752 2692 2893 2761; x_wconf 89' lang='lat' dir='ltr'><strong>apud</strong></span> <span class='ocrx_word' id='word_1_664' title='bbox 2943 2690 3219 2746; x_wconf 84' lang='lat' dir='ltr'><strong>Romanos</strong></span> <span class='ocrx_word' id='word_1_665' title='bbox 3278 2688 3561 2756; x_wconf 86' lang='lat' dir='ltr'><strong>Quirinus.</strong></span> 
     </span>
    </p>
   </div>
   <div class='ocr_carea' id='block_1_87' title="bbox 1972 2776 3563 2853">
    <p class='ocr_par' dir='ltr' id='par_1_87' title="bbox 1972 2776 3563 2853">
     <span class='ocr_line' id='line_1_87' title="bbox 1972 2776 3563 2853; baseline -0.004 -13"><span class='ocrx_word' id='word_1_666' title='bbox 1972 2783 2173 2840; x_wconf 89' lang='lat' dir='ltr'><strong>Eodem</strong></span> <span class='ocrx_word' id='word_1_667' title='bbox 2224 2792 2439 2853; x_wconf 79' lang='lat' dir='ltr'><strong>queque</strong></span> <span class='ocrx_word' id='word_1_668' title='bbox 2470 2782 2629 2837; x_wconf 85' lang='lat' dir='ltr'><strong>modo</strong></span> <span class='ocrx_word' id='word_1_669' title='bbox 2660 2782 2802 2851; x_wconf 89' lang='lat' dir='ltr'><strong>apud</strong></span> <span class='ocrx_word' id='word_1_670' title='bbox 2844 2780 3088 2834; x_wconf 87' lang='lat' dir='ltr'><strong>Athenas</strong></span> <span class='ocrx_word' id='word_1_671' title='bbox 3119 2776 3381 2842; x_wconf 81' lang='lat' dir='ltr'><strong>Minerva,</strong></span> <span class='ocrx_word' id='word_1_672' title='bbox 3419 2778 3563 2848; x_wconf 90' lang='lat' dir='ltr'><strong>apud</strong></span> 
     </span>
    </p>
   </div>
   <div class='ocr_carea' id='block_1_88' title="bbox 1976 2869 3565 2943">
    <p class='ocr_par' dir='ltr' id='par_1_88' title="bbox 1976 2869 3565 2943">
     <span class='ocr_line' id='line_1_88' title="bbox 1976 2869 3565 2943; baseline -0.005 -12"><span class='ocrx_word' id='word_1_673' title='bbox 1976 2875 2198 2931; x_wconf 90' lang='lat' dir='ltr'><strong>Samum</strong></span> <span class='ocrx_word' id='word_1_674' title='bbox 2248 2874 2411 2938; x_wconf 84' lang='lat' dir='ltr'><strong>Juno,</strong></span> <span class='ocrx_word' id='word_1_675' title='bbox 2461 2874 2600 2943; x_wconf 90' lang='lat' dir='ltr'><strong>apud</strong></span> <span class='ocrx_word' id='word_1_676' title='bbox 2643 2871 2856 2943; x_wconf 84' lang='lat' dir='ltr'><strong>Paphos</strong></span> <span class='ocrx_word' id='word_1_677' title='bbox 2884 2870 3085 2936; x_wconf 84' lang='lat' dir='ltr'><strong>Venus,</strong></span> <span class='ocrx_word' id='word_1_678' title='bbox 3140 2871 3281 2941; x_wconf 89' lang='lat' dir='ltr'><strong>apud</strong></span> <span class='ocrx_word' id='word_1_679' title='bbox 3329 2869 3565 2926; x_wconf 89' lang='lat' dir='ltr'><strong>Lemnos</strong></span> 
     </span>
    </p>
   </div>
   <div class='ocr_carea' id='block_1_89' title="bbox 1976 2960 3558 3035">
    <p class='ocr_par' dir='ltr' id='par_1_89' title="bbox 1976 2960 3558 3035">
     <span class='ocr_line' id='line_1_89' title="bbox 1976 2960 3558 3035; baseline -0.004 -15"><span class='ocrx_word' id='word_1_680' title='bbox 1976 2964 2270 3032; x_wconf 85' lang='lat' dir='ltr'><strong>Vulcanus,</strong></span> <span class='ocrx_word' id='word_1_681' title='bbox 2292 2965 2431 3035; x_wconf 90' lang='lat' dir='ltr'><strong>apud</strong></span> <span class='ocrx_word' id='word_1_682' title='bbox 2462 2963 2642 3018; x_wconf 77' lang='lat' dir='ltr'><strong>Naxos</strong></span> <span class='ocrx_word' id='word_1_683' title='bbox 2686 2963 2866 3029; x_wconf 89' lang='lat' dir='ltr'><strong>Liber,</strong></span> <span class='ocrx_word' id='word_1_684' title='bbox 2896 2964 3036 3033; x_wconf 91' lang='lat' dir='ltr'><strong>apud</strong></span> <span class='ocrx_word' id='word_1_685' title='bbox 3068 2960 3304 3033; x_wconf 85' lang='lat' dir='ltr'><strong>Delphos</strong></span> <span class='ocrx_word' id='word_1_686' title='bbox 3342 2960 3558 3032; x_wconf 85' lang='lat' dir='ltr'><strong>Apollo.</strong></span> 
     </span>
    </p>
   </div>
   <div class='ocr_carea' id='block_1_90' title="bbox 1976 3047 3561 3127">
    <p class='ocr_par' dir='ltr' id='par_1_90' title="bbox 1976 3047 3561 3127">
     <span class='ocr_line' id='line_1_90' title="bbox 1976 3047 3561 3127; baseline -0.002 -17"><span class='ocrx_word' id='word_1_687' title='bbox 1976 3056 2034 3111; x_wconf 89' lang='lat' dir='ltr'><strong>lu</strong></span> <span class='ocrx_word' id='word_1_688' title='bbox 2070 3071 2300 3127; x_wconf 90' lang='lat' dir='ltr'><strong>quorum</strong></span> <span class='ocrx_word' id='word_1_689' title='bbox 2359 3047 2525 3110; x_wconf 86' lang='lat' dir='ltr'><strong>etiam</strong></span> <span class='ocrx_word' id='word_1_690' title='bbox 2572 3054 2821 3109; x_wconf 87' lang='lat' dir='ltr'><strong>laudibus</strong></span> <span class='ocrx_word' id='word_1_691' title='bbox 2868 3060 3218 3110; x_wconf 90' lang='lat' dir='ltr'><strong>accesserunt</strong></span> <span class='ocrx_word' id='word_1_692' title='bbox 3263 3062 3320 3107; x_wconf 87' lang='lat' dir='ltr'><strong>et</strong></span> <span class='ocrx_word' id='word_1_693' title='bbox 3364 3060 3561 3123; x_wconf 78' lang='lat' dir='ltr'><strong>poetze,</strong></span> 
     </span>
    </p>
   </div>
   <div class='ocr_carea' id='block_1_91' title="bbox 1978 3132 3564 3218">
    <p class='ocr_par' dir='ltr' id='par_1_91' title="bbox 1978 3132 3564 3218">
     <span class='ocr_line' id='line_1_91' title="bbox 1978 3132 3564 3218; baseline -0.001 -16"><span class='ocrx_word' id='word_1_694' title='bbox 1978 3155 2035 3202; x_wconf 90' lang='lat' dir='ltr'><strong>et</strong></span> <span class='ocrx_word' id='word_1_695' title='bbox 2063 3147 2377 3218; x_wconf 90' lang='lat' dir='ltr'><strong>compositis</strong></span> <span class='ocrx_word' id='word_1_696' title='bbox 2401 3144 2754 3213; x_wconf 85' lang='lat' dir='ltr'><strong>carminibus,</strong></span> <span class='ocrx_word' id='word_1_697' title='bbox 2783 3147 2837 3201; x_wconf 92' lang='lat' dir='ltr'><strong>in</strong></span> <span class='ocrx_word' id='word_1_698' title='bbox 2863 3144 3061 3202; x_wconf 74' lang='lat' dir='ltr'><strong>ccelum</strong></span> <span class='ocrx_word' id='word_1_699' title='bbox 3083 3159 3176 3202; x_wconf 89' lang='lat' dir='ltr'><strong>eos</strong></span> <span class='ocrx_word' id='word_1_700' title='bbox 3205 3132 3564 3201; x_wconf 82' lang='lat' dir='ltr'><strong>sustulerunt.</strong></span> 
     </span>
    </p>
   </div>
   <div class='ocr_carea' id='block_1_92' title="bbox 1978 3237 3560 3309">
    <p class='ocr_par' dir='ltr' id='par_1_92' title="bbox 1978 3237 3560 3309">
     <span class='ocr_line' id='line_1_92' title="bbox 1978 3237 3560 3309; baseline 0.001 -18"><span class='ocrx_word' id='word_1_701' title='bbox 1978 3237 2111 3292; x_wconf 89' lang='lat' dir='ltr'><strong>Nam</strong></span> <span class='ocrx_word' id='word_1_702' title='bbox 2160 3239 2520 3309; x_wconf 89' lang='lat' dir='ltr'><strong>quarumdam</strong></span> <span class='ocrx_word' id='word_1_703' title='bbox 2578 3238 2988 3293; x_wconf 88' lang='lat' dir='ltr'><strong>adinveutiones</strong></span> <span class='ocrx_word' id='word_1_704' title='bbox 3039 3237 3236 3292; x_wconf 89' lang='lat' dir='ltr'><strong>artium</strong></span> <span class='ocrx_word' id='word_1_705' title='bbox 3292 3238 3560 3308; x_wconf 86' lang='lat' dir='ltr'><strong>reperisse</strong></span> 
     </span>
    </p>
   </div>
   <div class='ocr_carea' id='block_1_93' title="bbox 1977 3326 3565 3401">
    <p class='ocr_par' dir='ltr' id='par_1_93' title="bbox 1977 3326 3565 3401">
     <span class='ocr_line' id='line_1_93' title="bbox 1977 3326 3565 3401; baseline -0.001 -16"><span class='ocrx_word' id='word_1_706' title='bbox 1977 3330 2252 3385; x_wconf 90' lang='lat' dir='ltr'><strong>dicuntur.</strong></span> <span class='ocrx_word' id='word_1_707' title='bbox 2308 3328 2379 3385; x_wconf 91' lang='lat' dir='ltr'><strong>Ut</strong></span> <span class='ocrx_word' id='word_1_708' title='bbox 2432 3343 2462 3382; x_wconf 89' lang='lat' dir='ltr'><strong>a</strong></span> <span class='ocrx_word' id='word_1_709' title='bbox 2513 3327 2767 3399; x_wconf 85' lang='lat' dir='ltr'><strong>Scolapio</strong></span> <span class='ocrx_word' id='word_1_710' title='bbox 2816 3326 3210 3401; x_wconf 69' lang='lat' dir='ltr'><strong>[.Esculapio]</strong></span> <span class='ocrx_word' id='word_1_711' title='bbox 3266 3326 3565 3393; x_wconf 86' lang='lat' dir='ltr'><strong>medicina,</strong></span> 
     </span>
    </p>
   </div>
   <div class='ocr_carea' id='block_1_94' title="bbox 1982 3420 3569 3505">
    <p class='ocr_par' dir='ltr' id='par_1_94' title="bbox 1982 3420 3569 3505">
     <span class='ocr_line' id='line_1_94' title="bbox 1982 3420 3569 3505; baseline 0 -29"><span class='ocrx_word' id='word_1_712' title='bbox 1982 3420 2220 3477; x_wconf 88' lang='lat' dir='ltr'><strong>Vulcano</strong></span> <span class='ocrx_word' id='word_1_713' title='bbox 2272 3420 2496 3505; x_wconf 57' lang='lat' dir='ltr'><strong>fabgica.</strong></span> <span class='ocrx_word' id='word_1_714' title='bbox 2546 3421 2629 3476; x_wconf 85' lang='lat' dir='ltr'><strong>Ab</strong></span> <span class='ocrx_word' id='word_1_715' title='bbox 2676 3421 2886 3477; x_wconf 86' lang='lat' dir='ltr'><strong>actibus</strong></span> <span class='ocrx_word' id='word_1_716' title='bbox 2938 3430 3119 3476; x_wconf 89' lang='lat' dir='ltr'><strong>autem</strong></span> <span class='ocrx_word' id='word_1_717' title='bbox 3171 3430 3453 3488; x_wconf 81' lang='lat' dir='ltr'><strong>vocantur,</strong></span> <span class='ocrx_word' id='word_1_718' title='bbox 3504 3431 3569 3476; x_wconf 88' lang='lat' dir='ltr'><strong>ut</strong></span> 
     </span>
    </p>
   </div>
   <div class='ocr_carea' id='block_1_95' title="bbox 1977 3513 3571 3584">
    <p class='ocr_par' dir='ltr' id='par_1_95' title="bbox 1977 3513 3571 3584">
     <span class='ocr_line' id='line_1_95' title="bbox 1977 3513 3571 3584; baseline 0 -17"><span class='ocrx_word' id='word_1_719' title='bbox 1977 3513 2297 3577; x_wconf 85' lang='lat' dir='ltr'><strong>Mercurius,</strong></span> <span class='ocrx_word' id='word_1_720' title='bbox 2353 3513 2445 3582; x_wconf 88' lang='lat' dir='ltr'><strong>qui</strong></span> <span class='ocrx_word' id='word_1_721' title='bbox 2486 3513 2760 3569; x_wconf 79' lang='lat' dir='ltr'><strong>mercibus</strong></span> <span class='ocrx_word' id='word_1_722' title='bbox 2800 3522 3019 3584; x_wconf 72' lang='lat' dir='ltr'><strong>prmest,</strong></span> <span class='ocrx_word' id='word_1_723' title='bbox 3074 3514 3235 3569; x_wconf 89' lang='lat' dir='ltr'><strong>Liber</strong></span> <span class='ocrx_word' id='word_1_724' title='bbox 3270 3531 3300 3568; x_wconf 93' lang='lat' dir='ltr'><strong>a</strong></span> <span class='ocrx_word' id='word_1_725' title='bbox 3333 3513 3571 3569; x_wconf 86' lang='lat' dir='ltr'><strong>liberali-</strong></span> 
     </span>
    </p>
   </div>
   <div class='ocr_carea' id='block_1_96' title="bbox 1978 3601 3570 3672">
    <p class='ocr_par' dir='ltr' id='par_1_96' title="bbox 1978 3601 3570 3672">
     <span class='ocr_line' id='line_1_96' title="bbox 1978 3601 3570 3672; baseline 0.001 -15"><span class='ocrx_word' id='word_1_726' title='bbox 1978 3612 2105 3658; x_wconf 86' lang='lat' dir='ltr'><strong>tate.</strong></span> <span class='ocrx_word' id='word_1_727' title='bbox 2153 3601 2397 3658; x_wconf 85' lang='lat' dir='ltr'><strong>Fuerunt</strong></span> <span class='ocrx_word' id='word_1_728' title='bbox 2424 3604 2643 3672; x_wconf 87' lang='lat' dir='ltr'><strong>quidam</strong></span> <span class='ocrx_word' id='word_1_729' title='bbox 2673 3604 2776 3658; x_wconf 88' lang='lat' dir='ltr'><strong>viri</strong></span> <span class='ocrx_word' id='word_1_730' title='bbox 2811 3604 2977 3659; x_wconf 85' lang='lat' dir='ltr'><strong>fortes</strong></span> <span class='ocrx_word' id='word_1_731' title='bbox 3024 3612 3120 3659; x_wconf 89' lang='lat' dir='ltr'><strong>aut</strong></span> <span class='ocrx_word' id='word_1_732' title='bbox 3147 3606 3361 3659; x_wconf 85' lang='lat' dir='ltr'><strong>urbium</strong></span> <span class='ocrx_word' id='word_1_733' title='bbox 3381 3604 3570 3658; x_wconf 84' lang='lat' dir='ltr'><strong>condi—</strong></span> 
     </span>
    </p>
   </div>
   <div class='ocr_carea' id='block_1_97' title="bbox 1977 3694 3573 3764">
    <p class='ocr_par' dir='ltr' id='par_1_97' title="bbox 1977 3694 3573 3764">
     <span class='ocr_line' id='line_1_97' title="bbox 1977 3694 3573 3764; baseline -0.001 -15"><span class='ocrx_word' id='word_1_734' title='bbox 1977 3704 2145 3759; x_wconf 87' lang='lat' dir='ltr'><strong>tores,</strong></span> <span class='ocrx_word' id='word_1_735' title='bbox 2192 3694 2387 3763; x_wconf 90' lang='lat' dir='ltr'><strong>quibus</strong></span> <span class='ocrx_word' id='word_1_736' title='bbox 2425 3694 2652 3749; x_wconf 86' lang='lat' dir='ltr'><strong>mortuis</strong></span> <span class='ocrx_word' id='word_1_737' title='bbox 2696 3695 2942 3750; x_wconf 90' lang='lat' dir='ltr'><strong>homines</strong></span> <span class='ocrx_word' id='word_1_738' title='bbox 2984 3695 3073 3764; x_wconf 88' lang='lat' dir='ltr'><strong>qui</strong></span> <span class='ocrx_word' id='word_1_739' title='bbox 3123 3709 3218 3750; x_wconf 90' lang='lat' dir='ltr'><strong>eos</strong></span> <span class='ocrx_word' id='word_1_740' title='bbox 3263 3694 3573 3750; x_wconf 82' lang='lat' dir='ltr'><strong>dilexerunt</strong></span> 
     </span>
    </p>
   </div>
   <div class='ocr_carea' id='block_1_98' title="bbox 1977 3782 3571 3853">
    <p class='ocr_par' dir='ltr' id='par_1_98' title="bbox 1977 3782 3571 3853">
     <span class='ocr_line' id='line_1_98' title="bbox 1977 3782 3571 3853; baseline -0.001 -15"><span class='ocrx_word' id='word_1_741' title='bbox 1977 3782 2263 3838; x_wconf 88' lang='lat' dir='ltr'><strong>simulacra</strong></span> <span class='ocrx_word' id='word_1_742' title='bbox 2294 3784 2587 3847; x_wconf 77' lang='lat' dir='ltr'><strong>tinxerunt,</strong></span> <span class='ocrx_word' id='word_1_743' title='bbox 2638 3791 2698 3836; x_wconf 92' lang='lat' dir='ltr'><strong>ut</strong></span> <span class='ocrx_word' id='word_1_744' title='bbox 2727 3783 2992 3839; x_wconf 92' lang='lat' dir='ltr'><strong>haberent</strong></span> <span class='ocrx_word' id='word_1_745' title='bbox 3034 3782 3251 3852; x_wconf 90' lang='lat' dir='ltr'><strong>aliquod</strong></span> <span class='ocrx_word' id='word_1_746' title='bbox 3279 3798 3345 3837; x_wconf 82' lang='lat' dir='ltr'><strong>ex</strong></span> <span class='ocrx_word' id='word_1_747' title='bbox 3375 3783 3571 3853; x_wconf 82' lang='lat' dir='ltr'><strong>imagi-</strong></span> 
     </span>
    </p>
   </div>
   <div class='ocr_carea' id='block_1_99' title="bbox 1978 3871 3566 3942">
    <p class='ocr_par' dir='ltr' id='par_1_99' title="bbox 1978 3871 3566 3942">
     <span class='ocr_line' id='line_1_99' title="bbox 1978 3871 3566 3942; baseline 0 -15"><span class='ocrx_word' id='word_1_748' title='bbox 1978 3889 2107 3928; x_wconf 91' lang='lat' dir='ltr'><strong>num</strong></span> <span class='ocrx_word' id='word_1_749' title='bbox 2160 3871 2617 3941; x_wconf 88' lang='lat' dir='ltr'><strong>contemplatione</strong></span> <span class='ocrx_word' id='word_1_750' title='bbox 2639 3872 2892 3926; x_wconf 88' lang='lat' dir='ltr'><strong>solatium</strong></span> <span class='ocrx_word' id='word_1_751' title='bbox 2927 3891 2940 3926; x_wconf 91' lang='lat'>:</span> <span class='ocrx_word' id='word_1_752' title='bbox 2974 3873 3070 3927; x_wconf 90' lang='lat' dir='ltr'><strong>sed</strong></span> <span class='ocrx_word' id='word_1_753' title='bbox 3107 3873 3370 3942; x_wconf 86' lang='lat' dir='ltr'><strong>paulatim</strong></span> <span class='ocrx_word' id='word_1_754' title='bbox 3419 3873 3566 3928; x_wconf 86' lang='lat' dir='ltr'><strong>hunc</strong></span> 
     </span>
    </p>
   </div>
   <div class='ocr_carea' id='block_1_100' title="bbox 1976 3958 3573 4033">
    <p class='ocr_par' dir='ltr' id='par_1_100' title="bbox 1976 3958 3573 4033">
     <span class='ocr_line' id='line_1_100' title="bbox 1976 3958 3573 4033; baseline -0.001 -15"><span class='ocrx_word' id='word_1_755' title='bbox 1976 3974 2219 4018; x_wconf 87' lang='lat' dir='ltr'><strong>errorem</strong></span> <span class='ocrx_word' id='word_1_756' title='bbox 2262 3958 2713 4033; x_wconf 89' lang='lat' dir='ltr'><strong>persuadentibus</strong></span> <span class='ocrx_word' id='word_1_757' title='bbox 2750 3962 3085 4018; x_wconf 75' lang='lat' dir='ltr'><strong>dtemonibus</strong></span> <span class='ocrx_word' id='word_1_758' title='bbox 3138 3963 3214 4017; x_wconf 91' lang='lat' dir='ltr'><strong>ita</strong></span> <span class='ocrx_word' id='word_1_759' title='bbox 3254 3963 3307 4016; x_wconf 89' lang='lat' dir='ltr'><strong>in</strong></span> <span class='ocrx_word' id='word_1_760' title='bbox 3338 3964 3573 4030; x_wconf 89' lang='lat' dir='ltr'><strong>posteris</strong></span> 
     </span>
    </p>
   </div>
   <div class='ocr_carea' id='block_1_101' title="bbox 1979 4052 3571 4123">
    <p class='ocr_par' dir='ltr' id='par_1_101' title="bbox 1979 4052 3571 4123">
     <span class='ocr_line' id='line_1_101' title="bbox 1979 4052 3571 4123; baseline 0.001 -16"><span class='ocrx_word' id='word_1_761' title='bbox 1979 4054 2263 4123; x_wconf 87' lang='lat' dir='ltr'><strong>irrepsisse</strong></span> <span class='ocrx_word' id='word_1_762' title='bbox 2291 4060 2526 4119; x_wconf 89' lang='lat' dir='ltr'><strong>constat,</strong></span> <span class='ocrx_word' id='word_1_763' title='bbox 2562 4061 2623 4107; x_wconf 90' lang='lat' dir='ltr'><strong>ut</strong></span> <span class='ocrx_word' id='word_1_764' title='bbox 2652 4067 2787 4123; x_wconf 89' lang='lat' dir='ltr'><strong>quos</strong></span> <span class='ocrx_word' id='word_1_765' title='bbox 2824 4052 2898 4106; x_wconf 90' lang='lat' dir='ltr'><strong>illi</strong></span> <span class='ocrx_word' id='word_1_766' title='bbox 2920 4067 3019 4122; x_wconf 89' lang='lat' dir='ltr'><strong>pro</strong></span> <span class='ocrx_word' id='word_1_767' title='bbox 3050 4053 3162 4107; x_wconf 87' lang='lat' dir='ltr'><strong>sola</strong></span> <span class='ocrx_word' id='word_1_768' title='bbox 3187 4052 3421 4112; x_wconf 90' lang='lat' dir='ltr'><strong>nominis</strong></span> <span class='ocrx_word' id='word_1_769' title='bbox 3455 4067 3571 4108; x_wconf 91' lang='lat' dir='ltr'><strong>me-</strong></span> 
     </span>
    </p>
   </div>
   <div class='ocr_carea' id='block_1_102' title="bbox 1978 4144 3576 4211">
    <p class='ocr_par' dir='ltr' id='par_1_102' title="bbox 1978 4144 3576 4211">
     <span class='ocr_line' id='line_1_102' title="bbox 1978 4144 3576 4211; baseline -0.001 -9"><span class='ocrx_word' id='word_1_770' title='bbox 1978 4148 2150 4202; x_wconf 89' lang='lat' dir='ltr'><strong>moria</strong></span> <span class='ocrx_word' id='word_1_771' title='bbox 2181 4147 2615 4211; x_wconf 88' lang='lat' dir='ltr'><strong>honoraverunt,</strong></span> <span class='ocrx_word' id='word_1_772' title='bbox 2657 4161 3002 4201; x_wconf 84' lang='lat' dir='ltr'><strong>successores</strong></span> <span class='ocrx_word' id='word_1_773' title='bbox 3031 4148 3161 4201; x_wconf 91' lang='lat' dir='ltr'><strong>deos</strong></span> <span class='ocrx_word' id='word_1_774' title='bbox 3196 4144 3576 4200; x_wconf 75' lang='lat' dir='ltr'><strong>existimarent</strong></span> 
     </span>
    </p>
   </div>
   <div class='ocr_carea' id='block_1_103' title="bbox 1977 4236 3629 4307">
    <p class='ocr_par' dir='ltr' id='par_1_103' title="bbox 1977 4236 3629 4307">
     <span class='ocr_line' id='line_1_103' title="bbox 1977 4236 3629 4307; baseline -0.003 -16"><span class='ocrx_word' id='word_1_775' title='bbox 1977 4245 2140 4307; x_wconf 87' lang='lat' dir='ltr'><strong>atque</strong></span> <span class='ocrx_word' id='word_1_776' title='bbox 2170 4237 2428 4291; x_wconf 89' lang='lat' dir='ltr'><strong>colerent.</strong></span> <span class='ocrx_word' id='word_1_777' title='bbox 2459 4236 2886 4291; x_wconf 90' lang='lat' dir='ltr'><strong>Simulacrorum</strong></span> <span class='ocrx_word' id='word_1_778' title='bbox 2911 4252 3040 4292; x_wconf 91' lang='lat' dir='ltr'><strong>usus</strong></span> <span class='ocrx_word' id='word_1_779' title='bbox 3064 4245 3287 4291; x_wconf 79' lang='lat' dir='ltr'><strong>exortus</strong></span> <span class='ocrx_word' id='word_1_780' title='bbox 3311 4243 3418 4303; x_wconf 90' lang='lat' dir='ltr'><strong>est,</strong></span> <span class='ocrx_word' id='word_1_781' title='bbox 3442 4250 3570 4290; x_wconf 90' lang='lat' dir='ltr'><strong>cum</strong></span> <span class='ocrx_word' id='word_1_782' title='bbox 3618 4276 3629 4285; x_wconf 84' lang='lat'><strong>.</strong></span> 
     </span>
    </p>
   </div>
   <div class='ocr_carea' id='block_1_104' title="bbox 1977 4326 3572 4399">
    <p class='ocr_par' dir='ltr' id='par_1_104' title="bbox 1977 4326 3572 4399">
     <span class='ocr_line' id='line_1_104' title="bbox 1977 4326 3572 4399; baseline 0.001 -16"><span class='ocrx_word' id='word_1_783' title='bbox 1977 4343 2044 4383; x_wconf 83' lang='lat' dir='ltr'><strong>ex</strong></span> <span class='ocrx_word' id='word_1_784' title='bbox 2082 4326 2353 4383; x_wconf 89' lang='lat' dir='ltr'><strong>desiderio</strong></span> <span class='ocrx_word' id='word_1_785' title='bbox 2397 4336 2733 4384; x_wconf 90' lang='lat' dir='ltr'><strong>mortuorum</strong></span> <span class='ocrx_word' id='word_1_786' title='bbox 2788 4330 3251 4383; x_wconf 90' lang='lat' dir='ltr'><strong>constituerentur</strong></span> <span class='ocrx_word' id='word_1_787' title='bbox 3305 4328 3572 4399; x_wconf 86' lang='lat' dir='ltr'><strong>imagines</strong></span> 
     </span>
    </p>
   </div>
   <div class='ocr_carea' id='block_1_105' title="bbox 1977 4416 3570 4491">
    <p class='ocr_par' dir='ltr' id='par_1_105' title="bbox 1977 4416 3570 4491">
     <span class='ocr_line' id='line_1_105' title="bbox 1977 4416 3570 4491; baseline -0.001 -18"><span class='ocrx_word' id='word_1_788' title='bbox 1977 4417 2061 4475; x_wconf 89' lang='lat' dir='ltr'><strong>vel</strong></span> <span class='ocrx_word' id='word_1_789' title='bbox 2090 4416 2313 4491; x_wconf 78' lang='lat' dir='ltr'><strong>effigies,</strong></span> <span class='ocrx_word' id='word_1_790' title='bbox 2370 4427 2624 4489; x_wconf 90' lang='lat' dir='ltr'><strong>tanquam</strong></span> <span class='ocrx_word' id='word_1_791' title='bbox 2654 4419 2710 4473; x_wconf 89' lang='lat' dir='ltr'><strong>in</strong></span> <span class='ocrx_word' id='word_1_792' title='bbox 2759 4418 2956 4474; x_wconf 77' lang='lat' dir='ltr'><strong>cmlum</strong></span> <span class='ocrx_word' id='word_1_793' title='bbox 3009 4419 3240 4490; x_wconf 85' lang='lat' dir='ltr'><strong>receptis</strong></span> <span class='ocrx_word' id='word_1_794' title='bbox 3272 4433 3286 4472; x_wconf 92' lang='lat'><strong>:</strong></span> <span class='ocrx_word' id='word_1_795' title='bbox 3322 4433 3423 4489; x_wconf 90' lang='lat' dir='ltr'><strong>pro</strong></span> <span class='ocrx_word' id='word_1_796' title='bbox 3446 4417 3570 4487; x_wconf 91' lang='lat' dir='ltr'><strong>qui-</strong></span> 
     </span>
    </p>
   </div>
   <div class='ocr_carea' id='block_1_106' title="bbox 1982 4511 3570 4581">
    <p class='ocr_par' dir='ltr' id='par_1_106' title="bbox 1982 4511 3570 4581">
     <span class='ocr_line' id='line_1_106' title="bbox 1982 4511 3570 4581; baseline -0.003 -13"><span class='ocrx_word' id='word_1_797' title='bbox 1982 4514 2086 4568; x_wconf 77' lang='lat' dir='ltr'><strong>bus</strong></span> <span class='ocrx_word' id='word_1_798' title='bbox 2138 4527 2196 4567; x_wconf 91' lang='lat' dir='ltr'><strong>se</strong></span> <span class='ocrx_word' id='word_1_799' title='bbox 2238 4513 2293 4567; x_wconf 93' lang='lat' dir='ltr'><strong>in</strong></span> <span class='ocrx_word' id='word_1_800' title='bbox 2342 4512 2505 4567; x_wconf 79' lang='lat' dir='ltr'><strong>terris</strong></span> <span class='ocrx_word' id='word_1_801' title='bbox 2574 4511 2847 4567; x_wconf 68' lang='lat' dir='ltr'><strong>dtemoncs</strong></span> <span class='ocrx_word' id='word_1_802' title='bbox 2888 4511 3101 4566; x_wconf 87' lang='lat' dir='ltr'><strong>colendi</strong></span> <span class='ocrx_word' id='word_1_803' title='bbox 3150 4519 3570 4581; x_wconf 88' lang='lat' dir='ltr'><strong>supposuerunt,</strong></span> 
     </span>
    </p>
   </div>
   <div class='ocr_carea' id='block_1_107' title="bbox 1983 4602 3572 4671">
    <p class='ocr_par' dir='ltr' id='par_1_107' title="bbox 1983 4602 3572 4671">
     <span class='ocr_line' id='line_1_107' title="bbox 1983 4602 3572 4671; baseline -0.004 -12"><span class='ocrx_word' id='word_1_804' title='bbox 1983 4615 2040 4658; x_wconf 87' lang='lat' dir='ltr'><strong>et</strong></span> <span class='ocrx_word' id='word_1_805' title='bbox 2087 4603 2187 4659; x_wconf 91' lang='lat' dir='ltr'><strong>sibi</strong></span> <span class='ocrx_word' id='word_1_806' title='bbox 2242 4602 2539 4657; x_wconf 85' lang='lat' dir='ltr'><strong>sacriﬁcari</strong></span> <span class='ocrx_word' id='word_1_807' title='bbox 2581 4618 2610 4655; x_wconf 92' lang='lat' dir='ltr'><strong>a</strong></span> <span class='ocrx_word' id='word_1_808' title='bbox 2640 4602 2880 4671; x_wconf 89' lang='lat' dir='ltr'><strong>deceptis</strong></span> <span class='ocrx_word' id='word_1_809' title='bbox 2924 4609 2980 4655; x_wconf 93' lang='lat' dir='ltr'><strong>ct</strong></span> <span class='ocrx_word' id='word_1_810' title='bbox 3017 4602 3245 4670; x_wconf 88' lang='lat' dir='ltr'><strong>perditis</strong></span> <span class='ocrx_word' id='word_1_811' title='bbox 3284 4615 3572 4671; x_wconf 86' lang='lat' dir='ltr'><strong>persuase-</strong></span> 
     </span>
    </p>
   </div>
   <div class='ocr_carea' id='block_1_108' title="bbox 1983 4686 3569 4756">
    <p class='ocr_par' dir='ltr' id='par_1_108' title="bbox 1983 4686 3569 4756">
     <span class='ocr_line' id='line_1_108' title="bbox 1983 4686 3569 4756; baseline -0.004 -9"><span class='ocrx_word' id='word_1_812' title='bbox 1983 4700 2129 4748; x_wconf 88' lang='lat' dir='ltr'><strong>runt.</strong></span> <span class='ocrx_word' id='word_1_813' title='bbox 2155 4692 2455 4745; x_wconf 83' lang='lat' dir='ltr'><strong>Simulaera</strong></span> <span class='ocrx_word' id='word_1_814' title='bbox 2513 4707 2544 4743; x_wconf 92' lang='lat' dir='ltr'><strong>a</strong></span> <span class='ocrx_word' id='word_1_815' title='bbox 2572 4690 2925 4743; x_wconf 89' lang='lat' dir='ltr'><strong>similitudine</strong></span> <span class='ocrx_word' id='word_1_816' title='bbox 2967 4696 3297 4756; x_wconf 88' lang='lat' dir='ltr'><strong>nuncupata,</strong></span> <span class='ocrx_word' id='word_1_817' title='bbox 3330 4702 3395 4741; x_wconf 93' lang='lat' dir='ltr'><strong>eo</strong></span> <span class='ocrx_word' id='word_1_818' title='bbox 3423 4686 3569 4756; x_wconf 89' lang='lat' dir='ltr'><strong>quod</strong></span> 
     </span>
    </p>
   </div>
   <div class='ocr_carea' id='block_1_109' title="bbox 1985 4776 3575 4850">
    <p class='ocr_par' dir='ltr' id='par_1_109' title="bbox 1985 4776 3575 4850">
     <span class='ocr_line' id='line_1_109' title="bbox 1985 4776 3575 4850; baseline -0.005 -14"><span class='ocrx_word' id='word_1_819' title='bbox 1985 4796 2147 4837; x_wconf 90' lang='lat' dir='ltr'><strong>manu</strong></span> <span class='ocrx_word' id='word_1_820' title='bbox 2176 4781 2404 4835; x_wconf 89' lang='lat' dir='ltr'><strong>artiﬁcis</strong></span> <span class='ocrx_word' id='word_1_821' title='bbox 2450 4796 2518 4835; x_wconf 77' lang='lat' dir='ltr'><strong>ex</strong></span> <span class='ocrx_word' id='word_1_822' title='bbox 2542 4779 2722 4850; x_wconf 88' lang='lat' dir='ltr'><strong>lapide</strong></span> <span class='ocrx_word' id='word_1_823' title='bbox 2750 4778 2925 4831; x_wconf 88' lang='lat' dir='ltr'><strong>aliave</strong></span> <span class='ocrx_word' id='word_1_824' title='bbox 2977 4777 3206 4831; x_wconf 89' lang='lat' dir='ltr'><strong>materia</strong></span> <span class='ocrx_word' id='word_1_825' title='bbox 3237 4790 3424 4830; x_wconf 90' lang='lat' dir='ltr'><strong>eorum</strong></span> <span class='ocrx_word' id='word_1_826' title='bbox 3454 4776 3575 4829; x_wconf 89' lang='lat' dir='ltr'><strong>vul-</strong></span> 
     </span>
    </p>
   </div>
   <div class='ocr_carea' id='block_1_110' title="bbox 1985 4866 3575 4940">
    <p class='ocr_par' dir='ltr' id='par_1_110' title="bbox 1985 4866 3575 4940">
     <span class='ocr_line' id='line_1_110' title="bbox 1985 4866 3575 4940; baseline -0.002 -15"><span class='ocrx_word' id='word_1_827' title='bbox 1985 4880 2084 4927; x_wconf 85' lang='lat' dir='ltr'><strong>tus‘</strong></span> <span class='ocrx_word' id='word_1_828' title='bbox 2122 4872 2421 4934; x_wconf 90' lang='lat' dir='ltr'><strong>imitantur,</strong></span> <span class='ocrx_word' id='word_1_829' title='bbox 2484 4871 2538 4925; x_wconf 90' lang='lat' dir='ltr'><strong>in</strong></span> <span class='ocrx_word' id='word_1_830' title='bbox 2570 4886 2800 4940; x_wconf 91' lang='lat' dir='ltr'><strong>quorum</strong></span> <span class='ocrx_word' id='word_1_831' title='bbox 2831 4871 3037 4924; x_wconf 89' lang='lat' dir='ltr'><strong>honore</strong></span> <span class='ocrx_word' id='word_1_832' title='bbox 3091 4868 3385 4939; x_wconf 83' lang='lat' dir='ltr'><strong>ﬁnguntur.</strong></span> <span class='ocrx_word' id='word_1_833' title='bbox 3432 4866 3575 4939; x_wconf 87' lang='lat' dir='ltr'><strong>Ergo</strong></span> 
     </span>
    </p>
   </div>
   <div class='ocr_carea' id='block_1_111' title="bbox 1985 4959 3575 5033">
    <p class='ocr_par' dir='ltr' id='par_1_111' title="bbox 1985 4959 3575 5033">
     <span class='ocr_line' id='line_1_111' title="bbox 1985 4959 3575 5033; baseline -0.001 -15"><span class='ocrx_word' id='word_1_834' title='bbox 1985 4962 2273 5018; x_wconf 89' lang='lat' dir='ltr'><strong>simulacra</strong></span> <span class='ocrx_word' id='word_1_835' title='bbox 2307 4963 2391 5017; x_wconf 90' lang='lat' dir='ltr'><strong>vel</strong></span> <span class='ocrx_word' id='word_1_836' title='bbox 2416 4978 2515 5033; x_wconf 91' lang='lat' dir='ltr'><strong>pro</strong></span> <span class='ocrx_word' id='word_1_837' title='bbox 2548 4979 2613 5018; x_wconf 90' lang='lat' dir='ltr'><strong>eo</strong></span> <span class='ocrx_word' id='word_1_838' title='bbox 2637 4962 2782 5032; x_wconf 90' lang='lat' dir='ltr'><strong>quod</strong></span> <span class='ocrx_word' id='word_1_839' title='bbox 2811 4973 2937 5017; x_wconf 88' lang='lat' dir='ltr'><strong>sunt</strong></span> <span class='ocrx_word' id='word_1_840' title='bbox 2973 4960 3192 5025; x_wconf 90' lang='lat' dir='ltr'><strong>similia,</strong></span> <span class='ocrx_word' id='word_1_841' title='bbox 3255 4959 3340 5015; x_wconf 87' lang='lat' dir='ltr'><strong>vel</strong></span> <span class='ocrx_word' id='word_1_842' title='bbox 3380 4975 3480 5032; x_wconf 88' lang='lat' dir='ltr'><strong>pro</strong></span> <span class='ocrx_word' id='word_1_843' title='bbox 3508 4977 3575 5016; x_wconf 91' lang='lat' dir='ltr'><strong>eo</strong></span> 
     </span>
    </p>
   </div>
   <div class='ocr_carea' id='block_1_112' title="bbox 1981 5049 3576 5124">
    <p class='ocr_par' dir='ltr' id='par_1_112' title="bbox 1981 5049 3576 5124">
     <span class='ocr_line' id='line_1_112' title="bbox 1981 5049 3576 5124; baseline -0.003 -17"><span class='ocrx_word' id='word_1_844' title='bbox 1981 5054 2127 5124; x_wconf 91' lang='lat' dir='ltr'><strong>quod</strong></span> <span class='ocrx_word' id='word_1_845' title='bbox 2177 5054 2284 5107; x_wconf 87' lang='lat' dir='ltr'><strong>sint</strong></span> <span class='ocrx_word' id='word_1_846' title='bbox 2333 5053 2582 5108; x_wconf 90' lang='lat' dir='ltr'><strong>simulata</strong></span> <span class='ocrx_word' id='word_1_847' title='bbox 2618 5062 2777 5122; x_wconf 90' lang='lat' dir='ltr'><strong>atque</strong></span> <span class='ocrx_word' id='word_1_848' title='bbox 2830 5050 3077 5107; x_wconf 90' lang='lat' dir='ltr'><strong>conﬁcta.</strong></span> <span class='ocrx_word' id='word_1_849' title='bbox 3138 5050 3289 5107; x_wconf 89' lang='lat' dir='ltr'><strong>Unde</strong></span> <span class='ocrx_word' id='word_1_850' title='bbox 3342 5058 3398 5105; x_wconf 90' lang='lat' dir='ltr'><strong>et</strong></span> <span class='ocrx_word' id='word_1_851' title='bbox 3438 5049 3576 5105; x_wconf 82' lang='lat' dir='ltr'><strong>falsa</strong></span> 
     </span>
    </p>
   </div>
   <div class='ocr_carea' id='block_1_113' title="bbox 1982 5141 3574 5213">
    <p class='ocr_par' dir='ltr' id='par_1_113' title="bbox 1982 5141 3574 5213">
     <span class='ocr_line' id='line_1_113' title="bbox 1982 5141 3574 5213; baseline -0.003 -14"><span class='ocrx_word' id='word_1_852' title='bbox 1982 5154 2128 5200; x_wconf 89' lang='lat' dir='ltr'><strong>sunt.</strong></span> <span class='ocrx_word' id='word_1_853' title='bbox 2168 5144 2236 5199; x_wconf 88' lang='lat' dir='ltr'><strong>Et</strong></span> <span class='ocrx_word' id='word_1_854' title='bbox 2264 5146 2559 5200; x_wconf 91' lang='lat' dir='ltr'><strong>notandum</strong></span> <span class='ocrx_word' id='word_1_855' title='bbox 2587 5145 2731 5213; x_wconf 90' lang='lat' dir='ltr'><strong>quod</strong></span> <span class='ocrx_word' id='word_1_856' title='bbox 2775 5143 3002 5198; x_wconf 89' lang='lat' dir='ltr'><strong>Latinus</strong></span> <span class='ocrx_word' id='word_1_857' title='bbox 3042 5157 3222 5198; x_wconf 91' lang='lat' dir='ltr'><strong>sermo</strong></span> <span class='ocrx_word' id='word_1_858' title='bbox 3276 5141 3349 5198; x_wconf 79' lang='lat' dir='ltr'><strong>sit</strong></span> <span class='ocrx_word' id='word_1_859' title='bbox 3376 5143 3432 5197; x_wconf 92' lang='lat' dir='ltr'><strong>in</strong></span> <span class='ocrx_word' id='word_1_860' title='bbox 3462 5141 3574 5195; x_wconf 90' lang='lat' dir='ltr'><strong>lle-</strong></span> 
     </span>
    </p>
   </div>
   <div class='ocr_carea' id='block_1_114' title="bbox 1982 5233 3576 5307">
    <p class='ocr_par' dir='ltr' id='par_1_114' title="bbox 1982 5233 3576 5307">
     <span class='ocr_line' id='line_1_114' title="bbox 1982 5233 3576 5307; baseline -0.003 -18"><span class='ocrx_word' id='word_1_861' title='bbox 1982 5235 2165 5292; x_wconf 71' lang='lat' dir='ltr'><strong>brzeis.</strong></span> <span class='ocrx_word' id='word_1_862' title='bbox 2215 5236 2375 5307; x_wconf 85' lang='lat' dir='ltr'><strong>Apud</strong></span> <span class='ocrx_word' id='word_1_863' title='bbox 2429 5252 2523 5291; x_wconf 91' lang='lat' dir='ltr'><strong>eos</strong></span> <span class='ocrx_word' id='word_1_864' title='bbox 2572 5237 2717 5291; x_wconf 90' lang='lat' dir='ltr'><strong>enim</strong></span> <span class='ocrx_word' id='word_1_865' title='bbox 2751 5235 2955 5289; x_wconf 87' lang='lat' dir='ltr'><strong>idolum</strong></span> <span class='ocrx_word' id='word_1_866' title='bbox 3011 5243 3175 5300; x_wconf 86' lang='lat' dir='ltr'><strong>atque</strong></span> <span class='ocrx_word' id='word_1_867' title='bbox 3222 5233 3576 5287; x_wconf 87' lang='lat' dir='ltr'><strong>simulacrum</strong></span> 
     </span>
    </p>
   </div>
   <div class='ocr_carea' id='block_1_115' title="bbox 1985 5325 3578 5396">
    <p class='ocr_par' dir='ltr' id='par_1_115' title="bbox 1985 5325 3578 5396">
     <span class='ocr_line' id='line_1_115' title="bbox 1985 5325 3578 5396; baseline 0.001 -17"><span class='ocrx_word' id='word_1_868' title='bbox 1985 5328 2151 5381; x_wconf 86' lang='lat' dir='ltr'><strong>selem</strong></span> <span class='ocrx_word' id='word_1_869' title='bbox 2203 5328 2422 5381; x_wconf 89' lang='lat' dir='ltr'><strong>dicitur.</strong></span> <span class='ocrx_word' id='word_1_870' title='bbox 2475 5326 2645 5381; x_wconf 65' lang='lat' dir='ltr'><strong>Judzei</strong></span> <span class='ocrx_word' id='word_1_871' title='bbox 2690 5328 2876 5380; x_wconf 89' lang='lat' dir='ltr'><strong>dicunt</strong></span> <span class='ocrx_word' id='word_1_872' title='bbox 2924 5325 3066 5395; x_wconf 89' lang='lat' dir='ltr'><strong>quod</strong></span> <span class='ocrx_word' id='word_1_873' title='bbox 3111 5325 3304 5382; x_wconf 89' lang='lat' dir='ltr'><strong>lsmael</strong></span> <span class='ocrx_word' id='word_1_874' title='bbox 3367 5327 3578 5396; x_wconf 90' lang='lat' dir='ltr'><strong>primus</strong></span> 
     </span>
    </p>
   </div>
   <div class='ocr_carea' id='block_1_116' title="bbox 1991 5412 3576 5485">
    <p class='ocr_par' dir='ltr' id='par_1_116' title="bbox 1991 5412 3576 5485">
     <span class='ocr_line' id='line_1_116' title="bbox 1991 5412 3576 5485; baseline -0.001 -17"><span class='ocrx_word' id='word_1_875' title='bbox 1991 5414 2346 5469; x_wconf 88' lang='lat' dir='ltr'><strong>simulacrum</strong></span> <span class='ocrx_word' id='word_1_876' title='bbox 2402 5414 2513 5470; x_wconf 89' lang='lat' dir='ltr'><strong>luto</strong></span> <span class='ocrx_word' id='word_1_877' title='bbox 2556 5412 3042 5485; x_wconf 77' lang='lat' dir='ltr'><strong>feceritzgcntilcs</strong></span> <span class='ocrx_word' id='word_1_878' title='bbox 3101 5422 3281 5469; x_wconf 87' lang='lat' dir='ltr'><strong>autem</strong></span> <span class='ocrx_word' id='word_1_879' title='bbox 3338 5414 3576 5484; x_wconf 86' lang='lat' dir='ltr'><strong>primum</strong></span> 
     </span>
    </p>
   </div>
   <div class='ocr_carea' id='block_1_117' title="bbox 1991 5505 3579 5561">
    <p class='ocr_par' dir='ltr' id='par_1_117' title="bbox 1991 5505 3579 5561">
     <span class='ocr_line' id='line_1_117' title="bbox 1991 5505 3579 5561; baseline 0.001 -3"><span class='ocrx_word' id='word_1_880' title='bbox 1991 5505 2376 5560; x_wconf 88' lang='lat' dir='ltr'><strong>Prometheum</strong></span> <span class='ocrx_word' id='word_1_881' title='bbox 2406 5505 2697 5561; x_wconf 89' lang='lat' dir='ltr'><strong>simulacra</strong></span> <span class='ocrx_word' id='word_1_882' title='bbox 2744 5506 3023 5560; x_wconf 90' lang='lat' dir='ltr'><strong>hominum</strong></span> <span class='ocrx_word' id='word_1_883' title='bbox 3088 5506 3155 5561; x_wconf 92' lang='lat' dir='ltr'><strong>de</strong></span> <span class='ocrx_word' id='word_1_884' title='bbox 3188 5505 3299 5561; x_wconf 90' lang='lat' dir='ltr'><strong>luto</strong></span> <span class='ocrx_word' id='word_1_885' title='bbox 3355 5505 3579 5560; x_wconf 78' lang='lat' dir='ltr'><strong>ﬁnxisse</strong></span> 
     </span>
    </p>
   </div>
   <div class='ocr_carea' id='block_1_118' title="bbox 1993 5594 3575 5663">
    <p class='ocr_par' dir='ltr' id='par_1_118' title="bbox 1993 5594 3575 5663">
     <span class='ocr_line' id='line_1_118' title="bbox 1993 5594 3575 5663; baseline 0.004 -19"><span class='ocrx_word' id='word_1_886' title='bbox 1993 5594 2309 5662; x_wconf 86' lang='lat' dir='ltr'><strong>perhibent,</strong></span> <span class='ocrx_word' id='word_1_887' title='bbox 2356 5595 2425 5648; x_wconf 89' lang='lat' dir='ltr'><strong>ab</strong></span> <span class='ocrx_word' id='word_1_888' title='bbox 2465 5609 2641 5663; x_wconf 89' lang='lat' dir='ltr'><strong>eoque</strong></span> <span class='ocrx_word' id='word_1_889' title='bbox 2683 5603 2866 5649; x_wconf 89' lang='lat' dir='ltr'><strong>natam</strong></span> <span class='ocrx_word' id='word_1_890' title='bbox 2906 5609 3027 5651; x_wconf 86' lang='lat' dir='ltr'><strong>esse</strong></span> <span class='ocrx_word' id='word_1_891' title='bbox 3078 5604 3250 5649; x_wconf 90' lang='lat' dir='ltr'><strong>artem</strong></span> <span class='ocrx_word' id='word_1_892' title='bbox 3282 5595 3575 5651; x_wconf 86' lang='lat' dir='ltr'><strong>simulacra</strong></span> 
     </span>
    </p>
   </div>
   <div class='ocr_carea' id='block_1_119' title="bbox 1993 5681 3576 5755">
    <p class='ocr_par' dir='ltr' id='par_1_119' title="bbox 1993 5681 3576 5755">
     <span class='ocr_line' id='line_1_119' title="bbox 1993 5681 3576 5755; baseline 0.001 -18"><span class='ocrx_word' id='word_1_893' title='bbox 1993 5690 2048 5737; x_wconf 90' lang='lat' dir='ltr'><strong>et</strong></span> <span class='ocrx_word' id='word_1_894' title='bbox 2084 5689 2295 5736; x_wconf 87' lang='lat' dir='ltr'><strong>statuas</strong></span> <span class='ocrx_word' id='word_1_895' title='bbox 2321 5682 2575 5754; x_wconf 84' lang='lat' dir='ltr'><strong>ﬁngendi.</strong></span> <span class='ocrx_word' id='word_1_896' title='bbox 2622 5681 2777 5739; x_wconf 87' lang='lat' dir='ltr'><strong>Unde</strong></span> <span class='ocrx_word' id='word_1_897' title='bbox 2812 5694 2868 5739; x_wconf 91' lang='lat' dir='ltr'><strong>et</strong></span> <span class='ocrx_word' id='word_1_898' title='bbox 2916 5694 3089 5755; x_wconf 72' lang='lat' dir='ltr'><strong>poeta:</strong></span> <span class='ocrx_word' id='word_1_899' title='bbox 3135 5686 3205 5739; x_wconf 90' lang='lat' dir='ltr'><strong>ab</strong></span> <span class='ocrx_word' id='word_1_900' title='bbox 3234 5700 3298 5739; x_wconf 90' lang='lat' dir='ltr'><strong>eo</strong></span> <span class='ocrx_word' id='word_1_901' title='bbox 3328 5685 3576 5740; x_wconf 90' lang='lat' dir='ltr'><strong>homines</strong></span> 
     </span>
    </p>
   </div>
   <div class='ocr_carea' id='block_1_120' title="bbox 1990 5772 3579 5847">
    <p class='ocr_par' dir='ltr' id='par_1_120' title="bbox 1990 5772 3579 5847">
     <span class='ocr_line' id='line_1_120' title="bbox 1990 5772 3579 5847; baseline 0.002 -21"><span class='ocrx_word' id='word_1_902' title='bbox 1990 5772 2226 5844; x_wconf 89' lang='lat' dir='ltr'><strong>primum</strong></span> <span class='ocrx_word' id='word_1_903' title='bbox 2284 5772 2457 5830; x_wconf 79' lang='lat' dir='ltr'><strong>factos</strong></span> <span class='ocrx_word' id='word_1_904' title='bbox 2508 5789 2627 5831; x_wconf 88' lang='lat' dir='ltr'><strong>esse</strong></span> <span class='ocrx_word' id='word_1_905' title='bbox 2696 5777 3008 5847; x_wconf 70' lang='lat' dir='ltr'><strong>conﬁngunt</strong></span> <span class='ocrx_word' id='word_1_906' title='bbox 3070 5776 3294 5843; x_wconf 70' lang='lat' dir='ltr'><strong>ﬁgurate</strong></span> <span class='ocrx_word' id='word_1_907' title='bbox 3352 5782 3579 5843; x_wconf 76' lang='lat' dir='ltr'><strong>propter</strong></span> 
     </span>
    </p>
   </div>
   <div class='ocr_carea' id='block_1_121' title="bbox 3027 5885 3101 5948">
    <p class='ocr_par' dir='ltr' id='par_1_121' title="bbox 3027 5885 3101 5948">
     <span class='ocr_line' id='line_1_121' title="bbox 3027 5885 3101 5948; baseline -0.054 0"><span class='ocrx_word' id='word_1_908' title='bbox 3027 5885 3101 5948; x_wconf 58' lang='lat' dir='ltr'><strong>1’s-</strong></span> 
     </span>
    </p>
   </div>
  </div>
