4038 6324
458 416 568 480 ιὲι

1109 417 1169 471 Β.
1214 376 1467 472 ΒΑΒΑΝΪ
1508 414 1727 474 MAURI
1764 415 2079 472 ARCIIIEP.
2124 414 2435 472 MOGUNT.
2473 413 2757 471 OPERUM
2792 412 2971 469 PARS
3007 412 3068 469 ll.

3627 421 3741 482 4Ξ8

455 533 682 608 cliigies.
702 534 859 603 Apud
878 532 1098 589 Grtecos
1116 538 1297 586 autem
1317 530 1553 601 Cecrops
1572 533 1672 587 sub
1694 548 1803 603 quo
1814 532 2050 602 primum
2077 540 2126 597 Α
2155 538 2346 586 contra
2383 547 2507 585 eum
2537 530 2844 597 dimicabit,
2882 542 2940 587 et
2972 530 3348 589 adversabitur
3380 536 3749 593 sacramentis

453 623 513 682 in
541 640 669 681 arce
696 624 835 689 oliva
865 630 986 678 orla
1033 630 1142 689 est,
1165 633 1221 678 et
1244 616 1654 679 Atheniensium
1695 626 1826 679 urbs
1855 639 1922 679 ex
1949 622 2048 679 Mi-

460 730 641 773 nervae
659 712 1021 785 appellatione
1042 727 1237 767 nomen
1259 714 1448 768 sortita
1471 722 1574 769 est.
1592 713 1692 769 llic
1710 715 1918 785 primus
1935 731 2053 771 om-

460 807 610 862 uitun
647 802 838 860 Jovem
877 800 1188 873 appellavit,
1219 802 1509 858 simulacra
1538 805 1760 874 reperit,
1790 820 1914 859 aras
1940 813 2053 859 sta-

458 896 584 962 tuit,
619 894 871 951 victimas
891 892 1191 949 immolavit
1216 910 1231 948 :
1254 909 1595 963 nequaquam
1617 895 1773 949 istius
1793 893 1935 948 modi
1962 910 2051 950 re-

457 987 559 1042 bus
610 985 667 1041 in
704 985 913 1042 Graecia
946 999 1185 1055 unquam
1227 985 1376 1041 visis.
1417 985 1746 1053 ldololatria,
1784 986 2052 1043 idolorum

458 1080 693 1136 servitus
713 1080 827 1135 sive
854 1079 1062 1135 cultura
1085 1081 1489 1151 interpretatur.
1519 1079 1656 1134 Nam
1677 1081 1871 1135 latreia
1896 1080 2052 1136 Cra:-

455 1187 539 1236 ce,
574 1170 768 1225 Latine
795 1171 1029 1226 servitus
1056 1171 1273 1237 dicitur,
1312 1184 1452 1241 qua),
1479 1179 1742 1240 quantum
1776 1171 1842 1225 ad
1866 1186 2050 1225 veram

454 1263 772 1335 religionem
802 1263 1016 1329 attinet,
1048 1278 1156 1318 non
1185 1262 1289 1319 nisi
1317 1263 1408 1317 uni
1438 1271 1495 1317 et
1527 1262 1625 1317 soli
1659 1263 1768 1318 Deo
1803 1263 2048 1317 debetur.

456 1353 612 1409 Hane
634 1354 775 1408 sicut
801 1353 963 1424 impia
993 1354 1246 1424 superbia
1278 1353 1393 1417 sive
1419 1353 1697 1408 hominum
1720 1352 1833 1408 sive
1853 1352 2053 1407 damma

454 1459 585 1499 num
610 1444 713 1499 sibi
741 1442 986 1499 exhiberi
1008 1443 1092 1498 vel
1112 1443 1267 1515 jubet
1293 1442 1379 1498 vel
1404 1442 1551 1512 cupit
1582 1459 1596 1495 :
1624 1443 1697 1496 ita
1723 1442 1809 1513 pia
1836 1440 2053 1496 humili-

448 1544 544 1591 tas
568 1534 655 1591 vel
681 1535 962 1591 hominum
992 1533 1075 1590 vel
1099 1533 1410 1603 angelorum
1433 1541 1746 1588 sanctorum
1773 1530 1877 1587 sibi
1901 1531 2053 1586 obla-

452 1636 570 1682 tam
608 1634 849 1693 recusat,
885 1637 940 1682 et
965 1625 1053 1681 cui
1093 1625 1321 1680 debetur
1353 1624 1608 1679 ostendit.
1638 1622 1841 1678 Idolum
1870 1631 2051 1677 autem

451 1729 541 1777 est
592 1720 976 1786 simulacrum,
1033 1718 1177 1790 quod
1232 1720 1467 1774 humana
1509 1718 1683 1787 eﬁigie
1740 1717 1942 1773 factum
1996 1725 2053 1773 et

450 1820 840 1867 consecratum
892 1819 995 1874 est,
1030 1810 1187 1881 juxta
1225 1808 1473 1864 vocabuli
1517 1808 2045 1881 interpretationem.

2155 621 2355 678 Christi
2379 631 2435 678 et
2456 622 2669 678 veritati
2697 623 2834 693 ejus.
2857 623 2991 679 Nam
3021 631 3078 679 et
3101 621 3359 693 templum
3384 621 3750 696 Jerosolymil

2155 728 2433 785 reparare,
2460 724 2517 770 et
2540 729 2729 770 omnes
2759 716 2958 771 veteris
2984 714 3118 787 legis
3144 714 3499 770 caeremonias
3527 724 3750 771 restau-

2154 818 2278 861 rare
2312 805 2558 860 tentabit.
2578 806 2698 876 Sed
2719 814 2774 861 et
2796 806 2885 861 ille
2915 805 3284 861 Antichristus
3311 813 3417 870 est,
3448 805 3541 875 qui
3574 817 3751 879 negat

2152 910 2273 951 esse
2307 895 2478 950 Deum
2513 893 2787 949 Christum
2822 895 3170 951 :contrarius
3195 894 3341 950 enim
3388 903 3473 949 est
3499 893 3745 951 Christo.

2153 984 2354 1041 Omnes
2387 985 2556 1051 enim,
2598 985 2691 1055 qui
2728 994 2930 1042 exeunt
2956 985 3023 1041 de
3050 983 3321 1052 Ecclesia,
3347 993 3404 1039 et
3434 985 3502 1040 ab
3530 985 3751 1041 unitate

2154 1076 2275 1133 ﬁdei
2298 1077 2689 1148 prteciduntur,
2712 1087 2767 1133 et
2815 1078 2918 1149 ipsi
2949 1076 3271 1134 Antichristi
3311 1084 3457 1133 sunt.
3501 1074 3595 1133 Bel
3626 1078 3747 1133 ido-

2154 1168 2265 1224 lum
2319 1178 2405 1225 est
2449 1168 2856 1241 Babylonicum,
2931 1169 3077 1239 quod
3130 1169 3524 1240 interpretatur
3571 1178 3747 1224 vetus.

2153 1261 2279 1317 Fuit
2312 1262 2456 1318 enim
2494 1263 2585 1318 hic
2624 1261 2785 1317 Belus
2810 1270 2967 1332 pater
2996 1261 3142 1328 Nini,
3182 1258 3394 1331 primus
3439 1275 3538 1315 rex
3581 1260 3752 1331 Assy-

2155 1353 2382 1420 riorum,
2425 1369 2586 1425 quem
2639 1354 2859 1423 quidam
2908 1352 3207 1409 Saturnum
3251 1353 3565 1425 appellant:
3596 1356 3750 1426 quod

2153 1457 2351 1498 nomen
2378 1450 2433 1500 et
2483 1444 2625 1514 apud
2651 1444 2901 1515 Assyrios
2945 1453 3001 1519 et
3026 1444 3170 1515 apud
3202 1444 3369 1501 Afros
3396 1453 3584 1516 postea
3622 1447 3748 1502 cul-

2155 1543 2266 1587 tum
2288 1541 2392 1589 est.
2447 1533 2602 1591 Unde
2647 1542 2703 1590 et
2740 1534 2923 1606 lingua
2953 1535 3161 1593 Punica
3194 1535 3292 1592 Bal
3328 1540 3472 1595 Deus
3516 1539 3744 1595 dicitur.

2150 1626 2309 1696 Apud
2350 1627 2598 1700 Assyrios
2630 1637 2811 1684 autem
2834 1628 2928 1684 Bel
2973 1637 3220 1697 vocatur,
3267 1631 3502 1700 quadam
3557 1646 3749 1690 sacro-

2156 1734 2276 1774 rum
2308 1734 2529 1775 suorum
2556 1720 2787 1791 ratione,
2818 1729 2876 1778 et
2905 1720 3176 1777 Saturnus
3198 1731 3254 1777 et
3278 1720 3381 1778 sol.
3410 1722 3749 1795 Beelphegor

2154 1813 2543 1884 interpretatur
2586 1813 2787 1868 idolum
2837 1814 3161 1885 ignominiae.
3192 1814 3396 1871 Idolum
3430 1814 3533 1870 fuit
3584 1814 3747 1872 Moab

461 1900 628 1956 Eidos
645 1900 790 1955 enim
820 1897 1006 1954 Graece
1041 1907 1198 1954 sonat
1223 1898 1474 1964 formam,
1506 1908 1559 1953 et
1589 1898 1657 1954 ab
1686 1915 1752 1955 eo
1784 1914 1882 1970 per
1900 1899 2060 1954 dimi-
2086 1909 2134 1968 B
2162 1905 2673 1977 cognomeIrlo'Baal
2715 1920 2880 1976 super
2918 1914 3157 1961 montem
3188 1905 3420 1976 Pbegor,
3449 1920 3611 1976 quem
3642 1905 3746 1960 La-

456 1991 737 2046 nutionem
753 1989 953 2046 idolum
970 1990 1276 2055 deductum,
1304 2003 1457 2059 reque
1471 1985 1613 2060 apud
1634 2005 1735 2046 nos
1756 1988 2045 2045 formulam

460 2079 610 2135 facit.
646 2078 816 2149 igitur
843 2079 1021 2134 omnis
1052 2079 1225 2134 forma
1247 2079 1332 2134 vel
1363 2077 1592 2134 formula
1620 2080 1820 2135 idolum
1849 2095 1910 2135 se
1941 2080 2061 2141 dici,

451 2169 721 2240 exposcit.
777 2168 908 2224 Inde
928 2168 1228 2224 idololatria
1250 2170 1430 2224 omnis
1467 2170 1614 2224 circa
1655 2186 1818 2226 omne
1844 2170 2045 2226 idolum

453 2259 751 2316 famulatus
794 2269 852 2315 et
899 2260 1152 2316 servitus.
1191 2260 1421 2329 Quidam
1467 2277 1597 2327 vero
1637 2260 1837 2329 Latini,
1893 2263 2046 2336 igno-

458 2360 649 2407 rantes
699 2349 947 2407 Grteeam
980 2351 1235 2424 linguam,
1270 2352 1521 2424 imperite
1559 2353 1760 2409 idolum
1803 2370 1870 2412 ex
1913 2356 2038 2411 dolo

456 2445 646 2501 dicunt
691 2445 991 2519 sumpsisse
1042 2461 1260 2513 nomen,
1307 2445 1451 2517 quod
1484 2446 1732 2502 diabolus
1779 2456 2046 2505 creaturae

455 2537 661 2594 cultum
691 2536 864 2592 divini
909 2536 1147 2593 nominis
1186 2537 1412 2592 invexit.
1460 2538 1745 2594 Daemones
1769 2555 1802 2592 a
1841 2537 2046 2595 Gnecis

456 2629 633 2686 dictos
673 2627 847 2695 aiunt,
894 2628 1049 2698 quasi
1096 2627 1408 2683 daemonias
1449 2626 1817 2701 [daimonias],
1861 2627 2042 2696 idest,

454 2721 662 2793 peritos
720 2735 784 2776 ac
843 2735 1026 2776 rerum
1100 2720 1600 2790 scioszprtesciunt
1658 2722 1802 2776 enim
1863 2720 2045 2777 futura

457 2811 654 2878 multa,
691 2811 835 2866 unde
877 2810 1054 2866 solent
1083 2825 1341 2881 responsa
1366 2811 1533 2865 multa
1555 2812 1706 2867 dare.
1728 2810 1875 2867 Inest
1899 2812 2043 2867 enim

454 2905 563 2962 illis
602 2904 840 2978 cognitio
879 2919 1080 2968 rerum,
1124 2903 1407 2974 plusquam
1445 2902 1746 2958 inﬁrmitati
1771 2904 2041 2971 humanm,

455 2995 657 3064 partim
679 2993 981 3051 subtilioris
1005 3008 1198 3050 sensus
1240 2994 1512 3060 acumine,
1536 2994 1734 3064 partim
1757 2994 2045 3066 esperieu-

453 3088 531 3142 tia
572 3086 900 3159 longissimae
938 3086 1086 3152 vitm,
1114 3085 1312 3157 partim
1352 3101 1451 3157 per
1497 3085 1592 3141 Dei
1626 3086 1842 3157 jussum
1881 3100 2045 3157 ange-

451 3177 561 3234 lica
605 3168 958 3233 revelatione.
998 3177 1064 3233 lii
1087 3191 1379 3248 corporum
1421 3192 1707 3233 aereorum
1735 3188 1933 3233 natura
1958 3178 2042 3233 vi-

2152 1997 2247 2051 tini
2301 1996 2557 2066 Priapum
2607 2006 2806 2051 vocant
2850 1996 3009 2051 deum
3050 1996 3354 2051 hortorum.
3386 1995 3513 2050 Fuit
3557 2004 3743 2057 autem

2149 2089 2215 2144 de
2266 2088 2566 2159 Lampsaco
2615 2089 2835 2144 civitate
2877 2087 3233 2157 Hellesponti,
3283 2087 3351 2142 de
3395 2103 3503 2158 qua
3552 2086 3747 2158 pulsus

2147 2188 2272 2246 est,
2326 2187 2384 2235 et
2430 2188 2651 2251 propter
2693 2179 2868 2235 virilis
2912 2179 3144 2234 membri
3210 2179 3637 2249 magnitudinem
3686 2179 3744 2233 in

2147 2285 2378 2326 numero
2422 2271 2663 2326 deorum
2683 2284 2907 2325 suorum
2938 2284 3061 2324 eum
3088 2268 3267 2325 Graeci
3319 2267 3740 2332 transtulerunt,

2145 2370 2202 2418 et
2253 2363 2309 2418 in
2366 2377 2565 2417 numen
2603 2363 2889 2417 hortorum
2937 2368 3316 2416 sacraverunt.
3360 2356 3517 2415 Unde
3562 2367 3619 2414 et
3657 2358 3744 2413 di-

2147 2454 2290 2509 citur
2338 2468 2571 2524 praeesse
2618 2453 2792 2507 hortis
2824 2460 3046 2523 propter
3084 2466 3274 2507 eorum
3327 2449 3739 2505 fecunditatem.

2146 2541 2447 2599 Beelzebub
2493 2542 2693 2598 idolum
2722 2540 2825 2597 fuit
2852 2543 3120 2608 Accarou,
3165 2541 3310 2612 quod
3350 2541 3743 2611 interpretatur

2146 2635 2225 2690 vir
2270 2650 2617 2690 muscarum:
2645 2633 2829 2697 Zebub
2858 2633 3003 2688 enim
3045 2647 3230 2688 musca
3274 2639 3519 2688 vocatur.
3569 2630 3744 2702 Spur-

2153 2724 2432 2780 cissimum
2483 2725 2684 2784 idolum
2733 2724 2856 2781 ideo
2896 2726 2978 2780 vir
3004 2740 3316 2783 muscarum
3345 2737 3596 2784 vocatum
3620 2744 3744 2800 pro-

2145 2824 2265 2890 pter
2287 2817 2476 2873 sordes
2501 2817 2839 2873 idololatrim.
2885 2816 3187 2875 Behemoth
3246 2819 3301 2875 in
3330 2818 3580 2875 Latinam
3636 2818 3745 2875 lin-

2145 2922 2307 2980 gnam
2355 2907 2555 2962 animal
2601 2916 2779 2975 sonat,
2815 2916 3036 2979 propter
3082 2909 3229 2979 quod
3284 2909 3353 2965 de
3399 2909 3631 2966 excelsis
3668 2907 3746 2965 a!

2147 3007 2363 3058 terrena
2385 2999 2605 3066 cecidit,
2656 3009 2713 3056 et
2761 3016 2859 3070 pro
2884 3001 3079 3057 merito
3132 3014 3251 3068 suo,
3282 3010 3341 3056 ut
3384 3001 3747 3063 animalbru-

2147 3100 2284 3159 tum,
2319 3091 2544 3149 ell‘ectus
2566 3093 2657 3149 sit.
2679 3092 2800 3164 Ipse
2833 3102 2921 3148 est
2946 3102 3002 3148 et
3040 3093 3365 3161 Leviathan,
3400 3094 3453 3150 id
3482 3104 3591 3159 est,
3617 3108 3741 3150 scr--

2146 3198 2282 3255 pens
2308 3183 2374 3240 de
2400 3184 2559 3254 aquis
2587 3201 2601 3237 :
2631 3183 2758 3253 quia
2816 3184 2869 3238 in
2892 3184 3054 3255 hujus
3104 3185 3285 3242 saeculi
3326 3185 3465 3242 mari
3516 3184 3743 3242 volubili

453 3277 604 3341 gent.
627 3267 769 3326 Ante
795 3269 1284 3341 transgressionem
1307 3268 1525 3339 quidem
1548 3268 1793 3326 ctelestia
1815 3284 2044 3342 corpora
2073 3262 2118 3326 C
2149 3282 2398 3330 versatur
2442 3274 2674 3330 astutia.
2745 3274 3041 3330 Leviathan
3100 3285 3283 3332 autem
3351 3278 3747 3347 interpretatur

452 3359 716 3430 gerebant
743 3377 758 3412 :
782 3357 918 3430 lapsi
966 3374 1096 3415 vero
1134 3360 1188 3414 in
1215 3360 1511 3416 aetheream
1552 3361 1868 3432 qualitatem
1915 3376 2046 3417 con-

454 3449 600 3504 versi
639 3458 783 3505 sunt.
830 3448 941 3506 Nec
970 3450 1113 3506 aeris
1143 3450 1287 3506 illius
1336 3451 1555 3521 puriora
1587 3453 1782 3524 spatia,
1823 3451 1918 3509 sed
1940 3452 2044 3507 ista

454 3539 751 3612 caliginosa
801 3541 1052 3612 permissi
1093 3550 1220 3598 sunt
1248 3550 1453 3611 tenere,
1503 3544 1595 3614 qui
1641 3546 1722 3601 eis
1747 3545 1901 3617 quasi
1923 3560 2044 3600 car-

449 3643 547 3686 cer
594 3638 679 3685 est
720 3643 892 3702 usque
920 3631 987 3686 ad
1027 3640 1245 3702 tempus
1260 3631 1474 3703 judicii.
1504 3632 1570 3688 lli
1596 3636 2044 3706 praevaricatores

449 3723 650 3793 angeli,
687 3739 915 3793 quorum
950 3723 1196 3780 diabolus
1218 3725 1468 3796 princeps
1505 3735 1606 3781 est.
1656 3727 1912 3784 Diabolus
1934 3726 2044 3783 IIe-

451 3809 641 3866 braice
684 3810 881 3866 dicitur
905 3811 1150 3866 deorsum
1187 3814 1382 3882 ﬂuent,
1432 3814 1555 3883 quia
1580 3815 1809 3885 quietus
1838 3816 1890 3871 in
1918 3817 2045 3873 εαξη

461 3899 703 3955 culmine
752 3907 900 3957 stare
960 3902 1304 3973 contempsit,
1365 3904 1461 3960 sed
1500 3906 1768 3976 superbiae
1808 3908 2046 3977 pondere

456 3989 711 4046 deorsum
739 4005 1001 4047 corruens
1026 3993 1243 4048 cecidit.
1269 3993 1457 4050 Gmcc
1496 3997 1642 4050 enim
1668 3997 1916 4055 diabolus
1942 3999 2048 4053 cri-

451 4081 686 4135 minator
745 4091 991 4149 vocatur,
1044 4085 1188 4153 quod
1253 4084 1336 4138 vel
1370 4085 1616 4140 -crimina
1672 4087 1727 4142 in
1769 4104 1890 4159 quze
1929 4090 2046 4160 ipse

354 4212 365 4225 .
450 4169 609 4226 illicit
666 4171 735 4227 ad
782 4172 951 4227 Deum
987 4171 1214 4241 referat,
1260 4173 1345 4229 vel
1389 4176 1516 4245 quia
1565 4177 1862 4235 electorum
1888 4181 2047 4237 inno-

404 4266 418 4291 ³
442 4260 688 4316 ἐθιιιίίιιιι
714 4262 1034 4319 criminibus
1076 4263 1217 4322 ﬁctis
1252 4274 1495 4321 accusat.
1527 4267 1683 4325 Unde
1714 4282 1768 4325 et
1818 4273 1873 4328 in
1900 4272 2046 4344 Apo-

449 4350 657 4422 calypsi
702 4366 835 4407 voce
875 4354 1121 4424 angelica
1148 4355 1350 4410 dicitur
1376 4373 1389 4410 :
1417 4355 1699 4428 Projectus
1722 4372 1796 4416 est
1824 4380 2044 4419 accusa-

451 4449 537 4494 tor
569 4440 799 4509 fratrum
844 4453 1165 4511 nostrorum,
1202 4447 1294 4517 qui
1345 4450 1629 4504 accusabat
1687 4452 1807 4509 illo:
1833 4455 1891 4510 in
1919 4472 2046 4511 con-

447 4543 629 4603 spectu
672 4532 771 4588 Dei
789 4536 962 4591 nostri
993 4536 1080 4593 die
1127 4556 1191 4593 ac
1225 4551 1375 4596 nocte
1405 4543 1590 4616 (Apoc.
1641 4548 1761 4620 xu).
1810 4549 2045 4611 Satanas

410 4626 420 4641 ’
451 4619 506 4676 in
558 4621 811 4713 Latinum
838 4636 998 4682 sonat
1030 4627 1365 4687 adversarius
1391 4633 1504 4690 sive
1527 4617 1900 4709 transgressor.
1925 4642 2043 4713 Ipse
2069 4617 2122 4676 D

448 4720 535 4767 est
576 4712 723 4768 enirn
748 4714 1118 4784 adversarius,
1161 4721 1256 4790 qui
1280 4732 1365 4778 est
1383 4726 1636 4782 veritatis
1688 4712 1963 4797 inimicus,
1988 4742 2044 4787 ct

448 4816 667 4874 semper
681 4813 995 4862 sanctorum
1020 4808 1315 4869 virtutibus
1355 4819 1629 4874 contraire
1676 4820 1887 4878 nititur.
1922 4823 2044 4893 Ipse

446 4900 508 4950 et
530 4900 923 4965 transgressor,
973 4899 1102 4970 quia
1130 4910 1186 4957 et
1240 4907 1632 4972 prmvaricator
1679 4907 1925 4967 eﬂ‘ectus.
1974 4911 2043 4968 In

448 4987 665 5042 veritate
709 5005 816 5060 qua
856 4992 1107 5050 conditus
1159 5004 1269 5062 est,
1325 5014 1429 5051 non
1474 5000 1615 5053 stetit
1659 4998 1844 5070 (Joau.
1896 5004 2038 5076 vui).

451 5076 598 5132 Idem
643 5087 699 5133 et
752 5088 1009 5149 tentator,
1070 5086 1195 5155 quia
1254 5086 1569 5141 tentandam
1625 5085 1898 5156 iustorum
1958 5093 2041 5148 iu-

455 5168 755 5223 nocentiam
790 5172 1047 5241 postulat,
1071 5175 1212 5229 sicut
1245 5175 1297 5227 in
1323 5173 1424 5228 Job
1442 5175 1718 5232 scribitur.
1752 5178 2034 5238 Antichri-

450 5266 571 5315 stus
608 5262 939 5330 appellatur,
967 5266 1058 5332 qui
1083 5275 1271 5319 contra
1302 5264 1576 5322 Christum
1623 5279 1886 5327 venturus
1911 5283 1996 5330 est
2021 5292 2035 5328 :

453 5368 562 5408 non
630 5354 904 5424 quomodo
951 5355 1168 5424 quidam
1218 5354 1493 5426 simplices
1536 5359 1839 5434 intelligunt
1879 5363 2039 5420 Anti-

450 5442 719 5499 ehristum
745 5445 867 5501 ideo
910 5445 1115 5500 dictuur
1163 5447 1309 5515 quod
1354 5457 1483 5503 ante
1525 5448 1801 5509 Christum
1848 5464 2040 5511 ventu-

450 5549 546 5590 rus
599 5535 695 5601 sit,
717 5535 770 5591 id
803 5544 905 5600 est,
933 5541 1057 5604 post
1099 5548 1224 5588 eum
1269 5537 1452 5593 veniat
1472 5539 1743 5599 Christus.
1792 5542 1899 5600 Sed
1925 5544 2042 5600 An-

454 5627 736 5685 tichristus
778 5630 965 5686 Crabce
1003 5628 1220 5695 dicitur,
1272 5630 1418 5701 quod
1472 5629 1686 5698 Latine,
1744 5635 2046 5690 contrarius

454 5718 664 5777 Christo
689 5739 707 5789 ;
736 5721 847 5776 auti
870 5721 1016 5779 enim
1039 5720 1226 5779 Graece
1254 5723 1308 5778 in
1334 5708 1585 5780 Latinum
1613 5736 1797 5781 contra
1835 5726 2046 5799 signiﬁ-

457 5826 569 5875 cat.
610 5817 883 5873 Christum
917 5818 1064 5874 enim
1105 5834 1165 5876 se
1210 5819 1518 5886 mentietur,
1561 5819 1689 5877 dum
1730 5821 1961 5891 venerit,
1991 5832 2048 5881 et

2148 3362 2567 3417 additamentum
2619 3380 2842 3419 eorum:
2868 3380 3100 3435 quorum
3164 3366 3372 3423 scilicet
3423 3368 3528 3423 nisi
3570 3368 3747 3423 homi.

2149 3470 2304 3522 num,
2351 3456 2551 3526 quibus
2580 3457 2632 3511 iu
2673 3458 2929 3527 paradiso
2967 3460 3136 3514 semel
3173 3459 3387 3531 culpam
3410 3461 3746 3532 praevarica-

2151 3544 2313 3601 tionis
2365 3545 2566 3612 intulit,
2608 3555 2664 3629 (ξι
2701 3548 2841 3604 hanc
2889 3564 3060 3618 usque
3090 3550 3467 3606 ad‘azternam
3507 3557 3742 3606 mortem

2148 3636 2388 3707 quotidie
2420 3639 2797 3709 persuadendo
2842 3640 3030 3710 adjicit
3055 3640 3136 3697 vel
3185 3642 3451 3698 extendit.
3479 3640 3739 3710 Quadam

2150 3732 2371 3788 nomina
2428 3734 2651 3790 deorum
2695 3752 2917 3792 suorum
2969 3737 3200 3808 gentiles
3234 3734 3378 3809 [per]
3428 3749 3601 3790 vanas
3651 3732 3741 3787 fa-

2147 3821 2305 3878 bulas
2332 3823 2400 3879 ad
2447 3825 2687 3881 rationes
2712 3826 2962 3899 physicas
3008 3836 3277 3883 conantur
3301 3825 3607 3890 traducere,
3640 3837 3741 3879 ea-

2148 3929 2254 3984 que
2288 3914 2341 3969 in
2370 3917 2551 3972 causis
2578 3917 2972 3989 elementorum
3000 3919 3299 3990 composita
3328 3931 3451 3974 esse
3476 3917 3749 3986 interpre-

2150 4014 2356 4061 tantur.
2397 4006 2505 4063 Sed
2534 4009 2638 4064 lroe
2682 4024 2713 4063 a
2744 4010 2921 4080 poetis
2953 4018 3124 4065 totum
3153 4009 3340 4065 ﬁctum
3378 4018 3483 4074 est,
3512 4016 3574 4063 ut
3609 4007 3744 4062 deos

2129 4112 2277 4163 ,suos
2303 4107 2563 4153 ornarent
2588 4098 2858 4168 aliquibus
2880 4100 3089 4171 ﬁguris,
3126 4115 3263 4170 quos
3283 4099 3520 4170 perditos
3555 4112 3622 4153 ac
3643 4096 3749 4152 de-

2152 4191 2365 4247 decoris
2386 4190 2611 4265 infamia
2653 4191 2843 4261 plenos
2870 4192 3061 4257 fuisse,
3092 4192 3337 4249 historia:
3362 4190 3693 4247 conﬁtentur
3720 4202 3740 4241 :

2151 4284 2373 4338 ornniuo
2395 4284 2541 4339 enim
2581 4284 2818 4356 ﬁngendi
2838 4284 2991 4341 locus
3013 4293 3195 4351 vacat,
3244 4284 3335 4340 ubi
3382 4283 3589 4343 veritas
3620 4294 3748 4336 oes-

2146 4382 2250 4428 sat.
2310 4372 2582 4430 Saturnus
2634 4374 2789 4445 origo
2841 4375 3068 4431 deorum
3116 4383 3173 4431 et
3236 4374 3402 4429 totius
3449 4370 3749 4443 posterita-

2147 4463 2219 4518 tis
2275 4479 2306 4516 a
2370 4463 2600 4534 paganis
2646 4464 2963 4536 designatur
3017 4478 3035 4519 :
3089 4464 3236 4521 hunc
3287 4462 3467 4519 Latini
3530 4474 3565 4515 a
3614 4467 3746 4515 satu

2148 4551 2475 4623 appellatum
2530 4552 2733 4621 ferunt,
2782 4555 2908 4625 quia
2960 4553 3030 4610 ad
3084 4555 3261 4626 ipsum
3316 4553 3458 4608 satio
3494 4549 3782 4618 omnium.

2147 4648 2419 4719 pertineat
2458 4664 2641 4704 rerum
2670 4666 2686 4716 ;
2712 4650 2798 4705 vel
2828 4665 2858 4704 a
2910 4648 3170 4719 temporis
3193 4643 3547 4717 longitudine,
3590 4640 3742 4713 quod

2146 4748 2425 4796 saturetur
2470 4742 2650 4796 annis.
2701 4741 2853 4798 Unde
2900 4749 2958 4797 et
3003 4755 3128 4796 eum
3182 4738 3359 4795 Graeci
3408 4736 3598 4813 Χρόνος
3640 4750 3745 4790 no-

2148 4844 2273 4886 men
2303 4832 2507 4887 hahere
2540 4832 2751 4897 dicunt,
2784 4831 2838 4888 id
2872 4838 2956 4888 est
2979 4840 3211 4901 tempus.
3237 4827 3394 4896 Quod
3440 4826 3582 4881 ﬁlios
3610 4839 3744 4881 suos

2147 4918 2322 4980 fertur
2348 4925 2661 4990 devorasse,
2692 4924 2799 4979 hoc
2836 4932 2921 4979 est
2961 4938 3156 4989 annos,
3186 4936 3325 4992 quos
3360 4928 3587 4989 tempus
3611 4931 3744 4988 pro-

2148 5015 2384 5082 duxerit,
2435 5016 2491 5071 in
2525 5031 2586 5073 se
2623 5016 2887 5083 revolvit;
2925 5015 3012 5071 vel
3038 5030 3105 5071 eo
3150 5015 3294 5085 quod
3336 5012 3567 5075 semina,
3595 5008 3742 5063 unde

2150 5106 2425 5173 oriuntur,
2476 5107 2725 5162 redeunt.
2764 5107 2919 5163 Hunc
2951 5104 3087 5162 Coeli
3120 5105 3294 5175 patris
3316 5100 3615 5159 abscidisse
3644 5111 3742 5168 ge-

2149 5196 2342 5252 nitalia
2404 5195 2636 5252 dicunt:
2680 5197 2808 5267 quia
2854 5196 2990 5252 nihil
3034 5196 3089 5251 in
3142 5195 3283 5251 coelo
3321 5194 3388 5247 de
3434 5188 3740 5245 seminibus

2149 5289 2413 5344 nascitur.
2472 5288 2690 5345 Falcem
2766 5298 2913 5341 tenet
2960 5284 3281 5357 (Inquiunt),
3317 5291 3543 5355 propter
3591 5281 3738 5352 agri-

2148 5376 2417 5432 culturam
2447 5375 2855 5447 signiﬁcandam
2888 5392 2903 5443 ;
2939 5376 3023 5432 vel
3060 5388 3283 5448 propter
3307 5365 3480 5431 annos
3505 5382 3562 5429 et
3597 5381 3737 5429 tem-

2147 5482 2300 5538 pora,
2354 5466 2499 5535 quod
2527 5467 2579 5521 in
2610 5483 2670 5523 se
2700 5468 2924 5524 redeant
2956 5484 2971 5534 ;
3001 5468 3088 5524 vel
3113 5477 3339 5540 propter
3385 5464 3731 5537 sapientiam,

2145 5555 2290 5626 quod
2316 5556 2462 5612 intus
2518 5566 2677 5613 acuta
2719 5559 2809 5614 sit.
2854 5559 2911 5614 In
2950 5560 3219 5630 aliquibus
3279 5566 3463 5617 autem
3498 5554 3735 5614 civitati-

2147 5645 2254 5702 bus
2278 5644 2513 5703 Saturno
2546 5648 2747 5706 liberos
2771 5665 2900 5707 suos
2927 5652 3070 5721 apud
3094 5651 3326 5723 gentiles
3354 5648 3735 5712 immolabant,

2149 5737 2295 5807 quod
2349 5736 2645 5795 Saturnum
2676 5750 2850 5811 poeta:
2885 5741 3086 5799 liberos
3121 5758 3249 5799 suos
3272 5741 3564 5799 devorasse
3597 5735 3732 5793 soli-

2148 5834 2285 5905 tum”
2312 5827 2669 5886 tradiderunt.
2709 5830 2859 5888 J'ovis
2884 5830 3056 5890 fertur
3084 5849 3114 5888 a
3143 5831 3383 5902 iuvando
3420 5830 3623 5897 dictus,
3673 5833 3731 5882 et
