4038 6324
313 350 420 408 429

1281 343 1366 401 DE
1384 317 1753 400 'UNIVERSO
1792 338 1975 396 LIBRI
2014 305 2180 394 xxn’.
2221 369 2292 382 —
2330 338 2460 395 LIB.
2508 339 2620 394 xv.

3477 339 3584 398 450

314 457 529 530 Jupiter
563 455 718 527 quasi
751 453 949 524 juvans
982 460 1160 524 pater,
1194 453 1299 508 hoc
1329 462 1434 520 est,
1464 427 1716 508 omnibus
1760 465 1896 521 pra:-
1920 456 1973 515 Α
1997 450 2141 506 unde
2171 450 2324 506 velox
2355 459 2410 507 et
2443 465 2636 507 errans
2667 449 2960 506 inducitur.
2999 451 3128 508 Alas
3156 451 3274 524 ejus
3310 453 3366 508 in
3405 454 3584 525 capite

315 559 487 606 stans.
515 545 671 602 Hunc
703 553 758 600 et
800 545 1009 614 privato
1037 543 1194 598 titulo
1229 542 1417 598 Jovem
1444 542 1708 614 optimum
1743 540 1894 596 dixe-

316 645 468 704 runt,
519 637 646 691 dum
689 633 879 690 fuisset
925 634 1163 690 incestor
1203 633 1258 688 in
1305 633 1438 700 suis,
1491 632 1793 703 impudicus
1837 631 1894 686 in

317 729 632 794 extraneis;
683 741 844 797 quem
912 724 1072 780 modo
1127 731 1340 780 taurum
1404 724 1614 796 ﬁngunt
1673 730 1895 792 propter

315 820 545 891 EurOpa:
566 825 802 888 raptum.
831 814 958 870 Fuit
985 814 1129 870 enim
1180 815 1236 869 in
1284 815 1431 881 navi,
1481 814 1637 884 cujus
1686 813 1896 884 insigne

314 919 435 968 erat
474 919 662 964 taurus
694 925 706 961 :
745 907 905 962 modo
934 905 1146 960 Danaes
1165 919 1263 976 per
1289 904 1519 960 imbrem
1545 917 1772 958 aureum
1795 917 1892 973 ap-

312 1002 538 1074 petiisse
559 999 928 1064 concubitum,
961 998 1051 1052 ubi
1086 996 1408 1068 intelligitur
1437 995 1754 1065 pudicitiam
1779 1010 1895 1049 mu-

313 1094 465 1149 lieris
495 1093 561 1148 ab
612 1105 747 1146 auro
794 1089 960 1144 fuisse
1018 1087 1560 1158 corruptam:modo
1616 1087 1671 1142 in
1709 1085 1896 1141 simili-

316 1186 556 1240 tudinem
586 1182 798 1254 aquilze,
842 1189 1063 1252 propter
1106 1181 1248 1250 quod
1275 1195 1499 1250 puerum
1535 1180 1603 1236 ad
1649 1187 1896 1248 stuprum

313 1276 576 1347 rapuerit,
611 1273 770 1329 modo
822 1281 1153 1344 serpentem,
1193 1272 1320 1341 quia
1356 1271 1649 1341 reptaverit
1676 1289 1688 1325 :
1716 1279 1771 1325 et
1805 1285 1900 1340 cy-

311 1381 498 1438 gnum,
551 1365 680 1436 quia
728 1361 1051 1419 cantavcrit.
1103 1362 1171 1416 Et
1226 1362 1347 1417 ideo
1397 1377 1506 1417 non
1557 1362 1742 1432 figura:
1781 1360 1898 1416 istae

311 1439 458 1522 sunt,
489 1456 586 1512 sed
608 1454 767 1526 plane
796 1453 865 1509 de
899 1453 1131 1508 veritate
1153 1451 1380 1508 scelera.
1413 1451 1566 1508 Unde
1591 1459 1711 1505 erat
1736 1458 1893 1520 turpe

313 1550 451 1605 tales
495 1548 625 1605 deos
660 1547 832 1613 credi,
871 1545 1058 1616 quales
1095 1545 1345 1600 homines
1378 1559 1498 1600 esse
1543 1559 1651 1599 non
1678 1543 1894 1598 debent.

309 1639 508 1696 Janum
547 1640 754 1704 dicunt,
802 1637 959 1708 quasi
996 1636 1182 1691 mundi
1216 1635 1301 1690 vel
1340 1635 1464 1691 εαξιί
1492 1635 1579 1691 vel
1629 1634 1897 1690 mensium

305 1731 554 1802 januam.
586 1732 734 1787 Duas
769 1729 893 1785 Jani
917 1730 1086 1786 facies
1111 1728 1321 1784 faciunt
1379 1737 1602 1800 propter
1628 1728 1897 1782 orientem

310 1831 370 1880 et
413 1815 751 1879 occidentem
777 1839 790 1874 :
821 1836 948 1876 cum
993 1835 1124 1876 vero
1171 1819 1379 1876 faciunt
1397 1835 1520 1875 eum
1552 1818 1896 1889 quadrifron—
1924 1806 1973 1866 B

311 1924 444 1982 tem,
509 1922 565 1971 et
612 1912 806 1968 Janum
853 1913 1127 1986 geminum
1174 1911 1467 1983 appellant,
1525 1910 1592 1966 ad
1663 1921 1897 1981 quatuor

311 2009 501 2064 mundi
529 2015 710 2078 partes
739 2007 845 2061 hoc
873 2005 1137 2070 referunt,
1165 2004 1249 2057 vel
1275 2004 1344 2058 ad
1366 2010 1598 2073 quatuor
1626 2002 1897 2058 elementa

312 2099 428 2154 sive
465 2105 746 2168 tempora;
799 2097 892 2151 sed
941 2095 1067 2150 dum
1117 2095 1222 2150 hoc
1269 2093 1496 2164 lingunt,
1547 2107 1653 2147 non
1704 2093 1894 2158 Deum,

313 2189 408 2244 sed
472 2195 778 2243 monstrum
849 2184 1076 2241 faciunt.
1124 2183 1432 2254 Neptunum
1478 2197 1646 2252 aquas
1711 2182 1898 2237 mundi

310 2280 648 2350 praedicant:
699 2287 754 2334 et
802 2278 978 2334 dictus
1014 2277 1083 2331 ab
1132 2277 1212 2332 eis
1246 2275 1545 2346 Neptunus,
1573 2275 1730 2344 quasi
1761 2274 1900 2330 nube

314 2381 532 2427 tonans.
570 2371 872 2427 Vulcanum
907 2368 1094 2424 volunt
1115 2369 1291 2440 ignem
1321 2382 1462 2432 esse,
1489 2375 1544 2420 et
1567 2367 1742 2421 dictus
1764 2363 1898 2420 Vul-

313 2480 504 2531 canus,
536 2464 704 2534 .quasi
762 2463 950 2518 volans
1003 2462 1226 2527 candor,
1272 2461 1354 2516 vel
1393 2460 1546 2530 quasi
1590 2459 1898 2524 Volicanus,

314 2555 458 2624 quod
509 2570 607 2625 per
658 2569 837 2610 aerem
886 2553 1054 2608 volet.
1082 2553 1226 2623 lgnis
1255 2551 1403 2607 enim
1443 2567 1474 2606 e
1525 2551 1760 2606 nubibus
1805 2565 1902 2605 na-

313 2645 505 2700 scitur.
559 2643 712 2699 Unde
753 2644 920 2699 etiam
963 2642 1230 2698 Homerus
1286 2641 1418 2697 dicit
1465 2657 1590 2696 eum
1650 2640 1901 2710 prtecipi-

317 2748 490 2794 tatum
542 2739 607 2793 de
655 2753 781 2793 aere
833 2738 888 2792 in
944 2745 1142 2800 terras,
1186 2735 1330 2804 quod
1375 2750 1535 2790 omne
1583 2733 1786 2790 fulmen
1835 2734 1903 2788 de

321 2845 451 2885 aere
505 2829 671 2884 cadit.
707 2828 915 2884 Idcirco
940 2834 1123 2882 autem
1167 2825 1440 2881 Vulcanus
1483 2827 1550 2882 de
1586 2825 1793 2881 femore
1813 2824 1905 2881 Jo-

315 2922 403 2977 vis
457 2921 678 2993 fingitur
732 2928 928 2984 natus,
992 2920 1135 2990 quod
1208 2917 1435 2972 fulmina
1496 2919 1562 2973 de
1614 2919 1724 2974 imo
1775 2933 1903 2975 aere

318 3021 637 3068 nascuntur.
679 3010 914 3066 Claudus
950 3010 1150 3065 dicitur
1185 3009 1480 3076 Vulcanus,
1516 3008 1640 3079 quia
1683 3023 1782 3078 per
1807 3023 1904 3063 na-

320 3111 500 3157 turam
527 3117 800 3173 nunquam
849 3109 1029 3156 rectus
1076 3109 1160 3154 est
1206 3099 1369 3170 ignis,
1411 3100 1505 3154 sed
1551 3100 1706 3169 quasi
1757 3098 1904 3154 clau-

319 3195 421 3250 dus
463 3177 726 3262 ejusmodi
758 3192 993 3262 speciem
1052 3199 1371 3259 motumque
1414 3189 1600 3244 habet.
1655 3188 1780 3244 Ideo
1808 3194 1906 3242 au-

321 3295 432 3339 tem
459 3283 513 3337 in
567 3282 845 3338 fabrorum
892 3280 1114 3336 fornace
1155 3279 1407 3334 eumdem
1463 3277 1767 3334 Vulcanum
1815 3292 1911 3331 au-

317 3383 529 3431 ctorem
561 3375 768 3438 dicunt,
813 3373 941 3444 quia
971 3373 1088 3427 sine
1113 3371 1234 3440 ignc
1286 3369 1490 3423 nullum
1514 3368 1718 3424 metalli
1742 3382 1911 3439 genus

321 3465 474 3520 fundi
528 3465 854 3534 extendique
911 3470 1105 3533 potest.
1178 3460 1374 3515 Pluton
1439 3459 1651 3525 Graace,
1715 3458 1909 3513 Latine

319 3555 593 3631 Diespiter
624 3553 710 3608 vel
740 3554 876 3608 Ditis
895 3563 1052 3621 pater
1089 3570 1102 3603 :
1142 3566 1302 3621 quem
1345 3548 1436 3603 alii
1465 3547 1666 3603 Orcum
1691 3554 1907 3612 vocant,

317 3647 480 3717 quasi
506 3654 843 3713 receptorem
883 3653 1242 3696 mortuorum.
1277 3640 1430 3695 Unde
1454 3649 1510 3693 et
1544 3653 1675 3694 orca
1708 3653 1912 3692 nuncu-

317 3742 484 3808 patur
514 3748 610 3788 vas
647 3732 791 3804 quod
838 3731 1030 3802 recipit
1090 3746 1278 3800 aquas.
1311 3730 1429 3799 lpse
1455 3737 1512 3784 et
1551 3728 1740 3784 Graace
1769 3729 1912 3782 Cha-

321 3843 444 3896 ron.
481 3826 731 3883 Liberum
755 3842 785 3881 a
811 3825 1168 3881 liberamento
1184 3823 1509 3894 appellatum
1534 3821 1912 3890 volunt,-quod

322 3917 485 3988 quasi
532 3932 714 3972 mares
747 3917 801 3971 in
826 3917 1070 3972 coeundo
1093 3931 1190 3986 per
1218 3915 1336 3986 ejus
1375 3912 1698 3969 beneficium
1752 3911 1912 3966 cmis-

324 4008 404 4063 sis
457 4007 757 4063 seminibus
791 4007 1108 4063 liberentur.
1142 4007 1297 4074 Quod
1339 4005 1482 4061 idem
1527 4004 1691 4059 Liber
1721 4003 1914 4058 mulie-

326 4098 413 4152 bri
463 4107 519 4153 et
560 4099 788 4154 delicato
824 4114 1057 4170 corpore
1098 4098 1363 4168 pingitur,
1421 4096 1610 4152 dicunt
1654 4095 1936 4155 mulieres.

325 4188 374 4242 ei
406 4189 715 4255 attributas,
747 4198 805 4245 et
847 4190 1033 4244 vinum
1085 4196 1307 4260 propter
1343 4186 1689 4243 excitandam
1726 4186 1912 4241 libidi-

331 4297 481 4336 nem.
526 4282 678 4339 Unde
704 4292 760 4338 et
779 4283 931 4339 frons
954 4284 1072 4354 ejus
1091 4283 1347 4354 pampino
1372 4282 1628 4354 cingitur,
1662 4281 1755 4337 sed
1785 4280 1910 4336 ideo

329 4387 587 4428 coronam
616 4374 813 4430 viteam
848 4383 904 4430 et
942 4389 1110 4430 cornu
1140 4374 1324 4439 habet,
1358 4373 1483 4442 quia
1513 4387 1634 4428 cum
1665 4379 1818 4443 grate
1857 4378 1914 4427 ct

327 4463 608 4520 moderate
624 4466 808 4520 vinum
829 4465 1052 4530 bibitur,
1078 4465 1319 4519 laetitiam
1342 4471 1592 4534 praestat;
1619 4480 1743 4518 cum
1768 4463 1912 4517 ultra

329 4554 572 4620 modum,
594 4556 796 4610 excitat
817 4557 957 4622 lites,
992 4556 1044 4610 id
1073 4564 1176 4620 est,
1205 4555 1360 4625 quasi
1388 4570 1590 4609 cornua
1621 4555 1731 4608 dat.
1767 4554 1912 4608 ldcm

331 4652 512 4699 autem
533 4653 587 4699 et
610 4644 802 4716 Lyaeus
823 4661 924 4716 apo
945 4654 1034 4701 tou
1063 4646 1229 4711 luein,
1245 4645 1390 4715 q'uod
1412 4645 1581 4699 multo
1607 4644 1731 4698 vino
1747 4659 1915 4698 mem-

330 4735 430 4790 bra
452 4735 748 4792 solvantur.
768 4737 873 4792 Iste
895 4746 950 4792 et
969 4735 1155 4792 Grzece
1178 4737 1462 4808 Dionysos,
1492 4751 1522 4789 a
1553 4743 1734 4789 monte
1754 4734 1918 4788 Indiae

243 4839 250 4844 '
331 4826 482 4893 Niso,
542 4827 634 4883 ubi
681 4828 882 4884 dicitur
934 4843 1055 4884 esse
1107 4829 1364 4883 nutritus.
1424 4827 1692 4882 Caeterum
1739 4833 1918 4880 estet

333 4917 462 4974 Nisa
488 4920 701 4987 civitas,
729 4922 783 4975 in
809 4937 914 4992 qua
937 4920 1135 4977 colitur
1160 4921 1303 4976 idem
1325 4920 1510 4988 Liber,
1540 4922 1680 4977 unde
1708 4918 1918 4976 Nismus

332 5014 509 5070 dictus
528 5023 633 5070 est.

409 5105 742 5161 Mercurium
772 5122 1079 5163 sermonem
1119 5106 1566 5176 interpretantur.
1612 5105 1749 5162 Nam
1795 5105 1917 5161 ideo

335 5195 659 5262 Mercurius,
683 5201 836 5267 quasi
884 5200 1094 5255 medius
1137 5215 1388 5265 currens,
1429 5199 1628 5253 dicitur
1681 5197 1920 5268 appella-

339 5287 639 5358 tus;quod
694 5301 874 5342 sermo
933 5294 1120 5340 currat
1167 5291 1313 5340 inter
1367 5289 1618 5341 homines
1682 5288 1912 5342 medius.

337 5379 464 5437 Ideo
499 5389 555 5435 et
585 5377 828 5436 Hermes
875 5377 1082 5445 Graece,
1120 5377 1263 5448 quod
1304 5392 1484 5433 sermo
1520 5377 1605 5431 vel
1661 5377 1920 5446 interpre—

341 5472 478 5526 tatio
509 5487 629 5542 quze
668 5472 736 5528 ad
772 5486 1079 5526 sermonem
1108 5470 1294 5540 utique
1320 5469 1578 5539 pertinet,
1608 5469 1922 5524 hermeneia

340 5555 562 5620 dicitur.
602 5566 726 5621 ldeo
769 5575 822 5620 et
850 5565 1122 5620 mercibus
1151 5578 1404 5634 praeesse,
1437 5563 1563 5632 quia
1606 5561 1750 5615 inter
1789 5575 1923 5614 ven-

341 5657 536 5713 dentes
579 5666 634 5714 et
657 5666 898 5713 ementes
921 5671 1101 5711 sermo
1145 5655 1206 5709 fit
1237 5639 1465 5708 medius.
1519 5653 1619 5719 Qui
1657 5653 1778 5708 ideo
1817 5653 1925 5707 fin-

343 5750 491 5822 gitur
516 5749 717 5806 habere
754 5763 980 5820 pennas,
1028 5747 1156 5818 quia
1190 5747 1350 5804 citius
1378 5746 1543 5802 verba
1565 5745 1877 5802 discurrunt
1907 5758 1922 5798 :

1995 549 2051 597 et
2075 542 2129 597 in
2157 541 2382 613 pedibus
2407 541 2712 614 signiﬁcare
2739 543 3018 598 volucrem
3044 539 3161 600 ﬁeri
3189 559 3285 616 per
3311 560 3439 601 aera
3464 561 3581 602 ser-

1995 653 2228 693 monem.
2272 638 2530 693 Nuntium
2567 639 2790 706 dictum,
2834 640 3092 710 quoniam
3127 656 3228 711 per
3272 657 3582 700 sermonem

1995 728 2174 784 omnia
2203 730 2438 800 cogitata
2480 731 2849 786 enuntiantur.
2880 731 3005 788 ldeo
3030 742 3212 790 autem
3249 732 3381 790 furti
3407 737 3581 808 magi-

1995 829 2168 877 strum
2198 821 2383 876 dicunt
2409 821 2558 892 ,quia
2580 837 2762 878 sermo
2800 823 3013 879 animos
3054 824 3386 880 audientium
3423 824 3580 880 fallit.
3669 887 3674 894 ,

1995 911 2216 982 Virgam
2245 919 2412 977 tenet,
2445 927 2550 982 qua
2577 921 2858 982 serpentes
2887 915 3095 981 dividit,
3125 915 3179 971 id
3205 922 3310 982 cst,
3342 929 3578 972 venena:

1996 1018 2121 1057 nam
2148 1003 2413 1059 bellantes
2461 1019 2526 1059 ac
2570 1003 2897 1060 dissidentes
2928 1005 3289 1078 interpretum
3335 1007 3586 1062 oratione

1996 1092 2275 1146 sedantur.
2310 1091 2463 1148 Unde
2501 1093 2797 1148 secundum
2843 1094 3056 1150 Livium
3099 1095 3261 1167 legati
3309 1097 3462 1166 p‘acis
3492 1111 3586 1151 ca-

1997 1182 2316 1237 duceatores
2400 1184 2674 1240 dicuntur.
2751 1185 2905 1241 Sicut
2975 1187 3120 1242 enim
3185 1203 3286 1258 per
3349 1187 3585 1246 farciales

1996 1272 2140 1328 bella
2183 1273 2589 1340 indicebantur,
2643 1277 2717 1331 ita
2769 1292 2876 1346 pax
2923 1293 3022 1347 per
3055 1279 3442 1335 caduceatores
3485 1280 3587 1336 ﬁe-

1996 1364 2107 1420 bat.
2161 1363 2388 1420 Hermes
2441 1375 2624 1439 autem
2671 1369 2870 1424 dicitur
2915 1369 3108 1427 Graece
3148 1386 3251 1442 apo
3297 1381 3379 1428 tes
3408 1388 3585 1428 erme-

1998 1454 2170 1519 neias,
2200 1455 2392 1512 Latine
2433 1457 2722 1528 interpres,
2770 1460 2863 1531 qui
2921 1462 2990 1516 ob
3045 1462 3321 1527 virtutem,
3384 1464 3585 1518 multa-

1999 1561 2227 1621 rumque
2281 1548 2480 1602 artium
2520 1549 2803 1604 scientiam
2857 1552 3211 1624 trimegistus,
3266 1555 3323 1610 id
3363 1563 3467 1622 est,
3502 1562 3587 1611 ter

1999 1639 2268 1693 maximus
2304 1641 2612 1696 nominatus
2646 1652 2750 1696 est.
2788 1642 2897 1698 Cur
2924 1653 3102 1700 autem
3129 1660 3255 1701 eum
3291 1647 3468 1718 capite
3493 1661 3586 1702 ca-

1999 1730 2128 1785 nino
2162 1730 2390 1802 lingunt,
2428 1731 2542 1786 haec
2573 1733 2717 1788 ratio
2767 1734 2983 1800 dicitur,
3035 1737 3181 1806 quod
3233 1737 3374 1792 inter
3401 1737 3587 1793 omnia

2000 1822 2254 1877 animalia
2271 1823 2421 1878 canis
2457 1823 2868 1894 sagacissimum
2891 1839 3062 1896 genus
3095 1834 3151 1881 et
3173 1826 3460 1896 perspicax
3487 1827 3588 1882 ha-

1999 1913 2212 1968 beatur.
2429 1971 2432 1973 Α

2071 2002 2299 2057 Martem
2325 2003 2487 2057 deum
2508 2002 2636 2058 belli
2661 2018 2780 2060 esse
2807 2004 3013 2072 dicunt,
3056 2013 3111 2062 et
3141 2014 3370 2061 martem
3399 2006 3588 2078 appel-

2000 2093 2203 2160 latum,
2236 2094 2363 2164 quia
2391 2109 2490 2164 per
2521 2095 2670 2150 viros
2697 2105 2999 2167 pugnatur,
3029 2105 3089 2152 ut
3130 2098 3201 2154 sit
3231 2114 3378 2155 mars
3413 2100 3584 2154 maris

2001 2199 2092 2238 ars
2117 2201 2129 2237 :
2157 2184 2282 2239 licet
2305 2192 2358 2239 et
2378 2186 2481 2239 tria
2516 2185 2626 2240 sint
2656 2201 2853 2256 genera
2877 2189 3348 2256 consuetudinum,
3379 2190 3593 2246 scilicet

2004 2271 2358 2344 Scytharum,
2393 2275 2484 2329 ubi
2517 2283 2572 2330 et
2602 2275 2819 2331 femina:
2851 2287 2908 2332 et
2944 2265 3049 2332 viri
3076 2279 3130 2333 in
3165 2294 3399 2350 pugnam
3425 2289 3588 2346 eunt;

2000 2369 2361 2436 Amazonum,
2386 2370 2477 2426 ubi
2501 2371 2629 2426 sola':
2649 2369 2892 2438 feminae;
2919 2371 3307 2440 Romanorum,
3333 2374 3593 2429 aliarum-

2004 2475 2108 2530 que
2153 2460 2413 2531 gentium,
2460 2461 2552 2516 ubi
2589 2461 2689 2517 soli
2723 2477 2926 2518 mares.
2968 2462 3102 2518 Item
3131 2472 3384 2530 martem,
3437 2465 3594 2535 quasi

2003 2551 2313 2608 effectorem
2339 2553 2617 2608 mortium.
2646 2553 2783 2608 Nam
2813 2562 3038 2610 a-marte
3060 2571 3207 2612 mors
3228 2564 3592 2627 nuncupatur.

2004 2642 2160 2699 Hunc
2186 2652 2241 2698 et
2267 2643 2571 2699 adulterum
2617 2644 2768 2708 dicit,
2794 2645 2921 2715 quia
2947 2645 3392 2718 belligerantibus
3419 2647 3628 2703 incera-

2005 2743 2094 2793 tus
2106 2743 2332 2791 eventus
2355 2743 2458 2791 est.
2486 2735 2637 2804 Quod
2661 2753 2792 2793 vero
2820 2721 2964 2793 nudo
2984 2747 3203 2808 pectore
3225 2747 3334 2795 stat
3359 2758 3372 2795 :
3403 2749 3464 2796 ut
3480 2740 3600 2798 bel-

2006 2824 2060 2880 lo
2081 2841 2138 2880 se
2170 2826 2400 2896 quisque
2418 2827 2535 2882 sine
2559 2826 2847 2886 formidine
2873 2829 3053 2884 cordis
3077 2830 3318 2901 ohjiciat.
3343 2830 3487 2886 Mars
3501 2846 3599 2886 au-

2006 2923 2115 2971 tem
2143 2917 2282 2988 apud
2301 2916 2520 2973 Gnaeos
2549 2917 2684 2990 [Al.,
2710 2917 2975 2992 Thracas]
2999 2918 3266 2976 Gradivus
3291 2921 3507 2988 dicitur,
3532 2935 3599 2976 eo

2007 3008 2154 3077 quod
2195 3009 2248 3063 in
2291 3007 2433 3064 bello
2462 3009 2688 3080 gradum
2739 3009 2994 3078 inferant,
3036 3013 3129 3082 qui
3173 3020 3457 3084 pugnant;
3506 3020 3602 3068 aut

2009 3099 2154 3170 quod
2184 3099 2416 3171 impigre
2443 3100 2778 3170 gradiantur.

2080 3188 2369 3245 Herculem
2413 3190 2707 3245 credebant
2760 3191 2920 3246 deum
2952 3191 3208 3248 virtutis:
3251 3193 3452 3250 dicitur
3499 3208 3598 3248 au-

2011 3289 2121 3336 tem
2151 3280 2408 3337 Hercules
2441 3279 2649 3348 Grmce,
2680 3282 2836 3350 quasi
2879 3283 3027 3339 heris
3055 3283 3222 3350 cleos,
3257 3284 3310 3340 id
3343 3293 3447 3350 est,
3487 3284 3602 3341 litis

1980 3372 2296 3444 gloriosus,
2369 3374 2437 3430 ab
2477 3374 2648 3440 heris,
2693 3374 2746 3429 id
2793 3382 2899 3439 est,
2959 3373 3046 3440 lis,
3073 3381 3130 3430 et
3167 3374 3333 3441 cleos,
3377 3373 3549 3446 gloria
3579 3389 3615 3430 :'

2010 3462 2094 3518 vel
2124 3464 2278 3532 quasi
2328 3463 2631 3530 herocleos,
2683 3464 2828 3534 quod
2858 3463 3051 3519 Latine
3098 3465 3341 3519 virorum
3380 3464 3605 3521 fortium

2010 3554 2213 3610 famam
2245 3555 2496 3610 dicimus.
2523 3555 2649 3610 Fuit
2677 3563 2859 3610 autem
2897 3552 2981 3624 (ut
3009 3554 3199 3611 scribit
3227 3554 3428 3611 Sextus
3448 3555 3606 3610 Pom-

2010 3647 2186 3719 peius)
2213 3647 2451 3719 agricola
2485 3664 2499 3701 :
2530 3647 2757 3716 ideoque
2768 3644 2977 3702 Anchei
3003 3647 3146 3715 regis
3169 3645 3439 3701 stabulum
3465 3652 3604 3701 ster-

2012 3739 2230 3794 coribus
2253 3752 2513 3810 purgasse
2542 3737 2800 3805 refertur,
2831 3738 2960 3808 quia
2998 3736 3217 3808 proprie
3238 3735 3604 3808 agricolarum

2013 3835 2097 3882 est
2130 3837 2436 3882 stercorare
2461 3841 2643 3898 agros.

2084 3918 2384 3989 Apollinem
2401 3918 2650 3988 quamvis
2663 3917 3023 3974 divinatorem
3050 3925 3106 3973 et
3120 3917 3388 3974 medicum
3415 3915 3606 3987 appel-

2013 4011 2145 4077 lent,
2191 4012 2292 4083 ipsi
2319 4020 2500 4067 tamen
2531 4011 2697 4066 etiam
2728 4009 2898 4066 solem
2919 4011 3194 4076 dixerunt,
3223 4009 3379 4080 quasi
3402 4009 3603 4074 solum,

2014 4104 2191 4173 ipsum
2217 4103 2396 4168 Titan,
2431 4102 2588 4172 quasi
2623 4116 2790 4156 unum
2817 4115 2888 4156 ex
2934 4099 3165 4168 Titanis,
3197 4101 3289 4172 qui
3317 4099 3607 4155 adversum

2012 4191 2201 4248 Jovem
2239 4207 2346 4247 non
2377 4191 2545 4247 fecit:
2591 4190 2768 4261 ipsum
2806 4188 3094 4256 thbum,
3124 4189 3280 4261 quasi
3310 4187 3604 4259 ephebum,

2013 4281 2118 4336 hoc
2160 4289 2266 4343 est,
2298 4280 2715 4356 adolescentem,
2741 4279 2882 4334 unde
2902 4286 2958 4334 et
2987 4278 3068 4335 sol
3099 4294 3234 4350 puer
3256 4277 3516 4348 pingitur,
3541 4291 3607 4333 eo

2015 4373 2159 4444 quod
2182 4373 2424 4444 quotidie
2450 4373 2659 4429 oriatur
2683 4380 2739 4427 et
2761 4387 2898 4428 nova
2923 4372 3043 4428 luce
3064 4380 3334 4428 nascatur.
3354 4371 3610 4442 Pythium

1940 4507 1991 4566 Ι)
2017 4483 2230 4538 quoque
2263 4467 2565 4537 Apollinem
2593 4465 2845 4522 eumdem
2872 4465 3056 4566 vocari
3102 4464 3253 4520 aiunt
3280 4462 3606 4564 a‘Pythone,

2020 4560 2296 4614 immensa:
2334 4557 2494 4611 molis
2531 4563 2803 4626 serpente,
2835 4553 2989 4624 cujus
3037 4571 3144 4610 non
3188 4553 3361 4620 magis
3399 4567 3610 4606 venena

2019 4666 2182 4722 quam
2229 4649 2539 4719 magnitudo
2579 4647 2838 4702 terrebat.
2887 4646 3040 4700 Hunc
3065 4644 3255 4714 Apollo
3288 4642 3610 4712 sagittarum

2021 4743 2218 4798 ictibus
2253 4749 2500 4796 sternens
2548 4737 2782 4793 nominis
2813 4751 3030 4808 quoque
3073 4735 3242 4804 spolia
3288 4731 3609 4802 reportavit,

2020 4843 2081 4890 ut
2109 4833 2335 4905 Pythius
2379 4814 2687 4887 vocaretur.
2722 4829 2875 4886 Unde
2921 4835 2976 4882 et
3016 4827 3086 4882 ob
3132 4825 3342 4896 insigne
3369 4824 3614 4879 victoriae

2020 4925 2214 4998 Pythia
2259 4939 2416 4979 sacra
2444 4913 2770 4978 celebranda
2811 4919 3111 4976 constituit.
3144 4916 3369 4971 Dianam
3397 4930 3616 4986 quoque

2025 5032 2339 5089 germanam
2368 5015 2484 5085 ejus
2513 5013 2764 5070 similiter
2793 5011 2974 5066 lunam
3005 5017 3061 5064 et
3091 5007 3302 5062 viarum
3328 5006 3616 5078 praesidem

2025 5112 2196 5175 aiunt,
2226 5111 2370 5165 unde
2404 5117 2460 5164 et
2486 5107 2753 5178 virginem
2777 5102 2985 5166 volunt,
3021 5098 3165 5171 quod
3193 5098 3277 5152 via
3307 5095 3502 5170 [virgo]
3535 5096 3618 5150 ni-

2028 5203 2103 5258 hil
2131 5203 2307 5273 pariat
2337 5219 2351 5254 :
2383 5209 2438 5255 et
2465 5199 2586 5254 ideo
2627 5196 2785 5252 ambo
2813 5192 3037 5264 sagittas
3075 5191 3279 5247 habere
3318 5187 3615 5257 finguntur,

2029 5295 2170 5362 quod
2202 5293 2316 5362 ipsa
2347 5291 2454 5346 duo
2481 5290 2657 5343 sidera
2685 5287 2750 5340 de
2775 5283 2914 5339 caelo
2941 5280 3124 5336 radios
3149 5293 3320 5349 usque
3346 5277 3413 5332 ad
3443 5285 3618 5331 terras

2030 5384 2300 5438 emittant.
2344 5381 2569 5435 Dianam
2613 5384 2793 5430 autem
2839 5379 3108 5434 vocatam,
3155 5368 3312 5439 quasi
3359 5366 3619 5430 duanam,

2031 5473 2173 5541 quod
2204 5473 2329 5526 luna
2361 5472 2446 5526 die
2471 5485 2536 5523 ac
2564 5475 2720 5521 nocte
2757 5470 3032 5534 appareat.
3066 5460 3244 5531 lpsam
3270 5467 3327 5513 et
3357 5457 3622 5512 Lucinam

2032 5569 2348 5616 asseverant
2395 5575 2460 5614 eo
2510 5557 2652 5627 quod
2699 5557 2879 5611 luceat
2915 5572 2927 5606 :
2973 5551 3218 5609 eamdem
3263 5557 3320 5605 et
3357 5548 3619 5615 Triviam,

2032 5652 2176 5721 quod
2205 5650 2377 5705 tribus
2403 5648 2638 5719 fingatur
2664 5645 2870 5716 figuris.
2911 5643 2988 5698 De
3026 5657 3134 5712 qua
3160 5637 3416 5711 Virgilius
3445 5655 3459 5691 :
3494 5635 3625 5690 Tria

2034 5745 2248 5813 virginis
2279 5760 2372 5798 ora
2401 5742 2586 5798 Diana:
2611 5753 2626 5792 :
2653 5743 2778 5810 quia
2802 5737 2988 5795 eadem
3018 5734 3190 5802 Luna,
3213 5731 3400 5788 eadem
3429 5727 3621 5794 Diana,
