4038 6324
480 381 542 436 Si
1073 379 1133 432 Β.
1177 377 1425 432 RABANI
1467 355 1684 435 MAURI
1723 375 2043 432 ARCHIEP.
2085 371 2395 430 MOGUNT.
2437 367 2722 446 OPERUM
2761 365 2940 423 PARS
2978 365 3042 422 ll.

429 497 630 557 cadent
659 489 981 562 Proserpina
1013 499 1256 544 vocatur.
1293 487 1402 545 Sed
1447 505 1571 544 cum
1619 487 1742 544 luna
1785 487 2026 560 tingitur,
2056 493 2104 551 Α
2131 486 2278 539 mina
2327 503 2340 539 :

836 648 869 688 ,ο
891 649 904 663 .
943 649 956 661 .
995 646 1010 660 .
1035 611 1268 668 sublustri
1289 611 1519 672 splendet
1538 612 1716 682 amictu
1744 623 1759 658 :

591 673 713 729 Cum
735 675 982 724 subcmcta
1003 673 1136 723 lucet
1159 673 1387 734 adstans,
1415 672 1608 721 Latonia
1633 685 1768 734 urge
1786 674 1860 723 est
1881 681 1898 718 :

595 736 714 790 Cum
736 736 944 786 subnixa
969 736 1110 784 sedet
1131 735 1269 794 solio,
1297 733 1520 784 Piutonia
1544 733 1742 796 conjux’.

442 846 668 904 Latonia
703 853 882 900 autem
923 844 1112 907 Diana,
1147 858 1213 898 co
1246 844 1388 914 quod
1426 843 1667 899 Latoniae
1696 844 1857 899 fuerit
1890 843 2020 898 lilia.

511 937 787 1001 Cererem,
820 936 873 991 id
897 943 980 990 est
1009 942 1230 998 terram,
1267 946 1297 986 a
1332 933 1581 989 creandis
1609 933 1852 1004 frugibus
1877 949 2025 989 asse-

440 1033 568 1082 runt
605 1025 840 1091 dictam,
879 1023 1208 1094 appellantes
1245 1037 1370 1078 eam
1417 1023 1725 1080 nominibus
1751 1023 2020 1094 plurimis.

440 1117 639 1173 Dicunt
669 1119 832 1172 etiam
863 1131 981 1172 eam
1019 1127 1074 1172 et
1101 1115 1302 1186 Opem,
1333 1117 1478 1186 quod
1514 1133 1677 1188 opere
1707 1117 1900 1173 melior
1929 1117 2026 1173 tiat

440 1217 628 1271 terra;
675 1207 1072 1278 Proserpinam,
1121 1206 1266 1277 quod
1313 1221 1380 1260 ex
1435 1221 1497 1260 ea
1543 1216 1865 1279 proserpunt
1905 1208 2023 1263 fru-

440 1311 534 1367 ges
556 1295 839 1363 ;'Vestam,
860 1298 1002 1366 quod
1027 1296 1211 1351 herbis
1235 1295 1318 1350 vel
1341 1296 1506 1350 variis
1528 1297 1723 1351 vestita
1749 1297 1820 1352 sit
1841 1297 2021 1363 rebus,

438 1385 523 1441 vel
547 1399 580 1440 a
608 1386 662 1440 vi
686 1399 784 1442 sua
813 1387 1024 1442 stando.
1051 1385 1309 1440 Eamdem
1340 1393 1394 1439 et
1415 1384 1684 1440 Tellurem
1711 1393 1768 1441 et
1796 1385 2023 1441 Matrem

438 1489 686 1547 magnam
715 1475 924 1546 fingunt
963 1475 1216 1530 turritam
1259 1487 1384 1530 cum
1427 1483 1682 1546 tympano
1710 1482 1766 1530 et
1793 1475 1936 1546 gallo
1968 1481 2024 1530 et

433 1567 664 1638 strepitu
707 1567 1098 1639 cymbalorum.
1143 1565 1367 1622 Matrem
1410 1577 1690 1633 vocatam,
1723 1567 1864 1637 quod
1905 1567 2024 1638 plu-

435 1657 572 1713 rima
597 1657 777 1728 pariat
807 1675 821 1712 :
855 1671 1129 1730 magnam,
1160 1655 1305 1727 quod
1341 1655 1520 1710 cibum
1562 1656 1764 1728 gignat.
1788 1656 2020 1724 Almam,

434 1745 561 1815 quia
591 1746 844 1801 universa
885 1744 1139 1799 animalia
1168 1743 1432 1800 fructibus
1467 1744 1580 1800 suis
1607 1744 1722 1800 alit.
1753 1745 1848 1801 Est
1875 1745 2023 1802 enim

3602 362 3713 418 452

2397 483 2539 553 apud
2567 482 2791 536 Latinos
2838 487 3020 534 autem
3075 476 3370 532 Minervam
3424 483 3710 545 vocatam,

2125 574 2280 643 quasi
2319 573 2476 629 deam
2509 581 2565 628 et
2593 586 2790 626 munus
2815 569 3013 623 artium
3039 566 3334 622 variarum.
3381 564 3536 621 Hanc
3562 567 3711 623 enim

2124 665 2482 722 inventricem
2523 664 2814 718 multorum
2857 659 3194 732 ingeniorum
3222 658 3552 728 perhibent:
3585 657 3717 716 inde

2125 769 2246 810 cam
2288 762 2468 810 artem
2517 761 2574 808 et
2609 753 2874 808 rationem
2919 753 3370 822 interpretantur,
3421 750 3549 820 quia
3594 751 3715 807 sine

2126 843 2334 900 ratione
2378 844 2513 899 nihil
2564 850 2740 916 potest
2782 841 3088 925 contineri;
3119 855 3239 910 quae
3273 841 3433 906 ratio,
3475 840 3603 910 quia
3641 856 3715 895 ex

2124 939 2240 994 solo
2293 937 2474 992 animo
2529 932 2796 999 nascitur,
2833 933 3182 1002 animumque
3229 942 3425 1004 putant
3479 947 3601 988 esse
3652 933 3716 990 iu

2123 1029 2302 1100 capite
2344 1037 2402 1083 et
2445 1027 2693 1091 cerebro,
2740 1025 2861 1080 ideo
2891 1039 3012 1079 eam
3039 1019 3228 1079 dicunt
3267 1024 3333 1079 de
3360 1023 3538 1094 capite
3565 1022 3716 1079 lovis

2122 1135 2243 1174 esse
2263 1127 2466 1183 natam,
2494 1117 2618 1186 quia
2639 1130 2830 1171 sensus
2851 1114 3131 1186 sapientis,
3151 1112 3244 1184 qui
3279 1114 3484 1170 invenit
3507 1116 3714 1178 omnia,

2124 1211 2178 1266 in
2209 1210 2387 1280 capite
2435 1217 2536 1263 est.
2561 1205 2622 1262 ln
2669 1207 2823 1278 cujus
2847 1214 3067 1277 pectore
3110 1206 3232 1262 ideo
3257 1216 3422 1275 caput
3447 1205 3716 1278 Gorgonis

2124 1301 2366 1373 fingitur,
2406 1299 2553 1370 quod
2599 1296 2710 1353 illic
2753 1304 2837 1352 est
2869 1297 3046 1352 omnis
3073 1295 3386 1366 prudentia,
3421 1309 3542 1366 quae
3585 1311 3718 1352 con-

2123 1386 2298 1445 fundit
2327 1389 2462 1445 alios
2491 1397 2546 1444 et
2575 1387 2856 1459 imperitos
2880 1393 2936 1442 et
2961 1400 3156 1441 saxeos
3179 1385 3496 1454 comprobat
3523 1398 3540 1438 :
3570 1385 3716 1454 quod

2113 1489 2178 1537 et
2205 1481 2259 1536 in
2287 1479 2525 1548 antiquis
2559 1479 2948 1548 imperatorum
2979 1475 3175 1531 statuis
3200 1474 3476 1530 cernimus
3502 1474 3559 1529 in
3595 1489 3715 1530 me—

2123 1569 2212 1626 dio
2238 1577 2456 1640 pectore
2485 1567 2688 1632 loricae,
2725 1572 2948 1637 propter"
2991 1564 3366 1620 insinuandam
3395 1563 3716 1635 sapientiam
3753 1635 3760 1642 .

2121 1670 2178 1717 et
2199 1661 2474 1718 virtutem.
2506 1659 2632 1714 [hnc
2655 1657 2894 1712 Minerva
2919 1663 2974 1711 et
2999 1654 3246 1710 Tritonia
3273 1654 3491 1710 dicitur.
3523 1654 3714 1710 Triton
3757 1663 3762 1668 ‘

2122 1755 2266 1812 enim
2300 1752 2497 1809 Africa:
2531 1751 2688 1824 palus
2719 1757 2839 1818 est,
2876 1749 3020 1806 circa
3066 1765 3229 1820 quam
3269 1749 3444 1805 fertur
3467 1747 3720 1819 virginali

434 1837 817 1892 αηωοηιοτυῐιι
866 1837 1047 1892 muri!
1110 1844 1278 1892 lem!-
1324 1835 1687 1893 Simlﬂacmm
1734 1836 1850 1909 eius
1896 1853 2020 1894 cum
2049 1837 2095 1896 Β
2123 1847 2437 1917 apparuisse
2462 1853 2620 1900 tetate
2651 1859 2665 1898 :
2703 1851 2924 1914 propter
2953 1841 3096 1912 quod
3125 1840 3369 1896 Tritonia
3405 1849 3721 1910 nuncupata

395 1985 402 1993 ,
433 1927 574 1982 clavi
605 1927 847 2000 tingitur,
877 1927 1003 1999 quia
1029 1928 1189 1984 tellus
1212 1928 1391 1984 hieme
1414 1929 1707 1995 clauditur,
1737 1943 1864 1986 vere
1895 1944 2022 2000 ape-

434 2017 598 2083 ritur,
626 2025 686 2072 ut
717 2017 900 2089 fruges
948 2027 1258 2074 nascantur.
1287 2018 1441 2086 Quod
1480 2027 1792 2092 tympanum
1833 2021 2022 2088 habet,

433 2108 744 2179 significare
773 2108 960 2164 volunt
988 2111 1174 2165 orbem
1202 2117 1359 2166 terrae
1388 2129 1403 2164 :
1430 2110 1571 2179 quod
1602 2127 1770 2166 curru
1793 2111 1916 2166 vehi
1943 2112 2023 2167 di-

431 2197 596 2263 citur,
625 2198 750 2268 quia
781 2199 897 2269 ipsa
925 2207 1009 2255 est
1034 2207 1200 2265 terra,
1231 2215 1350 2270 qua?
1384 2199 1582 2270 pendet
1611 2200 1663 2254 in
1689 2215 1814 2256 aere
1840 2219 1852 2254 :
1878 2201 2025 2271 quod

432 2290 735 2347 sustinetur
781 2291 933 2357 rotis,
979 2293 1107 2362 quia
1150 2291 1381 2347 mundus
1427 2301 1638 2348 rotatur
1679 2302 1734 2348 et
1772 2293 2022 2350 volubilis

429 2391 536 2438 est.
582 2382 793 2439 Leones
821 2382 897 2438 illi
942 2383 1234 2454 subjiciunt
1261 2392 1596 2450 mansuetos,
1643 2395 1704 2440 ut
1734 2385 2024 2440 ostendant

433 2474 640 2529 nullum
670 2487 790 2528 esse
815 2488 984 2544 genus
1012 2481 1170 2528 terra:
1199 2480 1307 2528 tam
1339 2473 1514 2529 ferum
1537 2515 1552 2540 ,
1581 2475 1724 2544 quod
1753 2490 1859 2530 non
1889 2476 2020 2531 sub-

426 2567 518 2636 iici
549 2567 719 2637 possit
748 2573 842 2619 aut
873 2565 1118 2637 superari
1147 2565 1215 2620 a‘b
1249 2581 1334 2620 ea.
1373 2566 1525 2633 Quod
1559 2567 1612 2620 in
1644 2566 1818 2638 capite
1854 2567 2019 2622 turri-

429 2667 544 2714 tam
571 2664 744 2727 gestat
773 2671 1052 2722 coronam,
1084 2655 1320 2712 ostendit
1352 2657 1720 2728 superpositas
1751 2666 1920 2712 teme.
1940 2657 2021 2712 ci-

431 2747 629 2801 vitales
685 2745 839 2815 quasi
903 2745 1188 2817 insignitas
1242 2747 1482 2801 turribus
1537 2756 1807 2804 constare.
1855 2747 2022 2803 Sedes

429 2838 710 2908 tinguntur
741 2836 886 2892 circa
922 2851 1043 2891 eam
1063 2878 1079 2902 ,
1107 2836 1282 2906 quod,
1313 2853 1436 2893 cum
1471 2839 1648 2892 omnia
1681 2848 2020 2905 moveantur,

429 2927 547 2997 ipsa
575 2942 684 2982 non
713 2935 978 3000 movetur.
1018 2925 1353 2998 Corybantes
1377 2927 1494 2998 ejus
1527 2928 1766 2984 ministri
1794 2928 2024 2984 constri-

427 3019 533 3075 ctis
557 3019 748 3091 gladiis
771 3033 894 3075 esse
921 3019 1233 3090 ﬁnguntur:
1265 3027 1325 3074 ut
1354 3019 1688 3090 significetur
1715 3034 1904 3076 omnes
1924 3035 2024 3090 pro

428 3120 580 3166 terra
605 3124 701 3165 sua
731 3109 930 3165 debere
957 3126 1216 3182 pugnare.
1252 3109 1405 3178 Quod
1435 3109 1604 3182 gallos
1632 3110 1759 3166 huic
1799 3109 1930 3176 deae,
1963 3119 2024 3165 ut

2124 1947 2208 1995 est
2231 1957 2244 1992 :
2272 1937 2410 1992 unde
2443 1945 2498 1992 et
2528 1944 2676 1990 tanto
2709 1933 3000 2004 proclivius
3027 1933 3126 1987 dea
3151 1931 3355 1987 credita
3381 1939 3490 1996 est,
3511 1939 3719 2002 quanto

2122 2028 2303 2083 minus
2329 2027 2482 2098 origo
2516 2025 2632 2096 ejus
2663 2024 2917 2079 innotuit.
2948 2022 3124 2078 Pallas
3149 2031 3329 2077 autem
3358 2022 3499 2078 dicta
3528 2021 3613 2076 vel
3643 2022 3720 2076 ah

2123 2119 2298 2174 insula
2339 2118 2556 2174 Pallene
2595 2117 2650 2172 in
2690 2116 2940 2180 Thracia,
2984 2116 3035 2170 in
3064 2131 3170 2185 qua
3204 2115 3404 2170 nutrita
3437 2123 3520 2170 est
3565 2132 3580 2167 :
3627 2113 3716 2168 vel

2122 2227 2226 2282 apo
2257 2217 2344 2268 lou
2393 2210 2587 2282 pallein
2639 2217 2693 2263 to
2741 2207 2899 2274 doru,
2937 2207 2990 2261 id
3019 2216 3125 2272 est,
3155 2207 3223 2262 ab
3265 2207 3434 2261 hastae
3477 2220 3718 2260 concus-

2122 2304 2274 2360 sione
2307 2323 2319 2358 :
2354 2303 2440 2357 vel
2469 2302 2610 2373 quod
2644 2300 2942 2356 Pallantem
2980 2301 3250 2372 gigantem
3289 2299 3570 2354 occiderit.
3602 2294 3717 2352 Vc-

2122 2410 2306 2451 norem
2335 2394 2533 2449 exinde
2567 2393 2756 2449 dicunt
2784 2401 3178 2462 nuncupatam,
3211 2389 3354 2460 quod
3387 2389 3504 2444 sine
3535 2387 3587 2442 vi
3632 2387 3716 2443 fe-

2122 2487 2267 2542 mina
2295 2487 2446 2560 virgo
2485 2501 2606 2542 esse
2649 2502 2754 2542 non
2795 2485 3045 2541 desinat:
3081 2485 3222 2539 hanc
3267 2482 3443 2538 ϐαρεῖ
3491 2481 3719 2536 aﬂ‘rodin

2125 2575 2506 2651 [Aphroditen]
2533 2585 2730 2632 vocant
2759 2585 2978 2648 prepter
3019 2590 3262 2646 spumam
3306 2573 3586 2644 sanguinis
3625 2587 3718 2643 ge-

2123 2676 2424 2724 nerantem.
2473 2665 2717 2722 All'rodin
2771 2664 3055 2739 [Aphros]
3109 2665 3254 2720 enim
3286 2661 3474 2719 Grazce
3522 2678 3716 2734 spuma

2122 2767 2364 2814 vocatur.
2412 2760 2565 2827 Quod
2608 2768 2789 2816 autem
2828 2759 3036 2830 tingunt
3079 2757 3378 2813 Saturnum
3401 2756 3550 2813 Cario
3573 2755 3718 2827 patri

2123 2851 2379 2922 genitalia
2419 2851 2734 2916 abscidisse,
2779 2859 2834 2905 et
2873 2850 3188 2920 sanguinem
3221 2850 3422 2904 fudisse
3456 2849 3512 2902 in
3539 2861 3714 2912 mare,

2123 2949 2285 3014 atque
2310 2955 2376 2995 eo
2405 2955 2593 3011 spuma
2621 2941 2786 2994 maris
2806 2949 3058 2995 concreta
3079 2939 3262 2995 Venus
3283 2947 3409 2996 nata
3435 2948 3518 2994 est
3544 2953 3560 2992 :
3585 2934 3716 2994 illud

2123 3029 2305 3094 aiunt,
2336 3030 2482 3099 quod
2511 3029 2684 3085 coitus
2715 3028 2841 3083 salsi
2878 3029 3122 3084 humoris
3161 3027 3463 3084 substantia
3491 3035 3612 3092 est,
3660 3035 3720 3081 et

2126 3120 2252 3177 inde
2278 3120 2507 3176 atl‘rodin
2535 3119 2916 3193 [Aphroditcn]
2941 3118 3204 3176 Venerem
3231 3120 3360 3185 dici,
3384 3120 3509 3190 quia
3539 3119 3720 3174 coitus

429 3199 718 3263 SBWil'enl.
769 3198 1015 3256 Γθοθΐιιῐιι
1060 3215 1074 3254 ε
1121 3200 1447 3271 signiﬁcant.
1498 3201 1591 3272 qui
1632 3203 1838 3258 semine
1882 3202 2016 3258 indi:
2046 3197 2090 3258 C
2122 3227 2310 3282 spuma
2335 3219 2420 3267 est
2447 3213 2744 3284 sanguinis,
2775 3213 2866 3284 qui
2897 3226 2964 3266 ex
3007 3228 3170 3268 succo
3195 3213 3467 3268 viscerum
3511 3211 3718 3288 liquido

429 3295 623 3359 geant,
655 3297 857 3344 terram
897 3291 1051 3360 sequi
1078 3299 1330 3360 oportere
1369 3308 1383 3345 :
1427 3292 1482 3346 in
1511 3308 1575 3348 ea
1605 3294 1802 3364 quippe
1839 3294 2021 3348 omnia

428 3377 690 3446 reperiri;
727 3380 872 3448 quod
909 3393 970 3435 se
995 3380 1149 3450 apud-
1165 3394 1286 3435 eam
1317 3379 1546 3451 iactant,
1575 3381 1887 3452 praacipitur
1915 3382 2023 3454 (in-

428 3468 644 3540 quiunt)
687 3482 746 3525 ut
774 3472 866 3541 qui
907 3480 1110 3526 terram
1141 3471 1362 3538 colunt,
1405 3487 1472 3528 ne
1513 3456 1777 3529 sedeant:
1807 3487 2022 3543 semper

427 3572 576 3612 enim
601 3573 742 3624 esse,
771 3562 916 3629 quod
961 3569 1143 3630 agant.
1179 3561 1558 3632 Cymbalorum
1593 3571 1775 3618 autem
1810 3563 2021 3618 sonitus

427 3647 882 3704 ferramentorum
905 3659 988 3706 est
1009 3649 1248 3720 crepitus
1271 3652 1323 3705 in
1351 3651 1593 3708 colendis
1616 3653 1782 3722 agris,
1807 3663 1862 3708 et
1900 3654 2020 3709 ideo

428 3751 558 3802 aere,
588 3737 735 3808 quod
765 3747 966 3794 terram
991 3740 1198 3810 antiqui
1229 3753 1336 3794 acre
1356 3740 1624 3797 colebant
1644 3783 1660 3808 ,
1703 3743 2020 3813 priusquam
2063 3775 2071 3781 -

428 3827 635 3882 ferrum
647 3837 793 3884 esset
806 3829 1104 3885 inventum.
1123 3831 1380 3886 Eamdcm
1396 3833 1615 3888 Vestam
1635 3840 1690 3886 ct
1710 3833 1886 3904 ignem
1899 3849 2022 3890 esse

428 3917 735 3986 perhibent,
761 3918 890 3988 quia
931 3927 1134 3975 terram
1152 3930 1209 3976 et
1230 3921 1409 3992 ignem
1437 3924 1638 3980 habere
1667 3940 1775 3979 non
1795 3923 2018 3980 dubium

425 4015 542 4073 est,
579 4017 638 4062 ut
666 4024 730 4064 ex
760 4009 926 4064 xEtna
956 4009 1304 4081 Vulcanoque
1331 4011 1495 4066 datur
1519 4013 1783 4085 intelligi;
1821 4023 1876 4070 et
1900 4014 2022 4071 ideo

427 4103 690 4173 virginem
707 4103 932 4171 dictant,
955 4106 1080 4176 quia
1102 4107 1241 4176 ignis
1264 4107 1572 4163 inviolabile
1584 4108 2016 4176 sitelementum,

428 4193 671 4263 nihilque
705 4196 851 4250 nasci
885 4198 1056 4266 possit
1095 4211 1162 4251 ex
1202 4212 1286 4260 eo,
1312 4199 1520 4269 quippe
1557 4201 1646 4270 qui
1682 4202 1865 4256 omnia
1900 4218 2022 4272 qua:

427 4285 720 4354 arripuerit
749 4297 989 4343 assumat
1016 4287 1333 4362 [absumat].
1364 4289 1588 4348 Ovidius
1613 4293 1665 4348 in
1691 4294 1870 4349 Fastis
1895 4313 1910 4348 :

521 4401 701 4476 Necte
725 4395 855 4456 aliud
880 4407 1080 4476 Vestam
1105 4423 1250 4472 quam
1277 4412 1432 4462 vivam
1461 4413 1687 4476 intelligo
1707 4416 1962 4468 ﬂammam.

614 4466 839 4530 Nataque
861 4469 926 4518 de
944 4466 1136 4521 ﬂammai
1156 4486 1358 4536 corpora
1381 4476 1514 4524 nulla
1540 4466 1694 4526 vidEs.

429 4568 722 4641 Propterea
749 4581 805 4628 et
830 4572 1066 4644 virgines
1088 4574 1137 4630 ci
1164 4577 1368 4632 servire
1388 4578 1594 4645 dicunt,
1619 4595 1685 4634 eo
1713 4580 1856 4650 quod
1877 4579 2019 4636 sicut
2043 4546 2095 4606 Β

427 4673 494 4716 ex
527 4661 754 4732 virgine,
787 4662 860 4717 ita
894 4663 1114 4719 nihilex
1147 4666 1269 4737 igne
1297 4678 1566 4722 nascatur.

497 4754 765 4812 Iunonem
793 4757 978 4812 dicunt
997 4797 1012 4819 .
1051 4759 1206 4828 quasi
1233 4759 1494 4816 Jauonem
1513 4801 1528 4825 ,
1559 4759 1613 4814 id
1641 4772 1756 4828 est,
1789 4761 2017 4832 ianuam

429 4861 528 4917 pro
548 4847 960 4917 purgationibus
993 4839 1338 4916 feminarum,
1365 4866 1432 4905 eo
1456 4851 1600 4921 quod
1643 4853 1796 4921 quasi
1833 4862 2018 4923 portas

428 4947 664 4991 matrum
693 4938 856 5004 natis,
885 4947 940 4993 et
963 4946 1187 4996 naturas
1203 4941 1408 5011 pandat
1435 4941 1752 4995 nubentium
1784 4943 2013 4998 maritis.

430 5023 540 5078 Sed
558 5025 662 5080 hoc
677 5025 1004 5098 philosophi.
1023 5028 1204 5084 Poetae
1221 5037 1402 5083 autem
1419 5026 1686 5082 lunonem
1699 5028 1848 5086 Jovis
1867 5046 2016 5086 asse-

427 5125 558 5171 runt
580 5131 823 5173 sororem
844 5127 899 5175 et
925 5121 1241 5192 eonjugem;
1275 5120 1454 5190 ignem
1479 5128 1536 5174 et
1561 5135 1743 5176 aerem
1778 5120 1964 5178 Jovem
1994 5140 2009 5191 ;

428 5217 626 5274 aquam
660 5216 718 5260 et
747 5219 948 5264 terram
977 5208 1242 5264 lunonem
1289 5209 1738 5280 interpretantur,
1781 5227 2011 5282 quormn

427 5297 656 5353 duorum
684 5299 1036 5369 permistione
1059 5299 1309 5355 universa
1335 5302 1656 5372 gignuntur;
1689 5311 1746 5358 et
1770 5319 2012 5360 sororem

427 5387 638 5454 dicunt,
663 5388 805 5460 quod
834 5389 1020 5444 mundi
1049 5404 1177 5459 pars
1203 5399 1320 5457 cst;
1363 5393 1666 5464 coniugem,
1699 5395 1841 5465 quod
1865 5411 2012 5451 eom-

426 5477 591 5533 mista
619 5485 794 5533 coeat.
827 5477 982 5534 Unde
1009 5485 1065 5534 et
1092 5477 1348 5552 Virgilius
1375 5501 1389 5534 :

566 5587 678 5653 [um
703 5596 846 5653 pater
863 5589 1172 5653 omnipotens
1195 5590 1414 5642 fecundis
1437 5593 1674 5644 imbribus
1697 5595 1856 5645 :ether

553 5650 859 5714 Conjuglsin
881 5650 1124 5714 gremium
1150 5651 1272 5702 ιωιω
1289 5655 1560 5706 descendit.
1600 5690 1614 5706 .
1653 5689 1666 5705 .
1704 5693 1717 5706 .
1756 5689 1771 5704 .

425 5757 669 5813 Minerva
707 5758 847 5830 apud
889 5758 1108 5821 Graecos
1149 5763 1372 5823 Athcnc-
1405 5767 1634 5837 dicitur,
1683 5767 1737 5824 id
1775 5774 1854 5822 est
1877 5806 1892 5836 ,
1932 5765 2013 5826 fe-

2120 3304 2370 3375 salsoque
2412 3313 2645 3360 constat.
2691 3305 2815 3359 l.!eo
2853 3313 3034 3359 autem
3063 3302 3328 3359 Venerem
3368 3293 3594 3356 Vulcani
3632 3299 3719 3354 di-

2119 3406 2251 3452 cunt
2273 3411 2519 3462 uxorem,
2543 3395 2670 3464 quia
2692 3409 2982 3450 venereum
3005 3393 3238 3451 cilicium
3262 3408 3368 3447 non
3393 3393 3510 3447 sine
3532 3391 3717 3452 calore

2119 3487 2398 3552 consistit;
2418 3487 2557 3541 unde
2577 3494 2662 3540 est
2687 3504 2699 3538 2
2725 3483 2982 3556 Frigidus
3002 3486 3055 3538 in
3079 3485 3327 3537 Venerem
3352 3484 3546 3537 senior.
3575 3480 3714 3534 Nam

2118 3576 2262 3646 quod
2301 3574 2572 3630 Saturnus
2599 3575 2798 3629 dicitur
2825 3574 2964 3644 patri
2990 3573 3140 3628 leo
3172 3573 3344 3626 virilia
3380 3580 3713 3642 amputasse,

2119 3686 2240 3740 quae
2268 3669 2322 3724 in
2357 3682 2508 3724 mare
2535 3669 2783 3722 cadentia
2814 3665 3074 3722 Venerem
3105 3672 3449 3730 creaverunt,
3507 3663 3560 3717 id
3593 3661 3716 3718 ideo

2119 3759 2360 3831 ﬁngitur,
2391 3760 2515 3829 quia
2549 3759 2652 3814 nisi
2683 3759 2876 3814 humor
2905 3759 2970 3814 dc
3003 3759 3140 3813 coelo
3168 3758 3221 3812 in
3255 3765 3456 3812 terram
3485 3756 3714 3810 descen-

2119 3851 2291 3918 derit,
2321 3851 2454 3907 nihil
2480 3861 2716 3907 creatur.
2751 3851 3069 3922 Cupidinem
3095 3858 3344 3906 vocatum
3382 3848 3562 3902 fczunt
3586 3862 3716 3918 pro-

2118 3953 2241 4014 pter
2280 3960 2543 4000 amorem.
2591 3944 2687 4000 Est
2729 3943 2874 3998 enim
2921 3942 3130 3998 daemon
3180 3941 3575 4004 fornicationis,
3617 3936 3713 4009 qui

2119 4036 2240 4090 ideo
2285 4034 2458 4090 alatus
2499 4034 2780 4106 pingitur:
2823 4033 2952 4104 quia
2993 4033 3124 4088 nihil
3173 4033 3478 4088 amantibus
3517 4029 3713 4094 levius,

2119 4125 2256 4181 nihil
2306 4126 2618 4180 mutabilius
2669 4126 2960 4180 invenitur.
3033 4124 3175 4180 Puer
3225 4125 3467 4196 pingitur
3499 4164 3514 4189 ,
3581 4123 3712 4193 quia

2119 4215 2316 4272 stultus
2341 4225 2426 4272 est
2459 4225 2515 4272 ct
2541 4215 2926 4272 irrationabilis
2955 4231 3128 4270 amor.
3167 4215 3429 4286 Sagittam
3453 4223 3509 4268 et
3535 4213 3710 4269 facem

2119 4318 2304 4362 tenere
2335 4307 2598 4378 tingitur:
2625 4308 2875 4380 sagittam
2895 4347 2910 4372 ,
2949 4307 3075 4378 quia
3102 4323 3256 4363 amor
3289 4324 3384 4363 cor
3413 4306 3658 4362 vulnerat
3689 4321 3706 4358 :

2119 4397 2456 4467 facem,quia
2486 4397 2804 4452 inﬂammat.
2839 4399 2950 4453 Pan
2975 4397 3374 4463 dicuntGrzeci,
3399 4397 3574 4452 Latini
3605 4394 3714 4450 Sil-

2120 4505 2318 4544 vanum
2353 4489 2512 4544 dcum
2555 4490 2905 4555 rusticorum,
2929 4505 3090 4558 quem
3127 4490 3181 4544 in
3213 4497 3420 4544 natum
3459 4485 3714 4542 similitu-

2121 4577 2300 4632 dinem
2342 4577 2750 4632 formaverunt:
2782 4579 2923 4633 unde
2947 4587 3002 4632 et
3026 4590 3132 4647 pan
3158 4578 3334 4632 dictus
3369 4585 3473 4658 est,
3511 4574 3565 4629 id
3601 4581 3709 4640 est,

2121 4687 2282 4727 omne
2311 4690 2324 4725 :
2362 4671 2569 4742 fingunt
2595 4671 2736 4725 enim
2761 4685 2880 4726 eum
2905 4685 2970 4724 cx
2997 4667 3285 4723 universali
3317 4667 3711 4722 elementorum

2121 4765 2300 4834 specie
2329 4779 2343 4817 :
2375 4763 2538 4818 habet
2570 4762 2713 4816 enim
2743 4777 2944 4818 cornua
2986 4761 3042 4816 in
3076 4758 3482 4815 similitudinem
3522 4755 3709 4811 radio—
3765 4794 3773 4802 .

2121 4871 2241 4908 rum
2271 4854 2400 4909 solis
2429 4864 2485 4907 et
2518 4853 2656 4909 luna:
2688 4871 2700 4906 :
2737 4852 3044 4907 distinctam
3071 4849 3297 4905 maculis
3328 4848 3489 4904 habet
3512 4846 3710 4919 pellem

2120 4954 2342 5017 propter
2376 4945 2500 5000 coeli
2539 4944 2736 4999 sidera.
2780 4943 2960 4998 Rubet
2983 4941 3126 4996 enim
3163 4939 3332 4996 facies
3359 4938 3426 4994 ad
3455 4937 3710 4994 similitu-

2122 5037 2303 5092 (.inem
2337 5036 2574 5091 aztheris.
2617 5034 2876 5090 Fistulam
2911 5043 3117 5102 septem
3157 5031 3491 5088 calamorum
3531 5036 3711 5101 gestat

2119 5139 2340 5200 propter
2367 5129 2706 5184 harmoniam
2727 5127 2876 5195 cmli,
2899 5128 2954 5183 in
2973 5142 3080 5196 qua
3113 5135 3318 5196 septem
3351 5133 3476 5180 sunt
3505 5121 3625 5178 soni
3653 5127 3712 5177 et

2120 5239 2327 5295 septem
2358 5225 2671 5280 discrimina
2705 5240 2920 5280 vocum.
2955 5223 3190 5276 Villosus
3229 5227 3346 5285 est,
3383 5218 3510 5289 quia
3549 5217 3709 5274 tellus

2120 5314 2417 5368 convestita
2446 5321 2546 5366 est.
2575 5315 2619 5365 A
2647 5311 2872 5382 genibus
2904 5325 3030 5381 pars
3055 5308 3172 5380 ejus
3203 5309 3428 5366 inferior
3451 5308 3594 5365 fteda
3621 5315 3710 5365 est

2118 5413 2338 5476 propter
2364 5404 2586 5457 arbores
2609 5411 2666 5457 et
2694 5401 2838 5457 feras
2865 5410 2921 5456 ct
2947 5402 3202 5470 pecudes.
3241 5401 3505 5472 Caprinas
3533 5415 3707 5471 unguo

2117 5497 2198 5551 las
2227 5495 2423 5560 habet,
2453 5503 2514 5548 ut
2545 5494 2868 5548 soliditatem
2901 5503 3067 5549 terrae
3097 5494 3367 5549 ostendat.
3409 5493 3582 5562 Quem
3610 5506 3707 5546 vo-

2117 5593 2244 5642 cant
2272 5601 2451 5640 rerum
2482 5593 2536 5642 et
2557 5585 2720 5640 totius
2746 5593 2953 5640 naturae
2979 5584 3169 5640 Deum.
3204 5583 3358 5641 Unde
3389 5599 3516 5656 pan,
3546 5579 3705 5652 quasi

2117 5675 2319 5740 omnia,
2348 5675 2554 5730 dicunt.
2589 5675 2687 5731 isis
2723 5675 2902 5746 lingua
2940 5675 3319 5748 Egyptiorum
3353 5685 3496 5731 terra
3523 5671 3708 5744 appel-

2117 5769 2280 5840 latur,
2311 5786 2473 5842 quam
2497 5771 2623 5831 Isim
2647 5773 2834 5831 volunt
2859 5789 2979 5832 esse
3009 5791 3022 5830 :
3055 5772 3156 5831 fuit
3185 5780 3363 5828 autem
3390 5767 3490 5827 isis
3519 5763 3707 5838 regina
