4038 6324
335 397 445 455 4'55

1304 398 1386 455 DE
1422 398 1769 458 UNIVERSO
1806 400 1988 457 LIBRI
2029 402 2191 457 XXll.
2230 433 2303 443 ——
2334 405 2462 460 ΜΒ.
2505 402 2628 460 XV.

3483 400 3590 464 434

335 507 746 581 Egyptiorum,
777 505 960 566 Inachi
993 508 1136 582 regis
1182 509 1319 577 ﬁlia,
1350 527 1469 582 qua:
1496 513 1563 569 de
1589 512 1797 568 Graacia
1824 529 1916 569 ve—
1942 518 1993 578 Α
2011 484 2238 585 propter
2261 524 2366 570 tres
2392 516 2634 583 affectus,
2656 533 2776 588 quae
2804 518 2858 573 in
2886 500 3084 577 animis
3101 517 3379 575 hominum
3400 518 3602 576 multas

334 600 494 655 niens
523 597 808 670 Egyptios
834 600 1041 658 litteras
1079 601 1294 669 docuit,
1322 611 1382 658 et
1422 612 1594 659 terras
1617 605 1797 660 colere
1838 606 1920 659 in-

334 692 542 757 stituit,
576 700 799 762 propter
834 691 977 763 quod
1005 701 1060 748 et
1089 700 1291 749 terram
1333 694 1450 762 ejus
1482 695 1699 750 nomine
1740 696 1922 765 appel-

334 781 605 843 laverunt.
658 782 877 853 Serapis
924 784 1168 840 onmium
1208 786 1492 844 maximus
1545 786 1919 858 Egyptiorum

335 874 498 939 deus,
546 873 660 943 ipse
704 881 790 929 est
831 873 962 945 Apis
1007 890 1104 930 rex
1152 875 1505 945 Argivorum,
1557 877 1648 946 qui
1694 877 1924 933 navibus

334 971 678 1019 transvectus
724 964 780 1018 in
831 963 1165 1036 Egyptum,
1234 981 1359 1021 eum
1426 966 1626 1023 ibidem
1676 976 1924 1025 mortuus

331 1051 549 1119 fuisset,
576 1052 796 1123 Serapis
823 1053 1124 1123 appellatus
1150 1062 1270 1110 est:
1298 1065 1585 1126 propterea
1609 1057 1743 1127 quia
1772 1073 1920 1136 arca,

330 1143 388 1199 in
422 1159 528 1214 qua
550 1153 795 1199 mortuus
808 1144 1052 1214 ponitur,
1088 1160 1251 1216 quant
1280 1149 1675 1219 sarcophagum
1706 1157 1920 1216 vocant,

329 1248 486 1290 soros
506 1234 703 1289 dicitur
721 1232 928 1300 Graece,
944 1234 1090 1291 velut
1107 1251 1260 1292 soros
1276 1236 1428 1306 Apis,
1450 1245 1506 1292 et
1525 1237 1595 1292 ibi
1618 1252 1741 1293 eum
1762 1239 1923 1295 vene-

330 1325 443 1380 rari
472 1325 740 1396 sepultum
762 1335 1063 1395 creperum,
1083 1328 1397 1398 priusquam
1422 1329 1680 1399 templum
1702 1328 1819 1399 ejus
1838 1345 1924 1385 es-

328 1426 417 1475 set
434 1417 778 1473 instructum.
804 1417 1024 1490 Serapis
1040 1420 1238 1491 primo,
1256 1420 1450 1477 deinde
1463 1436 1569 1477 una
1582 1421 1758 1477 littera
1774 1436 1923 1477 com-

328 1519 562 1590 mutata,
596 1509 814 1582 Serapis
840 1511 1017 1568 dictus
1055 1520 1161 1570 est.
1187 1514 1319 1585 Apis
1344 1515 1448 1570 fuit
1471 1515 1611 1586 apud
1639 1514 1924 1587 Egyptios

327 1610 520 1655 taurus
549 1599 737 1671 Serapi
767 1612 1136 1671 consecratus,
1168 1613 1222 1661 et
1260 1606 1331 1661 ab
1368 1621 1434 1661 eo
1468 1606 1544 1662 ita
1574 1607 1923 1678 cognomina-

326 1695 440 1754 tus,
473 1703 632 1759 quem
661 1688 926 1762 IEgyptus
952 1692 1126 1748 instar
1154 1696 1394 1751 numinis
1418 1696 1652 1762 colebat,
1687 1711 1752 1753 eo
1780 1699 1924 1768 quod

320 1778 398 1834 de
424 1777 620 1835 futuris
647 1781 801 1836 daret
822 1783 1068 1851 quaedam
1094 1784 1382 1842 manifesta
1411 1787 1583 1858 signa.
1613 1788 1923 1857 Apparebat

2016 602 2448 675 perturbationes
2486 607 2732 677 gignunt,
2776 616 2830 664 et
2869 608 3141 665 interdum
3189 618 3386 680 cogunt
3429 608 3602 671 delin-

2019 709 2205 766 quere,
2226 703 2407 751 utnec
2428 695 2583 752 famae
2607 698 2899 767 perieulive
2922 708 3225 770 respectum
3255 699 3454 755 habere
3478 716 3601 771 per-

2018 786 2254 841 mittant.
2291 785 2411 853 lra,
2452 803 2572 857 quae
2607 788 2899 843 vindictam
2933 789 3123 859 cupit.:
3155 789 3451 860 cupiditas,
3482 805 3602 859 qua:

2020 873 2291 930 desiderat
2319 890 2451 945 opes
2482 894 2496 930 :
2528 876 2713 942 libido,
2740 892 2863 947 quae
2888 878 3092 949 appetit
3118 868 3441 947 voluptates.
3470 877 3601 946 Quae

2021 968 2142 1025 ideo
2164 968 2343 1023 Furia:
2369 968 2720 1040 appellantur,
2751 971 2896 1039 quod
2941 969 3172 1026 stimulis
3213 972 3326 1026 suis
3367 980 3603 1027 mentem

2021 1060 2237 1127 feriant,
2268 1071 2322 1117 et
2352 1061 2587 1131 quietam
2630 1077 2749 1118 esse
2777 1078 2885 1119 non
2928 1063 3128 1123 sinant.
3175 1061 3448 1136 Nymphas
3476 1064 3604 1120 deas

2021 1166 2285 1222 aquarum
2313 1160 2505 1221 putant
2534 1152 2705 1208 dictas
2730 1169 2762 1208 a
2792 1154 3069 1211 nubibus;
3110 1171 3332 1211 namex
3373 1155 3605 1211 nubibus

2019 1257 2196 1313 aquae,
2245 1243 2386 1297 unde
2432 1259 2626 1298 nomen
2668 1244 3007 1311 derivatum;
3039 1246 3302 1318 nymphas
3339 1261 3602 1315 aquarum

2024 1333 2173 1398 deas,
2193 1333 2348 1402 quasi
2370 1334 2589 1388 numina
2612 1334 2966 1405 lympharum.
2981 1335 3130 1407 Ipsas
3151 1345 3329 1392 autem
3350 1338 3533 1394 dicunt
3550 1346 3607 1393 et

2024 1421 2224 1487 Musas,
2253 1437 2390 1492 quas
2415 1433 2471 1479 et
2498 1425 2782 1495 nymphas,
2811 1424 2921 1481 Nec
2944 1426 3216 1482 immerito
3248 1447 3261 1482 :
3295 1443 3419 1483 nam
3452 1443 3607 1499 aqua:

2023 1518 2203 1567 motus
2247 1512 2490 1568 musicen
2535 1513 2716 1568 efﬁcit.
2762 1513 3130 1586 Nympharum
3178 1519 3319 1588 apud
3374 1518 3602 1589 gentiles

2023 1603 2173 1657 varia
2193 1611 2317 1658 sunt
2337 1604 2612 1660 vocabula.
2638 1606 2912 1677 Nymphas
2931 1609 3129 1679 quippe
3153 1611 3415 1666 montium
3437 1610 3607 1667 Orea-

2025 1691 2121 1747 des
2142 1691 2349 1758 dicunt,
2372 1692 2628 1748 silvarum
2657 1695 2915 1767 Dryades,
2941 1712 3253 1767 camporum
3272 1698 3604 1771 llamadrya~
3631 1743 3646 1752 .

2025 1785 2140 1850 des,
2159 1783 2384 1840 fontium
2402 1785 2653 1853 Naiades,
2666 1788 2835 1843 maris
2851 1787 3127 1846 Nereides.
3148 1788 3349 1847 Heroas
3369 1792 3556 1846 dicunt
3572 1808 3606 1846 a

322 1870 475 1924 enim
521 1871 574 1925 in
619 1871 903 1947 Memphis,
950 1888 1111 1944 quem
1157 1888 1374 1943 centum
1422 1879 1691 1936 antistites
1733 1896 1919 1950 prose-
1948 1880 1993 1940 Β
2019 1874 2229 1932 Junone
2250 1876 2481 1933 traxisse
2504 1891 2732 1933 nomen:
2759 1877 2945 1934 Graece
2969 1879 3113 1934 enim
3136 1877 3275 1935 Juno
3299 1880 3403 1936 Ere
3427 1880 3607 1951 appel-

324 1961 658 2029 quebantur,
682 1972 739 2018 et
763 1972 984 2035 repente
1012 1965 1158 2021 velut
1185 1966 1496 2038 lymphatici
1524 1971 1910 2040 praecinebant.
1951 1988 1963 1997 '

326 2048 500 2121 Hujus
534 2051 728 2121 capitis
771 2054 1062 2126 imaginem
1113 2056 1215 2112 sibi
1262 2058 1318 2112 in
1361 2074 1543 2115 eremo
1576 2059 1744 2116 Judaei
1775 2061 1916 2119 fece-

326 2149 475 2197 runt.
503 2142 675 2198 Fauni
707 2159 738 2198 a
769 2142 950 2214 fando,
965 2147 1113 2203 velut
1139 2164 1244 2219 apo
1265 2151 1532 2220 telphanis
1561 2151 1666 2225 [tes
1683 2154 1915 2228 phones]

326 2232 490 2296 dicti,
532 2235 678 2304 quod
714 2250 870 2301 voce,
913 2252 1022 2291 non
1062 2239 1250 2310 signis,
1283 2242 1572 2298 ostendere
1603 2243 1917 2301 viderentur

324 2321 529 2379 futura.
579 2325 636 2380 In
684 2327 821 2383 lucis
850 2328 995 2384 enim
1037 2332 1462 2387 consulebantur
1499 2351 1530 2390 a
1577 2336 1824 2406 paganis,
1862 2344 1917 2392 et

325 2428 586 2484 responsa
630 2415 736 2471 illis
774 2432 879 2473 non
923 2419 1113 2490 signis,
1158 2420 1252 2476 sed
1291 2423 1514 2478 vocibus
1553 2424 1772 2479 dabant.
1813 2425 1917 2484 Ge:-

323 2502 475 2557 nium
504 2512 683 2559 autem
711 2506 915 2574 dicunt,
943 2509 1084 2578 quod
1110 2512 1266 2581 quasi
1297 2513 1406 2567 vim
1436 2514 1635 2570 habeat
1665 2516 1913 2572 omnium

324 2606 507 2648 remm
537 2595 948 2666 gignendarnm,
981 2615 1077 2656 seu
1099 2617 1129 2655 a
1150 2603 1432 2675 gignendis
1459 2604 1660 2661 liberis.
1687 2606 1842 2662 Unde
1863 2616 1919 2664 et

322 2684 564 2752 geniales
601 2686 724 2743 lecti
755 2688 1076 2745 dicebantur
1105 2708 1135 2745 a
1175 2694 1444 2764 gentibus,
1497 2695 1590 2765 qui
1633 2711 1770 2753 novo
1800 2714 1917 2755 ma-

325 2773 435 2827 rito
463 2778 864 2834 sternebantur.
897 2780 1025 2836 Haec
1058 2791 1113 2838 et
1147 2784 1250 2838 alia
1291 2797 1418 2840 sunt
1452 2788 1730 2857 gentilium
1761 2790 1917 2846 fabu-

324 2859 438 2917 losa
458 2863 733 2935 ﬁgmenta,
748 2885 868 2939 qua:
889 2871 1243 2943 interpretata
1259 2876 1338 2931 sic
1358 2877 1646 2945 habentur,
1662 2889 1721 2935 ut
1733 2896 1797 2937 ea
1811 2898 1918 2939 non

321 2953 593 3013 intellecta
633 2959 1012 3018 damnabiliter
1033 2972 1211 3021 tamen
1244 2969 1557 3025 adorentur.
1584 2971 1778 3027 Fatum
1817 2990 1916 3029 au-

323 3053 434 3103 tem
466 3047 653 3103 dicunt
680 3065 832 3118 esse,
864 3055 1122 3124 quidquid
1151 3057 1224 3113 dii
1256 3057 1465 3125 fantur,
1487 3062 1750 3133 quidquid
1769 3062 1919 3134 Jupi-

320 3144 409 3191 ter
445 3137 608 3194 fatur.
642 3142 681 3194 A
716 3141 879 3198 fando
903 3147 1068 3219 igitur
1092 3148 1260 3205 fatum
1288 3153 1494 3219 dicunt,
1541 3154 1594 3209 id
1621 3164 1726 3221 est,
1771 3171 1802 3211 a
1843 3156 1921 3213 lo-

2022 1965 2166 2021 latur
2180 1983 2195 2032 ;
2208 2028 2215 2031 ν
2228 1976 2283 2023 et
2304 1966 2422 2022 ideo
2439 1969 2622 2025 nescio
2642 1970 2762 2040 quis
2783 1968 2924 2025 ﬁlius
2944 1969 3060 2039 ejus
3081 1970 3374 2027 secundum
3394 1971 3606 2029 Graeco-

2018 2075 2139 2114 rum
2171 2058 2408 2115 fabulam
2435 2060 2572 2116 Eros
2600 2060 2702 2115 fuit
2721 2070 3061 2132 nuncupatus
3085 2081 3098 2119 :
3125 2063 3227 2119 hoc
3250 2063 3396 2119 velut
3421 2064 3610 2136 mysti-

2019 2164 2142 2208 cum
2172 2150 2507 2221 signiﬁcante
2537 2148 2740 2217 fabula,
2770 2155 2914 2223 quod
2946 2169 3040 2209 aer
3067 2154 3261 2215 Junoni
3296 2157 3603 2226 deputetur,

2018 2239 2111 2295 ubi
2157 2240 2345 2295 volunt
2382 2241 2576 2297 heroas
2604 2242 2867 2307 habitare,
2917 2259 3026 2314 quo
3075 2246 3291 2301 nomine
3336 2247 3608 2318 appellant

2018 2330 2259 2402 alicujus.
2278 2333 2459 2389 meriti
2503 2333 2710 2390 animas
2751 2335 3158 2405 defunctorum,
3199 2340 3353 2409 quasi
3391 2354 3605 2407 aereas,

2017 2421 2218 2489 idest,
2263 2423 2410 2480 viros
2439 2425 2621 2481 aerios
2650 2434 2707 2481 et
2735 2427 2874 2482 caelo
2913 2428 3105 2499 dignos
3139 2438 3361 2499 propter
3388 2432 3605 2503 sapien-

2019 2514 2151 2568 tiam
2180 2522 2235 2569 et
2272 2513 2664 2571 fortitudinem.
2696 2516 2930 2574 Penates
2959 2520 3187 2591 gentiles
3211 2520 3458 2576 dicebant
3485 2537 3605 2577 om-

2017 2620 2116 2661 nes
2140 2604 2289 2671 deos,
2316 2623 2452 2678 quos
2473 2608 2616 2662 domi
2648 2608 2896 2664 colebant
2922 2629 2936 2664 :
2961 2621 3016 2667 et
3045 2621 3268 2681 penates
3287 2610 3439 2679 dicti,
3461 2615 3607 2684 quod

2018 2704 2202 2753 essent
2242 2697 2295 2752 in
2333 2699 2728 2768 penetralibus,
2777 2701 2832 2756 id
2873 2709 2975 2767 est,
3023 2703 3077 2757 in
3124 2704 3367 2760 secretis.
3418 2702 3482 2759 lli
3531 2705 3608 2761 dii

2018 2788 2289 2857 quomodo
2332 2790 2685 2857 vocabantur,
2730 2791 2821 2847 vel
2863 2808 2985 2863 quae
3028 2795 3248 2849 nomina
3296 2795 3606 2862 habuerint,

2019 2875 2318 2948 ignoratur.
2367 2877 2552 2935 Manes
2600 2880 2728 2935 deos
2757 2891 3091 2937 mortuorum
3124 2883 3341 2949 dicunt,
3371 2900 3605 2954 quorum

2016 2976 2344 3039 potestatem
2388 2970 2530 3026 inter
2564 2970 2745 3027 lunam
2779 2982 2834 3027 et
2863 2981 3064 3029 terram
3097 2983 3346 3030 asserunt
3379 2991 3394 3030 :
3427 2993 3455 3030 a
3485 2976 3609 3046 qui-

2017 3061 2121 3116 bus
2140 3068 2196 3116 et
2222 3076 2381 3117 mane
2406 3063 2609 3118 dictum
2636 3065 2969 3132 existimant,
2987 3079 3122 3134 quos
3142 3073 3337 3136 putant
3362 3067 3427 3121 ab
3456 3081 3603 3132 aere,

2019 3152 2112 3221 qui
2135 3167 2345 3220 manus,
2371 3152 2425 3208 id
2452 3162 2558 3222 est,
2571 3170 2730 3211 rarus
2759 3164 2843 3212 est
2872 3174 2884 3210 :
2919 3172 3107 3212 manes
3135 3157 3457 3224 dictos,sive
3478 3159 3608 3228 quia

319 3227 557 3295 quendo,
596 3232 686 3299 qui
726 3233 830 3288 nisi
874 3234 978 3291 hoc
1016 3253 1212 3294 nomen
1237 3241 1349 3311 jam
1381 3242 1435 3297 in
1472 3243 1574 3298 alia
1617 3261 1677 3301 re
1714 3246 1916 3304 soleret
1942 3233 1987 3297 C
2018 3243 2126 3300 late
2156 3253 2378 3300 manant
2403 3260 2503 3316 per
2542 3261 2726 3312 auras,
2757 3247 2870 3303 sive
2898 3248 3026 3317 quia
3054 3247 3215 3303 mites
3244 3260 3371 3303 sunt
3407 3248 3605 3307 imma-

320 3313 569 3387 intelligi,
596 3334 705 3389 quo
731 3323 895 3378 corda
927 3325 1204 3382 hominum
1233 3329 1486 3387 nolumus
1511 3331 1793 3400 inclinare,
1822 3350 1914 3390 ra-

318 3403 652 3464 tionabiliter
676 3426 958 3481 possemus
986 3431 1016 3470 a
1051 3415 1215 3474 fando
1250 3418 1421 3476 fatum
1462 3423 1771 3493 appellare:
1804 3441 1914 3482 non

316 3494 465 3549 enim
520 3497 758 3557 abnuere
798 3518 1086 3572 possumus
1132 3522 1253 3565 esse
1296 3512 1556 3582 scriptum
1607 3514 1661 3569 in
1716 3515 1915 3574 litteris

319 3587 527 3642 sanctis
550 3606 565 3641 :
590 3588 765 3645 Semel
788 3592 994 3651 locutus
1021 3607 1095 3653 est
1118 3598 1285 3666 Deus,
1311 3601 1418 3656 duo
1443 3604 1555 3657 [uec
1579 3604 1778 3671 audivi,
1804 3615 1910 3663 etc.

318 3671 497 3772 ςΡδαξ.
519 3677 651 3749 LXI).
684 3679 835 3746 Quod
860 3685 1004 3739 enim
1027 3687 1229 3743 dictum
1249 3698 1354 3756 est,
1395 3693 1553 3746 semel
1576 3692 1779 3749 locutus
1800 3706 1881 3772 est
1893 3710 1911 3749 :

312 3764 641 3837 intelligitur
689 3770 1060 3841 immobiliter,
1114 3777 1218 3833 hoc
1265 3788 1368 3845 est,
1399 3764 1915 3842 incommutabiliter

313 3863 405 3911 est
429 3855 665 3926 locutus,
687 3861 827 3917 sicut
857 3865 1006 3920 novit
1028 3867 1543 3928 incommutabiliter
1563 3876 1767 3942 omnia,
1792 3893 1914 3949 qua:

315 3945 499 4004 futura
539 3959 686 4019 sunt,
716 3963 775 4009 et
801 3956 918 4026 ipse
967 3957 1211 4018 facturus
1255 3976 1357 4020 est.
1399 3965 1527 4021 Tria
1576 3976 1755 4024 autem
1799 3945 1912 4027 fata

314 4039 528 4112 tingunt
569 4044 623 4099 in
653 4046 773 4102 colo
810 4056 867 4104 et
909 4049 1353 4126 fusoldigitisque
1397 4057 1485 4114 ﬁla
1522 4075 1592 4115 ex
1635 4060 1759 4118 lana
1800 4071 1912 4119 tor-

316 4134 608 4226 quentibus
635 4149 857 4210 propter
890 4144 994 4198 tria
1040 4153 1284 4217 tempora
1317 4162 1344 4207 :.
1366 4152 1729 4220 prmteritum,
1764 4156 1910 4226 quod

314 4219 375 4275 in
413 4220 533 4316 fuso
570 4225 685 4294 jam
729 4240 916 4288 netum
962 4244 1127 4306 atque
1164 4219 1464 4297 involutum
1490 4252 1614 4300 est:
1644 4219 1908 4316 praesens,

315 4314 463 4383 quod
495 4316 635 4373 inter
658 4320 855 4393 digitos
885 4328 1065 4384 nentis
1096 4330 1330 4386 trahitur
1358 4351 1371 4387 :
1403 4314 1731 4392 futurum—in
1761 4314 1906 4407 lana,

316 4407 609 4501 quarcolo
640 4410 912 4501 implicata
954 4426 1059 4484 est,
1101 4429 1158 4475 et
1194 4424 1340 4492 quod
1383 4425 1559 4482 adhuc
1586 4443 1686 4499 per
1712 4429 1909 4501 digitos

314 4495 498 4589 nentis
545 4499 613 4589 ad
642 4498 856 4571 fusum,
898 4512 1156 4578 tanquam
1184 4528 1424 4581 praesens
1451 4517 1519 4572 ad
1546 4495 1909 4589 praeteritum,

2014 3337 2196 3402 nibus,
2215 3338 2751 3394 contrarionomine
2792 3340 2896 3395 hoc
2940 3339 3297 3411 appellantur.
3346 3339 3607 3411 Apuleius

2014 3438 2193 3485 autem
2224 3431 2301 3486 ait
2324 3446 2420 3487 eos
2447 3440 2566 3487 cata
2587 3433 2926 3503 antiphrasin
2949 3434 3056 3489 dici
3087 3448 3293 3501 manes,
3338 3434 3440 3490 hoc
3480 3441 3566 3490 est
3585 3473 3602 3500 ,

2012 3520 2173 3576 mites
2211 3536 2276 3577 ac
2302 3522 2592 3588 modestos,
2622 3538 2746 3579 eum
2786 3525 2894 3579 sint
2934 3525 3204 3581 terribiles
3224 3533 3280 3582 et
3318 3526 3601 3590 immanes,

2013 3624 2074 3671 ut
2094 3615 2316 3682 Parcas,
2338 3625 2398 3671 ut
2417 3616 2761 3673 Eumenides.
2784 3617 2988 3675 Larvas
3010 3632 3073 3673 ex
3089 3619 3413 3677 hominibus
3432 3617 3606 3676 factos

2014 3707 2287 3763 dazmones
2314 3708 2485 3773 aiunt,
2502 3709 2645 3778 quod
2667 3709 2845 3764 meriti
2876 3710 3001 3766 mali
3022 3708 3243 3775 fuerint,
3261 3725 3490 3781 quarum
3506 3724 3607 3764 ua-

2014 3803 2135 3851 tura
2165 3797 2364 3852 dicitur
2393 3806 2598 3853 terrere
2642 3799 2917 3868 parvulos,
2958 3807 3014 3855 et
3054 3800 3108 3854 in
3153 3799 3365 3871 angulis
3390 3800 3604 3871 garrire

2013 3888 2331 3943 wnebrosis.
2349 3888 2581 3954 Lamias,
2605 3905 2739 3958 quas
2761 3889 2955 3946 fabulae
2982 3892 3198 3947 tradunt
3223 3891 3456 3946 infantes
3480 3906 3605 3947 cor-

2012 3975 2193 4044 ripere
2210 3991 2274 4031 ac
2296 3976 2500 4033 laniare
2520 3978 2727 4045 solitas,
2749 3995 2778 4033 a
2805 3978 3058 4036 laniando
3076 3979 3386 4051 specialiter
3406 3981 3601 4037 dictas.

2011 4066 2198 4135 Pilosi,
2216 4068 2309 4139 qui
2337 4066 2522 4124 Graece
2550 4069 2773 4135 Panitaz,
2811 4070 2999 4126 Latine
3023 4072 3210 4128 lncubi
3240 4070 3600 4142 appellantur,

2011 4157 2126 4213 sive
2172 4158 2284 4215 lnvi
2315 4160 2385 4216 ab
2413 4160 2650 4217 ineundo
2688 4163 2892 4232 passim
2921 4177 3043 4217 eum
3083 4162 3424 4228 animalibus,
3456 4164 3602 4220 unde

2010 4257 2068 4304 et
2108 4249 2293 4305 [neubi
2322 4252 2578 4307 dicuntur
2616 4250 2686 4308 ab
2735 4253 3116 4320 incumbendo,
3165 4255 3271 4310 hoc
3313 4263 3437 4322 est,
3487 4263 3602 4311 stu-

2009 4341 2217 4410 prando
2245 4360 2258 4396 :
2291 4357 2442 4414 saepe.
2461 4344 2608 4400 enim
2639 4344 2868 4416 improbi
2900 4346 3143 4403 existunt
3171 4348 3335 4404 etiam
3361 4347 3605 4404 mulieri-

2010 4432 2111 4488 bus
2139 4442 2195 4488 et
2217 4448 2404 4489 earum
2444 4444 2709 4506 peragunt
2748 4438 3091 4493 concubitum
3115 4478 3129 4505 ,
3168 4453 3305 4509 quos
3333 4439 3604 4495 dzemones

2010 4522 2147 4579 Galli
2164 4523 2357 4582 Dusios
2382 4528 2874 4599 nuncupant,.quod
2904 4531 3122 4586 assidue
3149 4532 3291 4587 hanc
3316 4530 3603 4586 immundi-

315 4583 693 4693 trajieiendum
718 4600 823 4650 est.
852 4593 1056 4653 Parcas
1077 4598 1267 4656 dicunt
1301 4612 1421 4658 cata
1447 4583 1783 4677 antiphrasin
1811 4583 1909 4682 ap:
1934 4596 1985 4656 D
2015 4615 2143 4671 tiam
2172 4627 2457 4689 peragunt.
2508 4583 2681 4686 Quem
2950 4623 3113 4693 vulgo
3158 4622 3486 4677 lncubonem
3512 4635 3605 4675 vo-

312 4677 560 4747 pellatas,
577 4683 734 4754 quod
761 4688 983 4744 minime
1011 4701 1259 4761 parcant,
1286 4711 1423 4765 quas
1454 4705 1564 4755 tres
1584 4714 1705 4757 esse
1726 4677 1907 4759 volue-

312 4779 444 4826 runt
474 4790 488 4828 :
522 4790 706 4844 unam,
738 4795 859 4849 qua:
885 4782 1050 4838 vitam
1078 4786 1314 4843 hominis
1341 4791 1585 4846 ordiatur
1603 4810 1618 4859 ;
1651 4794 1901 4864 alteram,

312 4876 435 4934 quas
454 4875 735 4936 contexet;
761 4872 1002 4941 tertiam,
1022 4890 1142 4945 quae
1164 4888 1396 4951 rumpat.
1419 4880 1710 4954 lncipimus
1733 4887 1902 4955 enim,

312 4967 438 5010 cum
468 4959 775 5017 nascimur:
801 4978 1015 5033 sumus,
1032 4983 1157 5024 cum
1185 4970 1415 5030 vivimus
1439 4993 1453 5028 :
1480 4975 1755 5045 desumus,
1780 4996 1909 5037 cum-

309 5044 617 5107 interimtts.
664 5052 961 5113 Fortunam
999 5075 1032 5115 a
1076 5061 1314 5120 fortuitis
1353 5081 1547 5123 nomen
1590 5044 1794 5129 habere
1822 5074 1889 5128 di-

310 5146 461 5201 cunt,
477 5143 630 5208 quasi
661 5144 814 5203 deam
844 5151 1132 5219 quamdam
1162 5169 1250 5210 res
1279 5155 1544 5215 humanas
1573 5162 1740 5218 variis
1767 5164 1904 5219 easi-

308 5225 414 5285 hus
438 5235 495 5283 et
521 5228 759 5289 fortuitis
786 5237 1117 5312 illudentem.
1148 5244 1301 5301 Unde
1327 5257 1381 5302 et
1403 5264 1603 5305 caecam
1632 5253 1903 5323 appellant

310 5332 378 5373 eo
402 5320 544 5389 quod
568 5324 771 5391 passim
800 5325 856 5380 in
885 5328 1154 5396 quoslibet
1180 5333 1464 5391 incurrens
1494 5341 1613 5394 sine
1639 5320 1746 5398 ullo
1776 5360 1903 5400 exa-

311 5409 461 5466 mine
486 5413 804 5470 nteritorum
835 5425 890 5473 et
917 5419 985 5473 ad
1028 5419 1198 5477 bonos
1224 5431 1279 5477 et
1307 5425 1372 5479 ad
1402 5428 1573 5483 malos
1600 5432 1765 5487 venit.
1797 5434 1901 5488 Fa-

311 5507 429 5598 tum
458 5511 639 5559 autem
667 5521 698 5560 a
725 5505 961 5564 Fortuna
992 5524 1260 5582 separant,
1313 5524 1369 5571 et
1396 5517 1712 5588 Fortunam,
1743 5527 1900 5598 quasi

310 5588 386 5681 sit
410 5590 466 5645 in
513 5592 600 5649 his
628 5610 749 5665 quae
774 5596 999 5657 fortuito
1033 5604 1278 5671 veniunt,
1319 5608 1466 5663 nulla
1503 5610 1682 5680 palam
1712 5588 1897 5681 causa,

309 5677 505 5738 Fatum
547 5701 678 5743 vero
722 5692 1025 5760 appositum
1069 5695 1293 5767 singulis
1322 5705 1378 5754 et
1419 5677 1682 5756 statutum
1721 5677 1893 5759 aiunt.

311 5770 478 5833 Aiunt
527 5785 581 5833 et
638 5788 746 5837 tres
777 5781 970 5842 Furias
1020 5785 1247 5846 feminas
1290 5789 1511 5848 crinitas
1558 5794 1913 5865 serpentibus

2012 4715 2159 4773 cant,
2210 4710 2356 4764 hunc
2399 4710 2630 4765 Romani
2676 4710 2920 4767 Faunum
2966 4712 3210 4769 ﬁcariutn
3256 4713 3463 4767 dicunt.
3517 4710 3602 4769 Ad

2010 4811 2173 4869 quem
2200 4797 2457 4855 Horatius
2485 4801 2614 4857 dicit
2647 4819 2661 4856 :

2194 4919 2380 4991 Faune,
2407 4921 2742 4991 Nympharum
2767 4925 3039 4991 fugientum
3065 4932 3266 4989 amator,

2199 4983 2295 5034 Per
2316 4983 2463 5050 meos
2478 4983 2601 5037 liu'es
2622 4996 2673 5039 et
2694 4983 2858 5050 aprici
2885 5004 2997 5041 rura

2386 5048 2539 5098 Leuis
2573 5048 2772 5102 incedas

2010 5157 2119 5215 Sed
2147 5159 2297 5217 falsis
2321 5164 2423 5219 diis
2451 5174 2509 5219 et
2535 5165 2806 5237 ﬁgmentis
2835 5169 3119 5223 hominum
3142 5172 3357 5240 spretis,
3391 5171 3459 5227 de
3480 5174 3600 5241 qui-

2007 5250 2111 5307 bus
2140 5252 2423 5309 Psalmista
2453 5257 2528 5310 ait
2552 5274 2564 5310 :
2593 5256 2785 5312 Omnes
2810 5260 2888 5312 dii
2908 5261 3138 5329 gentium
3165 5261 3463 5329 dwmom’a;
3487 5262 3598 5318 Do-

2007 5342 2188 5397 minus.
2208 5354 2383 5398 autem
2413 5344 2565 5399 cazlos
2591 5347 2712 5415 fecit
2746 5346 2918 5418 (Psal.
2945 5348 3100 5419 xcv);
3131 5349 3490 5410 differentiam
3516 5354 3598 5424 ip-

2006 5431 2119 5487 sius
2143 5432 2378 5488 nominis
2407 5434 2813 5503 patefaciamus.
2860 5437 2943 5492 Dii
2973 5454 3103 5510 ergo
3127 5443 3369 5511 gentium
3394 5442 3597 5500 daemo-

2005 5524 2095 5577 nia
2126 5534 2275 5591 sunt,
2313 5541 2435 5594 quae
2472 5527 2603 5581 nulli
2640 5538 2941 5598 prmstant:
2975 5532 3069 5588 sed
3113 5534 3168 5588 in
3211 5550 3273 5591 se
3310 5536 3595 5594 credentes

1980 5624 2222 5683 semper
2261 5615 2564 5685 decipiunt,
2614 5634 2828 5691 semper
2872 5621 3119 5687 illudunt.
3169 5625 3303 5682 Nam
3343 5630 3593 5699 quamvis

2005 5703 2280 5762 dzemones
2308 5706 2499 5765 Latine
2540 5712 2756 5769 scientes
2805 5726 3085 5784 vocentur,
3118 5721 3272 5789 quasi
3299 5721 3592 5777 daemonas

2009 5795 2355 5872 [.daimonias]
2381 5818 2393 5855 :
2421 5802 2657 5862 humano
2688 5815 2867 5864 tamen
2890 5824 3141 5868 sermone
3161 5811 3463 5870 convicitun
3480 5820 3584 5869 est.
