4038 6324
471 419 579 476 455

471 533 624 591 Unde
663 537 737 590 ita
775 533 1021 597 dicimus,
1044 508 1179 602 quos
1210 509 1579 589 exsecratione
1611 534 1798 605 dignos
1830 532 2038 603 judica-

1107 493 1112 496 _
1151 421 1213 477 Β.
1237 420 1505 512 ΒΑΒΑΝΙ
1543 421 1763 478 MAURI
1795 421 2115 478 ARCHIEP.
2157 422 2465 482 MOGUNT.
2488 395 2770 483 OPERUl-i
2809 425 2986 480 PARS
3025 424 3094 481 II.

2069 583 2121 644 A

3609 423 3725 484 4'56

2144 533 2324 606 (Joan.
2353 534 2425 603 ι).ι
2451 534 2613 590 Addit
2647 543 2733 601 et,
2766 535 3013 602 deorum,
3042 541 3102 589 ut
3125 507 3428 590 evidentius
3452 534 3518 591 de
3541 535 3730 592 humi-

466 639 590 680 mus
620 642 632 676 :
666 638 770 678 non
803 622 1091 687 immerito,
1133 623 1388 692 quoniam
1418 625 1474 678 in
1515 623 1621 680 illis
1647 640 1776 680 vera
1817 626 2042 681 scientia
2069 622 2121 644 “
2145 625 2303 679 nibus
2327 623 2528 680 dictum
2553 625 2880 690 adverteres,
2912 625 3052 679 inter
3075 639 3210 695 quos
3238 624 3592 701 corporaliter
3618 627 3726 682 ha-

467 728 576 768 nou
605 721 718 777 est,
760 712 852 782 qui
894 711 1166 768 Creatoris
1193 713 1278 768 sui
1309 729 1414 768 non
1447 715 1741 769 secundant
1768 717 1996 772 arbitrio
2025 734 2042 773 :

468 802 549 858 sic
575 810 628 856 et
651 802 920 871 sapientes
947 801 1293 871 philosophos
1324 803 1571 858 dicimus.
1603 803 1707 859 Sed
1737 805 1834 860 hos
1861 820 2045 876 perse-

466 893 652 963 quitur
697 891 982 962 Apostolus
1024 891 1295 946 delinitiva
1338 893 1632 958 sententia,
1683 894 1912 950 dicens:
1947 893 2044 949 Sa—

463 981 661 1050 pientia
699 980 858 1048 hujus
890 980 1071 1035 mundi
1099 980 1322 1034 stultitia
1359 990 1434 1035 est
1471 982 1611 1052 apud
1639 982 1807 1036 Deum
1840 983 1893 1053 (1
1917 983 2037 1038 Cor.

465 1073 571 1142 ιιι).
598 1072 749 1128 Unde
775 1088 999 1129 necesse
1025 1081 1110 1130 est
1147 1081 1207 1128 ut
1243 1075 1344 1129 hoc
1372 1075 1604 1131 scientes
1627 1089 1728 1144 pro
1751 1090 1855 1129 non
1887 1074 2042 1129 intel-

462 1161 754 1233 ligentibus
784 1178 880 1218 eos
919 1163 1225 1219 habeamus.
1275 1165 1493 1220 Daemon
1530 1165 1694 1236 igitur
1731 1173 1816 1222 est
1857 1181 1887 1219 a
1931 1165 2043 1220 Deo

464 1253 731 1323 quaedam,
788 1253 928 1309 sicut
970 1261 1025 1309 et
1065 1256 1329 1309 bonorum
1382 1253 1714 1326 angelorum,
1773 1253 2041 1309 excellens

462 1345 685 1400 omnino
715 1353 897 1400 creata
923 1346 1244 1411 substantia,
1288 1361 1409 1416 quae
1447 1344 1664 1416 propria
1693 1344 1922 1400 faciente
1952 1359 2043 1399 su-

458 1433 646 1504 perbia
673 1447 740 1489 eo
765 1448 936 1503 usque
965 1435 1233 1504 pervenit,
1267 1443 1347 1501 ut,
1388 1435 1621 1490 naturali
1661 1435 1921 1505 dignitate
1949 1435 2041 1488 de-

455 1523 657 1597 posita,
687 1523 844 1580 malis
871 1523 1124 1595 operibus
1153 1539 1367 1595 semper
1410 1524 1641 1579 insistat.
1675 1522 1877 1580 Tamen
1912 1523 2039 1579 alibi

447 1614 720 1684 scriptum
759 1623 884 1672 est:
924 1616 1065 1670 Deus
1105 1618 1243 1671 stetit
1288 1618 1343 1670 in
1384 1633 1647 1686 synagoga
1691 1617 1936 1681 deorum,
1984 1617 2038 1672 in

455 1705 628 1761 medio
654 1716 828 1761 autem
853 1707 976 1761 deos
1001 1706 1247 1761 discernit
1279 1703 1450 1777 (Psal.
1483 1704 1687 1771 ιιιιωιι).
1727 1703 1848 1760 Uno
1873 1704 2038 1759 verbo

453 1793 612 1851 Iesus
639 1795 887 1852 Christus
927 1797 1159 1851 mirabili
1207 1797 1361 1851 nobis
1407 1795 1672 1851 brevitate
1711 1795 2033 1850 declaratur.

451 1883 572 1984 Ipse
619 1887 956 1984 enim-Deus
1001 1887 1149 1984 stetit
1200 1887 1255 1942 in
1286 1902 1592 1984 synagoga,
1644 1887 1735 1958 qui
1762 1887 1922 1984 .scdit
1968 1887 2035 1941 ad
2063 1923 2111 1984 Β

451 1972 731 2027 dexteram
775 1973 972 2030 Patris.
1020 1975 1178 2031 Situs
1215 1976 1356 2031 enim
1404 1977 1492 2033 isti
1533 1975 1840 2046 corporales
1885 1985 2029 2031 sunt.

449 2059 590 2115 Nam
631 2062 678 2118 si
723 2063 1060 2135 majestatem
1108 2066 1223 2137 ejus
1275 2067 1554 2133 intendas,
1602 2067 1800 2136 ubique
1851 2075 2030 2133 totus,

449 2149 652 2220 ubique
688 2153 879 2222 plenus
915 2163 1018 2211 est.
1059 2154 1170 2211 Nec
1207 2165 1385 2226 potest
1431 2157 1536 2212 dici
1581 2166 1773 2210 natura
1817 2158 2031 2212 deitatis

448 2249 596 2297 stare
622 2242 708 2298 vel
731 2245 942 2311 sedere,
965 2247 1090 2316 quia
1121 2247 1264 2302 nulla
1295 2247 1397 2304 loci
1427 2248 1877 2303 determinatione
1901 2263 2032 2303 con-

446 2329 702 2388 cluditur.
731 2333 824 2392 Sic
849 2337 992 2392 enim
1019 2339 1087 2394 de
1112 2339 1226 2409 ipso
1251 2346 1308 2395 et
1332 2338 1568 2395 Joannes
1591 2339 1833 2407 Baptista
1859 2337 2029 2392 dicit:

447 2417 654 2478 Medius
708 2433 884 2480 autem
933 2437 1161 2483 vestrum
1207 2437 1345 2497 stat,
1398 2446 1552 2500 quem
1597 2445 1684 2484 vos
1735 2445 1840 2484 non
1886 2429 2030 2484 scitis

2133 715 2339 770 bitasse
2379 715 2721 786 cognoscitur
2754 714 3000 771 Christus
3042 733 3056 769 :
3098 715 3240 770 sicut
3282 713 3548 770 Jeremias
3591 731 3727 786 pro-

2141 805 2300 875 pheta
2332 805 2579 875 przedixit
2610 823 2624 858 :
2657 805 2784 859 Post
2827 799 2939 860 hac
2981 805 3037 859 in
3061 788 3228 860 'terris
3257 803 3394 859 visus
3422 815 3499 859 est
3526 814 3576 859 et
3600 822 3728 860 cum

2141 897 2433 950 hominibus
2456 907 2782 951 conversatus
2809 906 2883 950 est
2916 896 3066 967 (Bar.
3090 894 3195 966 ιιι).
3225 895 3361 949 Nam
3389 895 3495 951 hoc
3518 895 3727 951 dictum

2142 985 2210 1040 de
2236 985 2542 1041 hominibus
2570 987 2765 1056 saepius
2794 986 3115 1040 invenimus.
3143 985 3297 1041 Unde
3319 993 3374 1039 et
3401 985 3468 1040 ad
3499 983 3726 1056 Moysen

2141 1075 2314 1130 dicit:
2348 1074 2608 1130 Constitui
2640 1085 2688 1130 te
2724 1075 2893 1130 Deum
2933 1075 3205 1129 Pharaoni
3245 1074 3443 1145 (Exod.
3485 1073 3614 1147 vn);
3663 1084 3728 1130 et

2140 1165 2365 1222 inferius
2403 1167 2644 1237 psalmus
2685 1167 2800 1237 ipse
2840 1167 3083 1222 dicturus
3120 1175 3204 1222 est
3235 1183 3252 1220 :
3283 1164 3396 1236 Ego
3436 1165 3548 1220 dixi
3575 1182 3595 1221 :
3627 1165 3727 1220 Dii

2139 1257 2262 1310 estis
2286 1268 2334 1312 et
2360 1256 2460 1326 ﬁlii
2491 1255 2701 1312 Excelsi
2729 1273 2905 1312 omnes
2937 1255 3109 1328 (Psal.
3143 1255 3350 1326 um).
3379 1255 3471 1311 Sic
3495 1257 3638 1310 enim
3662 1264 3726 1311 et

2139 1347 2279 1404 ﬁlios
2325 1348 2418 1404 Dei
2465 1349 2711 1404 homines
2749 1363 3023 1403 vocamus.
3071 1346 3222 1414 Quod
3270 1347 3316 1402 si
3356 1347 3424 1402 ad
3468 1354 3721 1400 natumut

2139 1438 2356 1493 deitatis
2395 1436 2621 1504 referas,
2663 1453 2832 1493 unum
2859 1445 2945 1494 est
2968 1434 3231 1502 Verbum,
3269 1436 3413 1507 quod
3452 1436 3727 1492 veraciter

2139 1542 2205 1582 ac
2238 1527 2453 1597 proprie
2494 1527 2574 1582 sic
2615 1528 2807 1582 debeat
2844 1526 3161 1595 nuncupari.
3194 1525 3435 1581 Dicimus
3473 1541 3728 1582 nonnun-

2138 1634 2299 1688 quam
2349 1620 2569 1675 abusive
2597 1620 2726 1676 deos
2771 1630 2825 1677 et
2855 1635 3078 1690 superas
3102 1628 3418 1690 potestates,
3462 1621 3600 1676 sicut
3645 1621 3728 1676 ait

2136 1711 2425 1782 Apostolus
2453 1731 2468 1766 :
2501 1709 2568 1766 Et
2595 1715 2641 1767 si
2680 1714 2809 1781 sint,
2847 1713 2938 1786 qui
2972 1715 3220 1768 dicantur
3252 1713 3352 1778 dii,
3380 1714 3486 1768 sive
3511 1714 3564 1767 in
3591 1713 3727 1767 calo

2136 1804 2240 1858 sive
2265 1806 2318 1858 in
2341 1814 2500 1858 terra.
2529 1802 2694 1859 Nobis
2717 1815 2891 1859 autem
2915 1822 3050 1859 unus
3071 1814 3145 1860 est
3170 1803 3310 1859 Deus
3332 1801 3496 1859 Pater
3518 1804 3571 1875 (Ι
3591 1802 3720 1859 Cor.

2137 1893 2277 1965 vm).
2309 1893 2602 1964 Sequitur:
2628 1893 2697 1949 In
2719 1895 2888 1949 medio
2908 1904 3084 1948 autem
3106 1894 3247 1949 Deus
3271 1894 3519 1949 discernit
3543 1891 3720 1965 (Psal.

2140 1985 2348 2056 Lxxxi),
2377 1985 2430 2040 id
2456 1993 2556 2048 est,
2591 1985 2862 2055 apostolos
2887 1992 3050 2053 atque
3076 1982 3270 2052 justos,
3299 1983 3390 2054 qui
3421 1984 3726 2054 majestatis

2134 2074 2252 2144 ejus
2290 2073 2494 2130 monita
2521 2073 2787 2143 fidemque
2826 2074 2996 2130 secuti
3037 2083 3179 2128 sunt.
3228 2073 3546 2128 Discernere
3575 2072 3723 2128 enim

2135 2165 2201 2219 ad
2238 2163 2639 2233 praescientiam
2680 2164 2936 2234 pertinet,
2976 2164 3414 2233 intellectumque
3455 2163 3720 2226 divinum,

2132 2254 2224 2324 qui
2254 2267 2352 2308 nos
2376 2253 2444 2308 de
2466 2267 2642 2308 massa
2669 2253 2876 2322 peccati
2902 2253 3063 2324 eripit
3087 2260 3143 2308 et
3171 2253 3238 2306 ad
3265 2253 3525 2308 caelorum
3554 2265 3721 2320 regna

2131 2343 2398 2414 perducit.
2448 2343 2600 2398 Unde
2645 2351 2699 2398 et
2736 2342 3026 2412 Apostolus
3072 2342 3202 2398 dicit
3247 2359 3262 2397 :
3313 2340 3443 2408 Quis
3489 2342 3626 2396 enim
3671 2349 3723 2395 te

2132 2430 2422 2486 discernit?
2446 2428 2499 2502 (Ι
2526 2429 2650 2485 Cor.
2681 2430 2783 2502 tv.)

455 2593 3712 2622 mw

1403 2739 1704 2819 LIBER
1805 2739 2197 2820 SEXTUS
2257 2740 2736 2820 DECIMUS.

1894 2917 2255 2939 —

870 3059 1170 3119 CAPUT
1223 3059 1611 3121 PRIMUM.

937 3150 1018 3207 De
1047 3151 1241 3223 linguis
1274 3155 1526 3224 gentium.

2137 3065 2513 3122 observatione
2543 3063 2747 3119 Graeca:
2790 3061 2988 3133 linguae
3017 3059 3284 3131 eiusmodi
3327 3069 3481 3120 certa
3521 3061 3717 3118 discri-

2052 3176 2098 3240 ρ
2129 3157 2294 3212 mina.
2344 3155 2537 3212 Sermo
2583 3155 2731 3210 enim
2771 3169 2960 3209 eorum
2994 3154 3069 3208 ita
3117 3161 3201 3209 est
3236 3152 3571 3224 dispertitus.
3613 3152 3720 3207 La-

510 3243 842 3317 Linguarum
886 3243 1173 3301 diversitas
1213 3253 1402 3302 exorta
1445 3253 1529 3302 est
1571 3246 1628 3302 in
1672 3246 2024 3307 aedificatione
2127 3251 2271 3305 tinas
2299 3257 2481 3305 autem
2526 3247 2738 3319 linguas
2772 3255 3006 3317 quatuor
3029 3258 3149 3300 esse
3177 3245 3396 3313 quidam
3443 3243 3716 3307 dixerunt,

437 3334 610 3391 turris
637 3343 758 3406 post
779 3335 1056 3390 diluvium.
1086 3334 1221 3391 Nam
1239 3337 1554 3407 priusquam
1579 3339 1829 3408 superbia
1859 3341 2026 3397 turris

437 3422 585 3482 illius
609 3425 665 3481 in
691 3425 936 3482 diversos
959 3426 1234 3498 signorum
1260 3441 1421 3484 sonos
1445 3429 1736 3484 humanam
1764 3431 2027 3486 divideret

435 3515 754 3571 societatem
772 3557 787 3583 ,
817 3531 924 3571 una
951 3517 1191 3572 omnium
1223 3517 1500 3573 nationum
1530 3518 1709 3589 lingua
1747 3519 1877 3586 fuit,
1906 3536 2025 3591 quae

437 3605 668 3664 Hebraea
696 3616 950 3674 vocatur,
995 3623 1101 3679 qua
1146 3608 1469 3678 patriarchae
1515 3617 1570 3665 et
1618 3611 1894 3681 prophetae
1940 3611 2024 3666 usi

434 3705 586 3763 sunt,
613 3713 722 3753 non
749 3697 927 3755 solum
955 3699 1010 3753 in
1037 3697 1375 3754 sermonibus
1403 3699 1534 3765 suis,
1560 3715 1752 3756 verum
1777 3700 1940 3755 etiam
1969 3699 2024 3754 in

434 3784 635 3842 litteris
659 3788 848 3844 sacris.
894 3789 1054 3844 lnitio
1083 3797 1266 3846 autem
1295 3798 1426 3860 quot
1468 3801 1676 3862 gentes,
1707 3798 1788 3846 tot
1829 3791 2026 3862 linguae

433 3875 674 3934 fuerunt.
723 3880 926 3937 Deinde
954 3881 1136 3951 plures
1170 3892 1378 3954 gentes,
1419 3899 1583 3953 quam
1622 3883 1818 3952 linguae
1850 3899 1864 3935 :
1898 3882 2024 3952 quia

434 3981 504 4023 ex
547 3984 653 4023 una
691 3969 873 4042 lingua
916 3971 1101 4027 multae
1147 3980 1274 4028 sunt
1314 3982 1501 4044 gentes
1538 3980 1761 4027 exortae.
1807 3971 2025 4042 Linguae

433 4068 617 4115 autem
641 4061 798 4118 dicta-
825 4063 877 4117 in
909 4064 1013 4119 hoc
1039 4063 1160 4118 loco
1184 4078 1282 4133 pro
1309 4062 1507 4128 verbis,
1527 4077 1647 4133 qua:
1671 4078 1768 4132 per
1790 4062 2024 4133 linguam

433 4149 590 4216 ﬁunt,
619 4167 817 4222 genere
840 4153 1125 4209 locutionis
1154 4155 1263 4220 illo,
1295 4170 1402 4224 quo
1427 4154 1492 4220 is,
1522 4155 1614 4223 qui
1641 4151 1804 4208 edicit
1828 4168 1924 4223 per
1948 4154 2021 4220 id,

435 4240 579 4307 quod
608 4241 856 4307 edicitur,
887 4245 1217 4309 nominatur,
1245 4245 1386 4299 sicut
1405 4259 1467 4299 os
1485 4243 1594 4298 dici
1623 4243 1760 4298 solet
1785 4259 1884 4313 pro
1903 4239 2025 4299 veri

433 4327 542 4392 bis,
573 4328 712 4384 sicut
738 4346 932 4385 manus
955 4347 1054 4400 pro
1079 4333 1291 4388 litteris.
1316 4333 1450 4388 Tres
1476 4341 1602 4388 sunt
1623 4340 1804 4388 autem
1830 4333 2025 4404 lingua:

435 4430 606 4474 sacrae
645 4436 658 4472 :
701 4418 960 4486 Hebraea,
1005 4421 1212 4488 Graeca,
1261 4421 1448 4477 Latina
1500 4440 1514 4476 :
1561 4437 1682 4493 quae
1736 4431 1845 4479 toto
1891 4424 2023 4480 orbe

2126 3340 2180 3398 id
2206 3347 2308 3405 est,
2332 3340 2585 3410 priscam,
2615 3337 2882 3403 Latinam,
2911 3335 3237 3400 Romanam,
3259 3335 3498 3388 mistam.
3533 3332 3720 3387 Prisca

2125 3439 2229 3497 est,
2257 3445 2363 3500 qua
2391 3429 2744 3485 vetustissimi
2772 3428 2940 3483 ltaliae
2967 3426 3066 3482 sub
3085 3424 3222 3479 Jano
3247 3432 3302 3480 et
3327 3423 3566 3479 Saturno
3592 3429 3722 3479 sunt

2124 3522 2208 3577 usi
2227 3563 2242 3587 ,
2286 3511 2583 3586 incondita,
2611 3527 2673 3574 ut
2703 3534 2764 3574 se
2788 3518 3260 3574 habent-carmina
3288 3515 3582 3571 Saliorum.
3613 3513 3721 3570 Lac

2125 3613 2258 3678 tina,
2306 3626 2469 3682 quam
2518 3612 2619 3667 sub
2656 3610 2794 3666 Jano
2828 3618 2884 3666 et
2927 3610 3144 3680 regibus
3183 3607 3413 3671 Tusciae,
3455 3606 3633 3662 caeteri
3661 3607 3718 3661 in

2123 3704 2279 3761 Latio
2307 3714 2433 3761 sunt
2476 3704 2662 3770 locuti,
2691 3718 2759 3759 ex
2789 3717 2896 3774 qua
2936 3701 3156 3756 fuerunt
3196 3699 3484 3755 duodecim
3525 3697 3717 3753 tabula:

2124 3796 2360 3866 scriptae.
2398 3785 2662 3862 Romana,
2701 3809 2822 3865 qua:
2850 3801 2974 3864 post
3011 3808 3167 3864 reges
3197 3798 3418 3846 exactos
3451 3806 3481 3844 a
3513 3789 3716 3859 populo

2125 3886 2367 3942 Romano
2395 3897 2544 3959 gesta
2571 3895 2670 3951 est,
2702 3901 2866 3956 quam
2899 3882 3134 3947 Naevius,
3163 3881 3408 3947 Plautus,
3436 3880 3714 3952 Virgilius,

2123 3986 2314 4048 poetae,
2347 3986 2402 4033 et
2427 3991 2493 4032 ex
2539 3979 2851 4034 oratoribus
2878 3977 3158 4032 Gracchus
3192 3985 3247 4032 et
3269 3975 3405 4031 Cato
3436 3983 3493 4031 et
3522 3975 3716 4030 Cicero

2123 4069 2209 4125 vel
2250 4069 2433 4125 caeteri
2481 4068 2804 4126 effuderunt.
2859 4068 3036 4133 Mista,
3083 4083 3203 4138 quae
3253 4075 3378 4138 post
3427 4065 3716 4136 imperium

2124 4163 2286 4220 latius
2331 4171 2637 4233 promotum
2676 4161 2837 4216 simul
2874 4173 2996 4216 cum
3027 4159 3270 4214 moribus
3297 4166 3352 4213 et
3399 4157 3716 4213 hominibus

2125 4255 2180 4310 in
2227 4255 2526 4309 Romanam
2568 4253 2843 4308 civitatem
2887 4249 3103 4321 irrupit,
3146 4249 3514 4320 integritatem
3560 4246 3716 4301 verbi

2121 4361 2222 4415 per
2264 4345 2601 4400 soloecismos
2630 4352 2685 4399 et
2711 4343 3080 4399 barbarismos
3108 4354 3481 4409 corrumpens.
3510 4337 3716 4394 Omnes

2125 4445 2305 4490 autem
2335 4435 2574 4490 Orientis
2602 4442 2788 4504 gentes
2834 4433 2887 4486 in
2923 4440 3138 4502 gutture
3171 4430 3410 4499 linguam
3449 4437 3506 4482 et
3547 4428 3712 4483 verba

434 4507 674 4563 maxime
712 4508 1000 4564 excellunt.
1058 4511 1154 4566 His
1211 4513 1353 4566 enim
1404 4512 1575 4567 tribus
1622 4513 1819 4583 linguis
1859 4524 2420 4589 superDcomdum,
2471 4527 2613 4581 sicut
2657 4524 2868 4579 Hebmi
2914 4531 2968 4577 ει
3018 4521 3162 4592 επὶ,
3204 4522 3406 4577 omnes
3455 4519 3711 4574 mediter-

433 4613 654 4654 crucem
713 4601 926 4655 Domini
975 4617 1005 4656 a
1057 4603 1230 4658 Pilato
1274 4619 1435 4660 causa
1483 4603 1599 4672 ejus
1650 4604 1750 4660 fuit
1795 4607 2016 4678 scripta.

435 4688 590 4745 Unde
617 4699 692 4755 et,
723 4701 945 4761 propter
971 4693 1355 4748 obscuritatem
1384 4705 1694 4750 sanctarum
1716 4693 2021 4765 Scriptura-

430 4797 575 4848 rum,
625 4781 816 4837 harum
859 4785 1026 4839 trium
1074 4785 1376 4856 linguarum
1427 4788 1662 4858 cognitio
1712 4788 2017 4842 necessaria

431 4882 547 4938 est,
584 4881 645 4928 ut
688 4877 754 4930 ad
795 4877 1019 4932 alteram
1067 4887 1400 4944 recurratur,
1446 4880 1491 4934 si
1531 4880 1760 4948 aliquam
1808 4881 2019 4936 dubita—

428 4962 634 5019 tionem
683 4967 917 5023 nominis
975 4967 1062 5021 vel
1118 4968 1576 5038 interpretationis
1627 4984 1806 5024 sermo
1861 4970 2016 5024 unius

427 5053 626 5125 linguae
672 5056 931 5111 attulerit.
988 5054 1177 5112 Grmca
1218 5066 1396 5111 autem
1443 5055 1623 5127 lingua
1671 5057 1812 5111 inter
1857 5067 2016 5113 caete-

426 5158 519 5198 ras
563 5146 801 5216 gentium
848 5145 1048 5201 clarior
1093 5147 1340 5203 habetur.
1391 5147 1490 5202 Est
1543 5148 1684 5201 enim
1727 5155 1781 5202 et
1806 5148 2014 5204 Latinis

425 5244 484 5291 et
542 5237 791 5291 omnibus
837 5235 1039 5307 linguis
1089 5239 1385 5294 sonantior.
1447 5238 1612 5309 Cujus
1663 5241 1899 5295 varietas
1959 5241 2011 5294 in

427 5331 664 5401 quinque
689 5329 936 5400 partibus
979 5330 1324 5397 discernitur,
1352 5347 1581 5400 quarum
1614 5335 1787 5403 prima
1815 5335 2012 5389 dicitur

425 5419 619 5486 cuine,
661 5419 715 5474 id
765 5427 872 5486 est,
919 5421 1079 5476 mista
1129 5422 1240 5482 sive
1284 5425 1608 5490 communis,
1660 5441 1766 5496 qua
1819 5441 2009 5481 omnes

423 5519 670 5566 utuntur.
704 5509 954 5568 Secunda
982 5514 1180 5580 Attica,
1221 5516 1473 5573 videlicet
1498 5519 1868 5583 Atheniensis,
1899 5537 2006 5589 qua

424 5600 513 5655 usi
571 5611 699 5656 sunt
743 5618 936 5659 omnes
982 5603 1205 5662 Graecia:
1251 5615 1518 5662 auctores.
1567 5608 1749 5662 Tertia
1790 5608 2003 5675 Dorica,

420 5703 589 5762 quam
647 5694 850 5750 habent
894 5694 1136 5768 Egyptii
1199 5706 1257 5753 et
1297 5699 1482 5753 Siculi.
1546 5698 1750 5766 Quarta
1798 5698 2002 5756 lonica.

424 5783 624 5855 Quinta
653 5785 886 5855 .Eolica,
925 5804 1033 5860 qua
1069 5798 1192 5847 sunt
1235 5789 1420 5848 Eoles
1453 5791 1636 5859 locuti,
1671 5799 1726 5846 ct
1771 5799 1897 5847 sunt
1949 5792 2003 5848 in

2123 4633 2299 4673 raucae
2328 4627 2514 4688 gentes
2537 4617 2590 4670 in
2613 4616 2794 4686 palato
2819 4629 3100 4670 sermones
3122 4612 3342 4677 feriunt,
3367 4612 3507 4665 sicut
3533 4609 3710 4665 Gneci

2120 4718 2175 4762 et
2219 4706 2424 4761 Asiani.
2467 4705 2667 4761 Omnes
2710 4704 3016 4760 Occidentis
3059 4713 3244 4772 gentes
3283 4701 3445 4755 verba
3495 4701 3548 4753 in
3578 4701 3712 4755 den-

2120 4800 2266 4855 tibus
2298 4798 2567 4867 l'rangunt,
2598 4797 2737 4852 sicut
2772 4795 2886 4849 itali
2915 4804 2970 4849 et
2995 4793 3238 4862 llispani.
3278 4791 3448 4861 Syrus
3473 4799 3529 4844 et
3551 4789 3710 4844 Chal-

2119 4891 2266 4945 daeus
2311 4891 2522 4945 vicinus
2555 4887 2780 4943 Hebraeo
2809 4895 2892 4940 est
2920 4886 2972 4939 in
3003 4898 3274 4946 sermone,
3307 4895 3610 4936 consonans
3649 4880 3706 4933 in

2114 4981 2409 5050 plerisque,
2450 4987 2506 5033 et
2549 4978 2850 5031 litterarum
2881 4989 3034 5030 sono.
3064 4972 3292 5040 Quidam
3341 4981 3524 5025 autem
3562 4969 3706 5024 arbi-

2114 5079 2327 5123 trantur
2368 5070 2604 5138 linguam
2647 5065 2928 5122 liebrzeam
2974 5065 3145 5133 ipsam
3181 5077 3301 5117 esse
3353 5060 3657 5116 Chaldaeam
3685 5100 3702 5123 ,

2113 5159 2236 5227 quia
2251 5159 2526 5214 Abraham
2553 5158 2621 5211 de
2647 5156 2912 5211 Chaldaeis
2932 5155 3052 5208 fuit.
3070 5152 3223 5220 Quod
3239 5152 3282 5206 si
3298 5153 3401 5206 hoc
3422 5150 3698 5218 recipitur,

2111 5248 2380 5318 quomodo
2424 5249 2477 5301 in
2524 5246 2745 5301 Daniele
2780 5245 2988 5299 Hebraei
3033 5243 3183 5310 pueri
3227 5241 3492 5307 linguam,
3537 5253 3698 5307 quam

2110 5343 2395 5397 noverant,
2435 5336 2616 5388 doceri
2658 5331 2950 5401 jubentur?
2979 5326 3207 5383 Omnem
3237 5336 3416 5380 autem
3464 5327 3698 5396 linguam

2108 5427 2478 5496 unusquisque
2523 5424 2819 5487 hominum,
2858 5423 2970 5477 sive
2999 5422 3266 5485 Graacam,
3293 5420 3406 5474 sive
3428 5418 3694 5482 Latinam,

2109 5518 2222 5571 sive
2260 5525 2579 5570 czetcrarum
2628 5515 2898 5584 gentium,
2949 5523 3042 5568 aut
3076 5513 3345 5567 audiendo
3384 5518 3561 5580 potest
3607 5520 3691 5564 te-

2106 5622 2261 5673 nere,
2288 5619 2380 5662 aut
2423 5606 2647 5676 legendo
2675 5622 2739 5661 ex
2771 5613 3103 5676 praeceptore
3130 5603 3397 5671 accipere.
3433 5601 3567 5656 Cum
3599 5614 3693 5653 au-

2107 5708 2215 5755 tem
2261 5700 2500 5754 omnium
2545 5699 2847 5767 linguarum
2907 5697 3132 5751 scientia
3177 5693 3408 5749 tliﬂicilis
3455 5692 3526 5745 sit
3573 5689 3690 5744 cui-

2104 5807 2300 5863 quam,
2344 5805 2502 5846 ucmo
2550 5799 2727 5845 tamen
2765 5788 2839 5843 ita
2881 5785 3181 5843 desidiosus
3230 5793 3344 5849 est,
3389 5791 3448 5835 ut
3493 5780 3545 5834 in
3593 5792 3690 5833 sua
