4038 6324
344 382 448 443 ιδτ

1292 385 1381 443 DE
1420 384 1765 445 UNIVERSO
1802 382 1981 441 LIBRI
2021 378 2185 439 XXII.
2224 413 2296 425 —
2329 381 2457 437 LIB.
2502 374 2640 438 XVI.

3412 357 3602 435 ἠε

344 504 506 569 gente
552 496 790 568 positus,
834 510 947 553 suae
994 496 1167 569 gentis
1215 496 1452 570 linguam
1509 501 1735 556 neseiat.
1781 496 1917 555 Nam
1946 499 1997 559 Α
2023 511 2167 552 nunc
2216 504 2474 567 corrupto
2520 494 2740 552 nomine
2783 479 3105 562 Sarraceni,
3146 480 3300 566 quasi
3350 510 3380 550 a
3410 494 3601 553 Sarra.

342 587 475 658 quid
505 584 650 641 aliud
678 586 947 656 putandus
979 594 1081 653 est,
1112 587 1216 642 nisi
1257 589 1578 646 animalibus
1621 590 1796 646 brutis
1829 590 1922 645 de-

344 678 548 735 terior?
574 676 663 732 illa
687 677 832 733 enim
854 677 1083 748 propriae
1095 679 1241 736 vocis
1264 680 1555 736 clamorem
1577 683 1916 753 exprimunt:

344 766 449 822 iste
481 765 736 831 deterior,
772 766 864 836 qui
910 768 1136 839 propriae
1162 777 1310 825 caret
1344 770 1536 842 linguae
1562 773 1771 828 notitia.
1814 772 1921 829 Cu-

338 854 572 926 iusmodi
598 864 780 917 autem
823 855 1004 926 lingua
1041 856 1251 933 locutus
1293 860 1364 915 sit
1395 860 1534 916 Deus
1564 860 1619 916 in
1651 861 1919 933 principio

342 944 558 1010 mundi,
603 943 731 999 dum
772 945 975 1001 diceret
1015 964 1029 1001 :
1073 945 1198 1002 Fiat
1239 948 1333 1003 lux
1378 947 1530 1022 (Gen.
1558 950 1638 1023 ι);
1679 952 1921 1008 invenire

338 1031 555 1088 difﬁcile
595 1041 714 1098 est,
745 1033 983 1089 nondum
1026 1035 1171 1091 enim
1212 1045 1370 1095 erant
1412 1037 1625 1105 linguas.
1653 1039 1784 1096 Item
1811 1055 1917 1110 qua

339 1121 524 1194 lingua
556 1123 795 1179 insonuit
821 1134 1008 1195 postea
1042 1125 1404 1182 exterioribus
1449 1127 1725 1183 hominum
1768 1128 1917 1184 auri-

339 1216 476 1282 bus,
519 1215 755 1270 masime
780 1216 847 1271 ad
880 1216 1113 1286 primum
1142 1216 1415 1273 hominem
1459 1219 1705 1289 loquens,
1734 1219 1818 1274 vel
1847 1219 1918 1274 ad

339 1307 656 1379 prophetas,
684 1307 771 1362 vel
800 1308 929 1362 dum
962 1308 1315 1379 corporaliter
1340 1310 1521 1365 sonuit
1554 1326 1654 1365 vox
1687 1310 1916 1366 dicentis

337 1402 476 1458 Dei:
518 1401 596 1456 Tu
626 1419 680 1456 es
722 1401 865 1471 ﬁlius
906 1419 1052 1458 meus
1097 1402 1357 1469 dilectus;
1387 1405 1477 1459 ubi
1520 1419 1552 1459 a
1593 1406 1914 1475 quibusdam

334 1492 677 1548 crediturilla
695 1492 875 1562 lingua
896 1509 1002 1549 una
1021 1501 1077 1549 et.
1100 1494 1234 1561 sola,
1255 1510 1375 1567 qua:
1395 1494 1497 1551 fuit
1517 1505 1808 1567 antequam
1828 1513 1917 1553 es-

336 1594 422 1643 set
444 1585 748 1657 linguarum
772 1586 1075 1643 diversitas.
1100 1586 1160 1641 In
1187 1586 1415 1643 diversis
1443 1589 1639 1660 quippe
1666 1588 1919 1660 gentibus

335 1676 597 1742 creditur,
620 1676 762 1749 quod
788 1676 978 1732 eadem
1004 1676 1186 1746 lingua
1209 1676 1315 1734 illis
1350 1677 1490 1734 Deus
1516 1678 1783 1749 loquatur,
1810 1695 1914 1750 qua

337 1766 442 1837 ipsi
472 1766 716 1822 homines
752 1776 997 1833 utuntur,
1029 1777 1089 1823 ut.
1130 1769 1198 1824 ab
1235 1770 1315 1825 eis
1349 1769 1717 1842 intelligatur:
1746 1771 1917 1841 loqui-

2019 597 2077 643 et
2102 588 2331 659 Agareni
2378 588 2447 641 ab
2491 586 2657 658 Agar.
2704 583 2970 640 Nabaioth
3016 584 3158 640 ﬁlius
3194 585 3405 651 lsmael,
3434 600 3603 656 aquo

2019 677 2295 733 Nabathmi
2315 717 2330 742 ,
2352 677 2444 748 qui
2464 664 2539 732 ab
2560 676 2831 747 Euphrate
2853 675 2907 731 in
2942 690 3092 731 mare
3122 674 3365 730 Rubrum
3392 677 3604 732 inhabi-

2018 776 2153 823 tant.
2190 766 2346 823 Moab
2363 776 2422 822 et
2441 767 2669 822 Ammon
2694 764 2788 820 lilii
2818 764 2975 830 Loth,
3005 779 3036 818 a
3055 765 3250 835 quibus
3280 764 3524 821 Moabitae
3551 775 3607 821 et

2015 858 2359 915 Ammonitae.
2404 857 2573 913 Etlom
2625 856 2768 912 ﬁlius
2816 855 2983 922 Esau,
3031 871 3061 910 a
3094 869 3202 926 quo
3228 854 3469 911 Idumaei.
3507 855 3603 911 lim

2016 957 2222 1020 gentes,
2255 963 2376 1018 qum
2402 948 2471 1003 de
2510 946 2645 1003 Sent
2683 947 2875 1017 stirpe.
2917 945 3153 1017 Agareni
3194 945 3266 1001 ab
3301 946 3467 1016 Agar,
3508 948 3603 1018 qui

2017 1040 2102 1113 (ut
2138 1039 2395 1112 diximus)
2433 1054 2692 1110 perverso
2738 1038 2957 1094 nomine
2984 1036 3272 1094 Sarraceni
3319 1045 3604 1102 vocantur,

2016 1133 2141 1204 quia
2188 1148 2257 1188 ex
2317 1131 2482 1188 Sarra
2528 1147 2587 1187 se
2642 1131 2854 1201 genitos
2921 1129 3242 1202 gloriantur.
3285 1128 3603 1193 lsmaelitaz,

2016 1224 2307 1280 obedientes
2324 1225 2445 1289 sibi,
2469 1224 2920 1295 interpretantur,
2943 1221 2995 1278 id
3021 1228 3106 1277 est
3132 1229 3466 1291 peccatores,
3508 1220 3603 1291 qui

2015 1315 2160 1384 quod
2205 1315 2595 1385 concupiscunt
2649 1313 2876 1369 iaciunt.
2929 1310 3083 1368 Unde
3119 1311 3316 1384 legitur
3358 1311 3412 1366 in
3458 1311 3603 1380 psal-

2016 1422 2146 1461 mo:
2188 1405 2550 1462 Tabernacula
2600 1406 2962 1462 Idumworum
2996 1415 3043 1460 et
3090 1402 3376 1461 Ismaelita:
3418 1402 3602 1475 (,Psal.

2015 1496 2248 1568 uult).

2060 1589 2318 1660 ’Δειποηί
2358 1589 2784 1659 interpretantur
2829 1587 3097 1660 proselgti,
3127 1588 3231 1645 hoc
3264 1597 3369 1655 est,
3413 1603 3605 1659 pecca-

2014 1686 2162 1734 tores
2192 1695 2222 1732 a
2249 1687 2517 1735 conventu
2546 1678 2800 1735 Ecclesia:
2825 1679 3004 1734 alieni.
3039 1678 3188 1736 Unde
3223 1679 3485 1750 scriptum
3522 1688 3605 1735 est
3706 1721 3718 1739 .

2016 1769 2072 1824 in
2116 1769 2322 1841 psalmo
2365 1788 2381 1824 :
2430 1766 2590 1826 Moab
2634 1779 2687 1824 et
2733 1769 2984 1840 Agareni,
3037 1767 3203 1825 Gebal
3247 1779 3295 1825 et
3343 1771 3602 1833 Ammon,

338 1866 429 1912 tur
451 1865 631 1912 autem
659 1857 801 1913 Deus
830 1857 1137 1913 hominibus
1170 1873 1278 1914 non
1304 1874 1403 1929 per
1441 1860 1799 1919 substantiam
1828 1861 1914 1915 in-
1943 1870 1992 1929 Β
2017 1858 2262 1914 Amalech
2282 1858 2647 1930 etalienigente
2667 1874 2784 1913 cum
2806 1858 3160 1912 habitantibus
3174 1858 3372 1929 Tyrum
3391 1856 3605 1931 (Ibid.).

315 1949 625 2015 .visibilem,
660 1949 753 2005 sed
778 1964 876 2019 per
898 1958 1202 2006 creaturam
1230 1945 1590 2020 corporalem,
1629 1967 1727 2021 per
1755 1967 1919 2022 quam

331 2038 483 2092 enim
532 2035 742 2110 [etiam]
783 2046 839 2092 et
866 2038 1174 2095 hominibus
1222 2054 1486 2110 apparere
1511 2041 1681 2097 voluit
1702 2044 1918 2112 quando

336 2128 549 2183 locutus
583 2136 685 2184 est.
718 2128 860 2184 Dicit
884 2129 1031 2185 enim
1065 2127 1392 2199 Apostolus:
1421 2130 1483 2187 Si
1512 2131 1705 2202 linguis
1749 2133 1919 2186 homi-

336 2234 462 2273 num
486 2218 673 2290 loquar
698 2228 746 2273 et
776 2218 1079 2290 angelorum
1100 2218 1152 2291 (Ι
1179 2218 1302 2275 Cor.
1348 2220 1505 2292 xm);
1536 2221 1635 2277 ubi
1657 2221 1921 2291 quaeritur

335 2325 445 2379 qua
484 2309 662 2381 lingua
706 2310 883 2382 angeli
911 2310 1220 2382 loquantur.
1265 2312 1381 2368 Non
1429 2314 1572 2384 quod
1602 2314 1920 2384 angelorum

336 2402 532 2473 aliqua:
560 2402 755 2473 lingua:
776 2404 905 2470 sint,
937 2405 1032 2461 sed
1063 2418 1161 2476 per
1184 2406 1663 2477 exaggerationem
1696 2407 1915 2464 dicitur.

335 2493 469 2548 Item
504 2482 922 2565 qumritur'qua
964 2494 1145 2567 lingua
1182 2496 1238 2550 in
1282 2496 1529 2552 futurum
1553 2498 1800 2554 homines
1845 2498 1921 2553 lo-

336 2592 592 2653 quatitur,
618 2585 761 2654 quod
805 2599 1071 2656 nusquam
1103 2587 1389 2657 reperitur.
1423 2586 1559 2643 Nam
1595 2587 1729 2642 dicit
1769 2587 1912 2659 Apo-

337 2673 551 2729 stolus:
595 2673 717 2730 Sive
764 2674 960 2747 lingua:
997 2677 1268 2732 cessabunt
1308 2677 1518 2750 (Ibid.).
1568 2678 1693 2734 Ideo
1735 2688 1916 2735 autem

335 2766 489 2835 prius
520 2766 587 2822 de
625 2766 843 2837 linguis,
876 2782 943 2824 ac
984 2769 1177 2826 deinde
1218 2770 1284 2825 de
1325 2772 1575 2841 gentibus
1614 2774 1914 2841 posuimus,

333 2856 463 2925 quia
484 2871 551 2912 es
572 2856 766 2930 linguis
776 2866 995 2930 gentes,
1019 2875 1125 2917 non
1147 2876 1211 2917 ex
1234 2862 1481 2933 gentibus
1501 2861 1695 2935 linguae
1716 2871 1918 2921 emrtua

333 2956 481 3003 sunt.

968 3041 1196 3101 CAPUT
1234 3044 1297 3100 Il.

800 3129 879 3187 De
913 3132 1141 3203 gentium
1180 3132 1461 3189 vocabulis.

2018 1950 2211 2016 Edom,
2242 1966 2273 2004 a
2297 1965 2406 2020 quo
2431 1949 2671 2015 Idumaei,
2703 1949 2926 2014 rubens:
2941 1948 3056 2004 sive
3087 1947 3407 2019 sanguineus
3435 1948 3604 2002 inter—

2018 2049 2297 2112 pretatur:
2339 2039 2607 2111 signiﬁcat
2648 2040 2902 2111 populum
2946 2037 3254 2094 ludaeorutn
3301 2038 3372 2094 ob
3413 2053 3603 2094 necem

2019 2130 2219 2187 Christi
2262 2139 2316 2187 et
2360 2129 2746 2202 prophetarum
2803 2129 3273 2199 sanguinolentum
3307 2147 3319 2183 :
3356 2128 3501 2183 unde
3548 2127 3602 2181 in

2017 2220 2191 2278 Abdia
2230 2221 2491 2292 scriptum
2519 2228 2603 2277 est
2636 2262 2650 2274 .
2685 2217 2801 2274 Hoc
2829 2219 2955 2273 dicit
2999 2220 3254 2274 Dominus
3282 2219 3352 2273 ad
3386 2218 3557 2273 Edam
3586 2229 3605 2269 :

2020 2311 2156 2366 Ecce
2179 2311 2454 2383 parvulum
2482 2312 2603 2365 dedi
2632 2322 2682 2365 te
2721 2310 2776 2364 in
2809 2310 3066 2381 gentibus,
3112 2309 3513 2381 contemptibilis
3546 2319 3604 2363 tu

2016 2421 2072 2461 es
2113 2405 2264 2461 valde
2298 2420 2318 2458 :
2358 2404 2601 2476 superbia
2652 2404 2825 2458 cordis
2875 2404 2954 2457 tui
3015 2402 3228 2458 exstulit
3280 2412 3331 2456 te
3393 2401 3600 2473 (Abd.,

2018 2512 2067 2550 ιο.
2095 2494 2171 2567 9.).
2201 2496 2450 2562 ldummi,
2494 2495 2768 2565 sanguinei
2812 2495 2927 2551 sive
2968 2503 3109 2549 terra
3149 2495 3599 2564 interpretantur,

2018 2586 2072 2642 id
2114 2595 2199 2642 est
2233 2586 2505 2642 daemones
2549 2587 2665 2642 sive
2704 2594 3042 2655 peccatores,
3083 2594 3143 2640 ut
3182 2586 3236 2640 in
3288 2585 3496 2655 psalmo
3524 2585 3601 2640 le-

2018 2678 2206 2750 gitur:
2252 2677 2578 2744 Memorare,
2615 2677 2867 2742 Domine,
2903 2676 3140 2745 ﬁliorum
3195 2676 3368 2730 Edam
3417 2677 3472 2731 in
3519 2676 3609 2731 die

2016 2767 2344 2833 Jerusalem,
2380 2768 2471 2839 qui
2511 2768 2691 2822 dicunt
2732 2782 2752 2821 :
2793 2767 3098 2835 Ea‘inanite,
3136 2769 3403 2823 exinanito
3442 2785 3605 2840 usque

2018 2858 2089 2912 ad
2139 2858 2537 2928 fundamentum
2584 2860 2639 2914 in
2681 2876 2743 2913 ea
2792 2859 2965 2932 (Psal.
3002 2859 3257 2929 cxxxvt).
3301 2860 3433 2916 Item
3480 2858 3605 2914 ldu-

2017 2965 2187 3005 mcus
2232 2950 2459 3020 p0pulus
2483 2958 2566 3005 est
2613 2950 2851 3022 gentium
2888 2968 2901 3005 :
2931 2950 3073 3005 unde
3102 2950 3156 3005 in
3188 2950 3606 3006 Deuteronomio

2017 3042 2277 3112 scriptum
2316 3052 2401 3097 est
2439 3060 2453 3097 :
2504 3041 2627 3097 Non
2679 3042 3058 3097 abominaveris
3106 3041 3441 3107 ldumtvum,
3478 3043 3606 3113 quia

2018 3133 2185 3204 frater
2204 3143 2325 3189 tuus
2350 3143 2458 3200 est;
2496 3151 2590 3189 nec
2620 3133 2927 3205 AEgyptum,
2968 3134 3094 3206 quia
3133 3133 3333 3189 advena
3362 3132 3510 3204 fuisti
3548 3133 3611 3187 in

406 3216 551 3273 Gens
574 3225 657 3273 est
694 3212 978 3278 multitudo
1000 3221 1069 3277 ab
1097 3238 1204 3279 uno
1249 3223 1512 3295 principio
1536 3234 1674 3292 orta,
1704 3225 1817 3282 sive
1845 3227 1913 3283 ab
1939 3215 1989 3279 Ε
2018 3233 2159 3279 terra
2188 3226 2304 3297 ejus
2330 3244 2349 3280 :
2380 3227 2469 3297 qui
2499 3227 2611 3281 nati
2651 3226 2845 3296 fuerint
2871 3242 2937 3281 ex
2970 3226 3066 3289 eis,
3098 3226 3250 3280 tertia
3271 3226 3605 3296 generatione

333 3306 442 3362 alia
489 3309 706 3365 natione
754 3314 1048 3369 secundum
1092 3316 1365 3386 propriam
1408 3316 1779 3373 collectionem
1802 3318 1913 3374 dis-

335 3397 542 3465 tincta,
586 3410 645 3455 ut
685 3399 927 3470 Grtecia,
971 3405 1100 3460 Asia
1150 3421 1165 3460 :
1205 3406 1329 3462 hinc
1374 3407 1646 3478 gentilitas
1694 3408 1910 3464 dicitur.

332 3485 480 3543 Gens
512 3498 696 3546 autem
723 3493 987 3563 appellata
1022 3495 1241 3567 propter
1284 3498 1659 3568 generationes
1686 3498 1913 3555 familia-

333 3593 491 3644 rum,
533 3580 587 3635 id
630 3589 735 3646 est,
769 3597 800 3635 a
840 3583 1126 3654 gignendo,
1172 3587 1315 3642 sicut
1360 3588 1505 3643 natio
1546 3603 1580 3644 a
1619 3591 1911 3646 nascendo.

329 3665 605 3733 €entes,a
635 3670 830 3738 quibus
854 3672 1022 3729 divisa
1041 3682 1125 3730 est
1157 3684 1324 3744 terra,
1358 3694 1526 3733 Lxxttt
1559 3696 1573 3733 :
1605 3679 1915 3750 quindecim

329 3770 465 3815 sunt
501 3761 569 3817 de
594 3760 811 3834 Japhet,
851 3780 980 3821 xxxr
1025 3767 1091 3824 de
1115 3766 1487 3835 Cham,‘xxvn
1512 3772 1578 3826 de
1609 3771 1758 3837 Sent,
1795 3788 1917 3842 qua:

332 3852 473 3908 ﬁunt
535 3869 739 3922 Lxxttt,
788 3856 871 3912 vel
918 3859 1129 3929 potius,
1178 3868 1240 3915 ut
1291 3861 1429 3917 ratio
1478 3862 1745 3930 declarat,
1810 3880 1917 3919 Lux

334 3944 475 4011 dum,
509 3946 839 4019 totidemque
878 3948 1076 4020 linguae
1110 3966 1209 4022 per
1249 3960 1420 4009 terras
1452 3968 1573 4010 esse
1611 3964 1912 4025 cmperunt,

332 4050 457 4105 quae
496 4040 789 4095 crescendo
826 4044 1133 4112 provincias
1172 4052 1227 4100 et
1280 4045 1485 4101 insulas
1536 4046 1912 4117 impleverunt.

408 4128 527 4184 Filii
576 4130 703 4186 Sem
755 4134 993 4205 quinque
1044 4136 1389 4208 singulariter
1439 4148 1629 4210 gentes
1676 4140 1918 4213 singulas

335 4231 775 4289 procreaverunt.
812 4224 1049 4292 Quorum
1094 4228 1302 4298 primus
1345 4230 1525 4295 Elam,
1568 4246 1599 4286 a
1641 4248 1750 4304 quo
1790 4233 1914 4289 Eia-

337 4309 483 4364 mitte
518 4312 785 4384 principes
810 4313 1066 4372 Persidis.
1098 4316 1377 4374 Secundus
1401 4320 1590 4387 Assur,
1630 4337 1660 4376 a
1688 4338 1796 4393 quo
1821 4322 1918 4377 As-

336 4398 603 4468 syriorum
648 4402 929 4473 pullulavit
960 4406 1264 4477 imperium.
1290 4406 1506 4465 Tertius
1531 4410 1808 4480 Arphaxat
1827 4452 1843 4477 ,
1885 4427 1917 4467 a

336 4502 445 4556 quo
481 4503 610 4559 gens
658 4492 1030 4550 Challzeorum
1077 4506 1267 4552 exorta
1301 4506 1403 4552 est.
1450 4498 1683 4565 Quartus
1711 4498 1854 4566 Lud,
1885 4516 1915 4555 a

2015 3316 2285 3371 intrabunt
2330 3315 2622 3375 Ecclesium
2665 3316 2879 3371 Domini
2919 3315 3097 3389 (Deut.
3143 3314 3333 3386 χχιιι).
3382 3316 3433 3371 id
3483 3324 3603 3378 est,

2014 3421 2114 3476 per
2165 3405 2326 3461 ﬁdem
2374 3405 2657 3461 Trinitatis
2719 3413 2775 3461 et
2822 3404 3098 3461 lavacrum
3150 3404 3598 3475 regenerationis.

2086 3491 2228 3561 Seir,
2266 3494 2358 3565 qui
2400 3496 2637 3566 hispidus
2664 3496 2749 3551 vel
2774 3497 3009 3551 hirsutus
3047 3496 3460 3566 interpretatur,
3504 3509 3603 3564 po-

2013 3587 2198 3658 pulum
2226 3585 2533 3642 Judteorum
2559 3586 2849 3657 signiﬁcat.
2880 3587 3034 3645 Unde
3080 3588 3136 3642 in
3165 3587 3378 3643 cantico
3408 3586 3605 3642 Dente-

2015 3675 2249 3732 ronomii
2281 3674 2511 3747 legitur:
2552 3676 2806 3732 Dominus
2834 3677 2900 3733 de
2927 3677 3060 3734 Sina
3097 3678 3284 3742 veniet,
3312 3687 3361 3732 et
3387 3678 3452 3731 de
3485 3676 3609 3733 Seir

2014 3774 2162 3819 ortus
2184 3774 2258 3819 est
2286 3763 2431 3820 nobis
2454 3762 2633 3836 (Deut.
2658 3768 2873 3839 XXXIII).

2084 3855 2341 3911 Amalech
2375 3856 2778 3927 interpretatur,
2821 3856 3074 3925 lambens,
3121 3858 3175 3914 id
3204 3865 3309 3923 est,
3336 3857 3601 3912 diabolus.

2017 3944 2171 4002 Unde
2196 3944 2391 4016 legitur
2415 3947 2470 4002 in
2508 3947 2733 4003 Exodo:
2768 3948 2837 4002 In
2866 3965 3029 4003 manu
3068 3949 3372 4004 abscondita
3403 3947 3480 4002 vel
3512 3965 3607 4002 va-

2018 4035 2126 4090 lida
2159 4047 2420 4107 expugnat
2446 4036 2703 4093 Dominus
2733 4037 2981 4093 Amalech
3003 4056 3037 4094 a
3063 4040 3502 4111 generatione-im
3518 4026 3606 4110 ge:

2018 4128 2343 4183 nerationem
2372 4126 2570 4200 (Exod.
2593 4126 2750 4201 xvn).

2020 4250 2025 4253 -
2085 4216 2396 4285 Amalecita:
2462 4218 2888 4289 interpretantur
2959 4218 3182 4291 populus
3210 4230 3213 4233 '
3245 4219 3510 4286 lambens,
3552 4220 3603 4276 id

2017 4314 2128 4372 est,
2159 4317 2473 4378 peccatores
2521 4317 2734 4365 terrena
2777 4309 3096 4367 ambientes.
3145 4309 3297 4367 Unde
3342 4311 3602 4381 scriptum

2017 4408 2102 4456 est
2131 4401 2185 4455 in
2207 4400 2413 4472 psalmo
2437 4420 2449 4457 :
2483 4398 2646 4459 (ἕεὑαὶ
2671 4413 2719 4457 et
2744 4402 2966 4458 Ammon
2985 4413 3035 4459 et
3057 4402 3306 4458 Amalech
3338 4413 3385 4458 et
3414 4403 3603 4458 alieni-
3662 4453 3679 4467 ,

2017 4506 2161 4561 gente
2198 4508 2317 4545 cum
2361 4492 2716 4548 habitantibus
2758 4491 3167 4565 Tyrttnt.(Psal.
3195 4493 3435 4565 Lxxxu).
3478 4493 3607 4548 l’hi-
3643 4477 3656 4499 I

335 4593 445 4646 quo
468 4566 639 4651 Lydii.
664 4583 895 4651 Quintus
916 4585 1100 4653 Aram,
1124 4602 1155 4641 a
1180 4602 1288 4658 quo
1315 4586 1435 4659 Syri
1464 4604 1694 4658 quorum
1722 4600 1918 4648 metro.
1944 4572 1997 4633 D
2022 4581 2215 4637 listhtei
2259 4583 2360 4654 ipsi
2401 4592 2527 4638 sunt
2558 4583 2852 4648 Palmstini,
2885 4584 3011 4653 quia
3063 4600 3097 4653 ρ
3136 4584 3374 4639 litteram
3402 4598 3604 4641 sermo

336 4669 476 4740 polis
504 4671 599 4726 fuit
628 4674 939 4731 Damascus.
1510 4730 1521 4738 .

408 4760 529 4815 Filii
560 4761 749 4829 Aram,
781 4776 1003 4835 nepotes
1042 4765 1168 4821 Scm
1214 4776 1448 4838 quatuor
1472 4769 1663 4837 :‘Hus,
1707 4779 1762 4826 et
1790 4768 1913 4835 llul,

336 4856 393 4904 ct
432 4843 664 4917 Gether,
710 4861 766 4908 et
813 4853 977 4909 Mesa.
1032 4856 1143 4911 llus
1192 4855 1591 4914 Trachonititlis
1645 4859 1914 4924 conditor,

326 4954 458 5023 2qua:
491 4940 632 4995 inter
656 4940 995 4998 Palmstinam
1023 4953 1078 5000 et
1112 4944 1463 5017 leesyriam
1503 4948 1674 5002 tenuit
1715 4948 1918 5018 princi~

338 5040 524 5098 patum
551 5050 563 5085 :
589 5031 727 5087 unde
756 5032 856 5088 fuit
880 5034 997 5101 Job,
1026 5034 1320 5092 secundum
1344 5038 1490 5107 quod
1518 5038 1777 5109 scriptum
1801 5047 1914 5093 est:

282 5136 295 5151 ι
353 5115 443 5172 Vir
466 5130 576 5173 erat
607 5122 661 5174 in
688 5130 827 5176 terra
867 5122 984 5178 llus
1013 5123 1156 5196 (Job.
1184 5126 1247 5197 ι).
1284 5124 1565 5183 Secundus
1596 5128 1719 5196 llul,
1748 5145 1778 5184 a
1808 5144 1920 5200 quo

338 5205 602 5263 Armenii.
632 5209 847 5266 Tertius
866 5212 1087 5280 Gether,
1107 5230 1137 5269 a
1156 5232 1264 5286 quo
1282 5216 1575 5272 Arcananii
1592 5218 1706 5274 sive
1720 5218 1915 5275 Cariae.

341 5296 577 5363 Quartus
611 5296 781 5366 Mosa,
807 5316 839 5355 a
861 5317 968 5372 quo
997 5313 1122 5358 sunt
1167 5307 1221 5360 hi
1250 5309 1341 5381 qui
1387 5317 1650 5364 vocantur
1679 5309 1917 5367 Meones.

342 5386 637 5445 Postcritas
663 5390 941 5461 Arphaxat
971 5394 1067 5451 ﬁlii
1112 5396 1257 5453 Sem.
1291 5397 1470 5455 Heber
1498 5417 1666 5472 nepos
1704 5401 1918 5474 Arpba-

343 5486 467 5543 sat,
497 5493 527 5533 a
557 5495 663 5550 quo
706 5481 915 5538 Hebraei
944 5501 957 5538 :
988 5482 1173 5541 Jectan
1216 5486 1356 5543 ﬁlius
1395 5488 1590 5559 Heber,
1623 5507 1655 5547 a
1685 5508 1793 5563 quo
1832 5494 1921 5549 ln-

345 5570 536 5626 dorum
564 5584 682 5629 orta
710 5584 794 5630 est
831 5591 991 5645 gens;
1022 5578 1145 5635 Sale
1191 5580 1329 5637 ﬁlius
1358 5580 1571 5652 Jectan,
1602 5600 1635 5641 a
1678 5600 1785 5657 quo
1817 5585 1921 5643 Ba-

344 5662 570 5729 ctriani,
620 5665 745 5721 licet
773 5683 866 5723 eos
907 5669 995 5723 alii
1028 5669 1350 5742 Scytharum
1379 5674 1592 5731 exsules
1635 5679 1917 5748 suspicen-

346 5758 455 5810 tur.
499 5752 695 5812 lsmacl
743 5757 884 5816 illius
937 5760 1205 5818 Abraham
1252 5779 1283 5819 a
1326 5781 1432 5836 quo
1480 5766 1790 5837 lsmaclitac,
1826 5772 1917 5842 qui

2019 4673 2278 4731 Hebrzeus
2323 4690 2429 4730 non
2480 4674 2673 4739 habet;
2707 4676 2801 4730 sed
2843 4691 2941 4755 pro
2977 4691 3043 4731 eo
3068 4677 3135 4745 ph
3180 4675 3369 4730 Graece
3413 4674 3605 4739 utitur,

2019 4766 2143 4823 inde
2180 4766 2475 4823 Philisthtei
2513 4783 2612 4838 pro
2657 4767 2958 4827 Paimstinis
3000 4770 3271 4834 dicuntur,
3308 4783 3340 4822 a
3383 4768 3608 4825 civitate

2017 4856 2399 4927 utique.sua;
2444 4858 2604 4913 iidem
2655 4866 2717 4915 et
2748 4858 3040 4930 Allophyli,
3097 4858 3260 4915 iidem
3306 4867 3363 4914 et
3413 4860 3608 4915 alieni-

2018 4963 2169 5020 gena:
2195 4948 2267 5005 oh
2295 4950 2420 5016 hoc,
2449 4952 2575 5022 quia
2603 4967 2818 5023 semper
2859 4950 3065 5007 fuerint
3103 4952 3306 5008 inimici
3334 4952 3525 5018 Israel,
3551 4962 3607 5009 et

2026 5040 2185 5111 longe
2222 5042 2291 5097 ab
2336 5057 2523 5099 eorum
2559 5059 2756 5114 genere
2790 5058 2857 5098 ae
2881 5043 3147 5099 societate
3180 5045 3432 5115 separati.
3479 5044 3609 5100 Phi-

2025 5130 2219 5188 listhmi
2272 5135 2696 5205 interpretantur
2740 5135 2983 5190 cadentes
3021 5135 3235 5206 poculo,
3266 5136 3321 5192 id
3353 5123 3479 5200 est,’
3505 5137 3606 5192 ini-

2027 5223 2461 5292 mici‘Eeclesias,
2487 5226 2553 5282 de
2582 5242 2679 5280 sua
2721 5236 2781 5281 se
2808 5226 3131 5282 extollentes
3171 5227 3419 5282 scientia.
3452 5227 3605 5282 Unde

2026 5312 2222 5386 legitur
2244 5314 2300 5370 in
2324 5315 2594 5386 Propheta
2619 5334 2633 5370 :
2666 5314 2859 5372 Verum
2880 5318 3011 5388 quid
3032 5317 3169 5372 mihi
3185 5325 3235 5371 et
3266 5318 3406 5372 vobis
3436 5317 3607 5388 Tyrus

2025 5416 2075 5462 et
2113 5407 2281 5464 Sidon
2320 5420 2369 5464 et
2413 5408 2582 5463 omnis
2620 5408 2872 5463 terminus
2906 5406 3340 5463 Palwstinorum.
3369 5406 3486 5462 Cito
3515 5423 3602 5463 ve-

2022 5496 2205 5553 lociter
2249 5499 2466 5553 reddam
2505 5499 2910 5555 vicissitudinem
2950 5499 3092 5555 vobis
3129 5515 3287 5568 super
3321 5509 3480 5567 caput
3524 5514 3609 5552 ve-

2020 5599 2186 5644 strum
2208 5588 2367 5661 (laet.
2391 5588 2497 5662 nt).
2519 5590 2652 5648 Item
2677 5591 2732 5646 in
2753 5591 2949 5648 bonam
2976 5600 3184 5663 partem
3210 5591 3605 5664 intelliguntur.

2025 5679 2178 5736 Unde
2221 5680 2416 5750 legitur
2443 5681 2498 5736 in
2543 5682 2750 5754 psalmo
2793 5700 2806 5736 :
2849 5680 2919 5736 Hi
2948 5681 3208 5753 Allophyli
3246 5682 3439 5737 subditi
3482 5689 3604 5734 sunt

2022 5769 2196 5842 (Psal.
2223 5770 2353 5842 ιιι).
