4038 6324
373 291 498 356 ωε)
539 297 550 304 ’

1035 288 1097 344 n.
1139 287 1396 347 RABANI
1434 286 1657 345 unum
1691 250 2008 344 Ancum.
2046 285 2360 346 uocum.
2399 282 2684 342 OPERUM
2714 281 2894 340 rans
2927 280 2994 340 ιι.

3564 280 3678 337 M0

457 405 750 467 Chananaei
786 402 1039 475 appellati
1080 403 1145 458 de
1174 401 1430 458 Chanaan
1472 400 1583 456 ﬁlio
1613 400 1807 466 Cham,
1851 415 1980 470 quo-
2005 401 2200 472 Aejus
2247 399 2404 466 Tros,
2445 413 2478 453 a
2520 413 2627 468 quo
2675 395 2896 467 Troiani
2941 393 3235 464 nuncupati
3279 401 3426 450 sunt.
3468 392 3684 452 Galate

387 518 514 560 rum
565 508 767 556 terram
816 493 987 552 Judaei
1032 494 1414 565 possederunt.
1462 491 1628 561 Cujus
1672 509 1741 548 ex
1769 493 1977 564 origine

386 592 495 650 fuit
519 591 688 647 Emor
709 587 878 643 frater
901 584 1139 650 Sichem,
1167 601 1198 640 a
1225 601 1334 655 quo
1357 583 1659 641 Amorrhaei
1688 594 1815 640 sunt
1844 601 1981 640 nun-

388 683 592 755 cupati.
633 678 927 737 Chananmi
979 677 1404 747 interpretantur
1431 675 1701 730 instabiles
1742 676 1855 730 sive
1883 676 1981 730 im-

389 772 628 838 mobiles,
657 780 712 826 et
759 767 1068 840 significant
1111 777 1426 836 peccatores
1469 765 1879 822 fundamentum
1921 764 1982 820 ﬁ-

391 864 478 920 dei
506 879 617 919 non
660 862 941 918 habentes.
981 857 1137 915 Unde
1170 857 1368 928 legitur
1411 857 1468 912 in
1519 857 1735 912 cantico
1767 856 1934 912 Exodi
1966 875 1978 910 :

391 953 698 1008 Tabuerant
772 966 954 1006 omnes
1018 948 1372 1005 inhabitantes
1447 945 1705 1003 Chanaan
1773 945 1980 1018 (Exod.

393 1046 512 1114 xv).
1007 1079 1014 1084 .

463 1134 707 1208 Egyptii
751 1133 820 1190 ab
851 1131 1088 1205 Egypto
1129 1133 1365 1202 quodam
1410 1146 1541 1203 rege
1590 1129 1773 1186 vocati
1816 1137 1980 1184 sunt:

389 1245 522 1286 nam
564 1237 690 1284 ante
721 1225 886 1282 'aerei
934 1224 1274 1280 dicebantur.
1321 1223 1759 1294 Interpretantur
1803 1227 1985 1274 autem

391 1321 576 1390 lingua
603 1316 871 1374 Hebraica
903 1314 1164 1388 Egyptii,
1191 1315 1580 1387 aﬁligentes,eo
1612 1314 1757 1382 quod
1788 1310 1986 1366 afﬂixe-

389 1416 520 1465 runt
561 1407 658 1462 Dei
688 1406 962 1478 populum,
1006 1405 1321 1476 priusquam
1353 1405 1535 1459 divino
1563 1403 1764 1459 auxilio
1792 1403 1987 1460 libera-

390 1509 601 1556 rentur.
645 1497 886 1570 IEgyptii
930 1497 1380 1567 interpretantur,
1426 1497 1732 1569 aﬁligentes,
1773 1495 1827 1550 id
1871 1501 1984 1562 est,

391 1592 547 1662 impii
587 1589 674 1646 vel
722 1591 996 1646 daemones
1045 1588 1302 1644 Ecclesiae
1347 1587 1534 1644 ﬁdeles
1577 1588 1982 1658 opprimentes:

388 1682 536 1738 unde
570 1681 771 1752 legitur
798 1681 855 1736 in
880 1679 1066 1736 Exodo
1091 1693 1107 1733 :
1137 1679 1439 1750 Amigebant
1466 1678 1708 1750 Egyptii
1747 1678 1986 1749 operibus

392 1773 542 1829 duris
573 1773 772 1845 (Exod.
797 1771 861 1845 ι).

463 1864 756 1920 Armenius
785 1878 855 1919 ex
901 1863 1181 1920 Thessalia
1226 1879 1368 1920 unus
1414 1864 1482 1918 de
1523 1879 1752 1919 numero
1785 1863 1984 1919 ducum

392 1956 642 2023 Iasonis,
681 1956 776 2025 qui
818 1955 887 2010 ad
933 1954 1164 2011 Colchos
1206 1956 1436 2025 profecti
1489 1964 1649 2022 sunt,
1699 1956 1986 2012 recollecta

391 2047 768 2114 multitudine,
795 2062 916 2117 quae
950 2047 1150 2101 amisso
1190 2062 1316 2117 rege
1361 2047 1559 2103 Iasone
1596 2047 1797 2118 passim
1825 2062 1988 2118 vaga-

391 2140 592 2197 batur:
620 2139 936 2194 Armeniam
964 2138 1232 2202 condidit,
1282 2140 1541 2210 gentique
1588 2155 1656 2194 ex
1696 2154 1794 2194 suo
1826 2153 1987 2193 voca-

391 2233 524 2292 bulo
567 2247 763 2290 nomen
793 2232 957 2288 dedit.
1002 2231 1185 2286 Limes
1208 2239 1291 2286 est
1321 2232 1593 2296 Persicus,
1626 2230 1718 2299 qui
1756 2229 1990 2300 Scythas

393 2326 464 2382 ab
490 2327 570 2382 eis
617 2325 825 2380 dividit.
881 2324 1082 2394 Scytha
1124 2324 1560 2394 cognominatus,
1592 2338 1624 2377 a
1667 2338 1774 2392 quo
1820 2322 1991 2377 limite

395 2415 613 2489 Scytha:
636 2432 668 2471 a
707 2415 1030 2486 quibusdam
1062 2414 1420 2484 perhibentur
1460 2414 1658 2478 vocati,
1690 2429 1822 2483 gens
1851 2413 1991 2467 anti-

396 2503 657 2572 quissima
714 2517 928 2571 semper
981 2501 1184 2556 habita.
1243 2500 1309 2556 lli
1364 2500 1596 2558 Parthos
1648 2501 1990 2556 Bactrianos.

396 2608 525 2662 que,
553 2591 768 2648 femina:
809 2592 976 2648 etiam
1010 2605 1199 2646 eorum
1238 2591 1575 2648 Amazonum
1610 2607 1774 2663 regna
1805 2591 1989 2649 condi-

399 2684 618 2739 (lerunt.

473 2775 791 2848 Massagetae
833 2789 902 2831 ex
947 2775 1272 2847 Scytharum
1317 2775 1530 2845 origine
1574 2783 1734 2840 sunt,
1765 2783 1821 2829 et
1861 2773 1991 2828 dicti

398 2865 738 2939 Massagetae,
763 2866 915 2936 quasi
948 2881 1161 2937 graves,
1180 2866 1232 2920 id
1260 2874 1362 2929 est,
1388 2864 1528 2920 forte
1550 2864 1718 2920 Getae.
1752 2863 1887 2918 Nam
1915 2864 1995 2918 sic

397 2959 588 3014 Livius
617 2970 899 3030 argentum
923 2972 1089 3029 grave
1131 2957 1286 3024 dicit,
1309 2957 1361 3012 id
1387 2966 1492 3024 est,
1520 2971 1748 3012 massas.
1774 2955 1841 3010 Ili
1868 2963 1994 3013 sunt

401 3049 496 3120 qui
535 3049 677 3104 inter
721 3048 952 3120 Scythas
991 3055 1156 3118 atque
1196 3046 1434 3104 Albanos
1481 3046 1994 3119 septentrionalibus

403 3139 540 3196 locis
570 3139 898 3195 inhabitant.
1831 3190 1834 3191 ν

482 3231 794 3286 Amazones
840 3229 998 3285 dictae
1035 3237 1193 3297 sunt,
1239 3245 1335 3286 seu
1365 3231 1508 3301 quod
1551 3230 1712 3286 simul
1753 3231 1998 3286 viverent

405 3322 528 3380 sine
559 3323 710 3388 viris,
739 3323 894 3393 quasi
923 3323 1230 3390 amazosai;
1270 3323 1384 3378 sive
1408 3323 1552 3393 quod
1579 3323 1786 3378 adustis
1814 3324 1999 3379 ἀρχιθ-

404 3415 925 3472 rioribusmannnis
963 3423 1164 3480 essent,
1206 3431 1275 3471 ne
1319 3417 1643 3488 sagittarum
1682 3416 1863 3487 jactus
1892 3416 1998 3470 im-

413 3509 721 3579 pediretur,
777 3507 934 3577 quasi
978 3523 1118 3563 aneu
1169 3521 1364 3562 mazou
1409 3525 1423 3561 :
1483 3506 1764 3562 nudabant
1813 3506 1996 3572 enim,

408 3616 576 3671 quam
606 3603 946 3666 adusserant,
975 3615 1288 3656 mammam.
1320 3599 1428 3656 I-Ias
1460 3600 1710 3656 Titianus
1731 3599 2000 3654 unimam-

409 3706 529 3748 mas
555 3693 705 3748 dicit.
738 3685 872 3747 Nam
909 3694 1012 3748 hoc
1042 3703 1123 3748 est
1152 3709 1400 3759 amazon,
1430 3693 1586 3764 quasi
1617 3707 1755 3748 aneu
1783 3707 1994 3758 mazou,

412 3783 468 3840 id
498 3792 602 3850 est,
627 3785 744 3839 sine
772 3801 1028 3840 mamma.
1057 3784 1165 3840 Has
1181 3784 1292 3854 iam
1315 3801 1421 3841 non
1451 3801 1573 3842 esse
1597 3794 1831 3854 constat,
1852 3788 2000 3857 quod

409 3889 601 3930 carum
647 3876 848 3946 partim
889 3877 957 3931 ab
988 3875 1238 3943 Hercule,
1287 3879 1484 3948 partim
1531 3879 1599 3934 ab
1640 3879 1868 3946 Achille,
1913 3879 2000 3936 vel

409 3963 722 4021 Alexandro
755 3982 926 4037 usque
947 3968 1016 4022 ad
1055 3967 1487 4024 internecionem
1516 3969 1706 4025 deletae
1731 3979 1877 4026 sunt.
1906 3969 2000 4025 Al-

406 4055 536 4112 bani
566 4067 692 4114 sunt
731 4069 916 4130 partes
941 4061 1082 4116 Asiae
1116 4072 1170 4117 et
1205 4061 1459 4118 Asiatica:
1503 4066 1697 4134 gentis,
1745 4079 1865 4134 qua:
1904 4081 2001 4137 po-

408 4157 588 4204 steros
629 4165 688 4206 se
715 4150 931 4206 Iasonis
971 4152 1219 4218 credunt,
1245 4153 1369 4207 albo
1413 4153 1564 4208 crine
1595 4162 1892 4208 nascuntur
1930 4155 2000 4210 ab

408 4239 643 4295 assiduis
689 4241 920 4306 nivibus,
951 4250 1008 4296 et
1036 4242 1204 4311 ipsius
1233 4243 1413 4313 capilli
1442 4243 1591 4298 color
1620 4244 1766 4315 genti
1803 4260 1999 4300 nomen

409 4331 579 4397 dedit,
605 4341 662 4385 et
681 4332 805 4385 inde
831 4333 1084 4387 dicuntur
1108 4332 1332 4398 Albani;
1367 4334 1561 4389 horum
1593 4335 1780 4406 glauca
1805 4337 1996 4402 oculis,

2078 493 2214 550 Galli
2249 507 2370 548 esse
2399 499 2717 556 noscuntur,
2761 490 2854 560 qui
2883 490 2940 545 in
2966 487 3224 543 auxilium
3261 501 3294 542 a
3328 499 3456 556 rege
3484 486 3683 560 Bithy-

2079 587 2184 641 nia:
2233 584 2459 650 evocati,
2495 597 2722 653 regnum
2765 595 2889 636 cum
2927 594 3024 644 eo,
3049 587 3207 648 parta
3236 577 3489 642 victoria,
3538 577 3686 632 divi-

2079 683 2305 732 serunt:
2339 675 2418 730 sic
2463 673 2681 743 quidem
2712 671 2919 726 Graecis
2947 669 3165 725 admisti
3205 669 3440 739 primum
3486 666 3684 722 Gallo-

2080 768 2272 840 graeci,
2316 783 2460 822 nunc
2501 781 2570 821 ex
2616 765 2840 834 antiquo
2880 762 3160 820 Gallorum
3201 761 3422 817 nomine
3467 759 3684 816 Galatae

2081 868 2474 931 nuncupantur.

2151 950 2349 1017 Graeci,
2374 957 2500 1004 ante
2528 946 2772 1002 Thessali
2807 961 2839 1001 a
2876 944 3159 1010 Thessalo,
3189 953 3381 1016 postea
3421 958 3453 997 a
3481 940 3686 997 Gnaeo

2083 1057 2211 1116 rege
2263 1040 2439 1097 Grzeci
2497 1047 2623 1094 sunt
2679 1036 2994 1107 nuncupati.
3042 1034 3179 1094 Nam
3229 1033 3405 1090 Graeci
3456 1031 3688 1104 proprie

2085 1134 2332 1192 Thessali
2363 1140 2508 1189 sunt.

2153 1225 2413 1295 Lapithas
2433 1231 2613 1277 autem
2630 1229 2843 1293 gentem
2865 1219 3161 1276 Thessalia:
3180 1217 3347 1273 fuisse
3361 1217 3513 1272 aiunt
3531 1216 3691 1272 circa

2085 1316 2325 1373 Peneum
2355 1330 2568 1370 amnem
2591 1315 2720 1369 olim
2748 1313 3164 1379 inhabitantcm,
3192 1327 3223 1365 a
3261 1309 3490 1380 Lapitha
3511 1308 3689 1379 Apol-

2087 1408 2211 1464 linis
2244 1408 2350 1461 ﬁlia
2376 1413 2733 1476 nuncupatos.

2160 1498 2421 1570 Sicyonii,
2448 1497 2625 1554 Graeei
2665 1504 2811 1562 sunt,
2855 1495 3152 1566 nuncupati
3181 1510 3212 1550 a
3245 1493 3500 1564 Sicyonio
3532 1506 3686 1562 rege.

2090 1592 2157 1647 lli
2203 1592 2434 1662 primum
2459 1588 2689 1659 [Egialei
2720 1589 3056 1644 vocabantur
3079 1603 3110 1641 a
3141 1600 3266 1655 rege
3288 1583 3557 1656 IEgialeo,
3592 1583 3691 1653 qui

2089 1685 2297 1754 primus
2327 1681 2596 1752 Sicyoniis
2625 1679 2931 1750 imperavit,
2957 1694 2987 1732 a
3015 1693 3122 1748 quo
3150 1675 3469 1746 etIEgialea
3491 1673 3693 1729 civitas

2011 1759 2059 1820 Β
2088 1783 2397 1845 nuncupata
2423 1781 2527 1840 est,
2556 1789 2677 1844 quae
2701 1788 2846 1828 nunc
2883 1771 3250 1840 Peloponesus
3277 1777 3498 1823 vocatur
3524 1782 3555 1821 a
3585 1766 3690 1822 Pe-

2085 1869 2205 1938 lope
2236 1882 2361 1938 rege
2386 1882 2486 1922 suo
2528 1884 2541 1920 :
2579 1865 2681 1936 ipsi
2711 1872 2836 1919 sunt
2861 1871 2916 1918 et
2944 1861 3186 1917 Arcades
3213 1861 3281 1916 ab
3308 1857 3522 1914 Arcade
3560 1872 3692 1929 rege

2085 1959 2232 2014 Jovis
2263 1967 2318 2013 et
2338 1956 2644 2027 Calystonis
2669 1955 2780 2010 ﬁlio
2802 1954 2956 2010 dicti.

2157 2049 2325 2103 Danai
2357 2064 2388 2102 a
2421 2050 2606 2103 Danao
2655 2061 2781 2117 rege
2820 2045 2997 2101 vocati
3033 2063 3047 2099 :
3088 2042 3251 2112 iidem
3281 2050 3338 2097 et
3380 2039 3566 2109 Argivi
3618 2039 3689 2093 ab

2088 2143 2232 2212 Argo
2258 2141 2538 2196 conditore
2595 2138 2982 2208 cognominati.
3025 2135 3321 2205 Postquam
3370 2141 3551 2186 autem
3594 2146 3694 2185 rex

2089 2233 2403 2288 Grazcorum
2433 2230 2563 2300 Apis
2593 2237 2841 2285 mortuus
2865 2236 2968 2296 est,
2996 2227 3123 2283 huic
3167 2224 3312 2279 ﬁlius
3357 2223 3535 2293 Argus
3570 2237 3694 2276 suc-

2091 2325 2254 2380 cessit
2282 2325 2338 2378 in
2370 2339 2616 2394 regnum,
2644 2330 2699 2378 et
2726 2337 2789 2377 ex
2821 2337 2885 2378 eo
2919 2320 3104 2392 Argivi
3135 2317 3390 2389 appellati
3421 2324 3568 2381 sunt,
3596 2315 3694 2384 qui

2090 2418 2254 2473 etiam
2285 2418 2352 2473 ab
2382 2417 2461 2472 eis
2487 2424 2608 2486 post
2643 2416 2850 2471 obitum
2875 2415 3019 2470 Deus
3049 2413 3239 2469 haberi
3271 2409 3458 2480 cmpit,
3489 2408 3693 2479 templo

2093 2518 2150 2564 et
2181 2508 2458 2564 sacriﬁcio
2487 2508 2807 2562 honoratus.

2161 2603 2371 2669 Achmi,
2408 2601 2501 2672 qui
2543 2609 2599 2656 et
2624 2599 2817 2656 Achivi
2855 2598 2924 2654 ab
2961 2596 3163 2653 Achaeo
3204 2594 3318 2650 ﬁlio
3347 2593 3496 2649 Jovis
3535 2591 3694 2655 dicti,

2092 2695 2303 2767 Pelasgi
2334 2693 2618 2760 nominati,
2645 2694 2774 2764 quia
2803 2708 2926 2748 cum
2965 2691 3100 2747 velis
3137 2689 3314 2762 passis
3362 2702 3532 2742 verno
3564 2694 3700 2740 tem-

2093 2801 2226 2858 pore
2269 2785 2554 2842 advenisse
2593 2784 2804 2839 Italiam
2850 2782 2954 2837 visi
3003 2788 3160 2848 sunt,
3208 2787 3267 2833 ut
3315 2794 3463 2834 aves.
3512 2776 3699 2831 Primo

2094 2879 2240 2934 enim
2295 2893 2390 2934 eos
2449 2878 2622 2934 Varro
2684 2876 2894 2931 Italiam
2939 2874 3212 2944 appulisse
3256 2880 3694 2927 commemorat:

2095 2971 2269 3030 Graeci
2300 2986 2426 3026 vero
2454 2969 2710 3043 Pelasgos
2739 2983 2771 3022 a
2793 2967 3024 3037 Pelasgo
3055 2963 3206 3020 Jovis
3229 2971 3283 3019 et
3304 2962 3535 3017 Larissae
3558 2961 3701 3016 ﬁlios

2097 3065 2383 3137 perhibent
2413 3062 2605 3117 dictos.

2169 3155 2532 3230 Myrmidones
2559 3141 2780 3207 fuerunt
2821 3149 3046 3206 Achillis
3093 3147 3250 3214 socii,
3288 3144 3524 3215 Dolopes
3563 3143 3701 3217 Pyr-

2099 3247 2184 3302 rhi
2209 3265 2224 3303 :
2255 3245 2383 3302 dicti
2410 3253 2536 3300 sunt
2561 3251 2742 3298 autem
2766 3240 3133 3313 Myrmidones
3157 3245 3386 3308 propter
3416 3236 3698 3300 astutiam,

2098 3339 2251 3411 quasi
2277 3352 2598 3412 myrmeces,
2619 3337 2673 3392 id
2690 3343 2793 3404 est,
2817 3335 3076 3390 formicm.
3105 3315 3497 3388 Eratosthenes
3517 3339 3702 3386 autem

2098 3431 2229 3487 dicit
2255 3430 2429 3486 dictos
2469 3427 2835 3501 Myrmidones
2856 3441 2886 3480 a
2916 3424 3253 3497 Myrmidone
3280 3423 3439 3488 duce,
3461 3419 3610 3475 Jovis
3643 3428 3704 3474 et

2098 3522 2473 3578 Eurimedusae
2515 3519 2645 3575 ﬁlio.
2692 3517 2918 3588 Cecropi
2961 3514 3373 3571 Atheniensium
3417 3513 3532 3582 regi
3571 3525 3702 3566 suc.-

2098 3614 2264 3670 cessit
2300 3612 2564 3675 Cranaus,
2593 3607 2748 3678 cujus
2790 3608 2901 3662 ﬁlia
2929 3606 3071 3661 Attis
3093 3619 3290 3660 nomen
3325 3611 3380 3660 et
3406 3603 3614 3674 regioni
3644 3609 3705 3656 et

2098 3703 2243 3775 genti
2275 3702 2452 3768 dedit,
2482 3708 2538 3755 et
2575 3713 2642 3756 ex
2683 3712 2750 3755 ea
2789 3697 2956 3754 Attici
2997 3695 3396 3766 cognominati,
3441 3693 3534 3764 qui
3575 3699 3704 3748 sunt

2097 3793 2479 3850 Athenienses.

2169 3887 2261 3942 Ion
2293 3886 2376 3940 vir
2418 3883 2574 3939 fortis
2600 3897 2668 3939 ex
2704 3895 2802 3937 suo
2832 3878 3050 3937 nomine
3092 3876 3309 3933 eosdem
3338 3873 3702 3930 Athenienses

2102 3981 2318 4037 vocavit
2342 3980 2518 4034 Iones.

2173 4073 2494 4128 Macedones
2521 4085 2551 4124 a
2577 4068 2795 4123 nomine
2817 4064 3156 4122 Emathionis
3187 4063 3329 4134 regis
3353 4069 3511 4116 antea
3538 4059 3702 4114 Ema-

2100 4165 2200 4221 thii
2225 4163 2518 4233 nuncupati
2549 4169 2697 4225 sunt,
2724 4167 2912 4230 postea
2939 4157 3257 4211 Macedones
3289 4155 3438 4209 dicti.
3467 4153 3703 4222 Epirota:

2089 4271 2131 4312 ‘a
2158 4255 2368 4328 Pyrrho
2396 4251 2620 4308 Achillis
2652 4251 2783 4317 ﬁlio,
2811 4249 2962 4320 prius
2991 4246 3270 4320 Pyrrhidae
3294 4261 3307 4299 :
3352 4251 3538 4314 postea
3571 4254 3702 4294 vero

2099 4363 2223 4406 cum
2257 4345 2468 4421 Pyrrho
2506 4358 2632 4415 rege
2657 4342 2793 4398 duce
2821 4342 2889 4396 ad
2914 4338 3122 4396 Italiam
3167 4335 3399 4392 transire
3440 4347 3704 4404 prtesum-

407 4425 466 4525 id
494 4433 610 4489 est,
644 4425 785 4494 picta
833 4425 977 4525 inest
1012 4426 1235 4525 pupilla,
1267 4429 1402 4483 adeo
1438 4439 1497 4482 ut
1526 4437 1684 4483 nocte
1711 4427 1996 4498 plusquam
2031 4465 2080 4525 ι)
2106 4445 2349 4513 pserunt.

408 4514 499 4569 die
558 4522 803 4569 cernant.
884 4514 1081 4570 Albani
1151 4524 1334 4572 autem
1405 4518 1570 4572 vieini
1634 4518 2002 4574 Amazonibus

408 4608 652 4663 fuerunt.

485 4699 666 4771 Ugnos
697 4709 856 4756 antea
883 4700 1107 4758 Hunnos
1128 4712 1367 4768 vocatos,
1396 4712 1673 4774 postremo
1693 4721 1726 4761 a
1752 4722 1878 4779 rege
1906 4723 2005 4763 suo

407 4793 616 4847 Avares
637 4793 933 4862 appellatos
954 4795 1164 4860 dicunt,
1190 4797 1281 4864 qui
1303 4796 1455 4865 prius
1476 4797 1528 4850 in
1551 4798 1738 4852 ultima
1759 4798 2004 4854 liheotidc

408 4885 555 4940 inter
573 4884 853 4955 glacialem
877 4886 1102 4941 Tanaim
1117 4897 1173 4941 et
1193 4887 1614 4960 Massagetarum
1632 4889 1896 4945 immanes
1909 4907 2005 4960 po-

408 4976 567 5048 pulos
589 4977 988 5033 habitaverunt.
1021 4979 1227 5036 Deinde
1258 4982 1568 5050 pernicibus
1596 4984 1750 5052 equis
1777 4983 2004 5040 Caucasi

411 5066 660 5136 rupibus,
677 5068 770 5121 ubi
791 5066 935 5123 feras
952 5080 1139 5140 gentes
1159 5071 1452 5129 Alexandri
1475 5074 1710 5128 claustra
1726 5074 2001 5141 cohibent,

413 5165 730 5226 eruperunt,
773 5167 831 5213 et
862 5157 1139 5216 Orientem
1165 5162 1353 5232 viginti
1397 5165 1553 5218 annis
1584 5147 1894 5219 tenuerunt.
1912 5180 2005 5220 ca-

412 5243 648 5315 ptivum,
663 5253 719 5300 et
737 5245 805 5300 ab
823 5245 1092 5319 Egyptiis
1114 5261 1276 5319 atque
1292 5252 1642 5322 {Ethiopibus
1661 5269 1897 5310 annuum
1919 5273 2006 5312 ve-

413 5335 579 5406 ctigal
606 5347 921 5407 exegerunt.
947 5340 1304 5413 Trojanorum
1333 5362 1466 5416 gens
1488 5355 1647 5402 antea
1690 5347 1938 5404 Dardana
1969 5365 2002 5406 a

411 5425 664 5484 Dardano
702 5430 996 5486 nominata.
1024 5433 1160 5488 Nam
1198 5436 1482 5490 Dardanus
1506 5444 1562 5490 et
1599 5435 1776 5493 Jasius
1807 5438 2004 5497 fratres

415 5534 449 5576 e
475 5516 684 5576 Graecia
715 5522 940 5593 profecti
971 5535 1117 5582 sunt.
1142 5527 1222 5582 Ex
1249 5527 1334 5583 his
1371 5527 1551 5585 Jasius
1589 5530 1657 5585 ad
1691 5530 2000 5600 Thraciam,

413 5611 698 5671 Dardanus
726 5616 793 5671 ad
829 5617 1119 5690 Phrygiam
1163 5621 1428 5690 pervenit,
1474 5621 1655 5692 ibique
1683 5623 1891 5694 primus
1919 5640 2004 5680 re-

417 5708 602 5779 gnavit
626 5728 636 5765 :
662 5721 786 5784 post
808 5727 969 5785 quem
992 5713 1134 5770 ﬁlius
1147 5713 1263 5785 ejus
1279 5713 1607 5788 Erictonius,
1623 5715 1815 5776 deinde
1836 5732 2004 5788 nepos

2178 4533 2352 4587 Dorus
2385 4527 2620 4598 Neptuni
2667 4535 2723 4580 et
2767 4524 2968 4594 Ellepis
3017 4521 3160 4576 ﬁlius
3206 4519 3342 4584 fuit,
3383 4515 3525 4571 unde
3569 4513 3702 4570 Dori

2107 4626 2374 4696 originem
2401 4632 2455 4678 et
2483 4636 2680 4676 nomen
2727 4619 2947 4674 ducunt.
2989 4615 3129 4670 Sunt
3173 4619 3355 4667 autem
3398 4624 3525 4680 pars
3555 4606 3702 4662 Grae-

2107 4719 2206 4773 cia:
2244 4715 2441 4788 gentis,
2475 4711 2777 4788 exquibus
2801 4709 2963 4764 etiam
2996 4705 3376 4778 cognominata
3416 4710 3502 4756 est
3538 4699 3702 4754 tertia

2108 4787 2289 4880 lingua
2326 4787 2663 4868 Graecorum,
2700 4817 2821 4871 quae
2860 4799 3052 4854 Dorica
3097 4794 3418 4866 appellatur.
3447 4789 3704 4846 Lacedm-

2107 4913 2295 4953 mones
2336 4912 2367 4950 a
2410 4894 2798 4950 Lacedmmonc
2846 4889 3075 4945 Semelae
3127 4887 3237 4942 ﬁlio
3286 4884 3435 4940 dicti.
3485 4881 3551 4936 Ili
3607 4880 3701 4934 diu

2106 4992 2518 5058 perseverantes
2564 4984 2618 5036 in
2648 4981 2790 5036 bello
2835 4988 3028 5035 contra
3071 4976 3365 5032 Messenios
3393 4971 3584 5037 veriti,
3627 4983 3700 5024 ne

2106 5075 2462 5133 diuturnitate
2506 5072 2676 5143 praelii
2723 5086 2874 5140 spem
2903 5069 3071 5142 prolis
3108 5068 3444 5129 amitterent,
3490 5073 3697 5132 prmce-

2106 5175 2322 5239 perunt,
2360 5173 2421 5220 ut
2449 5165 2686 5233 virgines
2719 5177 2910 5217 eorum
2953 5175 3076 5214 cum
3108 5156 3404 5228 juvenibus
3437 5150 3583 5208 domi
3615 5164 3700 5205 τεο

2107 5262 2252 5316 lictis
2313 5257 2738 5314 concumberent
2784 5263 2798 5308 ξ
2851 5253 3036 5322 sicque
3091 5265 3158 5304 ex
3215 5249 3526 5320 promiscuo
3582 5245 3699 5300 vir-

2109 5354 2292 5425 ginum
2331 5358 2388 5404 et
2429 5347 2749 5402 maritorum
2789 5344 3075 5400 concubitu
3110 5342 3340 5412 juvenes
3378 5339 3446 5393 de
3474 5335 3700 5392 incertis

2108 5423 2423 5514 parentibus
2461 5437 2606 5500 nati,
2645 5451 2711 5490 ex
2757 5443 2883 5490 nota
2912 5432 3141 5489 materni
3169 5430 3390 5502 pudoris
3419 5423 3698 5482 Parthenii

2109 5534 2284 5591 vocati
2314 5540 2457 5588 sunt.
2491 5529 2627 5586 Nam
2662 5531 2809 5600 ipsos
2843 5542 2964 5584 esse
2994 5525 3313 5595 Spartanos,
3345 5536 3481 5598 quos
3506 5529 3560 5575 et
3590 5520 3697 5571 La-

2111 5627 2464 5684 cedaemones.

2185 5717 2420 5774 Thraces
2475 5733 2540 5774 ex
2593 5716 2702 5774 ﬁlio
2751 5713 2976 5788 Japhet,
3026 5713 3120 5786 qui
3162 5718 3387 5769 vocatus
3432 5716 3515 5764 est
3567 5702 3695 5760 Thi-
