4038 6324
1690 170 1715 201 κ

273 392 378 454 ιιι

1236 387 1324 443 DE
1363 382 1712 443 UNIVERSO
1750 379 1926 435 LIBRI
1966 379 2129 436 XXII.
2170 412 2240 422 --—
2278 382 2406 438 LIB.
2448 376 2590 439 XVI.

3437 378 3546 438 442

277 528 390 578 ras,
420 506 592 567 exorti
631 514 685 562 et
715 502 1074 577 cOgnominati
1116 503 1199 570 (ut
1243 502 1491 570 superius
1519 499 1721 553 dictum
1750 500 1854 567 est)
1887 511 1934 570 Α
1959 511 2271 568 priusquam
2300 511 2395 551 eos
2422 496 2681 552 Lentulus
2706 495 2956 551 Danubio
3000 495 3353 566 prohiberet:
3380 508 3547 566 atque

276 600 669 675 perhibentur:
694 596 821 650 licet
858 593 1086 664 gentiles
1108 606 1203 647 eos
1239 606 1269 645 a
1306 590 1547 644 moribus
1583 586 1665 671 ita,
1686 586 1859 640 dictos

278 694 612 754 existiment,
628 688 770 758 quod
793 687 900 742 sint
920 694 1130 749 truces;
1153 682 1431 738 sawissimi
1452 680 1595 735 enim
1618 664 1858 733 omnium

280 787 521 858 gentium
548 781 784 837 fuerunt.
822 778 975 835 Unde
997 786 1052 832 et
1082 776 1247 830 multa
1279 774 1519 829 fabulosa
1550 772 1613 826 de
1645 772 1725 827 eis
1752 787 1850 824 me.

279 884 584 937 morantur,
611 871 753 941 quod
781 869 1022 939 captivos
1049 866 1153 921 diis
1180 866 1291 921 suis
1318 865 1560 927 litarent,
1587 869 1641 916 et
1672 862 1864 914 huma-

254 958 410 1021 ‘num
432 963 746 1035 sanguinem
780 962 834 1015 in
861 959 1072 1015 ossibus
1095 957 1333 1029 capitum
1363 964 1582 1026 portare
1610 951 1750 1007 soliti
1777 967 1866 1007 es-

279 1064 401 1113 sent
424 1073 438 1110 :
462 1056 530 1109 de
552 1054 753 1124 quibus
771 1050 1029 1121 Virgilius
1055 1067 1068 1104 :

402 1169 517 1220 Heu
539 1166 552 1219 ι
577 1165 696 1229 fuge
720 1162 950 1215 crudeles
972 1168 1153 1223 terras,
1174 1161 1292 1223 fuge
1322 1157 1460 1207 littus
1484 1156 1715 1207 avarum!

279 1274 433 1347 quasi
462 1269 760 1328 crudelium
787 1276 842 1323 et
866 1280 1173 1322 avarorum.

350 1366 612 1421 Istrorum
644 1375 775 1431 gens
796 1359 1057 1431 originem
1085 1372 1115 1411 a
1137 1355 1353 1411 Colchis
1384 1354 1553 1413 ducit,
1592 1350 1864 1454 qui‘missi

279 1458 348 1513 ad
394 1456 735 1528 Argonautas
779 1450 1201 1521 persequendos,
1277 1454 1339 1500 ut
1383 1462 1413 1500 a
1467 1445 1640 1498 Ponto
1687 1445 1867 1495 intra-

278 1554 475 1603 verunt
519 1546 712 1600 Istrum
756 1540 1008 1600 ﬂuvium,
1058 1556 1088 1593 a
1138 1537 1397 1593 vocabulo
1446 1535 1640 1599 amnis,
1683 1548 1792 1606 quo
1835 1546 1865 1584 a

279 1638 418 1694 mari
446 1639 811 1697 recesserunt,
840 1630 1091 1701 appellati
1118 1636 1261 1684 sunt.

351 1726 581 1781 Romani
610 1739 640 1777 a
684 1721 899 1777 Romuli
940 1721 1156 1775 nomine
1198 1715 1511 1787 nuncupati,
1556 1714 1646 1784 qui
1679 1714 1868 1767 urbem

280 1819 512 1873 Romam
555 1814 813 1877 condidit,
861 1812 1115 1881 gentique
1144 1818 1198 1865 et
1225 1809 1428 1864 civitati
1467 1821 1661 1861 nomen
1698 1804 1862 1860 dedit.

1961 589 2084 643 inde
2111 590 2180 644 ob
2208 589 2446 646 studium
2488 602 2760 643 armorum
2794 587 3058 642 Sarmata:
3100 587 3394 657 nuncupati
3431 586 3548 641 exi-

1961 679 2266 734 stimantur.

2030 767 2210 823 Lanus
2238 766 2428 824 ﬂuvius
2458 768 2630 822 fertur
2657 775 2799 822 ultra
2834 766 3162 831 Danubium,
3194 782 3224 821 a
3254 783 3362 837 quo
3390 765 3548 823 Alani
3625 819 3634 828 ,

1962 860 2090 917 dicti
2131 867 2293 915 sunt°
2320 860 2462 914 sicut
2503 867 2560 914 et
2594 858 2808 929 populi,
2851 857 3220 912 inhabitantes
3255 856 3409 925 juxta
3451 858 3552 913 Le-

1962 967 2222 1007 mannum
2291 949 2534 1018 ﬂuvium,
2594 950 2842 1007 Alemani
2898 958 3182 1016 vocantur,
3240 950 3307 1004 de
3353 949 3551 1021 quibus

1964 1040 2214 1097 Lucanus
2241 1059 2254 1095 :
3384 1034 3389 1035 7

2089 1153 2377 1204 Deseruere
2398 1164 2517 1203 cavo
2537 1153 2749 1202 tentoria
2782 1152 2875 1200 lixa
2897 1149 3165 1201 Lemanno.

1967 1257 2347 1329 Langobardos
2378 1256 2535 1325 vulgo
2569 1256 2740 1311 fertur
2784 1255 3098 1310 nominasse
3144 1253 3354 1325 prolixa
3382 1254 3554 1310 barba

1965 1357 2019 1403 et
2047 1362 2322 1416 nunquam
2355 1354 2533 1400 tonsa.

2041 1436 2334 1492 Viudilieus
2400 1435 2576 1489 amnis
2633 1434 2701 1489 ab
2747 1433 3090 1488 extremitate
3133 1429 3321 1485 Gallia:
3365 1444 3555 1484 erum-

1965 1544 2130 1599 pens,
2159 1527 2314 1598 juxta
2375 1540 2535 1595 quem
2589 1524 2808 1579 ﬂuvium
2863 1522 3225 1587 inhabitasse,
3270 1530 3326 1577 et
3367 1536 3433 1576 ex
3490 1536 3555 1576 eo

1968 1621 2199 1674 traxisse
2226 1633 2419 1672 nomen
2452 1615 2678 1672 Vandali
2705 1615 3079 1684 perhibentur.

2036 1710 2339 1769 Germaniae
2374 1717 2562 1780 gentes
2603 1707 2780 1770 (IICIIB,
2809 1705 2952 1775 quod
2985 1706 3093 1760 sint
3124 1704 3382 1759 immania
3424 1690 3555 1759 cor-

1968 1815 2123 1871 pora,
2155 1799 2527 1864 immanesque
2576 1795 2839 1855 nationes,
2880 1792 3190 1847 saevissimis
3225 1795 3429 1847 durata:
3460 1789 3556 1844 fri—

279 1912 348 1966 lii
378 1919 505 1966 ante
544 1925 575 1964 a
622 1908 858 1963 Saturno
889 1905 1146 1971 Saturnii,
1178 1921 1209 1960 a
1235 1905 1429 1959 Latino
1460 1903 1639 1957 Latini
1685 1900 1863 1955 vocati
1893 1863 1940 1921 Β
1969 1889 2208 1961 goribuS,
2250 1886 2341 1957 qui
2383 1900 2560 1940 mores
2601 1899 2667 1938 ex
2700 1883 2816 1953 ipso
2850 1882 2974 1937 cmli
3016 1882 3194 1952 rigore
3237 1888 3555 1940 traxerunt:

281 2013 426 2059 sunt.
450 2002 584 2057 Nam
607 2000 829 2056 Latinus
858 1999 1022 2054 Italia:
1046 2014 1142 2053 rex
1168 1997 1290 2063 fuit,
1313 1998 1404 2068 qui
1433 2012 1499 2052 ex
1524 2012 1623 2051 suo
1648 1994 1867 2050 nomine

280 2094 504 2150 Latinos
553 2090 870 2162 appellavit,
914 2090 1005 2159 qui
1052 2098 1239 2160 postea
1296 2087 1527 2142 Romani
1568 2082 1866 2155 nuncupati

281 2192 429 2239 sunt.
458 2183 519 2237 Hi
551 2191 605 2237 et
631 2182 877 2249 Quirites.
910 2181 1059 2246 dicti,
1098 2180 1226 2250 quia
1272 2178 1530 2247 Quirinus
1575 2177 1751 2233 dictus
1786 2182 1871 2230 est

282 2276 585 2331 Romulus:
615 2275 741 2345 quia
791 2288 1006 2344 semper
1037 2274 1191 2328 hasta
1236 2273 1511 2337 utebatur,
1554 2286 1673 2339 qua:
1708 2268 1868 2324 Sabi—

280 2383 476 2424 norum
494 2367 683 2438 lingua
708 2366 878 2435 quiris
900 2366 1112 2420 dicitur.
1138 2363 1300 2419 Italus
1324 2377 1535 2433 quoque
1556 2369 1610 2416 et
1635 2360 1871 2416 Sabinus

282 2467 338 2515 ct
360 2458 589 2514 Sicanos
614 2457 809 2512 fratres
834 2456 1066 2520 fuerunt,
1095 2472 1163 2510 ex
1189 2456 1385 2526 quibus
1410 2455 1629 2509 nomina
1655 2452 1872 2523 populis

283 2551 533 2621 imposita
562 2558 616 2603 et
647 2549 954 2623 regionibus
994 2557 1138 2603 sunt.
1169 2547 1304 2602 Nam
1353 2547 1423 2602 ab
1464 2546 1597 2601 Italo
1626 2545 1800 2610 Italia,
1839 2560 1870 2598 a

286 2643 489 2699 Sabino
516 2640 761 2705 Sabinia,
790 2655 819 2694 a
866 2639 1062 2695 Sicano
1091 2638 1296 2695 Sicanii
1326 2636 1689 2709 cognominati
1724 2644 1870 2701 sunt,

284 2734 451 2790 iidem
478 2741 532 2786 et
558 2730 888 2786 Sicilienses.
918 2729 1080 2784 Tusci
1114 2728 1280 2784 Italiae
1315 2737 1441 2783 sunt
1469 2727 1667 2798 populi.
1697 2726 1765 2781 Et
1793 2732 1876 2781 est

286 2841 317 2879 a
366 2824 667 2895 frequentia
714 2836 996 2877 sacrorum
1022 2829 1077 2875 et
1120 2820 1296 2875 thuris
1324 2828 1534 2884 vocata,
1571 2817 1626 2873 id
1661 2826 1744 2873 est
1772 2830 1874 2887 apo

287 2921 382 2969 tou
417 2914 626 2969 thuein.

360 3007 547 3063 Umbri
570 3006 737 3063 Italia:
759 3021 911 3076 gens,
937 2996 1325 3060 scd’Gallorum
1349 3012 1591 3059 veterum
1614 3016 1873 3073 propago,

288 3100 384 3170 qui
423 3099 761 3170 Apenninum
792 3106 1028 3153 montem
1077 3098 1336 3161 incolunt,
1378 3098 1445 3152 de
1482 3097 1679 3167 quibus
1708 3097 1879 3150 histo-

290 3191 389 3245 rize
429 3190 715 3260 perhibent
769 3189 912 3258 quod
948 3197 1188 3259 tempore
1235 3202 1453 3257 aquosae
1480 3187 1651 3242 cladis
1690 3186 1881 3241 imbri-

288 3283 395 3339 bus
435 3279 832 3352 superfuerint,
870 3287 926 3334 ct
971 3279 1041 3334 ob
1092 3279 1196 3333 hoc
1222 3277 1511 3334 Ombrions
1543 3276 1732 3333 Graece
1772 3291 1875 3331 no-

289 3372 546 3428 minatos.
1349 3365 1358 3375 '

364 3459 527 3517 Marsi
563 3474 697 3532 gens
740 3458 910 3514 Italia:
950 3460 1093 3515 dicta
1138 3474 1168 3513 a
1202 3458 1400 3515 comite
1428 3458 1607 3514 Liberi
1643 3457 1880 3530 Marsya,

291 3554 384 3624 qui
414 3569 569 3609 usum
598 3552 704 3606 illis
731 3552 920 3606 vitium
950 3552 1207 3618 ostendit,
1234 3559 1289 3607 et
1314 3554 1382 3607 ob
1411 3552 1515 3607 hoc
1538 3552 1615 3606 illi
1646 3560 1882 3606 statuam

290 3643 572 3705 fecerunt,
620 3657 781 3711 quam
829 3650 1015 3712 postea
1058 3642 1286 3696 Romani
1324 3642 1486 3697 victis
1530 3641 1721 3696 Marsis
1747 3642 1885 3697 tule-

291 3743 445 3791 runt.
471 3733 678 3789 Marsos
700 3741 880 3786 autem
902 3731 1076 3787 Grrcci
1103 3732 1271 3787 Uscos
1285 3740 1498 3793 vocant,
1523 3734 1677 3801 quasi
1700 3732 1888 3802 Ophiu-

293 3827 467 3883 chous
520 3824 663 3894 quod
713 3823 911 3877 multos
945 3831 1226 3892 serpentes
1280 3822 1559 3887 habeant,
1622 3831 1677 3877 et
1729 3823 1886 3893 ophis

294 3933 521 3993 serpens
564 3917 816 3972 dicatur:
852 3916 1048 3971 illmsos
1076 3924 1257 3970 autem
1289 3928 1409 3969 esse
1443 3915 1744 3970 carminum
1772 3931 1888 3970 ma-

296 4010 507 4066 leficiis.
544 4007 854 4063 Inhabitant
907 4017 1086 4062 autem
1133 4007 1344 4077 plagam
1376 4005 1644 4076 Apennini
1689 4006 1889 4063 montis

297 4101 459 4159 simul
485 4116 609 4156 cum
652 4098 888 4159 Umbris.
918 4097 1081 4155 Gothi
1120 4090 1378 4171 aﬁiagOg
1407 4098 1517 4153 tilio
1557 4099 1751 4169 Japhet
1792 4115 1891 4155 no-

295 4199 491 4255 minati
546 4204 805 4269 putantnr
847 4197 913 4253 de
977 4196 1330 4255 similitudine
1390 4195 1594 4251 ultima:
1649 4195 1887 4267 syllabae,

298 4306 436 4362 quos
471 4298 687 4345 veteres
742 4289 914 4360 magis
970 4288 1138 4344 Getas
1192 4304 1355 4359 quam
1407 4288 1613 4344 Gothos
1658 4303 1888 4344 vocave-

298 4390 429 4438 runt
459 4400 474 4437 :
515 4398 646 4454 gens
684 4381 839 4436 fortis
876 4390 931 4436 et
967 4383 1374 4452 potentissima,
1415 4386 1704 4454 corporum
1744 4381 1890 4438 mole

299 4480 508 4544 ardua,
548 4490 822 4531 armorum
862 4490 1062 4547 genere
1118 4475 1393 4533 terribilis.
1435 4476 1513 4531 Dc
1550 4475 1747 4545 quibus
1786 4474 1892 4530 Lu-

303 4584 475 4626 canus
501 4586 515 4622 ζ

425 4680 554 4731 Hinc
574 4680 737 4730 Dacus
758 4683 969 4743 premat,
991 4679 1107 4729 inde
1129 4677 1285 4731 Getes
1307 4684 1529 4728 occurrat
1550 4676 1731 4729 lberis.

302 4784 434 4840 Daci
484 4791 665 4839 autem
706 4782 966 4839 Getarum
996 4781 1208 4838 soboles
1236 4781 1473 4844 fuerunt,
1502 4788 1559 4834 et
1594 4779 1770 4835 dictos
1798 4795 1897 4850 pu-

303 4884 425 4933 tant
466 4875 641 4932 Dacos
686 4874 1088 4945 quasi‘Dagos,
1126 4872 1255 4943 quia
1285 4872 1354 4927 de
1393 4870 1695 4927 Gothorum
1726 4870 1897 4940 stirpe

301 4970 470 5026 creati
498 4976 647 5033 sunt,
675 4968 742 5023 de
766 4966 965 5036 quibus
991 4965 1079 5020 ille
1104 4982 1117 5018 :

462 5077 562 5128 Ibis
581 5079 787 5129 Arctoos
812 5076 977 5139 procul
1009 5086 1170 5138 usque
1192 5073 1381 5124 Dacos.

376 5181 529 5238 Bessi
556 5180 778 5236 barbari
807 5178 1042 5243 fuerunt,
1071 5177 1162 5247 qui
1191 5191 1222 5230 a
1251 5174 1598 5230 multitudine
1627 5174 1790 5229 boum
1818 5172 1899 5227 sic

305 5276 487 5333 vocati
513 5274 825 5330 creduntur.
849 5269 925 5325 De
953 5269 1150 5339 quibus
1175 5268 1396 5338 quidam
1421 5284 1434 5319 :

501 5406 594 5466 Qui
614 5404 727 5455 colit
750 5411 898 5454 terra:
921 5404 1104 5466 medio,
1130 5399 1208 5450 vel
1238 5374 1322 5451 ille

493 5438 1240 5526 ὅίἓῖιῖῒὶἱιῦῖίὸ’ὖόξῗέᾌῖἶθᾶἴιίέ

746 5528 923 5579 Accola
944 5534 1083 5591 ripae.

382 5634 616 5726 Gipedes
646 5634 887 5705 pedestri
913 5633 1099 5704 prtelio
1122 5629 1295 5702 magis
1320 5642 1482 5700 quam
1511 5624 1753 5696 equestri
1772 5630 1900 5680 sunt

314 5725 431 5789 tisi.
444 5743 510 5784 ex
539 5730 640 5783 hac
665 5742 830 5782 causa
850 5725 1047 5780 vocati.

388 5820 655 5877 Sarmata:
680 5815 987 5884 patentibus
1028 5813 1234 5886 campis
1263 5811 1456 5871 armati
1501 5809 1897 5884 inequitabant.

1970 1982 2177 2038 feroces
2237 1978 2434 2040 animi,
2479 1984 2534 2030 et
2587 1990 2802 2043 semper
2857 1974 3134 2037 indomiti,
3185 1979 3342 2041 raptu
3390 1985 3558 2024 vena-

1970 2081 2135 2142 tuque
2183 2070 2443 2126 viventes.
2490 2067 2690 2123 Horum
2731 2066 2975 2135 plurimm
3017 2073 3224 2135 gentes,
3261 2061 3426 2115 varia:
3467 2075 3562 2113 ar-

1970 2165 2098 2230 mis,
2138 2162 2428 2218 discolorcs
2470 2160 2689 2222 habitu,
2735 2157 2931 2227 linguis
2971 2156 3226 2217 dissonce,
3258 2162 3313 2206 et
3351 2151 3561 2222 origine

1968 2254 2353 2311 vocabulorum
2408 2252 2628 2306 incerta:
2673 2256 2800 2303 :‘ut
2847 2246 3187 2311 Tolleraces,
3249 2243 3583 2315 Amsivarik

1973 2348 2182 2416 Quadi,
2242 2345 2485 2414 Tungri,
2540 2340 2947 2405 Marcomanni,
3002 2338 3255 2402 Bruteri,
3309 2333 3562 2398 Gamasi,

1971 2438 2253 2510 Blangioni
2301 2447 2354 2491 et
2382 2435 2657 2498 Ubantes;
2694 2446 2924 2502 quorum
2956 2430 3270 2485 immanitas
3294 2426 3564 2482 barbaria:

1973 2528 2139 2583 etiam
2177 2526 2232 2581 in
2272 2525 2403 2596 ipsis
2439 2521 2715 2579 vocabulis
2754 2521 3034 2577 horrorem
3068 2517 3360 2589 quemdam
3398 2513 3568 2585 signi-

1976 2617 2121 2673 fleat.

2050 2707 2214 2764 Suevi
2242 2723 2370 2778 pars
2397 2706 2795 2762 Germanorum
2826 2700 3049 2757 fuerunt
3091 2698 3145 2753 in
3185 2696 3294 2752 fine
3321 2694 3559 2766 Septen-

1979 2801 2197 2877 trionis,
2230 2800 2296 2854 de
2324 2798 2523 2868 quibus
2554 2794 2809 2850 Lucanus
2837 2810 2850 2847 :

2103 2912 2285 2963 Fundit
2310 2911 2370 2960 ab
2395 2918 2618 2960 extremo
2640 2907 2811 2967 ﬂavos,
2835 2905 2896 2953 ab
2922 2901 3163 2965 Aquilone
3184 2897 3410 2957 Suevos;

1979 3033 2209 3092 quorum
2243 3016 2411 3071 fuisse
2441 3023 2659 3070 centum
2683 3026 2849 3081 pagos
2878 3016 2933 3063 et
2960 3006 3186 3078 pepulos
3207 3001 3359 3058 multi
3388 2997 3574 3071 prodi-

1981 3091 2198 3166 derunt.
2234 3108 2374 3163 Dicti
2403 3114 2585 3160 autem
2622 3102 2785 3159 Sucvi
2812 3108 3071 3172 putantur
3100 3112 3130 3150 a
3162 3102 3346 3155 monte
3371 3091 3573 3154 Suevo,

1983 3203 2075 3273 qui
2107 3204 2177 3257 ab
2198 3202 2331 3256 ertu
2356 3199 2488 3255 solis
2518 3196 2730 3252 initiqu
2757 3192 3062 3250 Germania:
3088 3188 3250 3254 facit,
3282 3184 3434 3255 cujus
3454 3176 3576 3238 leca

1984 3295 2346 3351 incoluerunt.

2053 3382 2482 3453 Burgundiones,
2510 3378 2782 3450 quondam
2812 3392 2842 3431 a
2868 3372 3130 3429 Romanis
3169 3370 3392 3426 subacta
3436 3365 3579 3421 inte-

1983 3474 2112 3530 riori
2136 3472 2453 3537 Germania,
2486 3486 2583 3541 per
2605 3477 2913 3525 castrorum
2943 3463 3142 3518 limites
3170 3457 3331 3529 positi
3354 3472 3384 3511 a
3412 3454 3577 3510 Tibe-

1984 3566 2068 3621 rio
2087 3563 2321 3627 Caesare,
2345 3563 2398 3616 in
2422 3575 2670 3631 magnam
2689 3557 3009 3625 coaluerunt
3034 3559 3271 3621 gentem,
3302 3555 3465 3616 atque
3493 3545 3570 3598 ita

1985 3671 2180 3711 nomen
2211 3670 2274 3710 ex
2307 3652 2440 3709 locis
2469 3657 2843 3721 sumpserunt;
2872 3646 3001 3716 quia
3028 3642 3220 3698 crebra
3245 3654 3343 3708 per
3371 3635 3574 3690 limites

1986 3743 2292 3802 habitacula
2313 3742 2633 3804 constituta,
2661 3740 2851 3808 burgos
2876 3736 3040 3806 vulgo
3063 3738 3279 3787 vocant.
3303 3728 3369 3783 Hi
3394 3734 3581 3796 postea

1988 3837 2219 3892 rebelles
2267 3833 2526 3890 Romanis
2572 3831 2750 3887 effecti
2781 3830 3066 3899 plusquam
3093 3823 3369 3895 octoginta
3413 3817 3584 3873 millia

1989 3934 2322 3984 armatorum
2346 3923 2477 3994 ripa:
2506 3921 2677 3976 Rheni
2714 3919 2861 3972 ﬂuvii
2887 3919 3244 3977 insederunt,
3281 3918 3339 3966 et
3381 3921 3582 3962 nomen

1990 4016 2165 4088 gentis
2193 4014 2569 4069 obtinuerunt.

2064 4106 2340 4162 Saxonum
2373 4117 2507 4175 gens
2531 4102 2583 4155 in
2616 4098 2894 4156 Oceanum
2933 4094 3209 4151 littoribus
3227 4099 3283 4147 et
3306 4086 3588 4161 paludibus

1990 4198 2174 4262 inviis,
2203 4196 2402 4250 virtute
2429 4202 2590 4263 atque
2615 4191 2855 4263 agilitate
2880 4187 3079 4244 habilis
3108 4203 3120 4240 :
3154 4184 3296 4239 unde
3322 4189 3378 4237 et
3403 4178 3587 4250 appelo

1991 4294 2133 4357 lata,
2169 4289 2312 4362 quod
2351 4288 2423 4343 sit
2467 4287 2662 4341 durum
2707 4291 2763 4339 et
2793 4279 3184 4337 validissimum
3219 4289 3388 4345 genus
3412 4269 3591 4327 homi-

1992 4400 2147 4448 num,
2176 4391 2229 4438 et
2253 4388 2514 4452 praestans
2549 4376 2764 4433 caneris
2786 4372 3050 4447 piraticis.

2064 4498 2262 4553 Franci
2310 4511 2341 4550 a
2386 4494 2619 4565 quodam
2653 4489 2871 4561 proprio
2901 4489 3037 4543 duce
3075 4481 3261 4541 vocari
3288 4485 3586 4552 putantur:

1917 4589 1970 4648 D
1996 4590 2086 4645 alii
2127 4604 2223 4644 eos
2263 4603 2294 4642 a
2344 4585 2559 4641 feritate
2606 4597 2823 4638 morum
2864 4583 3206 4647 nuncupatos
3252 4571 3588 4628 existimant.

2000 4680 2140 4735 Sunt
2164 4678 2309 4733 enim
2340 4677 2392 4730 in
2426 4675 2531 4729 illis
2563 4687 2743 4728 mores
2772 4667 3069 4727 inconditi,
3100 4660 3364 4718 naturalis
3394 4655 3594 4713 feroci-

2000 4777 2084 4824 tas
2115 4768 2447 4822 animorum.

2072 4858 2320 4913 Britones
2364 4854 2585 4925 quidam
2640 4850 2837 4906 Latine
2887 4843 3198 4901 nominatos
3244 4837 3595 4908 suspicantur

1998 4963 2064 5004 eo
2107 4945 2249 5018 quod
2288 4945 2435 5001 bruti
2501 4945 2610 5000 sint
2648 4959 2663 4997 :
2705 4954 2841 5013 gens
2878 4936 3040 4991 intra
3095 4931 3369 4988 Oceanum
3427 4927 3597 4983 inter-

2005 5016 2285 5093 fusovmari
2310 5034 2467 5109 quasi
2490 5041 2645 5093 extra
2670 5033 2860 5089 orbem
2898 5025 3107 5099 posita,
3146 5023 3214 5079 de
3249 5020 3447 5093 quibus
3470 5016 3597 5073 Vir-

2001 5129 2166 5201 gilius
2192 5147 2205 5183 :
2928 5170 2932 5174 Α

2164 5234 2174 5241 ’
2567 5237 2692 5288 Toto
2715 5234 2895 5285 divisos
2917 5228 3041 5280 orbe
3062 5228 3323 5278 Britannos

2074 5345 2224 5400 Scoti
2269 5343 2487 5415 propria
2535 5340 2720 5411 lingua
2751 5349 2949 5391 nomen
2993 5329 3199 5387 habent
3233 5345 3263 5382 a
3299 5326 3449 5396 picto
3476 5335 3599 5377 cor-

2000 5452 2154 5507 pore,
2185 5451 2250 5489 eo
2278 5414 2447 5505 quod
2477 5431 2680 5488 aculeis
2712 5428 3051 5484 ferreiscum
3079 5427 3387 5478 atramento
3415 5414 3599 5471 varia-

1952 5538 1957 5541 ‘
2003 5544 2123 5582 rum
2151 5527 2448 5596 ﬁgurarum
2474 5525 2726 5594 stigmate
2752 5521 3099 5575 adnotentur.
3599 5529 3609 5574 ί

2072 5616 2208 5672 Galli
2238 5632 2269 5671 a
2295 5616 2530 5672 candore
2549 5612 2792 5684 corporis
2818 5607 3286 5680 nuncupatisunt:
3311 5601 3428 5674 gala
3453 5599 3601 5655 enim

2004 5709 2192 5767 Graace
2219 5709 2304 5765 lac
2329 5709 2567 5764 dicitur:
2601 5706 2745 5763 unde
2770 5713 2827 5761 ct
2854 5699 3046 5774 sibylla
3079 5697 3159 5755 sic
3198 5709 3294 5752 eos
3331 5687 3596 5763 appellat.

2005 5817 2128 5859 cum
2155 5802 2231 5857 ait
2264 5800 2330 5858 de
2353 5800 2434 5858 eis
2461 5817 2475 5855 :
