  <div class='ocr_page' id='page_1' title='image "/cluster/home/n/w/nwhite01/storage/ocr_20150623/111/hvd.32044009716333/229.png"; bbox 0 0 4038 6324; ppageno 0'>
   <div class='ocr_carea' id='block_1_1' title="bbox 445 320 552 381">
    <p class='ocr_par' dir='ltr' id='par_1_1' title="bbox 445 320 552 381">
     <span class='ocr_line' id='line_1_1' title="bbox 445 320 552 381; baseline -0.028 0"><span class='ocrx_word' id='word_1_1' title='bbox 445 320 552 381; x_wconf 67' lang='lat' dir='ltr'><strong>H3</strong></span> 
     </span>
    </p>
   </div>
   <div class='ocr_carea' id='block_1_2' title="bbox 1245 425 1704 480">
    <p class='ocr_par' dir='ltr' id='par_1_2' title="bbox 1245 425 1704 480">
     <span class='ocr_line' id='line_1_2' title="bbox 1245 425 1704 480; baseline -0.009 0"><span class='ocrx_word' id='word_1_2' title='bbox 1245 426 1384 480; x_wconf 87' lang='lat' dir='ltr'><strong>Tunc</strong></span> <span class='ocrx_word' id='word_1_3' title='bbox 1404 426 1561 479; x_wconf 79' lang='lat' dir='ltr'><strong>lactea</strong></span> <span class='ocrx_word' id='word_1_4' title='bbox 1583 425 1704 477; x_wconf 78' lang='lat' dir='ltr'><strong>colla</strong></span> 
     </span>
    </p>
   </div>
   <div class='ocr_carea' id='block_1_3' title="bbox 700 490 1225 552">
    <p class='ocr_par' dir='ltr' id='par_1_3' title="bbox 700 490 1225 552">
     <span class='ocr_line' id='line_1_3' title="bbox 700 490 1225 552; baseline -0.006 -11"><span class='ocrx_word' id='word_1_5' title='bbox 700 490 830 542; x_wconf 81' lang='lat' dir='ltr'><strong>Auro</strong></span> <span class='ocrx_word' id='word_1_6' title='bbox 864 492 1185 542; x_wconf 75' lang='lat' dir='ltr'><strong>innectuntur</strong></span> <span class='ocrx_word' id='word_1_7' title='bbox 1209 503 1225 552; x_wconf 87' lang='lat'><strong>;</strong></span> 
     </span>
    </p>
   </div>
   <div class='ocr_carea' id='block_1_4' title="bbox 446 589 2031 652">
    <p class='ocr_par' dir='ltr' id='par_1_4' title="bbox 446 589 2031 652">
     <span class='ocr_line' id='line_1_4' title="bbox 446 589 2031 652; baseline -0.006 0"><span class='ocrx_word' id='word_1_8' title='bbox 446 594 741 652; x_wconf 85' lang='lat' dir='ltr'><strong>secundum</strong></span> <span class='ocrx_word' id='word_1_9' title='bbox 773 593 1144 650; x_wconf 71' lang='lat' dir='ltr'><strong>diversitatem</strong></span> <span class='ocrx_word' id='word_1_10' title='bbox 1168 592 1315 648; x_wconf 90' lang='lat' dir='ltr'><strong>enim</strong></span> <span class='ocrx_word' id='word_1_11' title='bbox 1339 592 1465 648; x_wconf 70' lang='grc' dir='ltr'><strong>θαιιί</strong></span> <span class='ocrx_word' id='word_1_12' title='bbox 1486 599 1543 647; x_wconf 90' lang='lat' dir='ltr'><strong>et</strong></span> <span class='ocrx_word' id='word_1_13' title='bbox 1561 590 1727 647; x_wconf 81' lang='lat' dir='ltr'><strong>facies</strong></span> <span class='ocrx_word' id='word_1_14' title='bbox 1750 589 2031 645; x_wconf 83' lang='lat' dir='ltr'><strong>hominum</strong></span> 
     </span>
    </p>
   </div>
   <div class='ocr_carea' id='block_1_5' title="bbox 443 681 2031 756">
    <p class='ocr_par' dir='ltr' id='par_1_5' title="bbox 443 681 2031 756">
     <span class='ocr_line' id='line_1_5' title="bbox 443 681 2031 756; baseline -0.004 -14"><span class='ocrx_word' id='word_1_15' title='bbox 443 695 498 743; x_wconf 90' lang='lat' dir='ltr'><strong>et</strong></span> <span class='ocrx_word' id='word_1_16' title='bbox 531 685 738 742; x_wconf 90' lang='lat' dir='ltr'><strong>colores</strong></span> <span class='ocrx_word' id='word_1_17' title='bbox 765 695 822 741; x_wconf 90' lang='lat' dir='ltr'><strong>et</strong></span> <span class='ocrx_word' id='word_1_18' title='bbox 847 700 1136 756; x_wconf 83' lang='lat' dir='ltr'><strong>corporum</strong></span> <span class='ocrx_word' id='word_1_19' title='bbox 1163 684 1512 754; x_wconf 72' lang='lat' dir='ltr'><strong>quantitates,</strong></span> <span class='ocrx_word' id='word_1_20' title='bbox 1540 691 1596 738; x_wconf 88' lang='lat' dir='ltr'><strong>et</strong></span> <span class='ocrx_word' id='word_1_21' title='bbox 1620 682 1921 737; x_wconf 90' lang='lat' dir='ltr'><strong>animorum</strong></span> <span class='ocrx_word' id='word_1_22' title='bbox 1948 681 2031 737; x_wconf 83' lang='lat' dir='ltr'><strong>di—</strong></span> 
     </span>
    </p>
   </div>
   <div class='ocr_carea' id='block_1_6' title="bbox 445 772 2031 845">
    <p class='ocr_par' dir='ltr' id='par_1_6' title="bbox 445 772 2031 845">
     <span class='ocr_line' id='line_1_6' title="bbox 445 772 2031 845; baseline -0.001 -14"><span class='ocrx_word' id='word_1_23' title='bbox 445 777 733 832; x_wconf 90' lang='lat' dir='ltr'><strong>versitates</strong></span> <span class='ocrx_word' id='word_1_24' title='bbox 776 776 1037 832; x_wconf 83' lang='lat' dir='ltr'><strong>existunt.</strong></span> <span class='ocrx_word' id='word_1_25' title='bbox 1080 775 1210 830; x_wconf 90' lang='lat' dir='ltr'><strong>lnde</strong></span> <span class='ocrx_word' id='word_1_26' title='bbox 1253 774 1532 830; x_wconf 77' lang='lat' dir='ltr'><strong>Romanos</strong></span> <span class='ocrx_word' id='word_1_27' title='bbox 1561 789 1784 845; x_wconf 80' lang='lat' dir='ltr'><strong>graves,</strong></span> <span class='ocrx_word' id='word_1_28' title='bbox 1815 772 2031 829; x_wconf 64' lang='lat' dir='ltr'><strong>Graecos</strong></span> 
     </span>
    </p>
   </div>
   <div class='ocr_carea' id='block_1_7' title="bbox 441 865 2032 939">
    <p class='ocr_par' dir='ltr' id='par_1_7' title="bbox 441 865 2032 939">
     <span class='ocr_line' id='line_1_7' title="bbox 441 865 2032 939; baseline -0.002 -17"><span class='ocrx_word' id='word_1_29' title='bbox 441 868 607 934; x_wconf 91' lang='lat' dir='ltr'><strong>leves,</strong></span> <span class='ocrx_word' id='word_1_30' title='bbox 624 867 785 924; x_wconf 85' lang='lat' dir='ltr'><strong>Afros</strong></span> <span class='ocrx_word' id='word_1_31' title='bbox 812 866 1140 939; x_wconf 79' lang='lat' dir='ltr'><strong>versipelles,</strong></span> <span class='ocrx_word' id='word_1_32' title='bbox 1162 865 1353 922; x_wconf 83' lang='lat' dir='ltr'><strong>Gallos</strong></span> <span class='ocrx_word' id='word_1_33' title='bbox 1381 875 1570 921; x_wconf 87' lang='lat' dir='ltr'><strong>natura</strong></span> <span class='ocrx_word' id='word_1_34' title='bbox 1604 865 1831 932; x_wconf 90' lang='lat' dir='ltr'><strong>feroces,</strong></span> <span class='ocrx_word' id='word_1_35' title='bbox 1858 866 2032 920; x_wconf 88' lang='lat' dir='ltr'><strong>acrio-</strong></span> 
     </span>
    </p>
   </div>
   <div class='ocr_carea' id='block_1_8' title="bbox 441 956 2029 1033">
    <p class='ocr_par' dir='ltr' id='par_1_8' title="bbox 441 956 2029 1033">
     <span class='ocr_line' id='line_1_8' title="bbox 441 956 2029 1033; baseline -0.002 -19"><span class='ocrx_word' id='word_1_36' title='bbox 441 975 533 1015; x_wconf 89' lang='lat' dir='ltr'><strong>res</strong></span> <span class='ocrx_word' id='word_1_37' title='bbox 587 960 803 1033; x_wconf 87' lang='lat' dir='ltr'><strong>ingenio</strong></span> <span class='ocrx_word' id='word_1_38' title='bbox 858 958 1237 1029; x_wconf 84' lang='lat' dir='ltr'><strong>pervidemus;</strong></span> <span class='ocrx_word' id='word_1_39' title='bbox 1299 957 1444 1028; x_wconf 90' lang='lat' dir='ltr'><strong>quod</strong></span> <span class='ocrx_word' id='word_1_40' title='bbox 1499 965 1696 1012; x_wconf 90' lang='lat' dir='ltr'><strong>natura</strong></span> <span class='ocrx_word' id='word_1_41' title='bbox 1749 956 2029 1013; x_wconf 86' lang='lat' dir='ltr'><strong>climatum</strong></span> 
     </span>
    </p>
   </div>
   <div class='ocr_carea' id='block_1_9' title="bbox 445 1047 598 1103">
    <p class='ocr_par' dir='ltr' id='par_1_9' title="bbox 445 1047 598 1103">
     <span class='ocr_line' id='line_1_9' title="bbox 445 1047 598 1103; baseline 0.007 -1"><span class='ocrx_word' id='word_1_42' title='bbox 445 1047 598 1103; x_wconf 91' lang='lat' dir='ltr'><strong>facit.</strong></span> 
     </span>
    </p>
   </div>
   <div class='ocr_carea' id='block_1_10' title="bbox 513 1136 2024 1210">
    <p class='ocr_par' dir='ltr' id='par_1_10' title="bbox 513 1136 2024 1210">
     <span class='ocr_line' id='line_1_10' title="bbox 513 1136 2024 1210; baseline -0.001 -16"><span class='ocrx_word' id='word_1_43' title='bbox 513 1137 650 1194; x_wconf 84' lang='lat' dir='ltr'><strong>Galli</strong></span> <span class='ocrx_word' id='word_1_44' title='bbox 673 1147 853 1194; x_wconf 90' lang='lat' dir='ltr'><strong>autem</strong></span> <span class='ocrx_word' id='word_1_45' title='bbox 877 1137 1139 1206; x_wconf 88' lang='lat' dir='ltr'><strong>Senones,</strong></span> <span class='ocrx_word' id='word_1_46' title='bbox 1168 1138 1467 1210; x_wconf 90' lang='lat' dir='ltr'><strong>antiquitus</strong></span> <span class='ocrx_word' id='word_1_47' title='bbox 1491 1136 1746 1194; x_wconf 81' lang='lat' dir='ltr'><strong>Xenones</strong></span> <span class='ocrx_word' id='word_1_48' title='bbox 1773 1137 2024 1195; x_wconf 86' lang='lat' dir='ltr'><strong>diceban-</strong></span> 
     </span>
    </p>
   </div>
   <div class='ocr_carea' id='block_1_11' title="bbox 441 1229 2028 1302">
    <p class='ocr_par' dir='ltr' id='par_1_11' title="bbox 441 1229 2028 1302">
     <span class='ocr_line' id='line_1_11' title="bbox 441 1229 2028 1302; baseline 0.001 -17"><span class='ocrx_word' id='word_1_49' title='bbox 441 1233 552 1297; x_wconf 73' lang='grc' dir='ltr'><strong>ιω,</strong></span> <span class='ocrx_word' id='word_1_50' title='bbox 586 1229 730 1300; x_wconf 90' lang='lat' dir='ltr'><strong>quod</strong></span> <span class='ocrx_word' id='word_1_51' title='bbox 765 1229 1019 1286; x_wconf 89' lang='lat' dir='ltr'><strong>Liberum</strong></span> <span class='ocrx_word' id='word_1_52' title='bbox 1042 1230 1274 1302; x_wconf 87' lang='lat' dir='ltr'><strong>hospitio</strong></span> <span class='ocrx_word' id='word_1_53' title='bbox 1301 1231 1633 1302; x_wconf 86' lang='lat' dir='ltr'><strong>recepissent</strong></span> <span class='ocrx_word' id='word_1_54' title='bbox 1657 1247 1671 1285; x_wconf 92' lang='lat'><strong>:</strong></span> <span class='ocrx_word' id='word_1_55' title='bbox 1698 1237 1886 1301; x_wconf 88' lang='lat' dir='ltr'><strong>postea</strong></span> <span class='ocrx_word' id='word_1_56' title='bbox 1911 1246 1948 1283; x_wconf 71' lang='grc' dir='ltr'>ω</span> <span class='ocrx_word' id='word_1_57' title='bbox 1972 1230 2028 1286; x_wconf 90' lang='lat' dir='ltr'><strong>in</strong></span> 
     </span>
    </p>
   </div>
   <div class='ocr_carea' id='block_1_12' title="bbox 438 1321 1215 1381">
    <p class='ocr_par' dir='ltr' id='par_1_12' title="bbox 438 1321 1215 1381">
     <span class='ocr_line' id='line_1_12' title="bbox 438 1321 1215 1381; baseline 0.003 -5"><span class='ocrx_word' id='word_1_58' title='bbox 438 1338 466 1376; x_wconf 71' lang='grc' dir='ltr'><strong><em>ε</em></strong></span> <span class='ocrx_word' id='word_1_59' title='bbox 488 1321 722 1378; x_wconf 87' lang='lat' dir='ltr'><strong>litteram</strong></span> <span class='ocrx_word' id='word_1_60' title='bbox 751 1330 1082 1381; x_wconf 87' lang='lat' dir='ltr'><strong>commutata</strong></span> <span class='ocrx_word' id='word_1_61' title='bbox 1111 1330 1215 1378; x_wconf 92' lang='lat' dir='ltr'><strong>est.</strong></span> 
     </span>
    </p>
   </div>
   <div class='ocr_carea' id='block_1_13' title="bbox 511 1413 2031 1486">
    <p class='ocr_par' dir='ltr' id='par_1_13' title="bbox 511 1413 2031 1486">
     <span class='ocr_line' id='line_1_13' title="bbox 511 1413 2031 1486; baseline -0.001 -15"><span class='ocrx_word' id='word_1_62' title='bbox 511 1414 690 1471; x_wconf 75' lang='lat' dir='ltr'><strong>Vacca</strong></span> <span class='ocrx_word' id='word_1_63' title='bbox 716 1413 974 1484; x_wconf 87' lang='lat' dir='ltr'><strong>oppidum</strong></span> <span class='ocrx_word' id='word_1_64' title='bbox 1016 1413 1117 1469; x_wconf 89' lang='lat' dir='ltr'><strong>fuit</strong></span> <span class='ocrx_word' id='word_1_65' title='bbox 1134 1415 1291 1486; x_wconf 85' lang='lat' dir='ltr'><strong>juxta</strong></span> <span class='ocrx_word' id='word_1_66' title='bbox 1315 1414 1629 1485; x_wconf 64' lang='lat' dir='ltr'><strong>Pyenaanm</strong></span> <span class='ocrx_word' id='word_1_67' title='bbox 1652 1455 1666 1480; x_wconf 95' lang='lat'><strong>,</strong></span> <span class='ocrx_word' id='word_1_68' title='bbox 1702 1430 1734 1468; x_wconf 92' lang='lat' dir='ltr'><strong>a</strong></span> <span class='ocrx_word' id='word_1_69' title='bbox 1768 1429 1875 1485; x_wconf 88' lang='lat' dir='ltr'><strong>quo</strong></span> <span class='ocrx_word' id='word_1_70' title='bbox 1904 1423 2031 1470; x_wconf 89' lang='lat' dir='ltr'><strong>sunt</strong></span> 
     </span>
    </p>
   </div>
   <div class='ocr_carea' id='block_1_14' title="bbox 439 1503 2026 1580">
    <p class='ocr_par' dir='ltr' id='par_1_14' title="bbox 439 1503 2026 1580">
     <span class='ocr_line' id='line_1_14' title="bbox 439 1503 2026 1580; baseline 0 -16"><span class='ocrx_word' id='word_1_71' title='bbox 439 1509 812 1580; x_wconf 80' lang='lat' dir='ltr'><strong>cognominati</strong></span> <span class='ocrx_word' id='word_1_72' title='bbox 854 1506 1064 1564; x_wconf 65' lang='lat' dir='ltr'><strong>Vaccaei</strong></span> <span class='ocrx_word' id='word_1_73' title='bbox 1092 1549 1107 1575; x_wconf 93' lang='lat'><strong>,</strong></span> <span class='ocrx_word' id='word_1_74' title='bbox 1164 1509 1232 1564; x_wconf 91' lang='lat' dir='ltr'><strong>de</strong></span> <span class='ocrx_word' id='word_1_75' title='bbox 1283 1508 1483 1579; x_wconf 86' lang='lat' dir='ltr'><strong>quibus</strong></span> <span class='ocrx_word' id='word_1_76' title='bbox 1539 1503 1780 1564; x_wconf 85' lang='lat' dir='ltr'><strong>creditur</strong></span> <span class='ocrx_word' id='word_1_77' title='bbox 1825 1508 2026 1564; x_wconf 71' lang='lat' dir='ltr'><strong>dixisse</strong></span> 
     </span>
    </p>
   </div>
   <div class='ocr_carea' id='block_1_15' title="bbox 436 1608 643 1671">
    <p class='ocr_par' dir='ltr' id='par_1_15' title="bbox 436 1608 643 1671">
     <span class='ocr_line' id='line_1_15' title="bbox 436 1608 643 1671; baseline 0.005 -16"><span class='ocrx_word' id='word_1_78' title='bbox 436 1608 643 1671; x_wconf 83' lang='lat' dir='ltr'><strong>poeta:</strong></span> 
     </span>
    </p>
   </div>
   <div class='ocr_carea' id='block_1_16' title="bbox 688 1753 895 1805">
    <p class='ocr_par' dir='ltr' id='par_1_16' title="bbox 688 1753 895 1805">
     <span class='ocr_line' id='line_1_16' title="bbox 688 1753 895 1805; baseline 0.01 -2"><span class='ocrx_word' id='word_1_79' title='bbox 688 1753 895 1805; x_wconf 73' lang='lat' dir='ltr'><strong>Vacctrl.</strong></span> 
     </span>
    </p>
   </div>
   <div class='ocr_carea' id='block_1_17' title="bbox 437 1856 2018 1930">
    <p class='ocr_par' dir='ltr' id='par_1_17' title="bbox 437 1856 2018 1930">
     <span class='ocr_line' id='line_1_17' title="bbox 437 1856 2018 1930; baseline 0 -17"><span class='ocrx_word' id='word_1_80' title='bbox 437 1856 501 1913; x_wconf 86' lang='lat' dir='ltr'><strong>Hi</strong></span> <span class='ocrx_word' id='word_1_81' title='bbox 528 1858 770 1929; x_wconf 70' lang='lat' dir='ltr'><strong>Pyrenzei</strong></span> <span class='ocrx_word' id='word_1_82' title='bbox 790 1857 936 1930; x_wconf 88' lang='lat' dir='ltr'><strong>jugis</strong></span> <span class='ocrx_word' id='word_1_83' title='bbox 969 1856 1304 1927; x_wconf 90' lang='lat' dir='ltr'><strong>peramplam</strong></span> <span class='ocrx_word' id='word_1_84' title='bbox 1336 1857 1536 1913; x_wconf 91' lang='lat' dir='ltr'><strong>montis</strong></span> <span class='ocrx_word' id='word_1_85' title='bbox 1557 1857 1807 1913; x_wconf 84' lang='lat' dir='ltr'><strong>habitant</strong></span> <span class='ocrx_word' id='word_1_86' title='bbox 1833 1858 2018 1913; x_wconf 88' lang='lat' dir='ltr'><strong>solitu-</strong></span> 
     </span>
    </p>
   </div>
   <div class='ocr_carea' id='block_1_18' title="bbox 433 1949 2016 2020">
    <p class='ocr_par' dir='ltr' id='par_1_18' title="bbox 433 1949 2016 2020">
     <span class='ocr_line' id='line_1_18' title="bbox 433 1949 2016 2020; baseline 0.001 -15"><span class='ocrx_word' id='word_1_87' title='bbox 433 1949 615 2005; x_wconf 88' lang='lat' dir='ltr'><strong>dinem</strong></span> <span class='ocrx_word' id='word_1_88' title='bbox 642 1965 657 2003; x_wconf 89' lang='lat'><strong>:</strong></span> <span class='ocrx_word' id='word_1_89' title='bbox 689 1949 853 2004; x_wconf 90' lang='lat' dir='ltr'><strong>iidem</strong></span> <span class='ocrx_word' id='word_1_90' title='bbox 891 1959 947 2004; x_wconf 90' lang='lat' dir='ltr'><strong>et</strong></span> <span class='ocrx_word' id='word_1_91' title='bbox 983 1949 1291 2016; x_wconf 81' lang='lat' dir='ltr'><strong>Vascones,</strong></span> <span class='ocrx_word' id='word_1_92' title='bbox 1331 1951 1485 2020; x_wconf 89' lang='lat' dir='ltr'><strong>quasi</strong></span> <span class='ocrx_word' id='word_1_93' title='bbox 1513 1952 1823 2019; x_wconf 78' lang='lat' dir='ltr'><strong>Vaccones,</strong></span> <span class='ocrx_word' id='word_1_94' title='bbox 1851 1969 1879 2007; x_wconf 89' lang='lat' dir='ltr'><strong>c</strong></span> <span class='ocrx_word' id='word_1_95' title='bbox 1908 1953 1964 2007; x_wconf 92' lang='lat' dir='ltr'><strong>in</strong></span> <span class='ocrx_word' id='word_1_96' title='bbox 1990 1970 2016 2007; x_wconf 77' lang='grc' dir='ltr'><em>ε</em></span> 
     </span>
    </p>
   </div>
   <div class='ocr_carea' id='block_1_19' title="bbox 434 2039 2010 2115">
    <p class='ocr_par' dir='ltr' id='par_1_19' title="bbox 434 2039 2010 2115">
     <span class='ocr_line' id='line_1_19' title="bbox 434 2039 2010 2115; baseline 0.005 -23"><span class='ocrx_word' id='word_1_97' title='bbox 434 2039 670 2098; x_wconf 86' lang='lat' dir='ltr'><strong>litteram</strong></span> <span class='ocrx_word' id='word_1_98' title='bbox 717 2041 1025 2108; x_wconf 88' lang='lat' dir='ltr'><strong>demutata;</strong></span> <span class='ocrx_word' id='word_1_99' title='bbox 1074 2058 1213 2113; x_wconf 90' lang='lat' dir='ltr'><strong>quos</strong></span> <span class='ocrx_word' id='word_1_100' title='bbox 1264 2042 1442 2099; x_wconf 88' lang='lat' dir='ltr'><strong>Cneus</strong></span> <span class='ocrx_word' id='word_1_101' title='bbox 1502 2043 1824 2115; x_wconf 87' lang='lat' dir='ltr'><strong>Pompeius,</strong></span> <span class='ocrx_word' id='word_1_102' title='bbox 1887 2044 2010 2100; x_wconf 86' lang='lat' dir='ltr'><strong>edo-</strong></span> 
     </span>
    </p>
   </div>
   <div class='ocr_carea' id='block_1_20' title="bbox 435 2130 2017 2205">
    <p class='ocr_par' dir='ltr' id='par_1_20' title="bbox 435 2130 2017 2205">
     <span class='ocr_line' id='line_1_20' title="bbox 435 2130 2017 2205; baseline 0.003 -19"><span class='ocrx_word' id='word_1_103' title='bbox 435 2131 565 2186; x_wconf 85' lang='lat' dir='ltr'><strong>mita</strong></span> <span class='ocrx_word' id='word_1_104' title='bbox 597 2130 887 2202; x_wconf 91' lang='lat' dir='ltr'><strong>Hispania,</strong></span> <span class='ocrx_word' id='word_1_105' title='bbox 936 2132 1002 2188; x_wconf 91' lang='lat' dir='ltr'><strong>ad</strong></span> <span class='ocrx_word' id='word_1_106' title='bbox 1047 2133 1380 2205; x_wconf 81' lang='lat' dir='ltr'><strong>triumphum</strong></span> <span class='ocrx_word' id='word_1_107' title='bbox 1415 2135 1594 2191; x_wconf 89' lang='lat' dir='ltr'><strong>redire</strong></span> <span class='ocrx_word' id='word_1_108' title='bbox 1636 2134 1925 2203; x_wconf 83' lang='lat' dir='ltr'><strong>festinans,</strong></span> <span class='ocrx_word' id='word_1_109' title='bbox 1950 2136 2017 2190; x_wconf 92' lang='lat' dir='ltr'><strong>de</strong></span> 
     </span>
    </p>
   </div>
   <div class='ocr_carea' id='block_1_21' title="bbox 435 2220 2017 2297">
    <p class='ocr_par' dir='ltr' id='par_1_21' title="bbox 435 2220 2017 2297">
     <span class='ocr_line' id='line_1_21' title="bbox 435 2220 2017 2297; baseline 0.003 -21"><span class='ocrx_word' id='word_1_110' title='bbox 435 2220 676 2291; x_wconf 63' lang='lat' dir='ltr'><strong>Pyrenaei</strong></span> <span class='ocrx_word' id='word_1_111' title='bbox 697 2223 843 2294; x_wconf 85' lang='lat' dir='ltr'><strong>jugis</strong></span> <span class='ocrx_word' id='word_1_112' title='bbox 873 2224 1139 2294; x_wconf 90' lang='lat' dir='ltr'><strong>deposuit,</strong></span> <span class='ocrx_word' id='word_1_113' title='bbox 1165 2232 1221 2278; x_wconf 89' lang='lat' dir='ltr'><strong>et</strong></span> <span class='ocrx_word' id='word_1_114' title='bbox 1243 2224 1297 2278; x_wconf 91' lang='lat' dir='ltr'><strong>in</strong></span> <span class='ocrx_word' id='word_1_115' title='bbox 1321 2240 1489 2279; x_wconf 90' lang='lat' dir='ltr'><strong>unum</strong></span> <span class='ocrx_word' id='word_1_116' title='bbox 1514 2226 1769 2296; x_wconf 83' lang='lat' dir='ltr'><strong>oppidum</strong></span> <span class='ocrx_word' id='word_1_117' title='bbox 1791 2241 2017 2297; x_wconf 83' lang='lat' dir='ltr'><strong>congre-</strong></span> 
     </span>
    </p>
   </div>
   <div class='ocr_carea' id='block_1_22' title="bbox 1146 1689 1629 1755">
    <p class='ocr_par' dir='ltr' id='par_1_22' title="bbox 1146 1689 1629 1755">
     <span class='ocr_line' id='line_1_22' title="bbox 1146 1689 1629 1755; baseline 0 -13"><span class='ocrx_word' id='word_1_118' title='bbox 1146 1689 1368 1755; x_wconf 86' lang='lat' dir='ltr'><strong>Lateque</strong></span> <span class='ocrx_word' id='word_1_119' title='bbox 1393 1697 1629 1754; x_wconf 70' lang='lat' dir='ltr'><strong>vagantes</strong></span> 
     </span>
    </p>
   </div>
   <div class='ocr_carea' id='block_1_23' title="bbox 431 2313 2011 2385">
    <p class='ocr_par' dir='ltr' id='par_1_23' title="bbox 431 2313 2011 2385">
     <span class='ocr_line' id='line_1_23' title="bbox 431 2313 2011 2385; baseline 0.004 -20"><span class='ocrx_word' id='word_1_120' title='bbox 431 2313 616 2383; x_wconf 87' lang='lat' dir='ltr'><strong>gavit:</strong></span> <span class='ocrx_word' id='word_1_121' title='bbox 648 2314 791 2369; x_wconf 91' lang='lat' dir='ltr'><strong>unde</strong></span> <span class='ocrx_word' id='word_1_122' title='bbox 834 2323 889 2369; x_wconf 88' lang='lat' dir='ltr'><strong>et</strong></span> <span class='ocrx_word' id='word_1_123' title='bbox 933 2330 1300 2370; x_wconf 83' lang='lat' dir='ltr'><strong>convenarum</strong></span> <span class='ocrx_word' id='word_1_124' title='bbox 1358 2316 1491 2371; x_wconf 85' lang='lat' dir='ltr'><strong>urbs</strong></span> <span class='ocrx_word' id='word_1_125' title='bbox 1540 2331 1736 2370; x_wconf 86' lang='lat' dir='ltr'><strong>nomen</strong></span> <span class='ocrx_word' id='word_1_126' title='bbox 1783 2317 2011 2385; x_wconf 89' lang='lat' dir='ltr'><strong>accepit.</strong></span> 
     </span>
    </p>
   </div>
   <div class='ocr_carea' id='block_1_24' title="bbox 430 2402 2013 2476">
    <p class='ocr_par' dir='ltr' id='par_1_24' title="bbox 430 2402 2013 2476">
     <span class='ocr_line' id='line_1_24' title="bbox 430 2402 2013 2476; baseline 0.003 -19"><span class='ocrx_word' id='word_1_127' title='bbox 430 2402 652 2473; x_wconf 82' lang='lat' dir='ltr'><strong>Hispani</strong></span> <span class='ocrx_word' id='word_1_128' title='bbox 702 2405 769 2460; x_wconf 91' lang='lat' dir='ltr'><strong>ab</strong></span> <span class='ocrx_word' id='word_1_129' title='bbox 817 2405 973 2460; x_wconf 85' lang='lat' dir='ltr'><strong>Ibero</strong></span> <span class='ocrx_word' id='word_1_130' title='bbox 1023 2421 1182 2461; x_wconf 90' lang='lat' dir='ltr'><strong>amne</strong></span> <span class='ocrx_word' id='word_1_131' title='bbox 1230 2405 1465 2476; x_wconf 89' lang='lat' dir='ltr'><strong>primum</strong></span> <span class='ocrx_word' id='word_1_132' title='bbox 1511 2404 1677 2472; x_wconf 89' lang='lat' dir='ltr'><strong>lberi,</strong></span> <span class='ocrx_word' id='word_1_133' title='bbox 1714 2414 1900 2476; x_wconf 80' lang='lat' dir='ltr'><strong>postea</strong></span> <span class='ocrx_word' id='word_1_134' title='bbox 1944 2407 2013 2462; x_wconf 92' lang='lat' dir='ltr'><strong>ab</strong></span> 
     </span>
    </p>
   </div>
   <div class='ocr_carea' id='block_1_25' title="bbox 428 2492 1456 2567">
    <p class='ocr_par' dir='ltr' id='par_1_25' title="bbox 428 2492 1456 2567">
     <span class='ocr_line' id='line_1_25' title="bbox 428 2492 1456 2567; baseline 0.002 -20"><span class='ocrx_word' id='word_1_135' title='bbox 428 2492 647 2564; x_wconf 85' lang='lat' dir='ltr'><strong>Hispalo</strong></span> <span class='ocrx_word' id='word_1_136' title='bbox 670 2493 894 2565; x_wconf 83' lang='lat' dir='ltr'><strong>Hispani</strong></span> <span class='ocrx_word' id='word_1_137' title='bbox 923 2495 1287 2567; x_wconf 79' lang='lat' dir='ltr'><strong>cognominati</strong></span> <span class='ocrx_word' id='word_1_138' title='bbox 1311 2504 1456 2551; x_wconf 91' lang='lat' dir='ltr'><strong>sunt.</strong></span> 
     </span>
    </p>
   </div>
   <div class='ocr_carea' id='block_1_26' title="bbox 496 2586 2012 2661">
    <p class='ocr_par' dir='ltr' id='par_1_26' title="bbox 496 2586 2012 2661">
     <span class='ocr_line' id='line_1_26' title="bbox 496 2586 2012 2661; baseline 0.003 -19"><span class='ocrx_word' id='word_1_139' title='bbox 496 2586 701 2642; x_wconf 89' lang='lat' dir='ltr'><strong>Galleei</strong></span> <span class='ocrx_word' id='word_1_140' title='bbox 743 2603 776 2641; x_wconf 90' lang='lat' dir='ltr'><strong>a</strong></span> <span class='ocrx_word' id='word_1_141' title='bbox 818 2589 1055 2644; x_wconf 83' lang='lat' dir='ltr'><strong>candore</strong></span> <span class='ocrx_word' id='word_1_142' title='bbox 1095 2589 1259 2654; x_wconf 90' lang='lat' dir='ltr'><strong>dicti,</strong></span> <span class='ocrx_word' id='word_1_143' title='bbox 1300 2588 1442 2644; x_wconf 89' lang='lat' dir='ltr'><strong>unde</strong></span> <span class='ocrx_word' id='word_1_144' title='bbox 1489 2596 1545 2644; x_wconf 90' lang='lat' dir='ltr'><strong>et</strong></span> <span class='ocrx_word' id='word_1_145' title='bbox 1585 2588 1757 2656; x_wconf 86' lang='lat' dir='ltr'><strong>Galli;</strong></span> <span class='ocrx_word' id='word_1_146' title='bbox 1790 2590 2012 2661; x_wconf 89' lang='lat' dir='ltr'><strong>reliquis</strong></span> 
     </span>
    </p>
   </div>
   <div class='ocr_carea' id='block_1_27' title="bbox 425 2674 2015 2748">
    <p class='ocr_par' dir='ltr' id='par_1_27' title="bbox 425 2674 2015 2748">
     <span class='ocr_line' id='line_1_27' title="bbox 425 2674 2015 2748; baseline 0.004 -16"><span class='ocrx_word' id='word_1_147' title='bbox 425 2674 569 2732; x_wconf 83' lang='lat' dir='ltr'><strong>enim</strong></span> <span class='ocrx_word' id='word_1_148' title='bbox 592 2674 862 2746; x_wconf 72' lang='lat' dir='ltr'><strong>Hispania:</strong></span> <span class='ocrx_word' id='word_1_149' title='bbox 885 2678 1096 2748; x_wconf 88' lang='lat' dir='ltr'><strong>populis</strong></span> <span class='ocrx_word' id='word_1_150' title='bbox 1119 2680 1458 2736; x_wconf 89' lang='lat' dir='ltr'><strong>candidiores</strong></span> <span class='ocrx_word' id='word_1_151' title='bbox 1480 2680 1740 2735; x_wconf 85' lang='lat' dir='ltr'><strong>existunt.</strong></span> <span class='ocrx_word' id='word_1_152' title='bbox 1767 2680 1831 2736; x_wconf 93' lang='lat' dir='ltr'><strong>lli</strong></span> <span class='ocrx_word' id='word_1_153' title='bbox 1862 2681 2015 2738; x_wconf 66' lang='lat' dir='ltr'><strong>Grae-</strong></span> 
     </span>
    </p>
   </div>
   <div class='ocr_carea' id='block_1_28' title="bbox 424 2766 2007 2845">
    <p class='ocr_par' dir='ltr' id='par_1_28' title="bbox 424 2766 2007 2845">
     <span class='ocr_line' id='line_1_28' title="bbox 424 2766 2007 2845; baseline 0.008 -26"><span class='ocrx_word' id='word_1_154' title='bbox 424 2778 546 2820; x_wconf 91' lang='lat' dir='ltr'><strong>cam</strong></span> <span class='ocrx_word' id='word_1_155' title='bbox 577 2766 678 2821; x_wconf 87' lang='lat' dir='ltr'><strong>sibi</strong></span> <span class='ocrx_word' id='word_1_156' title='bbox 712 2768 977 2839; x_wconf 83' lang='lat' dir='ltr'><strong>originem</strong></span> <span class='ocrx_word' id='word_1_157' title='bbox 1005 2779 1297 2838; x_wconf 89' lang='lat' dir='ltr'><strong>asserunt,</strong></span> <span class='ocrx_word' id='word_1_158' title='bbox 1329 2774 1473 2828; x_wconf 92' lang='lat' dir='ltr'><strong>unde</strong></span> <span class='ocrx_word' id='word_1_159' title='bbox 1499 2783 1554 2829; x_wconf 91' lang='lat' dir='ltr'><strong>et</strong></span> <span class='ocrx_word' id='word_1_160' title='bbox 1583 2774 1815 2829; x_wconf 89' lang='lat' dir='ltr'><strong>naturali</strong></span> <span class='ocrx_word' id='word_1_161' title='bbox 1856 2775 2007 2845; x_wconf 81' lang='lat' dir='ltr'><strong>inge-</strong></span> 
     </span>
    </p>
   </div>
   <div class='ocr_carea' id='block_1_29' title="bbox 424 2859 2010 2935">
    <p class='ocr_par' dir='ltr' id='par_1_29' title="bbox 424 2859 2010 2935">
     <span class='ocr_line' id='line_1_29' title="bbox 424 2859 2010 2935; baseline 0.005 -21"><span class='ocrx_word' id='word_1_162' title='bbox 424 2859 519 2915; x_wconf 86' lang='lat' dir='ltr'><strong>nio</strong></span> <span class='ocrx_word' id='word_1_163' title='bbox 546 2861 744 2918; x_wconf 86' lang='lat' dir='ltr'><strong>callent</strong></span> <span class='ocrx_word' id='word_1_164' title='bbox 768 2880 781 2917; x_wconf 90' lang='lat'><strong>:</strong></span> <span class='ocrx_word' id='word_1_165' title='bbox 808 2864 851 2918; x_wconf 90' lang='lat' dir='ltr'><strong>si</strong></span> <span class='ocrx_word' id='word_1_166' title='bbox 892 2863 1108 2933; x_wconf 86' lang='lat' dir='ltr'><strong>quidem</strong></span> <span class='ocrx_word' id='word_1_167' title='bbox 1134 2873 1255 2934; x_wconf 88' lang='lat' dir='ltr'><strong>post</strong></span> <span class='ocrx_word' id='word_1_168' title='bbox 1277 2865 1438 2921; x_wconf 83' lang='lat' dir='ltr'><strong>finem</strong></span> <span class='ocrx_word' id='word_1_169' title='bbox 1462 2864 1679 2935; x_wconf 90' lang='lat' dir='ltr'><strong>Trojani</strong></span> <span class='ocrx_word' id='word_1_170' title='bbox 1716 2865 1841 2922; x_wconf 90' lang='lat' dir='ltr'><strong>belli</strong></span> <span class='ocrx_word' id='word_1_171' title='bbox 1868 2866 2010 2922; x_wconf 88' lang='lat' dir='ltr'><strong>Teu-</strong></span> 
     </span>
    </p>
   </div>
   <div class='ocr_carea' id='block_1_30' title="bbox 423 2954 2007 3029">
    <p class='ocr_par' dir='ltr' id='par_1_30' title="bbox 423 2954 2007 3029">
     <span class='ocr_line' id='line_1_30' title="bbox 423 2954 2007 3029; baseline 0.003 -20"><span class='ocrx_word' id='word_1_172' title='bbox 423 2968 578 3009; x_wconf 90' lang='lat' dir='ltr'><strong>crum</strong></span> <span class='ocrx_word' id='word_1_173' title='bbox 601 2964 774 3011; x_wconf 91' lang='lat' dir='ltr'><strong>morte</strong></span> <span class='ocrx_word' id='word_1_174' title='bbox 811 2954 994 3026; x_wconf 88' lang='lat' dir='ltr'><strong>Ajacis</strong></span> <span class='ocrx_word' id='word_1_175' title='bbox 1034 2955 1219 3012; x_wconf 90' lang='lat' dir='ltr'><strong>fratris</strong></span> <span class='ocrx_word' id='word_1_176' title='bbox 1242 2957 1490 3023; x_wconf 75' lang='lat' dir='ltr'><strong>invisum</strong></span> <span class='ocrx_word' id='word_1_177' title='bbox 1527 2959 1670 3029; x_wconf 90' lang='lat' dir='ltr'><strong>patri</strong></span> <span class='ocrx_word' id='word_1_178' title='bbox 1702 2958 2007 3026; x_wconf 85' lang='lat' dir='ltr'><strong>Telamoni,</strong></span> 
     </span>
    </p>
   </div>
   <div class='ocr_carea' id='block_1_31' title="bbox 424 3045 2006 3121">
    <p class='ocr_par' dir='ltr' id='par_1_31' title="bbox 424 3045 2006 3121">
     <span class='ocr_line' id='line_1_31' title="bbox 424 3045 2006 3121; baseline 0.004 -21"><span class='ocrx_word' id='word_1_179' title='bbox 424 3045 553 3101; x_wconf 90' lang='lat' dir='ltr'><strong>dum</strong></span> <span class='ocrx_word' id='word_1_180' title='bbox 596 3061 705 3100; x_wconf 93' lang='lat' dir='ltr'><strong>non</strong></span> <span class='ocrx_word' id='word_1_181' title='bbox 745 3046 1079 3117; x_wconf 83' lang='lat' dir='ltr'><strong>reciperetur</strong></span> <span class='ocrx_word' id='word_1_182' title='bbox 1121 3048 1175 3103; x_wconf 94' lang='lat' dir='ltr'><strong>in</strong></span> <span class='ocrx_word' id='word_1_183' title='bbox 1209 3063 1430 3119; x_wconf 78' lang='lat' dir='ltr'><strong>regnum</strong></span> <span class='ocrx_word' id='word_1_184' title='bbox 1456 3090 1471 3115; x_wconf 93' lang='lat'><strong>,</strong></span> <span class='ocrx_word' id='word_1_185' title='bbox 1500 3049 1736 3121; x_wconf 86' lang='lat' dir='ltr'><strong>Cyprum</strong></span> <span class='ocrx_word' id='word_1_186' title='bbox 1781 3065 2006 3106; x_wconf 89' lang='lat' dir='ltr'><strong>conces-</strong></span> 
     </span>
    </p>
   </div>
   <div class='ocr_carea' id='block_1_32' title="bbox 1083 302 3060 401">
    <p class='ocr_par' dir='ltr' id='par_1_32' title="bbox 1083 302 3060 401">
     <span class='ocr_line' id='line_1_32' title="bbox 1083 302 3060 401; baseline -0.005 -26"><span class='ocrx_word' id='word_1_187' title='bbox 1083 316 1150 375; x_wconf 85' lang='lat' dir='ltr'><strong>B.</strong></span> <span class='ocrx_word' id='word_1_188' title='bbox 1186 302 1443 374; x_wconf 75' lang='lat' dir='ltr'><strong>RABANI</strong></span> <span class='ocrx_word' id='word_1_189' title='bbox 1480 314 1701 374; x_wconf 74' lang='grc' dir='ltr'><strong>ΜΑοω</strong></span> <span class='ocrx_word' id='word_1_190' title='bbox 1736 309 2058 401; x_wconf 73' lang='lat' dir='ltr'><strong>ARGHIEP.</strong></span> <span class='ocrx_word' id='word_1_191' title='bbox 2099 309 2411 369; x_wconf 75' lang='lat' dir='ltr'><strong>MOGUNT.</strong></span> <span class='ocrx_word' id='word_1_192' title='bbox 2452 308 2739 368; x_wconf 77' lang='lat' dir='ltr'><strong>OPERUM</strong></span> <span class='ocrx_word' id='word_1_193' title='bbox 2776 308 2958 367; x_wconf 79' lang='lat' dir='ltr'><strong>PARS</strong></span> <span class='ocrx_word' id='word_1_194' title='bbox 2994 309 3060 367; x_wconf 91' lang='lat' dir='ltr'><strong>ll.</strong></span> 
     </span>
    </p>
   </div>
   <div class='ocr_carea' id='block_1_33' title="bbox 3615 310 3751 375">
    <p class='ocr_par' dir='ltr' id='par_1_33' title="bbox 3615 310 3751 375">
     <span class='ocr_line' id='line_1_33' title="bbox 3615 310 3751 375; baseline -0.007 0"><span class='ocrx_word' id='word_1_195' title='bbox 3615 310 3751 375; x_wconf 52' lang='grc' dir='ltr'><strong>ΝΑ</strong></span> 
     </span>
    </p>
   </div>
   <div class='ocr_carea' id='block_1_34' title="bbox 2058 421 3743 494">
    <p class='ocr_par' dir='ltr' id='par_1_34' title="bbox 2058 421 3743 494">
     <span class='ocr_line' id='line_1_34' title="bbox 2058 421 3743 494; baseline 0.002 -15"><span class='ocrx_word' id='word_1_196' title='bbox 2058 427 2108 487; x_wconf 78' lang='grc' dir='ltr'><strong>Δ</strong></span> <span class='ocrx_word' id='word_1_197' title='bbox 2135 422 2602 494; x_wconf 82' lang='lat' dir='ltr'><strong>consanguinitate</strong></span> <span class='ocrx_word' id='word_1_198' title='bbox 2634 422 2965 493; x_wconf 84' lang='lat' dir='ltr'><strong>prepinquos</strong></span> <span class='ocrx_word' id='word_1_199' title='bbox 2987 421 3091 478; x_wconf 90' lang='lat' dir='ltr'><strong>sibi</strong></span> <span class='ocrx_word' id='word_1_200' title='bbox 3118 436 3334 479; x_wconf 86' lang='lat' dir='ltr'><strong>vocare.</strong></span> <span class='ocrx_word' id='word_1_201' title='bbox 3358 423 3600 482; x_wconf 85' lang='lat' dir='ltr'><strong>Africam</strong></span> <span class='ocrx_word' id='word_1_202' title='bbox 3624 443 3743 483; x_wconf 79' lang='lat' dir='ltr'><strong>au-</strong></span> 
     </span>
    </p>
   </div>
   <div class='ocr_carea' id='block_1_35' title="bbox 2133 516 3748 593">
    <p class='ocr_par' dir='ltr' id='par_1_35' title="bbox 2133 516 3748 593">
     <span class='ocr_line' id='line_1_35' title="bbox 2133 516 3748 593; baseline 0.005 -21"><span class='ocrx_word' id='word_1_203' title='bbox 2133 523 2243 572; x_wconf 89' lang='lat' dir='ltr'><strong>tem</strong></span> <span class='ocrx_word' id='word_1_204' title='bbox 2269 516 2324 572; x_wconf 93' lang='lat' dir='ltr'><strong>in</strong></span> <span class='ocrx_word' id='word_1_205' title='bbox 2346 516 2500 572; x_wconf 91' lang='lat' dir='ltr'><strong>initio</strong></span> <span class='ocrx_word' id='word_1_206' title='bbox 2519 530 2717 573; x_wconf 91' lang='lat' dir='ltr'><strong>nomen</strong></span> <span class='ocrx_word' id='word_1_207' title='bbox 2733 517 2971 573; x_wconf 86' lang='lat' dir='ltr'><strong>habuere</strong></span> <span class='ocrx_word' id='word_1_208' title='bbox 2992 517 3207 590; x_wconf 83' lang='lat' dir='ltr'><strong>Libyes,</strong></span> <span class='ocrx_word' id='word_1_209' title='bbox 3232 518 3427 575; x_wconf 89' lang='lat' dir='ltr'><strong>deinde</strong></span> <span class='ocrx_word' id='word_1_210' title='bbox 3437 519 3580 586; x_wconf 78' lang='lat' dir='ltr'><strong>Afri,</strong></span> <span class='ocrx_word' id='word_1_211' title='bbox 3602 532 3748 593; x_wconf 80' lang='lat' dir='ltr'><strong>post</strong></span> 
     </span>
    </p>
   </div>
   <div class='ocr_carea' id='block_1_36' title="bbox 2133 604 3745 678">
    <p class='ocr_par' dir='ltr' id='par_1_36' title="bbox 2133 604 3745 678">
     <span class='ocr_line' id='line_1_36' title="bbox 2133 604 3745 678; baseline 0.002 -15"><span class='ocrx_word' id='word_1_212' title='bbox 2133 607 2237 663; x_wconf 87' lang='lat' dir='ltr'><strong>hoc</strong></span> <span class='ocrx_word' id='word_1_213' title='bbox 2257 604 2457 674; x_wconf 43' lang='lat' dir='ltr'><strong>Ge’tuli,</strong></span> <span class='ocrx_word' id='word_1_214' title='bbox 2472 616 2751 678; x_wconf 90' lang='lat' dir='ltr'><strong>postremo</strong></span> <span class='ocrx_word' id='word_1_215' title='bbox 2772 607 2944 663; x_wconf 83' lang='lat' dir='ltr'><strong>Mauri</strong></span> <span class='ocrx_word' id='word_1_216' title='bbox 2971 616 3029 664; x_wconf 86' lang='lat' dir='ltr'><strong>et</strong></span> <span class='ocrx_word' id='word_1_217' title='bbox 3050 607 3313 665; x_wconf 72' lang='lat' dir='ltr'><strong>Numidze.</strong></span> <span class='ocrx_word' id='word_1_218' title='bbox 3344 608 3521 666; x_wconf 83' lang='lat' dir='ltr'><strong>Mauri</strong></span> <span class='ocrx_word' id='word_1_219' title='bbox 3542 620 3597 667; x_wconf 90' lang='lat' dir='ltr'><strong>et</strong></span> <span class='ocrx_word' id='word_1_220' title='bbox 3615 611 3745 667; x_wconf 81' lang='lat' dir='ltr'><strong>Nu-</strong></span> 
     </span>
    </p>
   </div>
   <div class='ocr_carea' id='block_1_37' title="bbox 2131 696 3743 769">
    <p class='ocr_par' dir='ltr' id='par_1_37' title="bbox 2131 696 3743 769">
     <span class='ocr_line' id='line_1_37' title="bbox 2131 696 3743 769; baseline 0.002 -16"><span class='ocrx_word' id='word_1_221' title='bbox 2131 696 2290 753; x_wconf 62' lang='lat' dir='ltr'><strong>midae</strong></span> <span class='ocrx_word' id='word_1_222' title='bbox 2311 697 2391 769; x_wconf 92' lang='lat' dir='ltr'><strong>(ut</strong></span> <span class='ocrx_word' id='word_1_223' title='bbox 2407 697 2522 752; x_wconf 84' lang='lat' dir='ltr'><strong>Afri</strong></span> <span class='ocrx_word' id='word_1_224' title='bbox 2543 697 2759 769; x_wconf 89' lang='lat' dir='ltr'><strong>putant)</strong></span> <span class='ocrx_word' id='word_1_225' title='bbox 2781 697 2860 753; x_wconf 91' lang='lat' dir='ltr'><strong>sic</strong></span> <span class='ocrx_word' id='word_1_226' title='bbox 2880 705 3231 769; x_wconf 88' lang='lat' dir='ltr'><strong>sumpserunt</strong></span> <span class='ocrx_word' id='word_1_227' title='bbox 3250 699 3535 755; x_wconf 77' lang='lat' dir='ltr'><strong>exordium</strong></span> <span class='ocrx_word' id='word_1_228' title='bbox 3556 710 3613 756; x_wconf 88' lang='lat' dir='ltr'><strong>et</strong></span> <span class='ocrx_word' id='word_1_229' title='bbox 3633 717 3743 757; x_wconf 84' lang='lat' dir='ltr'><strong>vo-</strong></span> 
     </span>
    </p>
   </div>
   <div class='ocr_carea' id='block_1_38' title="bbox 2129 788 3711 862">
    <p class='ocr_par' dir='ltr' id='par_1_38' title="bbox 2129 788 3711 862">
     <span class='ocr_line' id='line_1_38' title="bbox 2129 788 3711 862; baseline 0.003 -16"><span class='ocrx_word' id='word_1_230' title='bbox 2129 788 2404 846; x_wconf 83' lang='lat' dir='ltr'><strong>cabulum.</strong></span> <span class='ocrx_word' id='word_1_231' title='bbox 2421 789 2558 846; x_wconf 84' lang='lat' dir='ltr'><strong>Nam</strong></span> <span class='ocrx_word' id='word_1_232' title='bbox 2575 800 2857 861; x_wconf 85' lang='lat' dir='ltr'><strong>postquam</strong></span> <span class='ocrx_word' id='word_1_233' title='bbox 2872 792 2927 846; x_wconf 90' lang='lat' dir='ltr'><strong>in</strong></span> <span class='ocrx_word' id='word_1_234' title='bbox 2943 790 3199 862; x_wconf 84' lang='lat' dir='ltr'><strong>Hispania</strong></span> <span class='ocrx_word' id='word_1_235' title='bbox 3215 790 3478 849; x_wconf 84' lang='lat' dir='ltr'><strong>Hercules</strong></span> <span class='ocrx_word' id='word_1_236' title='bbox 3489 794 3711 852; x_wconf 83' lang='lat' dir='ltr'><strong>interiit</strong></span> 
     </span>
    </p>
   </div>
   <div class='ocr_carea' id='block_1_39' title="bbox 2130 879 3775 954">
    <p class='ocr_par' dir='ltr' id='par_1_39' title="bbox 2130 879 3775 954">
     <span class='ocr_line' id='line_1_39' title="bbox 2130 879 3775 954; baseline 0.004 -20"><span class='ocrx_word' id='word_1_237' title='bbox 2130 889 2184 934; x_wconf 90' lang='lat' dir='ltr'><strong>et</strong></span> <span class='ocrx_word' id='word_1_238' title='bbox 2194 880 2466 936; x_wconf 79' lang='lat' dir='ltr'><strong>exercitus</strong></span> <span class='ocrx_word' id='word_1_239' title='bbox 2477 879 2592 949; x_wconf 89' lang='lat' dir='ltr'><strong>ejus</strong></span> <span class='ocrx_word' id='word_1_240' title='bbox 2605 882 2850 953; x_wconf 89' lang='lat' dir='ltr'><strong>eomposi</strong></span> <span class='ocrx_word' id='word_1_241' title='bbox 2858 889 2943 938; x_wconf 92' lang='lat' dir='ltr'><strong>tus</strong></span> <span class='ocrx_word' id='word_1_242' title='bbox 2964 897 3035 939; x_wconf 79' lang='lat' dir='ltr'><strong>ex</strong></span> <span class='ocrx_word' id='word_1_243' title='bbox 3054 882 3221 938; x_wconf 84' lang='lat' dir='ltr'><strong>variis</strong></span> <span class='ocrx_word' id='word_1_244' title='bbox 3232 883 3502 954; x_wconf 82' lang='lat' dir='ltr'><strong>gentibus,</strong></span> <span class='ocrx_word' id='word_1_245' title='bbox 3516 887 3713 947; x_wconf 71' lang='lat' dir='ltr'><strong>amissi</strong></span> <span class='ocrx_word' id='word_1_246' title='bbox 3760 880 3775 889; x_wconf 64' lang='grc'><strong><em>³</em></strong></span> 
     </span>
    </p>
   </div>
   <div class='ocr_carea' id='block_1_40' title="bbox 2130 971 3721 1043">
    <p class='ocr_par' dir='ltr' id='par_1_40' title="bbox 2130 971 3721 1043">
     <span class='ocr_line' id='line_1_40' title="bbox 2130 971 3721 1043; baseline 0.004 -17"><span class='ocrx_word' id='word_1_247' title='bbox 2130 971 2305 1043; x_wconf 74' lang='lat' dir='ltr'><strong>duce,</strong></span> <span class='ocrx_word' id='word_1_248' title='bbox 2319 972 2521 1043; x_wconf 89' lang='lat' dir='ltr'><strong>passim</strong></span> <span class='ocrx_word' id='word_1_249' title='bbox 2548 971 2654 1027; x_wconf 85' lang='lat' dir='ltr'><strong>sibi</strong></span> <span class='ocrx_word' id='word_1_250' title='bbox 2679 971 2835 1028; x_wconf 83' lang='lat' dir='ltr'><strong>sedes</strong></span> <span class='ocrx_word' id='word_1_251' title='bbox 2854 972 3184 1043; x_wconf 69' lang='lat' dir='ltr'><strong>qumvebant,</strong></span> <span class='ocrx_word' id='word_1_252' title='bbox 3219 982 3273 1029; x_wconf 88' lang='lat' dir='ltr'><strong>et</strong></span> <span class='ocrx_word' id='word_1_253' title='bbox 3299 989 3375 1031; x_wconf 75' lang='lat' dir='ltr'><strong>ex</strong></span> <span class='ocrx_word' id='word_1_254' title='bbox 3396 989 3466 1031; x_wconf 77' lang='lat' dir='ltr'><strong>eo</strong></span> <span class='ocrx_word' id='word_1_255' title='bbox 3491 989 3721 1034; x_wconf 63' lang='lat' dir='ltr'><strong>numera</strong></span> 
     </span>
    </p>
   </div>
   <div class='ocr_carea' id='block_1_41' title="bbox 2132 1061 3731 1139">
    <p class='ocr_par' dir='ltr' id='par_1_41' title="bbox 2132 1061 3731 1139">
     <span class='ocr_line' id='line_1_41' title="bbox 2132 1061 3731 1139; baseline 0.003 -20"><span class='ocrx_word' id='word_1_256' title='bbox 2132 1061 2299 1139; x_wconf 76' lang='lat' dir='ltr'><strong>Medi,</strong></span> <span class='ocrx_word' id='word_1_257' title='bbox 2316 1062 2493 1119; x_wconf 66' lang='lat' dir='ltr'><strong>Persae</strong></span> <span class='ocrx_word' id='word_1_258' title='bbox 2516 1072 2572 1118; x_wconf 87' lang='lat' dir='ltr'><strong>et</strong></span> <span class='ocrx_word' id='word_1_259' title='bbox 2608 1062 2830 1120; x_wconf 89' lang='lat' dir='ltr'><strong>Armeni</strong></span> <span class='ocrx_word' id='word_1_260' title='bbox 2856 1063 3084 1121; x_wconf 87' lang='lat' dir='ltr'><strong>navibus</strong></span> <span class='ocrx_word' id='word_1_261' title='bbox 3108 1064 3351 1121; x_wconf 87' lang='lat' dir='ltr'><strong>Africam</strong></span> <span class='ocrx_word' id='word_1_262' title='bbox 3379 1069 3684 1124; x_wconf 84' lang='lat' dir='ltr'><strong>transvecti</strong></span> <span class='ocrx_word' id='word_1_263' title='bbox 3710 1109 3731 1134; x_wconf 90' lang='lat'><strong>,</strong></span> 
     </span>
    </p>
   </div>
   <div class='ocr_carea' id='block_1_42' title="bbox 2128 1154 3739 1227">
    <p class='ocr_par' dir='ltr' id='par_1_42' title="bbox 2128 1154 3739 1227">
     <span class='ocr_line' id='line_1_42' title="bbox 2128 1154 3739 1227; baseline 0.002 -17"><span class='ocrx_word' id='word_1_264' title='bbox 2128 1154 2373 1225; x_wconf 73' lang='lat' dir='ltr'><strong>proxima</strong></span> <span class='ocrx_word' id='word_1_265' title='bbox 2393 1154 2529 1210; x_wconf 92' lang='lat' dir='ltr'><strong>mari</strong></span> <span class='ocrx_word' id='word_1_266' title='bbox 2554 1154 2672 1211; x_wconf 89' lang='lat' dir='ltr'><strong>loca</strong></span> <span class='ocrx_word' id='word_1_267' title='bbox 2695 1171 3048 1227; x_wconf 88' lang='lat' dir='ltr'><strong>occupavere.</strong></span> <span class='ocrx_word' id='word_1_268' title='bbox 3065 1154 3172 1212; x_wconf 90' lang='lat' dir='ltr'><strong>Sed</strong></span> <span class='ocrx_word' id='word_1_269' title='bbox 3192 1156 3375 1213; x_wconf 72' lang='lat' dir='ltr'><strong>Persa:</strong></span> <span class='ocrx_word' id='word_1_270' title='bbox 3398 1159 3523 1213; x_wconf 90' lang='lat' dir='ltr'><strong>dum</strong></span> <span class='ocrx_word' id='word_1_271' title='bbox 3546 1167 3739 1214; x_wconf 83' lang='lat' dir='ltr'><strong>mate-</strong></span> 
     </span>
    </p>
   </div>
   <div class='ocr_carea' id='block_1_43' title="bbox 2130 1246 3737 1317">
    <p class='ocr_par' dir='ltr' id='par_1_43' title="bbox 2130 1246 3737 1317">
     <span class='ocr_line' id='line_1_43' title="bbox 2130 1246 3737 1317; baseline 0.003 -18"><span class='ocrx_word' id='word_1_272' title='bbox 2130 1246 2267 1300; x_wconf 87' lang='lat' dir='ltr'><strong>riam</strong></span> <span class='ocrx_word' id='word_1_273' title='bbox 2291 1246 2344 1300; x_wconf 91' lang='lat' dir='ltr'><strong>in</strong></span> <span class='ocrx_word' id='word_1_274' title='bbox 2374 1247 2522 1317; x_wconf 88' lang='lat' dir='ltr'><strong>agris</strong></span> <span class='ocrx_word' id='word_1_275' title='bbox 2546 1262 2647 1317; x_wconf 88' lang='lat' dir='ltr'><strong>pro</strong></span> <span class='ocrx_word' id='word_1_276' title='bbox 2668 1248 3347 1306; x_wconf 82' lang='lat' dir='ltr'><strong>construendisdomiciliis</strong></span> <span class='ocrx_word' id='word_1_277' title='bbox 3373 1265 3480 1305; x_wconf 88' lang='lat' dir='ltr'><strong>non</strong></span> <span class='ocrx_word' id='word_1_278' title='bbox 3504 1250 3737 1305; x_wconf 87' lang='lat' dir='ltr'><strong>inveni-</strong></span> 
     </span>
    </p>
   </div>
   <div class='ocr_carea' id='block_1_44' title="bbox 2128 1336 3732 1411">
    <p class='ocr_par' dir='ltr' id='par_1_44' title="bbox 2128 1336 3732 1411">
     <span class='ocr_line' id='line_1_44' title="bbox 2128 1336 3732 1411; baseline 0.002 -19"><span class='ocrx_word' id='word_1_279' title='bbox 2128 1336 2280 1402; x_wconf 68' lang='lat' dir='ltr'><strong>mnt,</strong></span> <span class='ocrx_word' id='word_1_280' title='bbox 2299 1345 2361 1393; x_wconf 73' lang='grc' dir='ltr'><strong>οι</strong></span> <span class='ocrx_word' id='word_1_281' title='bbox 2389 1337 2570 1405; x_wconf 81' lang='lat' dir='ltr'><strong>ignota</strong></span> <span class='ocrx_word' id='word_1_282' title='bbox 2597 1337 2777 1410; x_wconf 84' lang='lat' dir='ltr'><strong>lingua</strong></span> <span class='ocrx_word' id='word_1_283' title='bbox 2810 1340 3197 1397; x_wconf 84' lang='lat' dir='ltr'><strong>commercium</strong></span> <span class='ocrx_word' id='word_1_284' title='bbox 3242 1340 3593 1409; x_wconf 90' lang='lat' dir='ltr'><strong>prohiberet:</strong></span> <span class='ocrx_word' id='word_1_285' title='bbox 3618 1357 3732 1411; x_wconf 88' lang='lat' dir='ltr'><strong>per</strong></span> 
     </span>
    </p>
   </div>
   <div class='ocr_carea' id='block_1_45' title="bbox 2127 1434 3729 1507">
    <p class='ocr_par' dir='ltr' id='par_1_45' title="bbox 2127 1434 3729 1507">
     <span class='ocr_line' id='line_1_45' title="bbox 2127 1434 3729 1507; baseline 0.002 -19"><span class='ocrx_word' id='word_1_286' title='bbox 2127 1440 2375 1503; x_wconf 86' lang='lat' dir='ltr'><strong>patentes</strong></span> <span class='ocrx_word' id='word_1_287' title='bbox 2397 1448 2557 1506; x_wconf 81' lang='lat' dir='ltr'><strong>agros</strong></span> <span class='ocrx_word' id='word_1_288' title='bbox 2581 1443 2636 1489; x_wconf 90' lang='lat' dir='ltr'><strong>et</strong></span> <span class='ocrx_word' id='word_1_289' title='bbox 2667 1434 2909 1490; x_wconf 87' lang='lat' dir='ltr'><strong>diversas</strong></span> <span class='ocrx_word' id='word_1_290' title='bbox 2931 1434 3248 1491; x_wconf 85' lang='lat' dir='ltr'><strong>solitudines</strong></span> <span class='ocrx_word' id='word_1_291' title='bbox 3278 1436 3639 1507; x_wconf 81' lang='lat' dir='ltr'><strong>vagabantur,</strong></span> <span class='ocrx_word' id='word_1_292' title='bbox 3659 1446 3729 1492; x_wconf 81' lang='lat' dir='ltr'><strong>et</strong></span> 
     </span>
    </p>
   </div>
   <div class='ocr_carea' id='block_1_46' title="bbox 2126 1526 3727 1599">
    <p class='ocr_par' dir='ltr' id='par_1_46' title="bbox 2126 1526 3727 1599">
     <span class='ocr_line' id='line_1_46' title="bbox 2126 1526 3727 1599; baseline 0.001 -18"><span class='ocrx_word' id='word_1_293' title='bbox 2126 1526 2685 1596; x_wconf 88' lang='lat' dir='ltr'><strong>perambulationibus</strong></span> <span class='ocrx_word' id='word_1_294' title='bbox 2722 1528 3093 1598; x_wconf 87' lang='lat' dir='ltr'><strong>vagabundis,</strong></span> <span class='ocrx_word' id='word_1_295' title='bbox 3136 1528 3457 1598; x_wconf 88' lang='lat' dir='ltr'><strong>semetipsos</strong></span> <span class='ocrx_word' id='word_1_296' title='bbox 3497 1530 3727 1599; x_wconf 80' lang='lat' dir='ltr'><strong>propria</strong></span> 
     </span>
    </p>
   </div>
   <div class='ocr_carea' id='block_1_47' title="bbox 2125 1617 3725 1692">
    <p class='ocr_par' dir='ltr' id='par_1_47' title="bbox 2125 1617 3725 1692">
     <span class='ocr_line' id='line_1_47' title="bbox 2125 1617 3725 1692; baseline 0.003 -18"><span class='ocrx_word' id='word_1_297' title='bbox 2125 1618 2310 1690; x_wconf 84' lang='lat' dir='ltr'><strong>lingua</strong></span> <span class='ocrx_word' id='word_1_298' title='bbox 2345 1617 2605 1675; x_wconf 83' lang='lat' dir='ltr'><strong>Numidas</strong></span> <span class='ocrx_word' id='word_1_299' title='bbox 2649 1619 3078 1692; x_wconf 85' lang='lat' dir='ltr'><strong>appellaverunt,</strong></span> <span class='ocrx_word' id='word_1_300' title='bbox 3114 1619 3168 1675; x_wconf 91' lang='lat' dir='ltr'><strong>id</strong></span> <span class='ocrx_word' id='word_1_301' title='bbox 3190 1627 3274 1676; x_wconf 90' lang='lat' dir='ltr'><strong>est</strong></span> <span class='ocrx_word' id='word_1_302' title='bbox 3290 1660 3317 1680; x_wconf 91' lang='lat'><strong>..</strong></span> <span class='ocrx_word' id='word_1_303' title='bbox 3351 1619 3470 1675; x_wconf 90' lang='lat' dir='ltr'><strong>sine</strong></span> <span class='ocrx_word' id='word_1_304' title='bbox 3518 1621 3725 1690; x_wconf 88' lang='lat' dir='ltr'><strong>oppido</strong></span> 
     </span>
    </p>
   </div>
   <div class='ocr_carea' id='block_1_48' title="bbox 2126 1700 2661 1785">
    <p class='ocr_par' dir='ltr' id='par_1_48' title="bbox 2126 1700 2661 1785">
     <span class='ocr_line' id='line_1_48' title="bbox 2126 1700 2661 1785; baseline 0.002 -17"><span class='ocrx_word' id='word_1_305' title='bbox 2126 1729 2294 1785; x_wconf 86' lang='lat' dir='ltr'><strong>vagos</strong></span> <span class='ocrx_word' id='word_1_306' title='bbox 2320 1722 2375 1768; x_wconf 91' lang='lat' dir='ltr'><strong>et</strong></span> <span class='ocrx_word' id='word_1_307' title='bbox 2395 1700 2661 1769; x_wconf 84' lang='lat' dir='ltr'><strong>errantes.</strong></span> 
     </span>
    </p>
   </div>
   <div class='ocr_carea' id='block_1_49' title="bbox 2051 1777 3718 1878">
    <p class='ocr_par' dir='ltr' id='par_1_49' title="bbox 2051 1777 3718 1878">
     <span class='ocr_line' id='line_1_49' title="bbox 2051 1777 3718 1878; baseline 0 -18"><span class='ocrx_word' id='word_1_308' title='bbox 2051 1777 2101 1838; x_wconf 76' lang='grc' dir='ltr'><strong>Β</strong></span> <span class='ocrx_word' id='word_1_309' title='bbox 2198 1777 2336 1867; x_wconf 61' lang='lat' dir='ltr'><strong>Hedi</strong></span> <span class='ocrx_word' id='word_1_310' title='bbox 2366 1812 2549 1860; x_wconf 87' lang='lat' dir='ltr'><strong>autem</strong></span> <span class='ocrx_word' id='word_1_311' title='bbox 2576 1821 2699 1861; x_wconf 90' lang='lat' dir='ltr'><strong>cum</strong></span> <span class='ocrx_word' id='word_1_312' title='bbox 2727 1805 2914 1878; x_wconf 88' lang='lat' dir='ltr'><strong>Libyis</strong></span> <span class='ocrx_word' id='word_1_313' title='bbox 2939 1822 2998 1863; x_wconf 92' lang='lat' dir='ltr'><strong>se</strong></span> <span class='ocrx_word' id='word_1_314' title='bbox 3023 1807 3382 1874; x_wconf 85' lang='lat' dir='ltr'><strong>miscuerunt,</strong></span> <span class='ocrx_word' id='word_1_315' title='bbox 3408 1808 3501 1877; x_wconf 92' lang='lat' dir='ltr'><strong>qui</strong></span> <span class='ocrx_word' id='word_1_316' title='bbox 3523 1806 3718 1876; x_wconf 71' lang='lat' dir='ltr'><strong>proxi-</strong></span> 
     </span>
    </p>
   </div>
   <div class='ocr_carea' id='block_1_50' title="bbox 2120 1898 3723 1971">
    <p class='ocr_par' dir='ltr' id='par_1_50' title="bbox 2120 1898 3723 1971">
     <span class='ocr_line' id='line_1_50' title="bbox 2120 1898 3723 1971; baseline 0 -18"><span class='ocrx_word' id='word_1_317' title='bbox 2120 1913 2262 1954; x_wconf 88' lang='lat' dir='ltr'><strong>mam</strong></span> <span class='ocrx_word' id='word_1_318' title='bbox 2292 1898 2603 1968; x_wconf 90' lang='lat' dir='ltr'><strong>Hispaniam</strong></span> <span class='ocrx_word' id='word_1_319' title='bbox 2627 1898 3290 1971; x_wconf 73' lang='lat' dir='ltr'><strong>inbabitabant,‘quorum</strong></span> <span class='ocrx_word' id='word_1_320' title='bbox 3311 1916 3507 1955; x_wconf 89' lang='lat' dir='ltr'><strong>nomen</strong></span> <span class='ocrx_word' id='word_1_321' title='bbox 3532 1898 3723 1970; x_wconf 88' lang='lat' dir='ltr'><strong>paula-</strong></span> 
     </span>
    </p>
   </div>
   <div class='ocr_carea' id='block_1_51' title="bbox 2122 1989 3735 2062">
    <p class='ocr_par' dir='ltr' id='par_1_51' title="bbox 2122 1989 3735 2062">
     <span class='ocr_line' id='line_1_51' title="bbox 2122 1989 3735 2062; baseline 0 -17"><span class='ocrx_word' id='word_1_322' title='bbox 2122 1991 2217 2045; x_wconf 88' lang='lat' dir='ltr'><strong>tim</strong></span> <span class='ocrx_word' id='word_1_323' title='bbox 2240 1989 2435 2061; x_wconf 82' lang='lat' dir='ltr'><strong>Libyes</strong></span> <span class='ocrx_word' id='word_1_324' title='bbox 2473 2000 2858 2060; x_wconf 89' lang='lat' dir='ltr'><strong>corruperunt,</strong></span> <span class='ocrx_word' id='word_1_325' title='bbox 2894 1992 3127 2047; x_wconf 87' lang='lat' dir='ltr'><strong>barbara</strong></span> <span class='ocrx_word' id='word_1_326' title='bbox 3161 1990 3340 2062; x_wconf 88' lang='lat' dir='ltr'><strong>lingua</strong></span> <span class='ocrx_word' id='word_1_327' title='bbox 3371 1990 3585 2047; x_wconf 79' lang='lat' dir='ltr'><strong>Mauros</strong></span> <span class='ocrx_word' id='word_1_328' title='bbox 3611 2007 3735 2062; x_wconf 83' lang='lat' dir='ltr'><strong>pro-</strong></span> 
     </span>
    </p>
   </div>
   <div class='ocr_carea' id='block_1_52' title="bbox 2119 2082 3712 2155">
    <p class='ocr_par' dir='ltr' id='par_1_52' title="bbox 2119 2082 3712 2155">
     <span class='ocr_line' id='line_1_52' title="bbox 2119 2082 3712 2155; baseline -0.001 -16"><span class='ocrx_word' id='word_1_329' title='bbox 2119 2082 2289 2140; x_wconf 77' lang='lat' dir='ltr'><strong>Medis</strong></span> <span class='ocrx_word' id='word_1_330' title='bbox 2324 2084 2656 2155; x_wconf 89' lang='lat' dir='ltr'><strong>appellantes</strong></span> <span class='ocrx_word' id='word_1_331' title='bbox 2680 2126 2696 2150; x_wconf 94' lang='lat'><strong>,</strong></span> <span class='ocrx_word' id='word_1_332' title='bbox 2731 2085 2859 2140; x_wconf 90' lang='lat' dir='ltr'><strong>licet</strong></span> <span class='ocrx_word' id='word_1_333' title='bbox 2895 2085 3066 2139; x_wconf 82' lang='lat' dir='ltr'><strong>Mauri</strong></span> <span class='ocrx_word' id='word_1_334' title='bbox 3106 2085 3176 2140; x_wconf 90' lang='lat' dir='ltr'><strong>ob</strong></span> <span class='ocrx_word' id='word_1_335' title='bbox 3214 2084 3451 2140; x_wconf 84' lang='lat' dir='ltr'><strong>(olorem</strong></span> <span class='ocrx_word' id='word_1_336' title='bbox 3486 2100 3516 2138; x_wconf 89' lang='lat' dir='ltr'><strong>a</strong></span> <span class='ocrx_word' id='word_1_337' title='bbox 3552 2083 3712 2139; x_wconf 77' lang='lat' dir='ltr'><strong>Cm:-</strong></span> 
     </span>
    </p>
   </div>
   <div class='ocr_carea' id='block_1_53' title="bbox 2117 2164 3711 2247">
    <p class='ocr_par' dir='ltr' id='par_1_53' title="bbox 2117 2164 3711 2247">
     <span class='ocr_line' id='line_1_53' title="bbox 2117 2164 3711 2247; baseline 0.002 -21"><span class='ocrx_word' id='word_1_338' title='bbox 2117 2172 2198 2227; x_wconf 88' lang='lat' dir='ltr'><strong>cis</strong></span> <span class='ocrx_word' id='word_1_339' title='bbox 2235 2183 2495 2229; x_wconf 88' lang='lat' dir='ltr'><strong>vocentur</strong></span> <span class='ocrx_word' id='word_1_340' title='bbox 2526 2192 2541 2229; x_wconf 86' lang='lat'><strong>:</strong></span> <span class='ocrx_word' id='word_1_341' title='bbox 2574 2175 2747 2230; x_wconf 60' lang='lat' dir='ltr'><strong>Graaci</strong></span> <span class='ocrx_word' id='word_1_342' title='bbox 2784 2176 2928 2230; x_wconf 88' lang='lat' dir='ltr'><strong>enim</strong></span> <span class='ocrx_word' id='word_1_343' title='bbox 2965 2164 3181 2247; x_wconf 79' lang='lat' dir='ltr'><strong>nigrant</strong></span> <span class='ocrx_word' id='word_1_344' title='bbox 3216 2191 3445 2231; x_wconf 87' lang='lat' dir='ltr'><strong>mauron</strong></span> <span class='ocrx_word' id='word_1_345' title='bbox 3491 2184 3711 2230; x_wconf 84' lang='lat' dir='ltr'><strong>vocant.</strong></span> 
     </span>
    </p>
   </div>
   <div class='ocr_carea' id='block_1_54' title="bbox 2118 2261 3716 2341">
    <p class='ocr_par' dir='ltr' id='par_1_54' title="bbox 2118 2261 3716 2341">
     <span class='ocr_line' id='line_1_54' title="bbox 2118 2261 3716 2341; baseline 0.002 -22"><span class='ocrx_word' id='word_1_346' title='bbox 2118 2261 2380 2319; x_wconf 64' lang='lat' dir='ltr'><strong>Estifero</strong></span> <span class='ocrx_word' id='word_1_347' title='bbox 2418 2265 2617 2341; x_wconf 83' lang='lat' dir='ltr'><strong>quippe</strong></span> <span class='ocrx_word' id='word_1_348' title='bbox 2651 2265 2835 2322; x_wconf 86' lang='lat' dir='ltr'><strong>calore</strong></span> <span class='ocrx_word' id='word_1_349' title='bbox 2873 2265 3039 2321; x_wconf 84' lang='lat' dir='ltr'><strong>alllati</strong></span> <span class='ocrx_word' id='word_1_350' title='bbox 3085 2266 3325 2337; x_wconf 86' lang='lat' dir='ltr'><strong>speciem</strong></span> <span class='ocrx_word' id='word_1_351' title='bbox 3366 2266 3470 2320; x_wconf 86' lang='lat' dir='ltr'><strong>atri</strong></span> <span class='ocrx_word' id='word_1_352' title='bbox 3510 2266 3716 2322; x_wconf 87' lang='lat' dir='ltr'><strong>coloris</strong></span> 
     </span>
    </p>
   </div>
   <div class='ocr_carea' id='block_1_55' title="bbox 2117 2355 3735 2419">
    <p class='ocr_par' dir='ltr' id='par_1_55' title="bbox 2117 2355 3735 2419">
     <span class='ocr_line' id='line_1_55' title="bbox 2117 2355 3735 2419; baseline 0.006 -9"><span class='ocrx_word' id='word_1_353' title='bbox 2117 2355 2345 2410; x_wconf 88' lang='lat' dir='ltr'><strong>ducunt.</strong></span> <span class='ocrx_word' id='word_1_354' title='bbox 3732 2416 3735 2419; x_wconf 32' lang='grc' dir='ltr'><strong><em>γ</em></strong></span> 
     </span>
    </p>
   </div>
   <div class='ocr_carea' id='block_1_56' title="bbox 2187 2446 3731 2523">
    <p class='ocr_par' dir='ltr' id='par_1_56' title="bbox 2187 2446 3731 2523">
     <span class='ocr_line' id='line_1_56' title="bbox 2187 2446 3731 2523; baseline 0.001 -22"><span class='ocrx_word' id='word_1_355' title='bbox 2187 2446 2420 2503; x_wconf 83' lang='lat' dir='ltr'><strong>Massilia</strong></span> <span class='ocrx_word' id='word_1_356' title='bbox 2449 2448 2642 2505; x_wconf 87' lang='lat' dir='ltr'><strong>civitas</strong></span> <span class='ocrx_word' id='word_1_357' title='bbox 2669 2448 2867 2506; x_wconf 61' lang='lat' dir='ltr'><strong>Africa:</strong></span> <span class='ocrx_word' id='word_1_358' title='bbox 2911 2458 2996 2507; x_wconf 92' lang='lat' dir='ltr'><strong>est</strong></span> <span class='ocrx_word' id='word_1_359' title='bbox 3031 2468 3137 2507; x_wconf 90' lang='lat' dir='ltr'><strong>non</strong></span> <span class='ocrx_word' id='word_1_360' title='bbox 3174 2452 3332 2523; x_wconf 88' lang='lat' dir='ltr'><strong>longe</strong></span> <span class='ocrx_word' id='word_1_361' title='bbox 3380 2452 3450 2507; x_wconf 90' lang='lat' dir='ltr'><strong>ab</strong></span> <span class='ocrx_word' id='word_1_362' title='bbox 3490 2450 3731 2506; x_wconf 78' lang='lat' dir='ltr'><strong>Atlante.</strong></span> 
     </span>
    </p>
   </div>
   <div class='ocr_carea' id='block_1_57' title="bbox 2113 2540 3725 2617">
    <p class='ocr_par' dir='ltr' id='par_1_57' title="bbox 2113 2540 3725 2617">
     <span class='ocr_line' id='line_1_57' title="bbox 2113 2540 3725 2617; baseline 0.003 -22"><span class='ocrx_word' id='word_1_363' title='bbox 2113 2550 2170 2596; x_wconf 91' lang='lat' dir='ltr'><strong>et</strong></span> <span class='ocrx_word' id='word_1_364' title='bbox 2203 2540 2373 2596; x_wconf 90' lang='lat' dir='ltr'><strong>hortis</strong></span> <span class='ocrx_word' id='word_1_365' title='bbox 2400 2540 2759 2613; x_wconf 85' lang='lat' dir='ltr'><strong>Hesperidum</strong></span> <span class='ocrx_word' id='word_1_366' title='bbox 2785 2561 2798 2597; x_wconf 94' lang='lat'>:</span> <span class='ocrx_word' id='word_1_367' title='bbox 2824 2559 2855 2598; x_wconf 89' lang='lat' dir='ltr'><strong>a</strong></span> <span class='ocrx_word' id='word_1_368' title='bbox 2885 2559 2991 2613; x_wconf 90' lang='lat' dir='ltr'><strong>qua</strong></span> <span class='ocrx_word' id='word_1_369' title='bbox 3019 2545 3237 2600; x_wconf 79' lang='lat' dir='ltr'><strong>civitate</strong></span> <span class='ocrx_word' id='word_1_370' title='bbox 3268 2545 3505 2617; x_wconf 82' lang='lat' dir='ltr'><strong>Massylii</strong></span> <span class='ocrx_word' id='word_1_371' title='bbox 3528 2545 3725 2600; x_wconf 41' lang='lat' dir='ltr'><strong>vocati:</strong></span> 
     </span>
    </p>
   </div>
   <div class='ocr_carea' id='block_1_58' title="bbox 2113 2635 3708 2707">
    <p class='ocr_par' dir='ltr' id='par_1_58' title="bbox 2113 2635 3708 2707">
     <span class='ocr_line' id='line_1_58' title="bbox 2113 2635 3708 2707; baseline 0.004 -21"><span class='ocrx_word' id='word_1_372' title='bbox 2113 2640 2238 2686; x_wconf 87' lang='lat' dir='ltr'><strong>sunt</strong></span> <span class='ocrx_word' id='word_1_373' title='bbox 2256 2672 2271 2695; x_wconf 90' lang='lat'><strong>,</strong></span> <span class='ocrx_word' id='word_1_374' title='bbox 2307 2647 2443 2702; x_wconf 90' lang='lat' dir='ltr'><strong>quos</strong></span> <span class='ocrx_word' id='word_1_375' title='bbox 2468 2648 2567 2689; x_wconf 90' lang='lat' dir='ltr'><strong>nos</strong></span> <span class='ocrx_word' id='word_1_376' title='bbox 2594 2644 2846 2705; x_wconf 79' lang='lat' dir='ltr'><strong>cormpte</strong></span> <span class='ocrx_word' id='word_1_377' title='bbox 2869 2636 3133 2692; x_wconf 81' lang='lat' dir='ltr'><strong>Massulas</strong></span> <span class='ocrx_word' id='word_1_378' title='bbox 3159 2652 3419 2692; x_wconf 90' lang='lat' dir='ltr'><strong>vocamus</strong></span> <span class='ocrx_word' id='word_1_379' title='bbox 3444 2654 3457 2690; x_wconf 90' lang='lat'><strong>:</strong></span> <span class='ocrx_word' id='word_1_380' title='bbox 3486 2637 3553 2692; x_wconf 89' lang='lat' dir='ltr'><strong>de</strong></span> <span class='ocrx_word' id='word_1_381' title='bbox 3576 2635 3708 2707; x_wconf 75' lang='lat' dir='ltr'><strong>qui-</strong></span> 
     </span>
    </p>
   </div>
   <div class='ocr_carea' id='block_1_59' title="bbox 2112 2721 2548 2796">
    <p class='ocr_par' dir='ltr' id='par_1_59' title="bbox 2112 2721 2548 2796">
     <span class='ocr_line' id='line_1_59' title="bbox 2112 2721 2548 2796; baseline 0.007 -19"><span class='ocrx_word' id='word_1_382' title='bbox 2112 2721 2216 2779; x_wconf 86' lang='lat' dir='ltr'><strong>bus</strong></span> <span class='ocrx_word' id='word_1_383' title='bbox 2252 2721 2507 2796; x_wconf 80' lang='lat' dir='ltr'><strong>Virgilius</strong></span> <span class='ocrx_word' id='word_1_384' title='bbox 2533 2742 2548 2792; x_wconf 90' lang='lat'><strong>;</strong></span> 
     </span>
    </p>
   </div>
   <div class='ocr_carea' id='block_1_60' title="bbox 2236 2834 3503 2903">
    <p class='ocr_par' dir='ltr' id='par_1_60' title="bbox 2236 2834 3503 2903">
     <span class='ocr_line' id='line_1_60' title="bbox 2236 2834 3503 2903; baseline 0.006 -18"><span class='ocrx_word' id='word_1_385' title='bbox 2236 2834 2365 2885; x_wconf 84' lang='lat' dir='ltr'><strong>Hinc</strong></span> <span class='ocrx_word' id='word_1_386' title='bbox 2386 2836 2505 2889; x_wconf 85' lang='lat' dir='ltr'><strong>mihi</strong></span> <span class='ocrx_word' id='word_1_387' title='bbox 2533 2836 2754 2901; x_wconf 63' lang='lat' dir='ltr'><strong>Hassyue</strong></span> <span class='ocrx_word' id='word_1_388' title='bbox 2776 2843 2942 2903; x_wconf 76' lang='lat' dir='ltr'><strong>gentis</strong></span> <span class='ocrx_word' id='word_1_389' title='bbox 2964 2847 3231 2893; x_wconf 86' lang='lat' dir='ltr'><strong>monstrata</strong></span> <span class='ocrx_word' id='word_1_390' title='bbox 3253 2843 3503 2892; x_wconf 74' lang='lat' dir='ltr'><strong>sacerdos.</strong></span> 
     </span>
    </p>
   </div>
   <div class='ocr_carea' id='block_1_61' title="bbox 2181 2928 3723 3016">
    <p class='ocr_par' dir='ltr' id='par_1_61' title="bbox 2181 2928 3723 3016">
     <span class='ocr_line' id='line_1_61' title="bbox 2181 2928 3723 3016; baseline 0.005 -25"><span class='ocrx_word' id='word_1_391' title='bbox 2181 2935 2411 2994; x_wconf 88' lang='lat' dir='ltr'><strong>Gaulalii</strong></span> <span class='ocrx_word' id='word_1_392' title='bbox 2460 2949 2649 3010; x_wconf 88' lang='lat' dir='ltr'><strong>gentes</strong></span> <span class='ocrx_word' id='word_1_393' title='bbox 2685 2951 2812 2997; x_wconf 88' lang='lat' dir='ltr'><strong>sunt</strong></span> <span class='ocrx_word' id='word_1_394' title='bbox 2851 2959 2883 2998; x_wconf 91' lang='lat' dir='ltr'><strong>a</strong></span> <span class='ocrx_word' id='word_1_395' title='bbox 2929 2945 3155 3001; x_wconf 90' lang='lat' dir='ltr'><strong>meridie</strong></span> <span class='ocrx_word' id='word_1_396' title='bbox 3201 2928 3388 3016; x_wconf 27' lang='lat' dir='ltr'><strong>usque.</strong></span> <span class='ocrx_word' id='word_1_397' title='bbox 3423 2944 3723 3001; x_wconf 64' lang='lat' dir='ltr'><strong>Oceanutru</strong></span> 
     </span>
    </p>
   </div>
   <div class='ocr_carea' id='block_1_62' title="bbox 2111 3025 3711 3103">
    <p class='ocr_par' dir='ltr' id='par_1_62' title="bbox 2111 3025 3711 3103">
     <span class='ocr_line' id='line_1_62' title="bbox 2111 3025 3711 3103; baseline 0.004 -21"><span class='ocrx_word' id='word_1_398' title='bbox 2111 3025 2468 3098; x_wconf 84' lang='lat' dir='ltr'><strong>Hesperidum</strong></span> <span class='ocrx_word' id='word_1_399' title='bbox 2500 3041 2859 3103; x_wconf 88' lang='lat' dir='ltr'><strong>pervagantes</strong></span> <span class='ocrx_word' id='word_1_400' title='bbox 2887 3052 2900 3088; x_wconf 90' lang='lat'>:</span> <span class='ocrx_word' id='word_1_401' title='bbox 2931 3035 3020 3089; x_wconf 87' lang='lat' dir='ltr'><strong>his</strong></span> <span class='ocrx_word' id='word_1_402' title='bbox 3047 3050 3245 3090; x_wconf 90' lang='lat' dir='ltr'><strong>nomen</strong></span> <span class='ocrx_word' id='word_1_403' title='bbox 3292 3034 3498 3090; x_wconf 91' lang='lat' dir='ltr'><strong>Gauloe</strong></span> <span class='ocrx_word' id='word_1_404' title='bbox 3526 3035 3711 3089; x_wconf 68' lang='lat' dir='ltr'><strong>insula</strong></span> 
     </span>
    </p>
   </div>
   <div class='ocr_carea' id='block_1_63' title="bbox 422 3114 3706 3211">
    <p class='ocr_par' dir='ltr' id='par_1_63' title="bbox 422 3114 3706 3211">
     <span class='ocr_line' id='line_1_63' title="bbox 422 3114 3706 3211; baseline 0.002 -17"><span class='ocrx_word' id='word_1_405' title='bbox 422 3138 583 3205; x_wconf 84' lang='lat' dir='ltr'><strong>sisse,</strong></span> <span class='ocrx_word' id='word_1_406' title='bbox 618 3138 799 3210; x_wconf 90' lang='lat' dir='ltr'><strong>ibique</strong></span> <span class='ocrx_word' id='word_1_407' title='bbox 824 3114 1013 3195; x_wconf 76' lang='lat' dir='ltr'><strong>urbem</strong></span> <span class='ocrx_word' id='word_1_408' title='bbox 1043 3140 1260 3195; x_wconf 87' lang='lat' dir='ltr'><strong>nomine</strong></span> <span class='ocrx_word' id='word_1_409' title='bbox 1272 3114 1749 3211; x_wconf 41' lang='lat' dir='ltr'><strong>antiquae-patria:</strong></span> <span class='ocrx_word' id='word_1_410' title='bbox 1775 3140 2008 3196; x_wconf 89' lang='lat' dir='ltr'><strong>Salami-</strong></span> <span class='ocrx_word' id='word_1_411' title='bbox 2038 3144 2085 3208; x_wconf 89' lang='lat' dir='ltr'><strong>C</strong></span> <span class='ocrx_word' id='word_1_412' title='bbox 2115 3114 2261 3211; x_wconf 37' lang='lat' dir='ltr'><strong>de?“</strong></span> <span class='ocrx_word' id='word_1_413' title='bbox 2285 3134 2406 3189; x_wconf 61' lang='lat' dir='ltr'><strong>quin</strong></span> <span class='ocrx_word' id='word_1_414' title='bbox 2431 3118 2687 3189; x_wconf 58' lang='grc' dir='ltr'><strong>θείίυκῑθ</strong></span> <span class='ocrx_word' id='word_1_415' title='bbox 2709 3122 3042 3194; x_wconf 67' lang='grc' dir='ltr'><strong>λΕι¹¹ί⁰ΡῙ³η¹</strong></span> <span class='ocrx_word' id='word_1_416' title='bbox 3061 3165 3076 3191; x_wconf 71' lang='grc' dir='ltr'><strong>ν</strong></span> <span class='ocrx_word' id='word_1_417' title='bbox 3111 3125 3201 3180; x_wconf 66' lang='lat' dir='ltr'><strong>“bi</strong></span> <span class='ocrx_word' id='word_1_418' title='bbox 3232 3141 3332 3181; x_wconf 68' lang='lat' dir='ltr'><strong>nec</strong></span> <span class='ocrx_word' id='word_1_419' title='bbox 3355 3138 3579 3195; x_wconf 60' lang='lat' dir='ltr'><strong>serpens</strong></span> <span class='ocrx_word' id='word_1_420' title='bbox 3610 3140 3706 3179; x_wconf 63' lang='grc' dir='ltr'><strong>ηδ·</strong></span> 
     </span>
    </p>
   </div>
   <div class='ocr_carea' id='block_1_64' title="bbox 422 3230 2009 3302">
    <p class='ocr_par' dir='ltr' id='par_1_64' title="bbox 422 3230 2009 3302">
     <span class='ocr_line' id='line_1_64' title="bbox 422 3230 2009 3302; baseline 0.003 -19"><span class='ocrx_word' id='word_1_421' title='bbox 422 3243 551 3284; x_wconf 88' lang='lat' dir='ltr'><strong>nam</strong></span> <span class='ocrx_word' id='word_1_422' title='bbox 572 3230 878 3286; x_wconf 90' lang='lat' dir='ltr'><strong>condidisse</strong></span> <span class='ocrx_word' id='word_1_423' title='bbox 912 3231 1111 3294; x_wconf 88' lang='lat' dir='ltr'><strong>ferunt,</strong></span> <span class='ocrx_word' id='word_1_424' title='bbox 1138 3231 1262 3287; x_wconf 92' lang='lat' dir='ltr'><strong>inde</strong></span> <span class='ocrx_word' id='word_1_425' title='bbox 1295 3233 1361 3287; x_wconf 91' lang='lat' dir='ltr'><strong>ad</strong></span> <span class='ocrx_word' id='word_1_426' title='bbox 1392 3231 1656 3287; x_wconf 87' lang='lat' dir='ltr'><strong>Galatiam</strong></span> <span class='ocrx_word' id='word_1_427' title='bbox 1687 3231 2009 3302; x_wconf 89' lang='lat' dir='ltr'><strong>profectum,</strong></span> 
     </span>
    </p>
   </div>
   <div class='ocr_carea' id='block_1_65' title="bbox 420 3320 1839 3392">
    <p class='ocr_par' dir='ltr' id='par_1_65' title="bbox 420 3320 1839 3392">
     <span class='ocr_line' id='line_1_65' title="bbox 420 3320 1839 3392; baseline 0.002 -17"><span class='ocrx_word' id='word_1_428' title='bbox 420 3320 682 3391; x_wconf 83' lang='lat' dir='ltr'><strong>expositis</strong></span> <span class='ocrx_word' id='word_1_429' title='bbox 710 3320 929 3377; x_wconf 89' lang='lat' dir='ltr'><strong>sedibus</strong></span> <span class='ocrx_word' id='word_1_430' title='bbox 958 3335 1025 3376; x_wconf 83' lang='lat' dir='ltr'><strong>ex</strong></span> <span class='ocrx_word' id='word_1_431' title='bbox 1056 3321 1178 3377; x_wconf 92' lang='lat' dir='ltr'><strong>loco</strong></span> <span class='ocrx_word' id='word_1_432' title='bbox 1205 3322 1350 3392; x_wconf 86' lang='lat' dir='ltr'><strong>genti</strong></span> <span class='ocrx_word' id='word_1_433' title='bbox 1380 3336 1577 3376; x_wconf 90' lang='lat' dir='ltr'><strong>nomen</strong></span> <span class='ocrx_word' id='word_1_434' title='bbox 1604 3321 1839 3378; x_wconf 78' lang='lat' dir='ltr'><strong>dedisse.</strong></span> 
     </span>
    </p>
   </div>
   <div class='ocr_carea' id='block_1_66' title="bbox 493 3411 2012 3484">
    <p class='ocr_par' dir='ltr' id='par_1_66' title="bbox 493 3411 2012 3484">
     <span class='ocr_line' id='line_1_66' title="bbox 493 3411 2012 3484; baseline 0.003 -19"><span class='ocrx_word' id='word_1_435' title='bbox 493 3411 720 3467; x_wconf 87' lang='lat' dir='ltr'><strong>Astures</strong></span> <span class='ocrx_word' id='word_1_436' title='bbox 743 3428 874 3483; x_wconf 84' lang='lat' dir='ltr'><strong>gens</strong></span> <span class='ocrx_word' id='word_1_437' title='bbox 896 3411 1186 3483; x_wconf 64' lang='lat' dir='ltr'><strong>Hispaniae,</strong></span> <span class='ocrx_word' id='word_1_438' title='bbox 1210 3414 1388 3469; x_wconf 89' lang='lat' dir='ltr'><strong>vocati</strong></span> <span class='ocrx_word' id='word_1_439' title='bbox 1412 3428 1500 3479; x_wconf 90' lang='lat' dir='ltr'><strong>eo,</strong></span> <span class='ocrx_word' id='word_1_440' title='bbox 1523 3413 1648 3484; x_wconf 91' lang='lat' dir='ltr'><strong>quia</strong></span> <span class='ocrx_word' id='word_1_441' title='bbox 1674 3414 1820 3469; x_wconf 89' lang='lat' dir='ltr'><strong>circa</strong></span> <span class='ocrx_word' id='word_1_442' title='bbox 1849 3414 2012 3470; x_wconf 84' lang='lat' dir='ltr'><strong>Astu-</strong></span> 
     </span>
    </p>
   </div>
   <div class='ocr_carea' id='block_1_67' title="bbox 422 3503 2015 3577">
    <p class='ocr_par' dir='ltr' id='par_1_67' title="bbox 422 3503 2015 3577">
     <span class='ocr_line' id='line_1_67' title="bbox 422 3503 2015 3577; baseline 0.005 -20"><span class='ocrx_word' id='word_1_443' title='bbox 422 3517 537 3558; x_wconf 88' lang='lat' dir='ltr'><strong>rem</strong></span> <span class='ocrx_word' id='word_1_444' title='bbox 568 3503 800 3573; x_wconf 83' lang='lat' dir='ltr'><strong>ﬂumen,</strong></span> <span class='ocrx_word' id='word_1_445' title='bbox 837 3505 975 3577; x_wconf 92' lang='lat' dir='ltr'><strong>septi</strong></span> <span class='ocrx_word' id='word_1_446' title='bbox 1013 3507 1287 3563; x_wconf 85' lang='lat' dir='ltr'><strong>montibus</strong></span> <span class='ocrx_word' id='word_1_447' title='bbox 1323 3507 1580 3577; x_wconf 88' lang='lat' dir='ltr'><strong>silvisque</strong></span> <span class='ocrx_word' id='word_1_448' title='bbox 1616 3509 1822 3565; x_wconf 89' lang='lat' dir='ltr'><strong>crebris</strong></span> <span class='ocrx_word' id='word_1_449' title='bbox 1859 3509 2015 3565; x_wconf 85' lang='lat' dir='ltr'><strong>inha-</strong></span> 
     </span>
    </p>
   </div>
   <div class='ocr_carea' id='block_1_68' title="bbox 421 3595 707 3652">
    <p class='ocr_par' dir='ltr' id='par_1_68' title="bbox 421 3595 707 3652">
     <span class='ocr_line' id='line_1_68' title="bbox 421 3595 707 3652; baseline 0 0"><span class='ocrx_word' id='word_1_450' title='bbox 421 3595 616 3652; x_wconf 86' lang='lat' dir='ltr'><strong>bitent.</strong></span> <span class='ocrx_word' id='word_1_451' title='bbox 704 3612 707 3613; x_wconf 71' lang='lat'><strong><em>&#39;</em></strong></span> 
     </span>
    </p>
   </div>
   <div class='ocr_carea' id='block_1_69' title="bbox 492 3679 2009 3764">
    <p class='ocr_par' dir='ltr' id='par_1_69' title="bbox 492 3679 2009 3764">
     <span class='ocr_line' id='line_1_69' title="bbox 492 3679 2009 3764; baseline 0.006 -19"><span class='ocrx_word' id='word_1_452' title='bbox 492 3679 908 3764; x_wconf 84' lang='lat' dir='ltr'><strong>Cantabrigens</strong></span> <span class='ocrx_word' id='word_1_453' title='bbox 937 3693 1228 3764; x_wconf 79' lang='lat' dir='ltr'><strong>Hispaniae,</strong></span> <span class='ocrx_word' id='word_1_454' title='bbox 1259 3711 1290 3749; x_wconf 90' lang='lat' dir='ltr'><strong>a</strong></span> <span class='ocrx_word' id='word_1_455' title='bbox 1318 3695 1580 3751; x_wconf 87' lang='lat' dir='ltr'><strong>vocabulo</strong></span> <span class='ocrx_word' id='word_1_456' title='bbox 1606 3696 1757 3752; x_wconf 90' lang='lat' dir='ltr'><strong>urbis</strong></span> <span class='ocrx_word' id='word_1_457' title='bbox 1781 3705 1837 3752; x_wconf 91' lang='lat' dir='ltr'><strong>et</strong></span> <span class='ocrx_word' id='word_1_458' title='bbox 1871 3698 2009 3754; x_wconf 83' lang='lat' dir='ltr'><strong>lberi</strong></span> 
     </span>
    </p>
   </div>
   <div class='ocr_carea' id='block_1_70' title="bbox 421 3781 2043 3860">
    <p class='ocr_par' dir='ltr' id='par_1_70' title="bbox 421 3781 2043 3860">
     <span class='ocr_line' id='line_1_70' title="bbox 421 3781 2043 3860; baseline 0.005 -25"><span class='ocrx_word' id='word_1_459' title='bbox 421 3781 633 3849; x_wconf 89' lang='lat' dir='ltr'><strong>amnis,</strong></span> <span class='ocrx_word' id='word_1_460' title='bbox 663 3784 750 3839; x_wconf 91' lang='lat' dir='ltr'><strong>cui</strong></span> <span class='ocrx_word' id='word_1_461' title='bbox 787 3785 1030 3840; x_wconf 91' lang='lat' dir='ltr'><strong>insidunt</strong></span> <span class='ocrx_word' id='word_1_462' title='bbox 1065 3786 1356 3857; x_wconf 88' lang='lat' dir='ltr'><strong>appellati:</strong></span> <span class='ocrx_word' id='word_1_463' title='bbox 1391 3786 1583 3842; x_wconf 90' lang='lat' dir='ltr'><strong>horum</strong></span> <span class='ocrx_word' id='word_1_464' title='bbox 1625 3787 1839 3843; x_wconf 89' lang='lat' dir='ltr'><strong>animus</strong></span> <span class='ocrx_word' id='word_1_465' title='bbox 1882 3804 2005 3860; x_wconf 45' lang='lat' dir='ltr'><strong>per.</strong></span> <span class='ocrx_word' id='word_1_466' title='bbox 2038 3792 2043 3795; x_wconf 70' lang='grc'><strong>⁷</strong></span> 
     </span>
    </p>
   </div>
   <div class='ocr_carea' id='block_1_71' title="bbox 423 3873 2013 3947">
    <p class='ocr_par' dir='ltr' id='par_1_71' title="bbox 423 3873 2013 3947">
     <span class='ocr_line' id='line_1_71' title="bbox 423 3873 2013 3947; baseline 0.004 -20"><span class='ocrx_word' id='word_1_467' title='bbox 423 3873 574 3929; x_wconf 84' lang='lat' dir='ltr'><strong>tinax</strong></span> <span class='ocrx_word' id='word_1_468' title='bbox 609 3876 784 3947; x_wconf 87' lang='lat' dir='ltr'><strong>magis</strong></span> <span class='ocrx_word' id='word_1_469' title='bbox 816 3877 884 3933; x_wconf 90' lang='lat' dir='ltr'><strong>ad</strong></span> <span class='ocrx_word' id='word_1_470' title='bbox 909 3876 1338 3934; x_wconf 90' lang='lat' dir='ltr'><strong>latrocinandum</strong></span> <span class='ocrx_word' id='word_1_471' title='bbox 1370 3886 1427 3933; x_wconf 91' lang='lat' dir='ltr'><strong>et</strong></span> <span class='ocrx_word' id='word_1_472' title='bbox 1454 3879 1522 3934; x_wconf 92' lang='lat' dir='ltr'><strong>ad</strong></span> <span class='ocrx_word' id='word_1_473' title='bbox 1554 3877 1865 3934; x_wconf 88' lang='lat' dir='ltr'><strong>bellandum</strong></span> <span class='ocrx_word' id='word_1_474' title='bbox 1887 3920 1904 3946; x_wconf 90' lang='lat'><strong>,</strong></span> <span class='ocrx_word' id='word_1_475' title='bbox 1927 3879 2013 3937; x_wconf 88' lang='lat' dir='ltr'><strong>vel</strong></span> 
     </span>
    </p>
   </div>
   <div class='ocr_carea' id='block_1_72' title="bbox 421 3967 1652 4041">
    <p class='ocr_par' dir='ltr' id='par_1_72' title="bbox 421 3967 1652 4041">
     <span class='ocr_line' id='line_1_72' title="bbox 421 3967 1652 4041; baseline 0.003 -20"><span class='ocrx_word' id='word_1_476' title='bbox 421 3967 490 4022; x_wconf 91' lang='lat' dir='ltr'><strong>ad</strong></span> <span class='ocrx_word' id='word_1_477' title='bbox 519 3969 927 4039; x_wconf 88' lang='lat' dir='ltr'><strong>perpetiendum</strong></span> <span class='ocrx_word' id='word_1_478' title='bbox 954 3970 1178 4026; x_wconf 89' lang='lat' dir='ltr'><strong>verbera</strong></span> <span class='ocrx_word' id='word_1_479' title='bbox 1207 3984 1423 4041; x_wconf 91' lang='lat' dir='ltr'><strong>semper</strong></span> <span class='ocrx_word' id='word_1_480' title='bbox 1453 3971 1652 4041; x_wconf 90' lang='lat' dir='ltr'><strong>parati.</strong></span> 
     </span>
    </p>
   </div>
   <div class='ocr_carea' id='block_1_73' title="bbox 494 4079 2010 4152">
    <p class='ocr_par' dir='ltr' id='par_1_73' title="bbox 494 4079 2010 4152">
     <span class='ocr_line' id='line_1_73' title="bbox 494 4079 2010 4152; baseline 0.001 -17"><span class='ocrx_word' id='word_1_481' title='bbox 494 4079 751 4136; x_wconf 80' lang='lat' dir='ltr'><strong>Celtiberi</strong></span> <span class='ocrx_word' id='word_1_482' title='bbox 772 4096 841 4136; x_wconf 82' lang='lat' dir='ltr'><strong>ex</strong></span> <span class='ocrx_word' id='word_1_483' title='bbox 869 4080 1035 4137; x_wconf 87' lang='lat' dir='ltr'><strong>Gallis</strong></span> <span class='ocrx_word' id='word_1_484' title='bbox 1055 4081 1274 4138; x_wconf 90' lang='lat' dir='ltr'><strong>Celticis</strong></span> <span class='ocrx_word' id='word_1_485' title='bbox 1299 4080 1537 4148; x_wconf 88' lang='lat' dir='ltr'><strong>fuerunt,</strong></span> <span class='ocrx_word' id='word_1_486' title='bbox 1560 4097 1792 4152; x_wconf 90' lang='lat' dir='ltr'><strong>quorum</strong></span> <span class='ocrx_word' id='word_1_487' title='bbox 1815 4096 1882 4137; x_wconf 82' lang='lat' dir='ltr'><strong>ex</strong></span> <span class='ocrx_word' id='word_1_488' title='bbox 1913 4097 2010 4136; x_wconf 92' lang='lat' dir='ltr'><strong>no-</strong></span> 
     </span>
    </p>
   </div>
   <div class='ocr_carea' id='block_1_74' title="bbox 422 4170 2011 4243">
    <p class='ocr_par' dir='ltr' id='par_1_74' title="bbox 422 4170 2011 4243">
     <span class='ocr_line' id='line_1_74' title="bbox 422 4170 2011 4243; baseline 0.003 -19"><span class='ocrx_word' id='word_1_489' title='bbox 422 4170 571 4225; x_wconf 89' lang='lat' dir='ltr'><strong>mine</strong></span> <span class='ocrx_word' id='word_1_490' title='bbox 596 4172 866 4243; x_wconf 89' lang='lat' dir='ltr'><strong>appellata</strong></span> <span class='ocrx_word' id='word_1_491' title='bbox 893 4180 977 4228; x_wconf 92' lang='lat' dir='ltr'><strong>est</strong></span> <span class='ocrx_word' id='word_1_492' title='bbox 998 4173 1147 4243; x_wconf 89' lang='lat' dir='ltr'><strong>regio</strong></span> <span class='ocrx_word' id='word_1_493' title='bbox 1176 4172 1488 4228; x_wconf 90' lang='lat' dir='ltr'><strong>Celtiberia.</strong></span> <span class='ocrx_word' id='word_1_494' title='bbox 1514 4172 1648 4226; x_wconf 81' lang='lat' dir='ltr'><strong>Nam</strong></span> <span class='ocrx_word' id='word_1_495' title='bbox 1691 4187 1757 4228; x_wconf 80' lang='lat' dir='ltr'><strong>ex</strong></span> <span class='ocrx_word' id='word_1_496' title='bbox 1789 4171 2011 4229; x_wconf 83' lang='lat' dir='ltr'><strong>ﬂumine</strong></span> 
     </span>
    </p>
   </div>
   <div class='ocr_carea' id='block_1_75' title="bbox 419 4258 2007 4333">
    <p class='ocr_par' dir='ltr' id='par_1_75' title="bbox 419 4258 2007 4333">
     <span class='ocr_line' id='line_1_75' title="bbox 419 4258 2007 4333; baseline 0.003 -19"><span class='ocrx_word' id='word_1_497' title='bbox 419 4258 695 4330; x_wconf 79' lang='lat' dir='ltr'><strong>Hispania:</strong></span> <span class='ocrx_word' id='word_1_498' title='bbox 720 4263 876 4317; x_wconf 91' lang='lat' dir='ltr'><strong>lbero</strong></span> <span class='ocrx_word' id='word_1_499' title='bbox 895 4302 910 4329; x_wconf 92' lang='lat'><strong>,</strong></span> <span class='ocrx_word' id='word_1_500' title='bbox 948 4262 1039 4317; x_wconf 92' lang='lat' dir='ltr'><strong>ubi</strong></span> <span class='ocrx_word' id='word_1_501' title='bbox 1070 4263 1462 4329; x_wconf 90' lang='lat' dir='ltr'><strong>consederunt,</strong></span> <span class='ocrx_word' id='word_1_502' title='bbox 1504 4271 1559 4318; x_wconf 91' lang='lat' dir='ltr'><strong>et</strong></span> <span class='ocrx_word' id='word_1_503' title='bbox 1587 4278 1654 4316; x_wconf 82' lang='lat' dir='ltr'><strong>ex</strong></span> <span class='ocrx_word' id='word_1_504' title='bbox 1678 4261 1847 4318; x_wconf 89' lang='lat' dir='ltr'><strong>Gallis</strong></span> <span class='ocrx_word' id='word_1_505' title='bbox 1870 4302 1886 4327; x_wconf 94' lang='lat'><strong>,</strong></span> <span class='ocrx_word' id='word_1_506' title='bbox 1913 4264 2007 4333; x_wconf 89' lang='lat' dir='ltr'><strong>qui</strong></span> 
     </span>
    </p>
   </div>
   <div class='ocr_carea' id='block_1_76' title="bbox 419 4349 2004 4423">
    <p class='ocr_par' dir='ltr' id='par_1_76' title="bbox 419 4349 2004 4423">
     <span class='ocr_line' id='line_1_76' title="bbox 419 4349 2004 4423; baseline 0.004 -18"><span class='ocrx_word' id='word_1_507' title='bbox 419 4349 611 4405; x_wconf 88' lang='lat' dir='ltr'><strong>Celtici</strong></span> <span class='ocrx_word' id='word_1_508' title='bbox 633 4352 974 4419; x_wconf 88' lang='lat' dir='ltr'><strong>dicebantur,</strong></span> <span class='ocrx_word' id='word_1_509' title='bbox 1000 4354 1164 4409; x_wconf 87' lang='lat' dir='ltr'><strong>misto</strong></span> <span class='ocrx_word' id='word_1_510' title='bbox 1193 4363 1425 4423; x_wconf 90' lang='lat' dir='ltr'><strong>utroque</strong></span> <span class='ocrx_word' id='word_1_511' title='bbox 1440 4354 1726 4420; x_wconf 87' lang='lat' dir='ltr'><strong>vocabulo,</strong></span> <span class='ocrx_word' id='word_1_512' title='bbox 1750 4355 2004 4412; x_wconf 85' lang='lat' dir='ltr'><strong>Celtiberi</strong></span> 
     </span>
    </p>
   </div>
   <div class='ocr_carea' id='block_1_77' title="bbox 418 4443 1524 4511">
    <p class='ocr_par' dir='ltr' id='par_1_77' title="bbox 418 4443 1524 4511">
     <span class='ocr_line' id='line_1_77' title="bbox 418 4443 1524 4511; baseline 0.004 -16"><span class='ocrx_word' id='word_1_513' title='bbox 418 4443 713 4511; x_wconf 88' lang='lat' dir='ltr'><strong>nuncupati</strong></span> <span class='ocrx_word' id='word_1_514' title='bbox 738 4451 884 4498; x_wconf 92' lang='lat' dir='ltr'><strong>sunt.</strong></span> <span class='ocrx_word' id='word_1_515' title='bbox 1521 4445 1524 4448; x_wconf 82' lang='grc'><strong>’</strong></span> 
     </span>
    </p>
   </div>
   <div class='ocr_carea' id='block_1_78' title="bbox 2036 4496 2084 4556">
    <p class='ocr_par' dir='ltr' id='par_1_78' title="bbox 2036 4496 2084 4556">
     <span class='ocr_line' id='line_1_78' title="bbox 2036 4496 2084 4556; baseline 0 -2"><span class='ocrx_word' id='word_1_516' title='bbox 2036 4496 2084 4556; x_wconf 88' lang='grc' dir='ltr'><strong>ι)</strong></span> 
     </span>
    </p>
   </div>
   <div class='ocr_carea' id='block_1_79' title="bbox 2116 3208 2668 3279">
    <p class='ocr_par' dir='ltr' id='par_1_79' title="bbox 2116 3208 2668 3279">
     <span class='ocr_line' id='line_1_79' title="bbox 2116 3208 2668 3279; baseline 0.007 -17"><span class='ocrx_word' id='word_1_517' title='bbox 2116 3208 2288 3263; x_wconf 89' lang='lat' dir='ltr'><strong>scitur</strong></span> <span class='ocrx_word' id='word_1_518' title='bbox 2316 3224 2489 3279; x_wconf 87' lang='lat' dir='ltr'><strong>neque</strong></span> <span class='ocrx_word' id='word_1_519' title='bbox 2519 3211 2668 3266; x_wconf 86' lang='lat' dir='ltr'><strong>vivit.</strong></span> 
     </span>
    </p>
   </div>
   <div class='ocr_carea' id='block_1_80' title="bbox 2185 3299 3705 3376">
    <p class='ocr_par' dir='ltr' id='par_1_80' title="bbox 2185 3299 3705 3376">
     <span class='ocr_line' id='line_1_80' title="bbox 2185 3299 3705 3376; baseline 0.003 -21"><span class='ocrx_word' id='word_1_520' title='bbox 2185 3299 2543 3358; x_wconf 89' lang='lat' dir='ltr'><strong>Garamantes</strong></span> <span class='ocrx_word' id='word_1_521' title='bbox 2578 3303 2760 3374; x_wconf 86' lang='lat' dir='ltr'><strong>p0puli</strong></span> <span class='ocrx_word' id='word_1_522' title='bbox 2799 3304 2995 3360; x_wconf 62' lang='lat' dir='ltr'><strong>Africae</strong></span> <span class='ocrx_word' id='word_1_523' title='bbox 3025 3321 3193 3376; x_wconf 88' lang='lat' dir='ltr'><strong>prope</strong></span> <span class='ocrx_word' id='word_1_524' title='bbox 3214 3305 3456 3376; x_wconf 87' lang='lat' dir='ltr'><strong>Cyrenas</strong></span> <span class='ocrx_word' id='word_1_525' title='bbox 3486 3306 3705 3360; x_wconf 86' lang='lat' dir='ltr'><strong>inhabi-</strong></span> 
     </span>
    </p>
   </div>
   <div class='ocr_carea' id='block_1_81' title="bbox 2116 3392 3705 3466">
    <p class='ocr_par' dir='ltr' id='par_1_81' title="bbox 2116 3392 3705 3466">
     <span class='ocr_line' id='line_1_81' title="bbox 2116 3392 3705 3466; baseline 0.003 -20"><span class='ocrx_word' id='word_1_526' title='bbox 2116 3399 2329 3457; x_wconf 84' lang='lat' dir='ltr'><strong>tantes,</strong></span> <span class='ocrx_word' id='word_1_527' title='bbox 2375 3407 2406 3446; x_wconf 89' lang='lat' dir='ltr'><strong>a</strong></span> <span class='ocrx_word' id='word_1_528' title='bbox 2436 3392 2766 3451; x_wconf 86' lang='lat' dir='ltr'><strong>Garamante</strong></span> <span class='ocrx_word' id='word_1_529' title='bbox 2794 3411 2918 3465; x_wconf 85' lang='lat' dir='ltr'><strong>rege</strong></span> <span class='ocrx_word' id='word_1_530' title='bbox 2952 3395 3218 3466; x_wconf 88' lang='lat' dir='ltr'><strong>Apollinis</strong></span> <span class='ocrx_word' id='word_1_531' title='bbox 3252 3396 3362 3451; x_wconf 77' lang='lat' dir='ltr'><strong>lilio</strong></span> <span class='ocrx_word' id='word_1_532' title='bbox 3397 3397 3705 3461; x_wconf 65' lang='lat' dir='ltr'><strong>nominati;</strong></span> 
     </span>
    </p>
   </div>
   <div class='ocr_carea' id='block_1_82' title="bbox 2115 3482 3699 3557">
    <p class='ocr_par' dir='ltr' id='par_1_82' title="bbox 2115 3482 3699 3557">
     <span class='ocr_line' id='line_1_82' title="bbox 2115 3482 3699 3557; baseline 0.004 -22"><span class='ocrx_word' id='word_1_533' title='bbox 2115 3482 2208 3552; x_wconf 83' lang='lat' dir='ltr'><strong>qui</strong></span> <span class='ocrx_word' id='word_1_534' title='bbox 2237 3482 2307 3537; x_wconf 89' lang='lat' dir='ltr'><strong>ibi</strong></span> <span class='ocrx_word' id='word_1_535' title='bbox 2355 3497 2424 3538; x_wconf 79' lang='lat' dir='ltr'><strong>ex</strong></span> <span class='ocrx_word' id='word_1_536' title='bbox 2467 3498 2566 3538; x_wconf 89' lang='lat' dir='ltr'><strong>suo</strong></span> <span class='ocrx_word' id='word_1_537' title='bbox 2602 3485 2819 3540; x_wconf 92' lang='lat' dir='ltr'><strong>nomine</strong></span> <span class='ocrx_word' id='word_1_538' title='bbox 2848 3485 3081 3542; x_wconf 81' lang='lat' dir='ltr'><strong>Garama</strong></span> <span class='ocrx_word' id='word_1_539' title='bbox 3122 3487 3377 3557; x_wconf 89' lang='lat' dir='ltr'><strong>oppidum</strong></span> <span class='ocrx_word' id='word_1_540' title='bbox 3423 3489 3699 3554; x_wconf 86' lang='lat' dir='ltr'><strong>condidit;</strong></span> 
     </span>
    </p>
   </div>
   <div class='ocr_carea' id='block_1_83' title="bbox 2116 3576 3711 3649">
    <p class='ocr_par' dir='ltr' id='par_1_83' title="bbox 2116 3576 3711 3649">
     <span class='ocr_line' id='line_1_83' title="bbox 2116 3576 3711 3649; baseline 0.003 -20"><span class='ocrx_word' id='word_1_541' title='bbox 2116 3584 2243 3629; x_wconf 88' lang='lat' dir='ltr'><strong>sunt</strong></span> <span class='ocrx_word' id='word_1_542' title='bbox 2270 3583 2453 3630; x_wconf 88' lang='lat' dir='ltr'><strong>autem</strong></span> <span class='ocrx_word' id='word_1_543' title='bbox 2476 3576 2710 3647; x_wconf 81' lang='lat' dir='ltr'><strong>proximi</strong></span> <span class='ocrx_word' id='word_1_544' title='bbox 2748 3578 2997 3649; x_wconf 86' lang='lat' dir='ltr'><strong>gentibus</strong></span> <span class='ocrx_word' id='word_1_545' title='bbox 3026 3576 3365 3649; x_wconf 65' lang='lat' dir='ltr'><strong>Etltiopum.</strong></span> <span class='ocrx_word' id='word_1_546' title='bbox 3393 3578 3469 3634; x_wconf 88' lang='lat' dir='ltr'><strong>De</strong></span> <span class='ocrx_word' id='word_1_547' title='bbox 3506 3580 3711 3649; x_wconf 84' lang='lat' dir='ltr'><strong>quibus</strong></span> 
     </span>
    </p>
   </div>
   <div class='ocr_carea' id='block_1_84' title="bbox 2121 3667 2418 3738">
    <p class='ocr_par' dir='ltr' id='par_1_84' title="bbox 2121 3667 2418 3738">
     <span class='ocr_line' id='line_1_84' title="bbox 2121 3667 2418 3738; baseline -0.007 -15"><span class='ocrx_word' id='word_1_548' title='bbox 2121 3667 2378 3738; x_wconf 74' lang='lat' dir='ltr'><strong>Virgilius</strong></span> <span class='ocrx_word' id='word_1_549' title='bbox 2403 3685 2418 3721; x_wconf 71' lang='grc' dir='ltr'><strong><em>τ</em></strong></span> 
     </span>
    </p>
   </div>
   <div class='ocr_carea' id='block_1_85' title="bbox 2302 3782 2892 3837">
    <p class='ocr_par' dir='ltr' id='par_1_85' title="bbox 2302 3782 2892 3837">
     <span class='ocr_line' id='line_1_85' title="bbox 2302 3782 2892 3837; baseline 0.003 -5"><span class='ocrx_word' id='word_1_550' title='bbox 2302 3782 2520 3834; x_wconf 79' lang='lat' dir='ltr'><strong>Extremi</strong></span> <span class='ocrx_word' id='word_1_551' title='bbox 2556 3783 2892 3837; x_wconf 84' lang='lat' dir='ltr'><strong>Garamantes.</strong></span> 
     </span>
    </p>
   </div>
   <div class='ocr_carea' id='block_1_86' title="bbox 2114 3888 3717 3962">
    <p class='ocr_par' dir='ltr' id='par_1_86' title="bbox 2114 3888 3717 3962">
     <span class='ocr_line' id='line_1_86' title="bbox 2114 3888 3717 3962; baseline 0 -19"><span class='ocrx_word' id='word_1_552' title='bbox 2114 3888 2354 3944; x_wconf 72' lang='lat' dir='ltr'><strong>Extremi</strong></span> <span class='ocrx_word' id='word_1_553' title='bbox 2382 3900 2584 3957; x_wconf 85' lang='lat' dir='ltr'><strong>autem,</strong></span> <span class='ocrx_word' id='word_1_554' title='bbox 2608 3892 2734 3962; x_wconf 89' lang='lat' dir='ltr'><strong>quia</strong></span> <span class='ocrx_word' id='word_1_555' title='bbox 2761 3892 2888 3947; x_wconf 78' lang='lat' dir='ltr'><strong>saevi</strong></span> <span class='ocrx_word' id='word_1_556' title='bbox 2916 3899 2970 3948; x_wconf 87' lang='lat' dir='ltr'><strong>et</strong></span> <span class='ocrx_word' id='word_1_557' title='bbox 2992 3908 3020 3947; x_wconf 91' lang='lat' dir='ltr'><strong>a</strong></span> <span class='ocrx_word' id='word_1_558' title='bbox 3048 3892 3323 3949; x_wconf 89' lang='lat' dir='ltr'><strong>consortio</strong></span> <span class='ocrx_word' id='word_1_559' title='bbox 3348 3892 3717 3952; x_wconf 76' lang='lat' dir='ltr'><strong>humanitatis</strong></span> 
     </span>
    </p>
   </div>
   <div class='ocr_carea' id='block_1_87' title="bbox 2111 3986 3290 4067">
    <p class='ocr_par' dir='ltr' id='par_1_87' title="bbox 2111 3986 3290 4067">
     <span class='ocr_line' id='line_1_87' title="bbox 2111 3986 3290 4067; baseline 0.002 -27"><span class='ocrx_word' id='word_1_560' title='bbox 2111 3986 2327 4041; x_wconf 87' lang='lat' dir='ltr'><strong>remoti.</strong></span> <span class='ocrx_word' id='word_1_561' title='bbox 2832 4025 2881 4067; x_wconf 69' lang='lat'><strong>.</strong></span> <span class='ocrx_word' id='word_1_562' title='bbox 3286 4056 3290 4060; x_wconf 17' lang='grc' dir='ltr'>θ</span> 
     </span>
    </p>
   </div>
   <div class='ocr_carea' id='block_1_88' title="bbox 2182 4075 3697 4151">
    <p class='ocr_par' dir='ltr' id='par_1_88' title="bbox 2182 4075 3697 4151">
     <span class='ocr_line' id='line_1_88' title="bbox 2182 4075 3697 4151; baseline 0.005 -21"><span class='ocrx_word' id='word_1_563' title='bbox 2182 4075 2429 4148; x_wconf 86' lang='lat' dir='ltr'><strong>Hesperii</strong></span> <span class='ocrx_word' id='word_1_564' title='bbox 2456 4094 2586 4135; x_wconf 88' lang='lat' dir='ltr'><strong>vero</strong></span> <span class='ocrx_word' id='word_1_565' title='bbox 2611 4089 2770 4147; x_wconf 89' lang='lat' dir='ltr'><strong>sunt,</strong></span> <span class='ocrx_word' id='word_1_566' title='bbox 2798 4082 2890 4151; x_wconf 89' lang='lat' dir='ltr'><strong>qui</strong></span> <span class='ocrx_word' id='word_1_567' title='bbox 2927 4082 3074 4138; x_wconf 90' lang='lat' dir='ltr'><strong>circa</strong></span> <span class='ocrx_word' id='word_1_568' title='bbox 3108 4080 3424 4151; x_wconf 88' lang='lat' dir='ltr'><strong>Hispaniam</strong></span> <span class='ocrx_word' id='word_1_569' title='bbox 3453 4096 3697 4137; x_wconf 87' lang='lat' dir='ltr'><strong>commo-</strong></span> 
     </span>
    </p>
   </div>
   <div class='ocr_carea' id='block_1_89' title="bbox 2111 4159 3351 4239">
    <p class='ocr_par' dir='ltr' id='par_1_89' title="bbox 2111 4159 3351 4239">
     <span class='ocr_line' id='line_1_89' title="bbox 2111 4159 3351 4239; baseline 0.003 -19"><span class='ocrx_word' id='word_1_570' title='bbox 2111 4173 2334 4231; x_wconf 86' lang='lat' dir='ltr'><strong>rantur;</strong></span> <span class='ocrx_word' id='word_1_571' title='bbox 2363 4183 2488 4222; x_wconf 90' lang='lat' dir='ltr'><strong>nam</strong></span> <span class='ocrx_word' id='word_1_572' title='bbox 2516 4166 2772 4238; x_wconf 86' lang='lat' dir='ltr'><strong>Hispania</strong></span> <span class='ocrx_word' id='word_1_573' title='bbox 2797 4168 3067 4239; x_wconf 86' lang='lat' dir='ltr'><strong>Hesperia</strong></span> <span class='ocrx_word' id='word_1_574' title='bbox 3087 4169 3307 4225; x_wconf 86' lang='lat' dir='ltr'><strong>dicitur.</strong></span> <span class='ocrx_word' id='word_1_575' title='bbox 3341 4159 3351 4169; x_wconf 77' lang='grc'><em>’</em></span> 
     </span>
    </p>
   </div>
   <div class='ocr_carea' id='block_1_90' title="bbox 2179 4255 3703 4330">
    <p class='ocr_par' dir='ltr' id='par_1_90' title="bbox 2179 4255 3703 4330">
     <span class='ocr_line' id='line_1_90' title="bbox 2179 4255 3703 4330; baseline 0.003 -19"><span class='ocrx_word' id='word_1_576' title='bbox 2179 4255 2465 4328; x_wconf 71' lang='grc' dir='ltr'><strong>Ᾱίιιιὶορθε</strong></span> <span class='ocrx_word' id='word_1_577' title='bbox 2486 4259 2615 4314; x_wconf 90' lang='lat' dir='ltr'><strong>dicti</strong></span> <span class='ocrx_word' id='word_1_578' title='bbox 2651 4275 2682 4314; x_wconf 89' lang='lat' dir='ltr'><strong>a</strong></span> <span class='ocrx_word' id='word_1_579' title='bbox 2707 4258 2817 4314; x_wconf 87' lang='lat' dir='ltr'><strong>filio</strong></span> <span class='ocrx_word' id='word_1_580' title='bbox 2837 4259 3031 4327; x_wconf 89' lang='lat' dir='ltr'><strong>Cham,</strong></span> <span class='ocrx_word' id='word_1_581' title='bbox 3057 4260 3149 4330; x_wconf 89' lang='lat' dir='ltr'><strong>qui</strong></span> <span class='ocrx_word' id='word_1_582' title='bbox 3173 4269 3399 4316; x_wconf 91' lang='lat' dir='ltr'><strong>vocatus</strong></span> <span class='ocrx_word' id='word_1_583' title='bbox 3421 4269 3507 4315; x_wconf 89' lang='lat' dir='ltr'><strong>est</strong></span> <span class='ocrx_word' id='word_1_584' title='bbox 3524 4259 3703 4326; x_wconf 72' lang='lat' dir='ltr'><strong>Chus,</strong></span> 
     </span>
    </p>
   </div>
   <div class='ocr_carea' id='block_1_91' title="bbox 2106 4347 3692 4418">
    <p class='ocr_par' dir='ltr' id='par_1_91' title="bbox 2106 4347 3692 4418">
     <span class='ocr_line' id='line_1_91' title="bbox 2106 4347 3692 4418; baseline 0 -15"><span class='ocrx_word' id='word_1_585' title='bbox 2106 4362 2174 4403; x_wconf 77' lang='lat' dir='ltr'><strong>ex</strong></span> <span class='ocrx_word' id='word_1_586' title='bbox 2202 4362 2310 4416; x_wconf 90' lang='lat' dir='ltr'><strong>quo</strong></span> <span class='ocrx_word' id='word_1_587' title='bbox 2344 4347 2607 4418; x_wconf 89' lang='lat' dir='ltr'><strong>originem</strong></span> <span class='ocrx_word' id='word_1_588' title='bbox 2639 4349 2879 4403; x_wconf 82' lang='lat' dir='ltr'><strong>trahunt.</strong></span> <span class='ocrx_word' id='word_1_589' title='bbox 2910 4348 3054 4405; x_wconf 90' lang='lat' dir='ltr'><strong>Cbus</strong></span> <span class='ocrx_word' id='word_1_590' title='bbox 3094 4349 3239 4404; x_wconf 91' lang='lat' dir='ltr'><strong>enim</strong></span> <span class='ocrx_word' id='word_1_591' title='bbox 3285 4348 3548 4404; x_wconf 89' lang='lat' dir='ltr'><strong>Hebraica</strong></span> <span class='ocrx_word' id='word_1_592' title='bbox 3592 4348 3692 4403; x_wconf 88' lang='lat' dir='ltr'><strong>lin-</strong></span> 
     </span>
    </p>
   </div>
   <div class='ocr_carea' id='block_1_92' title="bbox 2108 4438 3695 4512">
    <p class='ocr_par' dir='ltr' id='par_1_92' title="bbox 2108 4438 3695 4512">
     <span class='ocr_line' id='line_1_92' title="bbox 2108 4438 3695 4512; baseline 0.001 -20"><span class='ocrx_word' id='word_1_593' title='bbox 2108 4454 2208 4510; x_wconf 89' lang='lat' dir='ltr'><strong>gua</strong></span> <span class='ocrx_word' id='word_1_594' title='bbox 2236 4438 2485 4510; x_wconf 62' lang='lat' dir='ltr'><strong>ZEthiops</strong></span> <span class='ocrx_word' id='word_1_595' title='bbox 2515 4441 2920 4511; x_wconf 77' lang='lat' dir='ltr'><strong>interpretatur.</strong></span> <span class='ocrx_word' id='word_1_596' title='bbox 2956 4440 3020 4496; x_wconf 87' lang='lat' dir='ltr'><strong>Hi</strong></span> <span class='ocrx_word' id='word_1_597' title='bbox 3052 4442 3324 4512; x_wconf 89' lang='lat' dir='ltr'><strong>quondam</strong></span> <span class='ocrx_word' id='word_1_598' title='bbox 3351 4442 3419 4495; x_wconf 91' lang='lat' dir='ltr'><strong>ab</strong></span> <span class='ocrx_word' id='word_1_599' title='bbox 3445 4440 3575 4496; x_wconf 88' lang='lat' dir='ltr'><strong>Indo</strong></span> <span class='ocrx_word' id='word_1_600' title='bbox 3597 4439 3695 4494; x_wconf 90' lang='lat' dir='ltr'><strong>llu—</strong></span> 
     </span>
    </p>
   </div>
   <div class='ocr_carea' id='block_1_93' title="bbox 491 4529 3697 4608">
    <p class='ocr_par' dir='ltr' id='par_1_93' title="bbox 491 4529 3697 4608">
     <span class='ocr_line' id='line_1_93' title="bbox 491 4529 3697 4608; baseline 0.001 -25"><span class='ocrx_word' id='word_1_601' title='bbox 491 4529 608 4586; x_wconf 83' lang='lat' dir='ltr'><strong>Afri</strong></span> <span class='ocrx_word' id='word_1_602' title='bbox 634 4533 886 4603; x_wconf 80' lang='lat' dir='ltr'><strong>appellati</strong></span> <span class='ocrx_word' id='word_1_603' title='bbox 915 4536 984 4590; x_wconf 83' lang='lat' dir='ltr'><strong>ab</strong></span> <span class='ocrx_word' id='word_1_604' title='bbox 1013 4549 1122 4590; x_wconf 88' lang='lat' dir='ltr'><strong>uno</strong></span> <span class='ocrx_word' id='word_1_605' title='bbox 1152 4551 1217 4591; x_wconf 75' lang='lat' dir='ltr'><strong>ex</strong></span> <span class='ocrx_word' id='word_1_606' title='bbox 1243 4536 1476 4607; x_wconf 72' lang='lat' dir='ltr'><strong>posteris</strong></span> <span class='ocrx_word' id='word_1_607' title='bbox 1495 4535 1763 4603; x_wconf 57' lang='lat' dir='ltr'><strong>Abrahae,</strong></span> <span class='ocrx_word' id='word_1_608' title='bbox 1785 4538 1879 4608; x_wconf 78' lang='lat' dir='ltr'><strong>qui</strong></span> <span class='ocrx_word' id='word_1_609' title='bbox 1906 4554 2006 4595; x_wconf 72' lang='grc' dir='ltr'><strong>νο.</strong></span> <span class='ocrx_word' id='word_1_610' title='bbox 2037 4529 2084 4556; x_wconf 84' lang='grc' dir='ltr'><em>υ</em></span> <span class='ocrx_word' id='word_1_611' title='bbox 2112 4530 2256 4582; x_wconf 85' lang='lat' dir='ltr'><strong>mine</strong></span> <span class='ocrx_word' id='word_1_612' title='bbox 2293 4540 2683 4599; x_wconf 86' lang='lat' dir='ltr'><strong>consurgentes</strong></span> <span class='ocrx_word' id='word_1_613' title='bbox 2720 4531 2877 4599; x_wconf 78' lang='lat' dir='ltr'><strong>juxta</strong></span> <span class='ocrx_word' id='word_1_614' title='bbox 2922 4530 3217 4602; x_wconf 62' lang='lat' dir='ltr'><strong>JEgyptum</strong></span> <span class='ocrx_word' id='word_1_615' title='bbox 3256 4533 3399 4588; x_wconf 88' lang='lat' dir='ltr'><strong>inter</strong></span> <span class='ocrx_word' id='word_1_616' title='bbox 3432 4530 3610 4585; x_wconf 84' lang='lat' dir='ltr'><strong>Nilum</strong></span> <span class='ocrx_word' id='word_1_617' title='bbox 3642 4540 3697 4586; x_wconf 89' lang='lat' dir='ltr'><strong>et</strong></span> 
     </span>
    </p>
   </div>
   <div class='ocr_carea' id='block_1_94' title="bbox 418 4622 2007 4702">
    <p class='ocr_par' dir='ltr' id='par_1_94' title="bbox 418 4622 2007 4702">
     <span class='ocr_line' id='line_1_94' title="bbox 418 4622 2007 4702; baseline 0.005 -23"><span class='ocrx_word' id='word_1_618' title='bbox 418 4622 646 4679; x_wconf 88' lang='lat' dir='ltr'><strong>cabatur</strong></span> <span class='ocrx_word' id='word_1_619' title='bbox 672 4622 824 4689; x_wconf 87' lang='lat' dir='ltr'><strong>Afer,</strong></span> <span class='ocrx_word' id='word_1_620' title='bbox 863 4624 956 4694; x_wconf 90' lang='lat' dir='ltr'><strong>qui</strong></span> <span class='ocrx_word' id='word_1_621' title='bbox 994 4624 1194 4681; x_wconf 87' lang='lat' dir='ltr'><strong>dicitur</strong></span> <span class='ocrx_word' id='word_1_622' title='bbox 1228 4626 1445 4683; x_wconf 83' lang='lat' dir='ltr'><strong>duxisse</strong></span> <span class='ocrx_word' id='word_1_623' title='bbox 1484 4627 1744 4684; x_wconf 89' lang='lat' dir='ltr'><strong>adversus</strong></span> <span class='ocrx_word' id='word_1_624' title='bbox 1781 4629 2007 4702; x_wconf 87' lang='lat' dir='ltr'><strong>Libyam</strong></span> 
     </span>
    </p>
   </div>
   <div class='ocr_carea' id='block_1_95' title="bbox 417 4714 2009 4790">
    <p class='ocr_par' dir='ltr' id='par_1_95' title="bbox 417 4714 2009 4790">
     <span class='ocr_line' id='line_1_95' title="bbox 417 4714 2009 4790; baseline 0.005 -21"><span class='ocrx_word' id='word_1_625' title='bbox 417 4714 747 4781; x_wconf 82' lang='lat' dir='ltr'><strong>exercitum,</strong></span> <span class='ocrx_word' id='word_1_626' title='bbox 786 4724 843 4771; x_wconf 91' lang='lat' dir='ltr'><strong>et</strong></span> <span class='ocrx_word' id='word_1_627' title='bbox 875 4715 951 4773; x_wconf 90' lang='lat' dir='ltr'><strong>ibi</strong></span> <span class='ocrx_word' id='word_1_628' title='bbox 998 4717 1156 4773; x_wconf 90' lang='lat' dir='ltr'><strong>victis</strong></span> <span class='ocrx_word' id='word_1_629' title='bbox 1202 4719 1448 4774; x_wconf 90' lang='lat' dir='ltr'><strong>hostibus</strong></span> <span class='ocrx_word' id='word_1_630' title='bbox 1486 4720 1832 4787; x_wconf 89' lang='lat' dir='ltr'><strong>consedisse,</strong></span> <span class='ocrx_word' id='word_1_631' title='bbox 1865 4723 2009 4790; x_wconf 84' lang='lat' dir='ltr'><strong>ejus-</strong></span> 
     </span>
    </p>
   </div>
   <div class='ocr_carea' id='block_1_96' title="bbox 417 4808 2005 4875">
    <p class='ocr_par' dir='ltr' id='par_1_96' title="bbox 417 4808 2005 4875">
     <span class='ocr_line' id='line_1_96' title="bbox 417 4808 2005 4875; baseline 0.006 -18"><span class='ocrx_word' id='word_1_632' title='bbox 417 4818 525 4874; x_wconf 89' lang='lat' dir='ltr'><strong>que</strong></span> <span class='ocrx_word' id='word_1_633' title='bbox 562 4813 812 4875; x_wconf 88' lang='lat' dir='ltr'><strong>posteros</strong></span> <span class='ocrx_word' id='word_1_634' title='bbox 847 4821 916 4862; x_wconf 77' lang='lat' dir='ltr'><strong>ex</strong></span> <span class='ocrx_word' id='word_1_635' title='bbox 958 4809 1180 4871; x_wconf 85' lang='lat' dir='ltr'><strong>nomine</strong></span> <span class='ocrx_word' id='word_1_636' title='bbox 1214 4808 1409 4866; x_wconf 83' lang='lat' dir='ltr'><strong>Atavi.</strong></span> <span class='ocrx_word' id='word_1_637' title='bbox 1457 4817 1513 4865; x_wconf 91' lang='lat' dir='ltr'><strong>et</strong></span> <span class='ocrx_word' id='word_1_638' title='bbox 1555 4808 1718 4865; x_wconf 82' lang='lat' dir='ltr'><strong>Afros</strong></span> <span class='ocrx_word' id='word_1_639' title='bbox 1766 4811 2005 4867; x_wconf 87' lang='lat' dir='ltr'><strong>Africam</strong></span> 
     </span>
    </p>
   </div>
   <div class='ocr_carea' id='block_1_97' title="bbox 418 4911 783 4965">
    <p class='ocr_par' dir='ltr' id='par_1_97' title="bbox 418 4911 783 4965">
     <span class='ocr_line' id='line_1_97' title="bbox 418 4911 783 4965; baseline 0.003 -16"><span class='ocrx_word' id='word_1_640' title='bbox 418 4911 783 4965; x_wconf 85' lang='lat' dir='ltr'><strong>nuncupasse.</strong></span> 
     </span>
    </p>
   </div>
   <div class='ocr_carea' id='block_1_98' title="bbox 490 4984 2005 5063">
    <p class='ocr_par' dir='ltr' id='par_1_98' title="bbox 490 4984 2005 5063">
     <span class='ocr_line' id='line_1_98' title="bbox 490 4984 2005 5063; baseline 0.009 -24"><span class='ocrx_word' id='word_1_641' title='bbox 490 4986 644 5041; x_wconf 89' lang='lat' dir='ltr'><strong>Poeni</strong></span> <span class='ocrx_word' id='word_1_642' title='bbox 685 4996 865 5045; x_wconf 89' lang='lat' dir='ltr'><strong>autem</strong></span> <span class='ocrx_word' id='word_1_643' title='bbox 907 4991 1365 5063; x_wconf 89' lang='lat' dir='ltr'><strong>Carthaginenses</strong></span> <span class='ocrx_word' id='word_1_644' title='bbox 1411 5002 1539 5048; x_wconf 88' lang='lat' dir='ltr'><strong>sunt</strong></span> <span class='ocrx_word' id='word_1_645' title='bbox 1583 5009 1614 5049; x_wconf 92' lang='lat' dir='ltr'><strong>a</strong></span> <span class='ocrx_word' id='word_1_646' title='bbox 1658 4984 2005 5053; x_wconf 75' lang='lat' dir='ltr'><strong>Phtenicibus</strong></span> 
     </span>
    </p>
   </div>
   <div class='ocr_carea' id='block_1_99' title="bbox 418 5082 2003 5160">
    <p class='ocr_par' dir='ltr' id='par_1_99' title="bbox 418 5082 2003 5160">
     <span class='ocr_line' id='line_1_99' title="bbox 418 5082 2003 5160; baseline 0.009 -30"><span class='ocrx_word' id='word_1_647' title='bbox 418 5082 733 5149; x_wconf 89' lang='lat' dir='ltr'><strong>nuncupati,</strong></span> <span class='ocrx_word' id='word_1_648' title='bbox 778 5082 872 5151; x_wconf 90' lang='lat' dir='ltr'><strong>qui</strong></span> <span class='ocrx_word' id='word_1_649' title='bbox 920 5099 1045 5139; x_wconf 90' lang='lat' dir='ltr'><strong>cum</strong></span> <span class='ocrx_word' id='word_1_650' title='bbox 1091 5085 1297 5140; x_wconf 87' lang='lat' dir='ltr'><strong>Didone</strong></span> <span class='ocrx_word' id='word_1_651' title='bbox 1343 5084 1572 5155; x_wconf 91' lang='lat' dir='ltr'><strong>profecti</strong></span> <span class='ocrx_word' id='word_1_652' title='bbox 1625 5094 1750 5142; x_wconf 89' lang='lat' dir='ltr'><strong>sunt</strong></span> <span class='ocrx_word' id='word_1_653' title='bbox 1793 5106 1808 5142; x_wconf 90' lang='lat'><strong>:</strong></span> <span class='ocrx_word' id='word_1_654' title='bbox 1857 5089 2003 5160; x_wconf 82' lang='lat' dir='ltr'><strong>Tyrii</strong></span> 
     </span>
    </p>
   </div>
   <div class='ocr_carea' id='block_1_100' title="bbox 420 5166 2007 5250">
    <p class='ocr_par' dir='ltr' id='par_1_100' title="bbox 420 5166 2007 5250">
     <span class='ocr_line' id='line_1_100' title="bbox 420 5166 2007 5250; baseline 0.009 -31"><span class='ocrx_word' id='word_1_655' title='bbox 420 5180 550 5221; x_wconf 88' lang='lat' dir='ltr'><strong>vero</strong></span> <span class='ocrx_word' id='word_1_656' title='bbox 580 5183 612 5221; x_wconf 93' lang='lat' dir='ltr'><strong>a</strong></span> <span class='ocrx_word' id='word_1_657' title='bbox 640 5166 785 5240; x_wconf 83' lang='lat' dir='ltr'><strong>Tyro</strong></span> <span class='ocrx_word' id='word_1_658' title='bbox 814 5173 950 5227; x_wconf 88' lang='lat' dir='ltr'><strong>urbe</strong></span> <span class='ocrx_word' id='word_1_659' title='bbox 970 5173 1286 5230; x_wconf 72' lang='lat' dir='ltr'><strong>thnicum</strong></span> <span class='ocrx_word' id='word_1_660' title='bbox 1317 5175 1605 5243; x_wconf 89' lang='lat' dir='ltr'><strong>nominati,</strong></span> <span class='ocrx_word' id='word_1_661' title='bbox 1644 5177 1714 5231; x_wconf 91' lang='lat' dir='ltr'><strong>de</strong></span> <span class='ocrx_word' id='word_1_662' title='bbox 1752 5192 1858 5249; x_wconf 91' lang='lat' dir='ltr'><strong>qua</strong></span> <span class='ocrx_word' id='word_1_663' title='bbox 1873 5195 2007 5250; x_wconf 85' lang='lat' dir='ltr'><strong>pro-</strong></span> 
     </span>
    </p>
   </div>
   <div class='ocr_carea' id='block_1_101' title="bbox 416 5255 1612 5323">
    <p class='ocr_par' dir='ltr' id='par_1_101' title="bbox 416 5255 1612 5323">
     <span class='ocr_line' id='line_1_101' title="bbox 416 5255 1612 5323; baseline 0.01 -14"><span class='ocrx_word' id='word_1_664' title='bbox 416 5255 546 5313; x_wconf 88' lang='lat' dir='ltr'><strong>fecti</strong></span> <span class='ocrx_word' id='word_1_665' title='bbox 581 5267 727 5323; x_wconf 90' lang='lat' dir='ltr'><strong>sunt,</strong></span> <span class='ocrx_word' id='word_1_666' title='bbox 753 5269 808 5315; x_wconf 88' lang='lat' dir='ltr'><strong>et</strong></span> <span class='ocrx_word' id='word_1_667' title='bbox 837 5261 891 5316; x_wconf 92' lang='lat' dir='ltr'><strong>in</strong></span> <span class='ocrx_word' id='word_1_668' title='bbox 916 5261 1114 5319; x_wconf 86' lang='lat' dir='ltr'><strong>Africae</strong></span> <span class='ocrx_word' id='word_1_669' title='bbox 1141 5264 1296 5321; x_wconf 90' lang='lat' dir='ltr'><strong>littus</strong></span> <span class='ocrx_word' id='word_1_670' title='bbox 1325 5274 1612 5323; x_wconf 87' lang='lat' dir='ltr'><strong>venerunt.</strong></span> 
     </span>
    </p>
   </div>
   <div class='ocr_carea' id='block_1_102' title="bbox 487 5345 2005 5431">
    <p class='ocr_par' dir='ltr' id='par_1_102' title="bbox 487 5345 2005 5431">
     <span class='ocr_line' id='line_1_102' title="bbox 487 5345 2005 5431; baseline 0.007 -27"><span class='ocrx_word' id='word_1_671' title='bbox 487 5345 668 5404; x_wconf 87' lang='lat' dir='ltr'><strong>Getuli</strong></span> <span class='ocrx_word' id='word_1_672' title='bbox 697 5350 846 5407; x_wconf 71' lang='lat' dir='ltr'><strong>Geta:</strong></span> <span class='ocrx_word' id='word_1_673' title='bbox 879 5351 1135 5409; x_wconf 90' lang='lat' dir='ltr'><strong>dicuntur</strong></span> <span class='ocrx_word' id='word_1_674' title='bbox 1175 5354 1369 5423; x_wconf 90' lang='lat' dir='ltr'><strong>fuisse,</strong></span> <span class='ocrx_word' id='word_1_675' title='bbox 1410 5357 1504 5428; x_wconf 91' lang='lat' dir='ltr'><strong>qui</strong></span> <span class='ocrx_word' id='word_1_676' title='bbox 1546 5358 1751 5431; x_wconf 85' lang='lat' dir='ltr'><strong>ingenti</strong></span> <span class='ocrx_word' id='word_1_677' title='bbox 1788 5359 2005 5430; x_wconf 77' lang='lat' dir='ltr'><strong>agmine</strong></span> 
     </span>
    </p>
   </div>
   <div class='ocr_carea' id='block_1_103' title="bbox 415 5439 2001 5520">
    <p class='ocr_par' dir='ltr' id='par_1_103' title="bbox 415 5439 2001 5520">
     <span class='ocr_line' id='line_1_103' title="bbox 415 5439 2001 5520; baseline 0.006 -24"><span class='ocrx_word' id='word_1_678' title='bbox 415 5454 449 5496; x_wconf 86' lang='lat' dir='ltr'><strong>a</strong></span> <span class='ocrx_word' id='word_1_679' title='bbox 475 5439 611 5497; x_wconf 92' lang='lat' dir='ltr'><strong>locis</strong></span> <span class='ocrx_word' id='word_1_680' title='bbox 634 5442 748 5498; x_wconf 89' lang='lat' dir='ltr'><strong>suis</strong></span> <span class='ocrx_word' id='word_1_681' title='bbox 773 5443 1002 5499; x_wconf 89' lang='lat' dir='ltr'><strong>navibus</strong></span> <span class='ocrx_word' id='word_1_682' title='bbox 1047 5447 1477 5503; x_wconf 84' lang='lat' dir='ltr'><strong>conscendentes</strong></span> <span class='ocrx_word' id='word_1_683' title='bbox 1519 5449 1638 5505; x_wconf 89' lang='lat' dir='ltr'><strong>loca</strong></span> <span class='ocrx_word' id='word_1_684' title='bbox 1673 5447 1915 5520; x_wconf 80' lang='lat' dir='ltr'><strong>Syrtium</strong></span> <span class='ocrx_word' id='word_1_685' title='bbox 1946 5449 2001 5505; x_wconf 92' lang='lat' dir='ltr'><strong>in</strong></span> 
     </span>
    </p>
   </div>
   <div class='ocr_carea' id='block_1_104' title="bbox 416 5531 2002 5612">
    <p class='ocr_par' dir='ltr' id='par_1_104' title="bbox 416 5531 2002 5612">
     <span class='ocr_line' id='line_1_104' title="bbox 416 5531 2002 5612; baseline 0.006 -25"><span class='ocrx_word' id='word_1_686' title='bbox 416 5531 586 5604; x_wconf 85' lang='lat' dir='ltr'><strong>Libya</strong></span> <span class='ocrx_word' id='word_1_687' title='bbox 606 5543 1009 5612; x_wconf 71' lang='lat' dir='ltr'><strong>occupaverqnt</strong></span> <span class='ocrx_word' id='word_1_688' title='bbox 1034 5554 1047 5590; x_wconf 91' lang='lat'><strong>:</strong></span> <span class='ocrx_word' id='word_1_689' title='bbox 1071 5545 1127 5592; x_wconf 90' lang='lat' dir='ltr'><strong>et</strong></span> <span class='ocrx_word' id='word_1_690' title='bbox 1152 5537 1279 5607; x_wconf 89' lang='lat' dir='ltr'><strong>quia</strong></span> <span class='ocrx_word' id='word_1_691' title='bbox 1306 5554 1373 5594; x_wconf 78' lang='lat' dir='ltr'><strong>ex</strong></span> <span class='ocrx_word' id='word_1_692' title='bbox 1393 5536 1544 5595; x_wconf 86' lang='lat' dir='ltr'><strong>Getis</strong></span> <span class='ocrx_word' id='word_1_693' title='bbox 1570 5547 1851 5605; x_wconf 88' lang='lat' dir='ltr'><strong>venerant,</strong></span> <span class='ocrx_word' id='word_1_694' title='bbox 1877 5539 2002 5596; x_wconf 87' lang='lat' dir='ltr'><strong>inde</strong></span> 
     </span>
    </p>
   </div>
   <div class='ocr_carea' id='block_1_105' title="bbox 417 5624 2000 5700">
    <p class='ocr_par' dir='ltr' id='par_1_105' title="bbox 417 5624 2000 5700">
     <span class='ocr_line' id='line_1_105' title="bbox 417 5624 2000 5700; baseline 0.004 -21"><span class='ocrx_word' id='word_1_695' title='bbox 417 5624 665 5681; x_wconf 88' lang='lat' dir='ltr'><strong>derivato</strong></span> <span class='ocrx_word' id='word_1_696' title='bbox 690 5626 908 5682; x_wconf 90' lang='lat' dir='ltr'><strong>nomine</strong></span> <span class='ocrx_word' id='word_1_697' title='bbox 936 5625 1114 5684; x_wconf 88' lang='lat' dir='ltr'><strong>Getuli</strong></span> <span class='ocrx_word' id='word_1_698' title='bbox 1153 5629 1523 5700; x_wconf 89' lang='lat' dir='ltr'><strong>cognominati</strong></span> <span class='ocrx_word' id='word_1_699' title='bbox 1570 5637 1741 5685; x_wconf 91' lang='lat' dir='ltr'><strong>sunt:</strong></span> <span class='ocrx_word' id='word_1_700' title='bbox 1767 5629 1912 5685; x_wconf 90' lang='lat' dir='ltr'><strong>unde</strong></span> <span class='ocrx_word' id='word_1_701' title='bbox 1944 5638 2000 5685; x_wconf 89' lang='lat' dir='ltr'><strong>et</strong></span> 
     </span>
    </p>
   </div>
   <div class='ocr_carea' id='block_1_106' title="bbox 416 5715 1997 5793">
    <p class='ocr_par' dir='ltr' id='par_1_106' title="bbox 416 5715 1997 5793">
     <span class='ocr_line' id='line_1_106' title="bbox 416 5715 1997 5793; baseline 0.006 -23"><span class='ocrx_word' id='word_1_702' title='bbox 416 5715 599 5782; x_wconf 84' lang='lat' dir='ltr'><strong>opinio</strong></span> <span class='ocrx_word' id='word_1_703' title='bbox 612 5725 713 5787; x_wconf 86' lang='lat' dir='ltr'><strong>est,</strong></span> <span class='ocrx_word' id='word_1_704' title='bbox 732 5720 871 5789; x_wconf 89' lang='lat' dir='ltr'><strong>apud</strong></span> <span class='ocrx_word' id='word_1_705' title='bbox 891 5719 1094 5778; x_wconf 87' lang='lat' dir='ltr'><strong>Gothos</strong></span> <span class='ocrx_word' id='word_1_706' title='bbox 1116 5720 1186 5777; x_wconf 88' lang='lat' dir='ltr'><strong>ab</strong></span> <span class='ocrx_word' id='word_1_707' title='bbox 1202 5721 1427 5792; x_wconf 90' lang='lat' dir='ltr'><strong>antiqua</strong></span> <span class='ocrx_word' id='word_1_708' title='bbox 1439 5722 1761 5793; x_wconf 85' lang='lat' dir='ltr'><strong>cognatione</strong></span> <span class='ocrx_word' id='word_1_709' title='bbox 1781 5721 1997 5779; x_wconf 86' lang='lat' dir='ltr'><strong>Mauros</strong></span> 
     </span>
    </p>
   </div>
   <div class='ocr_carea' id='block_1_107' title="bbox 2110 4617 3696 4692">
    <p class='ocr_par' dir='ltr' id='par_1_107' title="bbox 2110 4617 3696 4692">
     <span class='ocr_line' id='line_1_107' title="bbox 2110 4617 3696 4692; baseline 0 -16"><span class='ocrx_word' id='word_1_710' title='bbox 2110 4617 2389 4676; x_wconf 89' lang='lat' dir='ltr'><strong>Oceanum</strong></span> <span class='ocrx_word' id='word_1_711' title='bbox 2415 4621 2469 4675; x_wconf 95' lang='lat' dir='ltr'><strong>in</strong></span> <span class='ocrx_word' id='word_1_712' title='bbox 2498 4620 2719 4677; x_wconf 85' lang='lat' dir='ltr'><strong>Meridie</strong></span> <span class='ocrx_word' id='word_1_713' title='bbox 2752 4622 2854 4677; x_wconf 90' lang='lat' dir='ltr'><strong>sub</strong></span> <span class='ocrx_word' id='word_1_714' title='bbox 2885 4623 3000 4692; x_wconf 90' lang='lat' dir='ltr'><strong>ipsa</strong></span> <span class='ocrx_word' id='word_1_715' title='bbox 3026 4623 3156 4678; x_wconf 89' lang='lat' dir='ltr'><strong>solis</strong></span> <span class='ocrx_word' id='word_1_716' title='bbox 3180 4623 3459 4679; x_wconf 88' lang='lat' dir='ltr'><strong>vicinitate</strong></span> <span class='ocrx_word' id='word_1_717' title='bbox 3485 4622 3696 4677; x_wconf 88' lang='lat' dir='ltr'><strong>insede-</strong></span> 
     </span>
    </p>
   </div>
   <div class='ocr_carea' id='block_1_108' title="bbox 2110 4712 3695 4784">
    <p class='ocr_par' dir='ltr' id='par_1_108' title="bbox 2110 4712 3695 4784">
     <span class='ocr_line' id='line_1_108' title="bbox 2110 4712 3695 4784; baseline 0.001 -19"><span class='ocrx_word' id='word_1_718' title='bbox 2110 4720 2267 4779; x_wconf 89' lang='lat' dir='ltr'><strong>runt;</strong></span> <span class='ocrx_word' id='word_1_719' title='bbox 2295 4727 2523 4782; x_wconf 89' lang='lat' dir='ltr'><strong>quorum</strong></span> <span class='ocrx_word' id='word_1_720' title='bbox 2554 4722 2667 4769; x_wconf 90' lang='lat' dir='ltr'><strong>tres</strong></span> <span class='ocrx_word' id='word_1_721' title='bbox 2695 4724 2823 4769; x_wconf 90' lang='lat' dir='ltr'><strong>sunt</strong></span> <span class='ocrx_word' id='word_1_722' title='bbox 2853 4714 3035 4784; x_wconf 88' lang='lat' dir='ltr'><strong>populi</strong></span> <span class='ocrx_word' id='word_1_723' title='bbox 3063 4733 3076 4768; x_wconf 88' lang='lat'><strong>:</strong></span> <span class='ocrx_word' id='word_1_724' title='bbox 3103 4713 3362 4784; x_wconf 86' lang='lat' dir='ltr'><strong>Hesperi,</strong></span> <span class='ocrx_word' id='word_1_725' title='bbox 3394 4712 3695 4769; x_wconf 82' lang='lat' dir='ltr'><strong>Garaman-</strong></span> 
     </span>
    </p>
   </div>
   <div class='ocr_carea' id='block_1_109' title="bbox 2110 4805 3694 4883">
    <p class='ocr_par' dir='ltr' id='par_1_109' title="bbox 2110 4805 3694 4883">
     <span class='ocr_line' id='line_1_109' title="bbox 2110 4805 3694 4883; baseline -0.001 -23"><span class='ocrx_word' id='word_1_726' title='bbox 2110 4813 2194 4860; x_wconf 90' lang='lat' dir='ltr'><strong>tes</strong></span> <span class='ocrx_word' id='word_1_727' title='bbox 2240 4814 2297 4861; x_wconf 92' lang='lat' dir='ltr'><strong>et</strong></span> <span class='ocrx_word' id='word_1_728' title='bbox 2340 4805 2475 4861; x_wconf 88' lang='lat' dir='ltr'><strong>Indi.</strong></span> <span class='ocrx_word' id='word_1_729' title='bbox 2505 4807 2731 4876; x_wconf 86' lang='lat' dir='ltr'><strong>Hesperi</strong></span> <span class='ocrx_word' id='word_1_730' title='bbox 2778 4816 2905 4883; x_wconf 90' lang='lat' dir='ltr'><strong>sunt</strong></span> <span class='ocrx_word' id='word_1_731' title='bbox 2943 4806 3281 4870; x_wconf 88' lang='lat' dir='ltr'><strong>Occidentis;</strong></span> <span class='ocrx_word' id='word_1_732' title='bbox 3333 4805 3694 4862; x_wconf 85' lang='lat' dir='ltr'><strong>Garamantes</strong></span> 
     </span>
    </p>
   </div>
   <div class='ocr_carea' id='block_1_110' title="bbox 2112 4893 2789 4965">
    <p class='ocr_par' dir='ltr' id='par_1_110' title="bbox 2112 4893 2789 4965">
     <span class='ocr_line' id='line_1_110' title="bbox 2112 4893 2789 4965; baseline 0 -15"><span class='ocrx_word' id='word_1_733' title='bbox 2112 4893 2366 4965; x_wconf 85' lang='lat' dir='ltr'><strong>Tripolis,</strong></span> <span class='ocrx_word' id='word_1_734' title='bbox 2392 4896 2506 4951; x_wconf 83' lang='lat' dir='ltr'><strong>Indi</strong></span> <span class='ocrx_word' id='word_1_735' title='bbox 2529 4896 2789 4952; x_wconf 88' lang='lat' dir='ltr'><strong>Orientis.</strong></span> 
     </span>
    </p>
   </div>
   <div class='ocr_carea' id='block_1_111' title="bbox 2179 4986 3692 5059">
    <p class='ocr_par' dir='ltr' id='par_1_111' title="bbox 2179 4986 3692 5059">
     <span class='ocr_line' id='line_1_111' title="bbox 2179 4986 3692 5059; baseline -0.002 -16"><span class='ocrx_word' id='word_1_736' title='bbox 2179 4987 2463 5059; x_wconf 60' lang='lat' dir='ltr'><strong>[Ethiopes</strong></span> <span class='ocrx_word' id='word_1_737' title='bbox 2499 4988 3199 5059; x_wconf 56' lang='lat' dir='ltr'><strong>interpretanturltenebrn:</strong></span> <span class='ocrx_word' id='word_1_738' title='bbox 3248 4987 3335 5044; x_wconf 90' lang='lat' dir='ltr'><strong>vel</strong></span> <span class='ocrx_word' id='word_1_739' title='bbox 3385 4987 3584 5057; x_wconf 83' lang='lat' dir='ltr'><strong>caligo,</strong></span> <span class='ocrx_word' id='word_1_740' title='bbox 3638 4986 3692 5041; x_wconf 90' lang='lat' dir='ltr'><strong>id</strong></span> 
     </span>
    </p>
   </div>
   <div class='ocr_carea' id='block_1_112' title="bbox 2107 5079 3691 5150">
    <p class='ocr_par' dir='ltr' id='par_1_112' title="bbox 2107 5079 3691 5150">
     <span class='ocr_line' id='line_1_112' title="bbox 2107 5079 3691 5150; baseline -0.004 -13"><span class='ocrx_word' id='word_1_741' title='bbox 2107 5088 2192 5137; x_wconf 89' lang='lat' dir='ltr'><strong>est</strong></span> <span class='ocrx_word' id='word_1_742' title='bbox 2219 5080 2628 5150; x_wconf 87' lang='lat' dir='ltr'><strong>impii,quibus</strong></span> <span class='ocrx_word' id='word_1_743' title='bbox 2658 5080 2934 5147; x_wconf 89' lang='lat' dir='ltr'><strong>diabolus,</strong></span> <span class='ocrx_word' id='word_1_744' title='bbox 2972 5081 3121 5137; x_wconf 88' lang='lat' dir='ltr'><strong>velut</strong></span> <span class='ocrx_word' id='word_1_745' title='bbox 3169 5079 3407 5136; x_wconf 85' lang='lat' dir='ltr'><strong>tenebris</strong></span> <span class='ocrx_word' id='word_1_746' title='bbox 3451 5079 3691 5134; x_wconf 87' lang='lat' dir='ltr'><strong>circum-</strong></span> 
     </span>
    </p>
   </div>
   <div class='ocr_carea' id='block_1_113' title="bbox 2104 5172 2556 5242">
    <p class='ocr_par' dir='ltr' id='par_1_113' title="bbox 2104 5172 2556 5242">
     <span class='ocr_line' id='line_1_113' title="bbox 2104 5172 2556 5242; baseline -0.007 -14"><span class='ocrx_word' id='word_1_747' title='bbox 2104 5180 2309 5242; x_wconf 90' lang='lat' dir='ltr'><strong>septus,</strong></span> <span class='ocrx_word' id='word_1_748' title='bbox 2338 5172 2556 5227; x_wconf 89' lang='lat' dir='ltr'><strong>incedit.</strong></span> 
     </span>
    </p>
   </div>
   <div class='ocr_carea' id='block_1_114' title="bbox 2179 5261 3689 5334">
    <p class='ocr_par' dir='ltr' id='par_1_114' title="bbox 2179 5261 3689 5334">
     <span class='ocr_line' id='line_1_114' title="bbox 2179 5261 3689 5334; baseline -0.003 -17"><span class='ocrx_word' id='word_1_749' title='bbox 2179 5263 2518 5334; x_wconf 57' lang='lat' dir='ltr'><strong>Troglodytas</strong></span> <span class='ocrx_word' id='word_1_750' title='bbox 2537 5277 2671 5334; x_wconf 87' lang='lat' dir='ltr'><strong>gens</strong></span> <span class='ocrx_word' id='word_1_751' title='bbox 2700 5261 3023 5333; x_wconf 64' lang='lat' dir='ltr'><strong>Ethiopum</strong></span> <span class='ocrx_word' id='word_1_752' title='bbox 3060 5262 3180 5317; x_wconf 90' lang='lat' dir='ltr'><strong>ideo</strong></span> <span class='ocrx_word' id='word_1_753' title='bbox 3209 5261 3504 5330; x_wconf 89' lang='lat' dir='ltr'><strong>nuncupati</strong></span> <span class='ocrx_word' id='word_1_754' title='bbox 3538 5268 3689 5325; x_wconf 89' lang='lat' dir='ltr'><strong>sunt,</strong></span> 
     </span>
    </p>
   </div>
   <div class='ocr_carea' id='block_1_115' title="bbox 2107 5348 3693 5426">
    <p class='ocr_par' dir='ltr' id='par_1_115' title="bbox 2107 5348 3693 5426">
     <span class='ocr_line' id='line_1_115' title="bbox 2107 5348 3693 5426; baseline -0.003 -16"><span class='ocrx_word' id='word_1_755' title='bbox 2107 5354 2253 5425; x_wconf 90' lang='lat' dir='ltr'><strong>quod</strong></span> <span class='ocrx_word' id='word_1_756' title='bbox 2282 5362 2430 5409; x_wconf 89' lang='lat' dir='ltr'><strong>tanta</strong></span> <span class='ocrx_word' id='word_1_757' title='bbox 2458 5354 2735 5411; x_wconf 86' lang='lat' dir='ltr'><strong>celeritate</strong></span> <span class='ocrx_word' id='word_1_758' title='bbox 2768 5353 2992 5426; x_wconf 87' lang='lat' dir='ltr'><strong>pollent,</strong></span> <span class='ocrx_word' id='word_1_759' title='bbox 3019 5361 3080 5408; x_wconf 91' lang='lat' dir='ltr'><strong>ut</strong></span> <span class='ocrx_word' id='word_1_760' title='bbox 3114 5351 3260 5408; x_wconf 89' lang='lat' dir='ltr'><strong>feras</strong></span> <span class='ocrx_word' id='word_1_761' title='bbox 3290 5366 3454 5408; x_wconf 90' lang='lat' dir='ltr'><strong>cursu</strong></span> <span class='ocrx_word' id='word_1_762' title='bbox 3489 5348 3693 5421; x_wconf 82' lang='lat' dir='ltr'><strong>pedum</strong></span> 
     </span>
    </p>
   </div>
   <div class='ocr_carea' id='block_1_116' title="bbox 2108 5453 2491 5517">
    <p class='ocr_par' dir='ltr' id='par_1_116' title="bbox 2108 5453 2491 5517">
     <span class='ocr_line' id='line_1_116' title="bbox 2108 5453 2491 5517; baseline -0.003 -16"><span class='ocrx_word' id='word_1_763' title='bbox 2108 5453 2491 5517; x_wconf 88' lang='lat' dir='ltr'><strong>assequantur.</strong></span> 
     </span>
    </p>
   </div>
   <div class='ocr_carea' id='block_1_117' title="bbox 2175 5529 3692 5609">
    <p class='ocr_par' dir='ltr' id='par_1_117' title="bbox 2175 5529 3692 5609">
     <span class='ocr_line' id='line_1_117' title="bbox 2175 5529 3692 5609; baseline -0.004 -18"><span class='ocrx_word' id='word_1_764' title='bbox 2175 5535 2419 5608; x_wconf 91' lang='lat' dir='ltr'><strong>Panfagii</strong></span> <span class='ocrx_word' id='word_1_765' title='bbox 2448 5547 2502 5592; x_wconf 89' lang='lat' dir='ltr'><strong>et</strong></span> <span class='ocrx_word' id='word_1_766' title='bbox 2521 5535 2643 5591; x_wconf 86' lang='lat' dir='ltr'><strong>Hini</strong></span> <span class='ocrx_word' id='word_1_767' title='bbox 2672 5534 2803 5609; x_wconf 82' lang='lat' dir='ltr'><strong>[Al.,</strong></span> <span class='ocrx_word' id='word_1_768' title='bbox 2836 5534 2915 5609; x_wconf 88' lang='lat' dir='ltr'><strong>hi]</strong></span> <span class='ocrx_word' id='word_1_769' title='bbox 2940 5535 2994 5590; x_wconf 93' lang='lat' dir='ltr'><strong>in</strong></span> <span class='ocrx_word' id='word_1_770' title='bbox 3018 5533 3293 5605; x_wconf 66' lang='lat' dir='ltr'><strong>Aﬁtbiopia</strong></span> <span class='ocrx_word' id='word_1_771' title='bbox 3322 5547 3468 5598; x_wconf 86' lang='lat' dir='ltr'><strong>sunt,</strong></span> <span class='ocrx_word' id='word_1_772' title='bbox 3495 5529 3692 5600; x_wconf 74' lang='lat' dir='ltr'><strong>quibus</strong></span> 
     </span>
    </p>
   </div>
   <div class='ocr_carea' id='block_1_118' title="bbox 2103 5618 3689 5696">
    <p class='ocr_par' dir='ltr' id='par_1_118' title="bbox 2103 5618 3689 5696">
     <span class='ocr_line' id='line_1_118' title="bbox 2103 5618 3689 5696; baseline -0.006 -14"><span class='ocrx_word' id='word_1_773' title='bbox 2103 5641 2228 5682; x_wconf 88' lang='lat' dir='ltr'><strong>esca</strong></span> <span class='ocrx_word' id='word_1_774' title='bbox 2247 5634 2356 5693; x_wconf 88' lang='lat' dir='ltr'><strong>est,</strong></span> <span class='ocrx_word' id='word_1_775' title='bbox 2381 5625 2640 5696; x_wconf 88' lang='lat' dir='ltr'><strong>quidquid</strong></span> <span class='ocrx_word' id='word_1_776' title='bbox 2660 5625 2840 5680; x_wconf 90' lang='lat' dir='ltr'><strong>mandi</strong></span> <span class='ocrx_word' id='word_1_777' title='bbox 2862 5632 3056 5694; x_wconf 86' lang='lat' dir='ltr'><strong>potest,</strong></span> <span class='ocrx_word' id='word_1_778' title='bbox 3081 5632 3137 5679; x_wconf 92' lang='lat' dir='ltr'><strong>ct</strong></span> <span class='ocrx_word' id='word_1_779' title='bbox 3159 5622 3342 5679; x_wconf 89' lang='lat' dir='ltr'><strong>omnia</strong></span> <span class='ocrx_word' id='word_1_780' title='bbox 3368 5620 3589 5676; x_wconf 88' lang='lat' dir='ltr'><strong>fortuitu</strong></span> <span class='ocrx_word' id='word_1_781' title='bbox 3610 5618 3689 5688; x_wconf 75' lang='lat' dir='ltr'><strong>gi-</strong></span> 
     </span>
    </p>
   </div>
   <div class='ocr_carea' id='block_1_119' title="bbox 2104 5708 3689 5791">
    <p class='ocr_par' dir='ltr' id='par_1_119' title="bbox 2104 5708 3689 5791">
     <span class='ocr_line' id='line_1_119' title="bbox 2104 5708 3689 5791; baseline -0.006 -19"><span class='ocrx_word' id='word_1_782' title='bbox 2104 5718 2322 5791; x_wconf 90' lang='lat' dir='ltr'><strong>gnentia</strong></span> <span class='ocrx_word' id='word_1_783' title='bbox 2351 5737 2364 5774; x_wconf 90' lang='lat'><strong>:</strong></span> <span class='ocrx_word' id='word_1_784' title='bbox 2399 5715 2542 5773; x_wconf 85' lang='lat' dir='ltr'><strong>unde</strong></span> <span class='ocrx_word' id='word_1_785' title='bbox 2577 5724 2634 5773; x_wconf 92' lang='lat' dir='ltr'><strong>ct</strong></span> <span class='ocrx_word' id='word_1_786' title='bbox 2665 5714 2935 5785; x_wconf 88' lang='lat' dir='ltr'><strong>appellati.</strong></span> <span class='ocrx_word' id='word_1_787' title='bbox 2987 5711 3393 5783; x_wconf 82' lang='lat' dir='ltr'><strong>lchtbyophagi,</strong></span> <span class='ocrx_word' id='word_1_788' title='bbox 3423 5708 3565 5780; x_wconf 91' lang='lat' dir='ltr'><strong>quod</strong></span> <span class='ocrx_word' id='word_1_789' title='bbox 3599 5722 3689 5763; x_wconf 87' lang='lat' dir='ltr'><strong>vc-</strong></span> 
     </span>
    </p>
   </div>
  </div>
