4038 6324
310 365 425 423 4145

1276 366 1367 429 DE
1405 368 1752 429 UNIVERSO
1783 363 1967 425 LIBRI
2005 362 2172 423 XX“.
2210 396 2283 412 -
2313 364 2445 425 LIB.
2480 366 2616 425 XVI.

3465 327 3574 427 no

311 486 494 543 nando
518 485 571 541 ir.
586 482 726 542 mari
740 483 971 551 valeant,
1000 493 1056 542 et
1075 485 1312 556 piscibus
1333 493 1541 541 tantum
1555 485 1790 539 alantur.
1814 480 1881 536 Hi
1911 482 1960 542 Α
1984 489 2230 551 paratum
2252 488 2327 535 est
2353 481 2418 534 ab
2441 480 2641 555 origine
2671 480 2851 551 mundi
2879 478 3099 552 (Matth.
3130 480 3280 553 xxv).
3301 482 3570 541 Caeterum

310 586 437 648 post
461 575 618 633 Indos
647 585 928 632 montanas
950 577 1199 645 regiones
1231 585 1442 639 tenent,
1473 591 1610 646 quos
1640 574 1897 628 subactos

312 664 622 720 Alexander
650 665 873 737 Magnus
898 665 1140 735 piscibus
1172 666 1317 720 vesci
1354 664 1649 735 prohibuit.

382 754 854 827 AnthropOphagi,
893 771 1025 826 gens
1052 755 1350 824 asperrima
1384 754 1485 808 sub
1510 754 1729 823 regione
1770 749 1897 823 Syri

315 844 558 921 [Serum]
582 846 790 901 consita
813 861 828 900 :
855 846 945 916 qui
973 845 1096 915 quia
1121 844 1369 899 humanis
1388 844 1644 898 carnibus
1665 856 1894 897 vescun-

314 946 438 1003 tur,
474 936 595 991 ideo
637 936 1079 1007 Anthropophagi
1119 936 1490 990 nominantur.
1530 935 1717 1005 Itaque
1754 934 1895 989 sicut

312 1017 422 1091 his,
438 1026 514 1080 ita
535 1025 1006 1099 ctelerisgentibus
1026 1040 1124 1095 per
1142 1024 1356 1090 szecula,
1381 1033 1473 1079 aut
1493 1040 1523 1078 a
1546 1024 1782 1094 regibus,
1800 1010 1898 1077 aut

312 1133 345 1173 a
374 1117 522 1181 locis,
557 1124 649 1171 aut
669 1132 700 1172 a
730 1117 995 1183 moribus,
1021 1126 1115 1171 aut
1133 1131 1200 1172 ex
1219 1115 1548 1186 quibuslibet
1567 1114 1687 1169 aliis
1714 1113 1894 1169 causis

314 1209 599 1265 immutata
628 1207 888 1264 vocabula
915 1210 1077 1263 sunt:
1106 1209 1179 1262 ita
1203 1215 1263 1262 ut
1291 1207 1463 1278 prima
1485 1205 1637 1277 origo
1660 1202 1894 1259 nominis

312 1314 503 1355 eorum
529 1306 831 1369 temporum
860 1307 1130 1355 vetustate
1152 1314 1260 1354 non
1295 1305 1497 1370 pateat.
1534 1297 1655 1353 iam
1677 1310 1806 1352 vero
1835 1294 1892 1350 hi

312 1390 405 1461 qui
433 1389 729 1460 Antipodes
761 1389 1014 1445 dicuntur
1040 1404 1107 1446 eo
1131 1389 1274 1460 quod
1302 1388 1563 1445 contrarii
1588 1376 1895 1442 esseVesti-

312 1480 417 1551 giis
462 1478 663 1535 nostris
712 1486 996 1549 putantur,
1044 1477 1130 1533 vel
1178 1477 1334 1548 quasi
1374 1477 1475 1533 sub
1520 1475 1679 1531 terris
1728 1473 1891 1544 positi

311 1572 541 1627 adversa
560 1570 787 1641 pedibus
808 1570 1012 1626 nostris
1031 1567 1500 1638 caleentvestigia,
1518 1565 1661 1620 nulla
1684 1564 1892 1619 ratione

312 1663 643 1719 credendum
670 1681 683 1718 :
711 1662 838 1733 quia
865 1676 967 1717 nec
995 1659 1240 1716 soliditas
1264 1659 1487 1729 patitur,
1514 1670 1616 1711 nec
1643 1662 1890 1711 centrum

310 1759 492 1808 terrae.
521 1751 629 1808 Sed
671 1766 772 1807 nec
802 1750 908 1806 ulla
949 1751 1054 1806 hoc
1080 1748 1327 1804 historiae
1359 1745 1671 1817 cognitione
1706 1743 1893 1799 ﬁrma-

1996 573 2051 628 in
2078 572 2181 628 hoc
2211 574 2408 628 mundo
2438 573 2524 627 illa
2552 589 2717 643 regna
2749 572 3039 627 laudabilia
3069 580 3229 637 sunt,
3257 589 3377 642 quze
3409 576 3575 644 subji-

1996 661 2214 718 ciuntur
2248 662 2361 733 regi
2390 678 2547 728 vero,
2580 662 2808 717 Domino
2838 662 3089 716 videlicet
3119 660 3369 729 Christo,
3397 667 3487 734 qui
3518 667 3570 719 in

1998 748 2113 809 toto
2139 753 2268 809 orbe
2289 762 2556 809 terrarum
2585 753 2639 807 in
2667 752 2919 823 gentibus
2948 759 2999 806 et
3037 751 3171 806 locis
3194 753 3421 807 diversis
3443 754 3570 808 dila-

1996 853 2118 900 tans
2146 845 2441 901 Ecclesiam
2473 847 2738 917 gubernat
2768 859 2833 898 ac
2858 843 2999 913 regit
3043 844 3343 898 secundum
3383 844 3572 897 volun-

1994 941 2161 989 tatem
2211 940 2386 989 stam.
2430 934 2513 989 Ad
2543 950 2663 1004 quae
2710 950 2876 1006 regna
2926 933 3166 1004 loquitur
3203 933 3477 1003 Propheta
3514 933 3571 987 in

1992 1025 2231 1095 psalmo,
2266 1025 2486 1082 dicens:
2517 1026 2695 1096 Regna
2738 1036 2910 1093 terra',
2950 1034 3157 1080 cantate
3198 1025 3341 1092 Dea,
3370 1024 3578 1095 psallite

1991 1119 2247 1184 Domina,
2278 1118 2484 1189 psallite
2511 1119 2646 1185 Deo,
2674 1119 2763 1190 qui
2790 1119 3024 1172 ascendit
3052 1135 3208 1189 super
3229 1118 3382 1173 cwlos
3412 1117 3572 1172 catla-

1994 1226 2109 1263 rum
2139 1208 2208 1267 ad
2248 1207 2516 1264 Orientem
2551 1207 2726 1280 (Psal.
2757 1207 2948 1281 vatt).
2981 1208 3174 1263 Dicens
3208 1208 3352 1265 enim
3371 1249 3386 1273 ,
3417 1224 3577 1278 regna

1992 1309 2165 1366 terrte,
2189 1313 2349 1355 omne
2374 1314 2544 1370 genus
2575 1299 2871 1354 humanum
2899 1297 3204 1368 significare
3226 1296 3426 1362 voluit;
3451 1295 3578 1366 quia

1993 1391 2121 1447 licet
2147 1389 2258 1447 sint
2284 1400 2494 1458 gentes,
2525 1405 2646 1460 qua:
2678 1404 2782 1443 non
2811 1386 3048 1443 habeant
3069 1402 3248 1458 reges,
3273 1396 3454 1442 tamen
3475 1386 3578 1441 hoc

1993 1483 2159 1537 verbo
2186 1480 2547 1546 concluditur,
2590 1479 2849 1550 quidquid
2879 1479 3121 1546 gentium
3160 1491 3280 1532 esse
3309 1476 3575 1542 sentitur;

1993 1570 2137 1640 quod
2161 1571 2379 1637 dicitur,
2406 1578 2643 1634 cantate,
2672 1568 2739 1622 ad
2774 1568 2969 1622 anima:
2994 1566 3214 1636 respicit
3250 1566 3575 1636 puritatem;

1991 1659 2217 1732 psallite,
2246 1660 2315 1715 ad
2335 1673 2499 1730 opera
2528 1658 2869 1715 sanctissima
2887 1698 2902 1723 ,
2923 1673 3150 1728 quaeque
3184 1657 3413 1711 Domino
3448 1670 3574 1725 pro-

1992 1750 2190 1806 bantur
2234 1759 2476 1820 accepta.
2510 1749 2613 1816 Qui
2650 1749 2882 1804 ascendit
2926 1765 3082 1819 super
3106 1747 3257 1802 cazlos
3280 1747 3527 1801 caelorum
3552 1760 3571 1799 :

312 1849 442 1898 tur:
476 1842 718 1899 sed'hoc
760 1850 932 1914 poeta:
958 1841 1113 1912 quasi
1154 1839 1528 1895 ratiocinando
1560 1836 1886 1907 coniectant-
1920 1852 1967 1912 Β
1994 1841 2253 1897 Domi-nus
2283 1841 2491 1911 utique,
2522 1841 2614 1911 qui
2649 1840 2717 1895 de
2749 1840 2888 1895 coelo
2918 1838 3197 1895 descendit
3242 1840 3309 1894 ad
3346 1838 3580 1893 liberan—

312 1931 535 1986 Titanes
584 1939 765 1987 autem
816 1931 1076 2002 quosdam
1124 1930 1179 1984 in
1234 1928 1442 1985 Graecia
1497 1926 1680 1982 ferunt
1726 1925 1894 1981 fuisse

309 2022 565 2077 robustos
592 2030 649 2077 et
669 2021 996 2078 excellentes
1022 2020 1227 2076 viribus
1254 2021 1481 2091 populos
1503 2060 1519 2087 ,
1542 2034 1681 2090 quos
1712 2018 1894 2074 ierunt

311 2111 508 2167 fabula:
538 2113 606 2167 ab
634 2114 775 2167 irata
800 2122 989 2168 contra
1017 2113 1145 2168 deos
1179 2121 1321 2166 terra
1366 2112 1434 2167 ad
1478 2110 1594 2181 ejus
1633 2104 1893 2166 ultionem

309 2210 563 2258 creatos:
589 2202 731 2257 unde
765 2201 987 2258 Titanes
1022 2202 1151 2258 dicti
1174 2210 1318 2268 sunt,
1352 2218 1456 2272 apo
1503 2211 1585 2257 tes
1615 2202 1809 2268 tiseos,
1841 2200 1894 2256 id

309 2299 416 2356 est,
443 2291 511 2346 ab
543 2290 769 2357 ultione,
796 2292 939 2361 quod
981 2291 1137 2361 quasi
1163 2291 1483 2365 ulciscenda:
1516 2291 1706 2345 matris
1736 2300 1894 2345 terrae

306 2395 471 2437 causa
498 2381 551 2436 in
582 2381 713 2436 deos
740 2380 931 2435 armati
961 2380 1290 2448 existerent,
1326 2396 1462 2451 quos
1486 2380 1679 2436 fabula:
1712 2396 1742 2434 a
1762 2380 1894 2436 Jove

304 2470 449 2528 bello
486 2470 651 2525 fuisse
672 2479 953 2541 superatos
975 2478 1137 2540 atque
1165 2471 1465 2526 exstinctos
1492 2469 1700 2542 lingunt
1717 2510 1732 2536 ,
1761 2483 1891 2540 pro-

306 2567 431 2633 pter
466 2559 609 2630 quod
643 2559 709 2615 de
746 2560 885 2616 caelo
916 2560 1079 2631 jactis
1111 2557 1428 2616 fulminibus
1464 2559 1808 2615 interierunt.

919 2692 1147 2749 CAPUT
1186 2691 1273 2747 lli.

666 2805 742 2863 De
777 2807 948 2878 regnis
973 2817 1022 2863 et
1048 2806 1252 2862 militia:
1272 2805 1558 2864 vocabulis.

378 2919 621 2992 Regnum
661 2936 693 2975 a
727 2921 945 2992 regibus
972 2920 1176 2976 dictum
1202 2935 1217 2973 :
1241 2934 1366 2975 nam
1397 2919 1539 2974 sicut
1572 2933 1726 2989 reges
1750 2933 1781 2974 a
1807 2932 1893 2973 re-

300 3013 521 3086 gnando
547 3012 721 3068 vocati
748 3030 760 3067 :
788 3013 864 3067 ita
895 3026 1121 3082 regnum
1158 3026 1190 3065 a
1228 3010 1462 3081 regibus.
1492 3008 1737 3079 Regnum
1766 3007 1893 3062 uni—

304 3118 481 3159 versa:
510 3103 756 3159 nationes
785 3103 899 3159 suis
925 3116 1154 3173 qumque
1190 3100 1524 3170 temporibus
1548 3101 1886 3166 habuerunt,

1996 1933 2123 1989 dum
2152 1932 2484 1987 inﬁrmitatis
2516 1940 2715 1987 nostra:
2749 1940 3001 1986 naturam
3022 1972 3036 1997 ,
3070 1931 3184 2001 ipse
3218 1931 3382 1986 etiam
3419 1943 3581 2000 super

1995 2023 2254 2079 caelorum
2298 2022 2466 2078 caelos
2508 2023 2751 2078 ascendit
2785 2041 2798 2076 :
2835 2023 2961 2093 quia
3002 2022 3151 2077 sedet
3193 2023 3260 2077 ad
3303 2022 3581 2077 dexteram

1991 2098 2191 2170 Patris.
2220 2113 2298 2167 Ab
2328 2112 2560 2180 Oriente,
2583 2114 2735 2169 velut
2759 2115 2901 2184 quod
2933 2114 3093 2180 dixit,
3125 2112 3427 2171 Jerusalem
3463 2113 3579 2168 evi-

1994 2204 2185 2263 denter
2209 2205 2470 2271 ostendit,
2497 2221 2617 2275 qua:
2645 2214 2727 2260 est
2768 2207 2823 2259 in
2851 2204 3091 2260 Orientis
3125 2205 3372 2274 partibus
3410 2204 3549 2258 collo
3567 2231 3580 2243 ι

1995 2303 2138 2353 cata.
2171 2295 2324 2352 Unde
2343 2296 2603 2351 Dominus
2632 2296 2895 2366 apostolis
2918 2296 3227 2351 videntibus
3250 2296 3494 2351 ascendit
3514 2297 3582 2351 ad

1994 2388 2182 2444 caelos.
2215 2387 2392 2458 Reges
2420 2403 2451 2442 a
2479 2387 2717 2459 regendo
2744 2388 2954 2451 vocati;
2986 2386 3128 2442 sicut
3154 2387 3298 2441 enim
3331 2387 3584 2442 sacerdos

1994 2491 2027 2532 a
2055 2475 2463 2543 sanctiﬁcando,
2487 2477 2562 2531 ita
2584 2485 2639 2532 et
2670 2492 2767 2532 rex
2790 2492 2820 2530 a
2845 2476 3099 2547 regendo.
3128 2475 3248 2532 Non
3280 2484 3460 2531 autem
3490 2489 3582 2531 re-

1995 2569 2096 2641 git,
2121 2570 2215 2639 qui
2247 2584 2355 2624 non
2388 2569 2633 2639 corrigit.
2667 2569 2835 2624 Recte
2884 2569 3053 2639 igitur
3094 2567 3341 2624 faciendo
3383 2582 3583 2623 nomen

1996 2666 2226 2723 tenetur,
2268 2658 2544 2729 peccando
2587 2657 2870 2711 amittitur.
2921 2655 3070 2712 Unde
3104 2663 3158 2710 et
3199 2656 3340 2727 apud
3369 2665 3583 2712 veteres

1910 2740 1915 2745 ’
1992 2749 2102 2805 tale
2125 2757 2239 2805 erat
2264 2750 2609 2820 proverbium
2635 2769 2648 2803 :
2675 2748 2785 2804 Rea:
2810 2750 2932 2815 eris,
2957 2750 3002 2803 si
3026 2759 3161 2804 recte
3183 2750 3387 2820 facias;
3408 2750 3455 2804 si
3477 2767 3597 2817 non

1995 2842 2184 2913 facias,
2217 2860 2321 2898 non
2342 2844 2465 2897 eris.
2492 2842 2674 2913 Regia:
2701 2842 2929 2897 virtutes
2956 2842 3243 2912 przecipuze
3264 2882 3278 2905 ,
3294 2840 3507 2909 justitia
3528 2850 3585 2897 et

1993 2936 2199 3007 pietas;
2222 2936 2342 3006 plus
2375 2943 2556 2991 autem
2596 2935 2652 2989 in
2676 2934 2895 3006 regibus
2920 2934 3187 2989 laudatur
3212 2935 3418 3005 pietas;
3451 2921 3581 2988 nam

1988 3027 2200 3098 justitia
2237 3042 2335 3096 per
2360 3041 2418 3082 se
2444 3041 2633 3082 severa
2661 3034 2763 3081 est.
2790 3025 2966 3096 Reges
2993 3034 3170 3081 autem
3195 3026 3264 3081 ob
3287 3026 3428 3081 hanc
3448 3042 3579 3081 cau-

1993 3135 2110 3177 sam
2134 3120 2276 3190 apud
2303 3118 2525 3175 Grmcos
2563 3117 2773 3173 basileis
2801 3126 3087 3182 vocantur,
3119 3118 3245 3188 quia
3267 3160 3281 3182 ,
3322 3125 3579 3188 tanquam

305 3203 370 3250 ut
389 3194 617 3266 Assyrii,
640 3194 800 3261 Medi,
826 3194 1000 3261 Persi,
1025 3193 1291 3265 tEgyptii,
1313 3193 1521 3261 Graeci;
1548 3207 1778 3263 quorum
1802 3192 1884 3247 vi-

1993 3214 2140 3268 bases
2162 3212 2419 3283 populum
2454 3213 2746 3278 sustinent,
2778 3212 2922 3267 unde
2949 3220 3005 3267 et
3036 3213 3199 3268 bases
3230 3227 3459 3267 coronas
3489 3212 3585 3267 ba-

306 3300 400 3344 ces
420 3302 540 3343 sors
566 3296 868 3357 temporum
893 3288 966 3342 ita
986 3287 1269 3354 volutavit,
1292 3296 1354 3341 ut
1374 3287 1605 3343 alterum
1630 3287 1699 3343 ab
1722 3286 1893 3341 altero

306 3376 629 3433 solveretur.
660 3376 807 3433 Inter
832 3378 1016 3433 omnia
1067 3387 1248 3434 autem
1279 3393 1447 3448 regna
1489 3386 1759 3433 terrarum
1788 3377 1894 3433 duo

307 3479 476 3536 regna
524 3466 736 3521 cteteris
783 3467 1104 3536 gloriosiora
1161 3469 1445 3524 traduntur
1486 3485 1499 3522 :
1543 3467 1894 3538 Assyriorum

302 3556 507 3626 primo,
535 3555 732 3611 deinde
759 3556 1129 3613 Romanorum
1149 3598 1165 3624 ,
1198 3559 1534 3628 temporibus
1562 3571 1618 3614 et
1649 3558 1783 3614 locis
1811 3559 1895 3612 in-

304 3653 392 3701 ter
414 3661 477 3701 se
498 3645 748 3700 ordinata
776 3655 937 3716 atque
957 3648 1230 3704 distincta.
1254 3649 1390 3704 Nam
1412 3650 1554 3705 sicut
1576 3650 1707 3705 illud
1732 3650 1890 3720 prius
1934 3658 1937 3661 '

300 3746 359 3794 et
380 3738 486 3793 hoc
513 3738 823 3808 posterius:
857 3739 934 3793 ita
966 3738 1101 3795 illud
1138 3738 1195 3794 in
1226 3742 1459 3803 .Oriente
1480 3781 1494 3805 ,
1522 3742 1627 3796 hoc
1648 3742 1704 3794 in
1730 3740 1894 3797 Occi-

303 3829 465 3885 dente
492 3838 745 3884 exortum
775 3838 890 3898 est;
917 3831 1148 3902 denique
1176 3834 1231 3887 in
1265 3832 1410 3888 illius
1440 3832 1569 3898 (ine,
1600 3830 1763 3902 hujus
1792 3833 1895 3887 ini-

303 3918 438 3973 tium
474 3917 760 3975 confestim
790 3919 892 3975 fuit
919 3935 934 3974 :
968 3937 1132 3993 regna
1162 3930 1359 3978 uetera
1381 3963 1396 3988 ,
1418 3923 1710 3993 caeterique
1739 3937 1893 3994 reges

298 4008 449 4063 velut
477 4011 805 4080 appendices
832 4013 1061 4069 istorum
1086 4014 1374 4083 halpntur.
1407 4014 1514 4071 Sed
1550 4015 1695 4071 inter
1726 4030 1891 4087 regna

299 4100 485 4156 omnia
514 4100 647 4157 illud
671 4104 908 4160 maxime
937 4104 1300 4175 appetendum
1339 4115 1424 4162 est
1454 4120 1679 4177 regnum
1698 4146 1713 4170 ,
1747 4106 1892 4176 quod

300 4191 498 4248 stabile
519 4201 574 4248 et
596 4191 761 4248 ﬁxum
782 4203 1090 4265 permanet,
1114 4203 1276 4266 atque
1304 4194 1358 4251 in
1380 4205 1583 4251 aatema
1606 4211 1739 4266 pace
1760 4210 1891 4250 con-

300 4282 530 4350 sistens,
562 4283 767 4339 nullum
798 4286 1022 4341 habebit
1062 4285 1260 4353 tinem,
1302 4287 1456 4357 cujus
1486 4287 1641 4358 regni
1671 4301 1767 4342 rex
1805 4294 1891 4342 est

292 4371 584 4440 .Christus,
629 4375 697 4430 de
732 4390 840 4445 quo
862 4378 1124 4448 propheta
1152 4378 1265 4433 ait:
1300 4377 1740 4449 Multiplicabitnr
1772 4378 1886 4448 ejus

298 4462 599 4533 imperium,
629 4474 678 4519 et
701 4468 845 4536 pacis
870 4483 973 4522 non
1001 4468 1098 4522 erit
1127 4469 1251 4537 ﬁnis
1285 4485 1440 4538 super
1472 4469 1664 4523 solium
1690 4468 1882 4534 David,

1992 3305 2121 3360 bent
2147 3323 2161 3359 :
2192 3312 2393 3375 quanto
2417 3305 2562 3360 enim
2585 3305 2815 3374 quisque
2841 3305 3016 3375 magis
3044 3305 3396 3374 prmponitur,
3429 3311 3581 3357 tanto

1994 3393 2225 3463 amplius
2253 3394 2489 3465 pondere
2516 3393 2761 3448 laborum
2805 3402 3083 3465 gravatur.
3119 3394 3359 3465 Tyranni
3396 3392 3583 3450 Graece

1993 3484 2265 3550 dicuntur,
2300 3485 2465 3540 iidem
2502 3483 2693 3540 Latine
2724 3493 2781 3540 et
2832 3499 3015 3556 reges;
3050 3501 3174 3538 nam
3201 3484 3342 3554 apud
3372 3492 3584 3539 veteres

1995 3575 2139 3630 inter
2167 3590 2351 3646 regem
2378 3583 2436 3630 et
2464 3584 2755 3646 tyrannum
2785 3574 2931 3629 nulla
2960 3574 3217 3630 discretio
3238 3582 3347 3638 est,
3369 3582 3430 3628 ut
3454 3591 3466 3625 :

2032 3754 2045 3763 ι
2118 3710 2239 3761 Pars
2262 3710 2377 3760 mihi
2402 3712 2529 3769 pacis
2552 3699 2649 3761 erit
2667 3710 2890 3762 dextram
2917 3710 3142 3772 tetigisze
3168 3711 3383 3772 tyranni.

1993 3833 2091 3890 Vel
2120 3842 2340 3905 tyrones
2360 3834 2710 3889 vocabantur.
2754 3832 2890 3887 Nam
2929 3833 3033 3888 tiro
3062 3831 3250 3895 fortis,
3284 3831 3350 3887 de
3397 3830 3576 3901 quali-

1992 3924 2094 3980 bus
2124 3920 2383 3980 Dominus
2410 3924 2649 3994 loquitur
2676 3923 2862 3978 dicens
2887 3940 2900 3977 :
2932 3919 3041 3977 Per
3062 3937 3141 3976 me
3166 3937 3307 3991 reges
3337 3929 3577 3990 regnant,

1992 4025 2041 4071 et
2065 4016 2274 4087 tyranni
2301 4017 2529 4070 obtinent
2555 4025 2750 4087 tqram
2783 4010 2966 4085 (Prov.
2989 4012 3133 4081 vni).
3155 4010 3275 4066 Jam
3305 4020 3492 4081 postea
3523 4011 3578 4066 in

1990 4121 2149 4161 usum
2189 4106 2417 4170 accedit,
2445 4100 2707 4178 tyramios
2740 4104 2921 4159 vocari
2962 4102 3229 4173 pessimos
3268 4109 3429 4170 atque
3477 4100 3580 4155 im-

1990 4196 2189 4266 probos
2218 4209 2399 4266 reges,
2424 4195 2713 4251 luxuriosae
2735 4193 3118 4250 dominationis
3143 4191 3497 4261 cupiditatem
3521 4197 3577 4245 et

1991 4287 2419 4343 crudelissimam
2455 4286 2879 4342 dominationem
2912 4284 2968 4339 in
2997 4283 3209 4354 populis
3234 4290 3572 4342 exercentes.

1989 4378 2105 4434 Rex
2134 4379 2362 4450 mystice
2382 4380 2525 4435 Deus
2546 4378 2884 4449 intelligitur,
2907 4386 2967 4432 ut
2984 4387 3065 4431 est
3095 4375 3224 4432 illud
3253 4376 3307 4430 in
3330 4376 3570 4447 psalmo:

1987 4470 2130 4526 Deus
2154 4481 2328 4526 autem
2351 4487 2442 4525 rex
2464 4481 2637 4525 noster
2661 4479 2781 4524 ante
2804 4468 3000 4524 stecula
3026 4466 3201 4540 (Psal.
3227 4470 3439 4538 Lxmt).
3466 4466 3574 4523 Re-

296 4560 346 4609 et
371 4570 527 4625 super
551 4571 766 4626 regnum
793 4557 927 4626 ejus,
955 4567 1003 4612 et
1032 4559 1303 4627 conﬁrmet
1325 4558 1461 4612 illud
1485 4568 1535 4613 et
1562 4558 1880 4624 corroboret,
1908 4565 1964 4627 ι)
1988 4562 2111 4634 gina
2139 4571 2224 4618 est
2253 4571 2433 4617 autem
2462 4570 2650 4617 sancta
2679 4561 2941 4627 Ecclesia,
2974 4571 3035 4615 ut
3062 4569 3146 4616 est
3182 4560 3315 4615 illud
3346 4561 3399 4613 in
3430 4559 3574 4629 psal-

294 4645 351 4700 in
368 4645 580 4716 judicia
621 4648 740 4718 ejus
761 4648 979 4719 justitia
1006 4650 1197 4703 amodo
1231 4659 1279 4704 et
1324 4665 1489 4721 usque
1525 4650 1581 4704 in
1610 4651 1884 4719 sempiter-

296 4752 424 4790 num
454 4735 592 4809 (ιω.
622 4740 725 4811 1x).
748 4740 826 4795 De
845 4756 954 4811 quo
979 4742 1144 4796 etiam
1179 4742 1404 4811 angelus
1427 4742 1496 4798 ad
1518 4740 1741 4796 Mariam
1766 4740 1842 4795 ait
1868 4759 1881 4794 :

292 4825 457 4881 Dabit
480 4827 563 4882 illi
587 4829 844 4886 Dominus
887 4832 1028 4887 Deus
1063 4834 1237 4889 sedem
1264 4834 1436 4889 David
1484 4834 1649 4907 patris
1682 4836 1801 4901 sui,
1836 4842 1886 4888 et

293 4916 529 4986 regnabit
556 4919 611 4973 in
635 4920 792 4976 domo
815 4920 983 4977 Iacob
1011 4924 1067 4978 in
1093 4935 1364 4990 teternum,
1388 4934 1436 4979 et
1463 4926 1607 4996 regni
1627 4925 1743 4994 ejus
1780 4941 1886 4980 non

293 5005 395 5058 erit
422 5005 547 5075 ﬁnis
571 5007 725 5080 (Luc.
758 5011 821 5083 ι).
849 5013 933 5068 Ad
964 5013 1118 5083 cujus
1155 5016 1306 5086 regni
1333 5016 1729 5087 possessionem
1768 5016 1882 5084 ipse

293 5110 396 5153 nos
421 5099 663 5167 quotidie
689 5111 845 5158 vocat
870 5119 968 5175 per
991 5104 1514 5177 Scripturas’sacras
1541 5114 1596 5161 et
1616 5106 1881 5177 praedica-

292 5193 445 5243 tores
471 5184 779 5263 Evangelii,
809 5201 871 5248 ut
893 5210 1178 5265 speremus
1205 5204 1262 5253 et
1301 5196 1671 5252 desideremus
1686 5195 1882 5252 ’coele-

292 5278 434 5346 stia,
469 5280 708 5352 illucque
745 5287 1033 5355 pervenire
1078 5302 1175 5358 per
1214 5296 1420 5343 rectam
1450 5288 1613 5344 ﬁdem
1640 5296 1696 5343 et
1739 5287 1880 5344 bona

290 5385 457 5441 opera
487 5375 880 5433 contendamus
904 5395 920 5433 :
952 5379 1020 5434 ad
1040 5379 1184 5450 quod
1215 5380 1269 5433 in
1297 5379 1383 5434 die
1403 5378 1593 5448 judicii
1622 5379 1736 5449 ipse
1764 5378 1880 5435 Rex

290 5472 621 5532 regumcum
635 5464 839 5521 sederit
860 5468 914 5523 in
938 5469 1066 5525 sede
1095 5469 1400 5540 majestatis
1421 5484 1553 5536 sum,
1575 5477 1632 5525 et
1654 5485 1880 5542 congre-

288 5554 562 5625 gabantur
600 5566 727 5613 ante
765 5572 889 5614 eum
915 5575 1107 5619 omnes
1136 5570 1348 5634 gentes,
1390 5570 1447 5618 et
1471 5561 1674 5619 electos
1717 5578 1875 5630 suos,

288 5647 383 5716 qui
410 5663 444 5704 a
471 5651 678 5709 dextris
722 5651 842 5723 ejus
883 5662 1073 5730 erunt,
1124 5654 1352 5722 invitat,
1390 5655 1616 5711 dicens:
1656 5653 1872 5721 Venite,

289 5738 547 5799 benedicti
590 5742 774 5803 Patris
815 5747 951 5815 mei,
991 5747 1239 5819 percipite
1285 5764 1509 5825 regnant
1544 5747 1684 5820 quod
1728 5747 1870 5804 vobis

1989 4669 2079 4709 mo
2101 4668 2117 4707 :
2140 4654 2315 4707 Astitit
2337 4652 2539 4723 Regina
2569 4670 2602 4706 a
2625 4652 2824 4707 dextris
2846 4652 2968 4705 tuis.
2991 4652 3122 4705 Item
3146 4664 3299 4719 reges
3327 4648 3574 4717 apostoli,

1989 4742 2103 4797 sive
2148 4742 2321 4797 sancti
2361 4742 2548 4797 caateri
2576 4749 2733 4807 sunt,
2766 4750 2825 4795 ut
2848 4741 3042 4811 legitur
3070 4741 3124 4794 in
3151 4739 3360 4809 psalmo
3389 4757 3401 4792 :
3437 4737 3577 4793 Deus

1987 4834 2078 4900 qui
2106 4833 2197 4887 dat
2218 4833 2497 4899 vindictas,
2519 4843 2567 4888 et
2591 4835 2646 4888 in
2669 4849 2883 4904 regnum
2908 4841 3090 4902 potens
3112 4840 3187 4885 est
3219 4839 3267 4885 et
3293 4830 3385 4883 dat
3406 4830 3575 4884 virtu-

1987 4931 2089 4977 tem
2116 4923 2320 4994 regibus
2366 4925 2556 4978 nostris
2607 4920 2779 4995 (Psal.
2834 4922 2992 4993 xvu).
3034 4920 3168 4976 Item
3215 4921 3416 4993 reginae
3452 4928 3579 4977 sunt

1989 5017 2183 5072 animm
2208 5015 2594 5088 perfecturum,
2618 5032 2738 5087 qute
2762 5032 2872 5071 non
2901 5023 3029 5070 sunt
3073 5014 3286 5070 ancillae
3330 5014 3573 5084 peccati,

1987 5117 2048 5164 ut
2091 5109 2144 5163 in
2185 5108 2423 5164 Cantieis
2468 5109 2804 5164 canticorum
2850 5107 3049 5161 dicitur
3078 5124 3092 5162 :
3121 5104 3407 5177 Sexaginta
3452 5113 3576 5160 sunt

1989 5202 2182 5271 regina
2211 5199 2386 5272 (Cant.
2407 5206 2505 5269 vi).
2530 5200 2707 5270 Reges
2736 5198 2882 5253 enim
2909 5207 3059 5253 recte
3106 5196 3281 5253 sancti
3327 5196 3577 5251 homines

1988 5293 2263 5356 dicuntur,
2300 5292 2393 5362 qui
2435 5291 2659 5361 spiritus
2689 5276 3342 5346 auctoritate‘secundum
3382 5286 3575 5342 volun-

1987 5392 2153 5440 tatem
2184 5383 2279 5439 Dei
2305 5382 2516 5437 animas
2542 5397 2671 5437 suas
2700 5388 2913 5453 regunt,
2946 5391 3003 5437 et
3023 5381 3139 5454 regi
3162 5395 3369 5452 regum,
3393 5378 3578 5433 Domi-

1985 5490 2057 5529 no
2081 5473 2334 5529 videlicet
2357 5472 2578 5529 Christo
2600 5473 2904 5530 obediendo
2922 5471 3218 5543 subjiciunt
3248 5489 3262 5525 :
3285 5471 3397 5541 qui,
3418 5470 3575 5541 juxta

1983 5565 2284 5622 Psalmistae
2306 5577 2494 5620 vocem
2520 5581 2534 5619 :
2557 5563 2931 5621 Dominabitur
2957 5582 2991 5619 a
3026 5564 3164 5635 mari
3200 5578 3364 5634 usque
3394 5576 3539 5616 mare
3558 5597 3575 5623 ,

1978 5665 2028 5712 et
2054 5673 2087 5709 α
2106 5655 2323 5726 ﬂumine
2343 5669 2505 5725 usque
2529 5654 2598 5709 ad
2627 5654 2875 5710 terminos
2915 5654 3055 5710 orbis
3083 5663 3238 5708 terra:
3264 5666 3283 5705 :
3315 5652 3401 5706 cui
3429 5664 3575 5719 reges

1981 5746 2194 5803 Tharsis
2222 5755 2269 5803 et
2305 5744 2492 5802 insula:
2522 5762 2740 5804 munera
2781 5747 3033 5817 o/j‘erent,
3075 5761 3216 5815 reges
3247 5743 3478 5798 Arabum
3526 5748 3576 5792 et

3616 4866 3634 4901 κ
