4038 6324
1310 180 1344 201 \

440 275 548 334 “7

439 392 591 450 Saba
631 394 772 446 dona
802 389 1088 455 adducent,
1109 397 1158 445 et
1180 387 1478 444 adorabunt
1518 405 1636 444 eum
1677 401 1853 443 omnes
1892 399 2036 456 reges
2061 383 2118 444 Α

441 495 616 551 teme,
640 499 818 538 omnes
847 491 1022 554 gentes
1046 483 1268 538 servient
1295 481 1344 538 ei
1369 479 1542 555 (Psal.
1565 480 1736 554 Lm).
1773 479 2030 537 Domina-

440 578 591 635 bitur
611 577 763 643 dicit,
789 576 941 633 cultu
967 575 1244 648 religionis
1281 575 1444 631 latius
1481 575 1806 641 innetescet,
1843 573 2033 644 utique

443 670 706 726 Dominus
729 667 996 734 Christus,
1022 668 1089 723 de
1113 683 1226 738 quo.
1249 667 1530 737 superiora
1557 675 1781 732 canunt,
1813 675 1868 721 et
1892 665 2027 720 inl‘c-

443 763 590 816 riora
623 761 834 818 dictura
863 767 1008 814 sunt.
1029 759 1178 815 Istud
1200 767 1383 814 autem
1405 758 1472 813 ad
1489 757 1836 814 Salomonem
1861 757 2034 813 ﬁlium

444 851 615 908 David
649 849 974 906 omnimodis
1003 864 1112 904 non
1139 857 1318 920 potest
1349 849 1647 919 pertinere,
1687 848 1782 920 qui
1822 855 2034 903 tantum

445 945 501 1000 in
529 952 686 1016 gente
708 941 892 998 Iudaea
921 945 1018 996 rcx‘
1048 941 1217 1001 fuisse
1241 940 1602 1009 cognoscitur.
1628 939 1764 994 Nam
1791 939 1833 993 si
1860 939 2034 994 maria

444 1033 551 1090 ista
580 1040 763 1088 nostra
789 1031 923 1088 velis
957 1031 1255 1104 intelligere
1275 1072 1292 1097 ,
1315 1031 1483 1085 totius
1513 1029 1700 1085 mundi
1733 1029 2033 1097 ambitum,

445 1139 608 1196 quem
635 1138 828 1180 versus
859 1123 961 1178 iste
990 1121 1258 1194 signiﬁcat
1282 1163 1298 1189 ,
1345 1138 1452 1178 non
1496 1121 1816 1194 przevalebis
1843 1121 2035 1178 adver-

444 1225 581 1271 tere.
604 1215 784 1286 Reges
805 1229 933 1286 ergo
961 1214 1174 1269 Arabiae
1195 1225 1321 1270 sunt
1337 1255 1352 1278 ,
1379 1214 1474 1286 qui
1499 1213 1866 1272 blandimenta
1912 1227 2034 1266 cor-

441 1323 639 1378 porum
670 1308 855 1377 rigida:
879 1305 1172 1375 subjiciunt
1199 1305 1520 1376 disciplinae.
1555 1304 1820 1360 Similiter
1851 1303 1992 1358 Saba
2013 1341 2029 1367 ,

440 1395 588 1452 unde
643 1394 822 1450 Sabaei
865 1395 994 1448 dicti
1031 1403 1190 1459 sunt,
1219 1394 1467 1464 quamvis
1502 1392 1769 1464 corporali
1799 1393 2033 1448 delecta-

443 1489 591 1545 tione
630 1486 941 1558 przevaleat,
989 1493 1047 1544 et
1081 1485 1339 1555 jucundis
1375 1485 1634 1540 odoribus
1681 1485 1753 1540 sit
1794 1483 2028 1550 refecta;

443 1578 694 1634 suaviora
737 1587 915 1632 tamen
945 1577 1192 1636 conversi
1243 1574 1358 1645 ejus
1397 1575 1578 1647 pepuli
1623 1575 1857 1632 ellerunt
1891 1573 2032 1630 dena

440 1669 729 1725 virtutum.
755 1668 908 1737 Quod
931 1675 1115 1726 autem
1143 1667 1221 1722 ait
1250 1684 1262 1720 :
1291 1664 1360 1720 Et
1382 1665 1680 1720 adorabunt
1705 1682 1824 1722 eum
1851 1681 2032 1720 euntes

1113 269 1180 328 Β.
1219 263 1476 328 RABANI
1508 268 1732 329 MAURI
1767 265 2088 326 ARCHIEP.
2127 266 2440 328 MOGUN'I‘.
2479 269 2768 330 OPERUM
2805 271 2988 329 PARS
3025 271 3090 329 II.

3635 274 3773 332 448

2265 385 2506 448 Princeps
2529 385 2785 438 ardentem
2811 388 3026 451 coniecit
3059 385 3278 451 lampada
3297 386 3512 452 Turnus,

2133 493 2253 548 pro,
2287 479 2509 548 primus.
2560 477 2748 535 Dictus
2784 487 2966 534 autem
3006 479 3255 552 princeps
3297 493 3329 534 a
3369 480 3626 551 capiendi
3672 481 3768 538 si-

2133 569 2498 642 gniﬁcatione,
2536 586 2603 627 eo
2627 571 2771 642 quod
2793 571 3002 643 primus
3031 571 3212 642 capiat
3237 589 3252 626 :
3289 571 3432 626 sicut
3451 575 3772 645 municeps

2133 664 2202 718 ab
2241 678 2308 719 eo
2334 664 2479 734 quod
2509 664 2693 720 munia
2721 664 2972 735 accipiat.
2994 663 3218 736 Legitur
3235 678 3364 735 ergo
3387 664 3442 719 in
3462 663 3772 736 Propheta

2133 755 2200 812 de
2225 754 2440 812 Christo
2487 756 2630 827 (Isa.
2663 755 2769 830 ix),
2813 757 2959 827 quod
3006 756 3122 826 ipse
3156 757 3227 812 sit
3255 757 3512 828 princeps
3557 759 3768 830 pacis,

2133 845 2287 915 cujus
2312 846 2646 918 principatus
2674 854 2760 902 est
2803 860 2968 916 super
3010 847 3295 901 humerum
3320 844 3477 914 ejus;
3521 849 3661 918 quia
3699 849 3770 904 in

2133 952 2298 994 cruce
2319 937 2502 993 omnia
2541 937 2709 994 trahit
2753 937 2821 992 ad
2849 936 3088 1007 seipsum
3135 936 3316 1008 (Joan.
3355 937 3488 1010 xu);
3518 946 3574 994 et
3615 939 3770 994 ideo

2135 1027 2212 1084 illi
2245 1023 2503 1084 curvatur
2547 1041 2709 1082 omne
2734 1043 2897 1099 genu,
2943 1037 3000 1082 et
3025 1026 3376 1082 conﬁtebitur
3408 1031 3587 1084 omnis
3635 1029 3768 1085 Iin-

2135 1136 2261 1193 gua,
2291 1119 2418 1191 quia
2451 1120 2565 1190 ipse
2594 1119 2646 1173 in
2679 1119 2850 1187 gloria
2878 1118 2972 1172 Dei
2998 1118 3176 1174 Patris
3203 1118 3334 1173 vivit
3363 1127 3419 1176 et
3461 1129 3663 1192 regnat
3691 1120 3761 1176 in

2136 1211 2332 1267 smcula
2364 1209 2531 1282 (Phil.
2559 1211 2622 1280 ιι)
2647 1227 2663 1276 ;
2691 1209 2756 1264 de
2778 1226 2885 1280 quo
2918 1209 3164 1280 principe
3185 1210 3258 1266 ita
3285 1210 3483 1282 legitur
3503 1211 3556 1264 in
3589 1211 3762 1267 Eze-

2133 1303 2348 1360 chiele:
2400 1301 2652 1372 Princeps
2700 1301 2894 1356 sedebit
2945 1303 2999 1356 in
3037 1319 3119 1367 ea,
3170 1301 3274 1358 hoc
3321 1311 3430 1367 est,
3487 1301 3541 1356 in
3573 1315 3760 1373 porta

2137 1395 2342 1462 clausa,
2369 1405 2416 1450 et
2441 1394 2671 1448 comedet
2691 1410 2878 1464 panem
2907 1411 3059 1448 suum
3085 1393 3301 1465 (Ezech.
3329 1393 3498 1466 κων).
3528 1393 3758 1449 Dicun-

2139 1497 2225 1541 tur
2261 1497 2316 1542 et
2353 1485 2580 1556 apostoli
2617 1485 2888 1556 principes
2932 1495 2987 1540 et
3024 1485 3276 1540 doctores
3317 1485 3575 1542 Ecclesia:
3610 1487 3768 1552 Dei,

2137 1577 2204 1633 de
2230 1579 2424 1648 quibus
2453 1576 2712 1646 scriptum
2741 1583 2827 1630 est
2865 1577 2917 1630 in
2956 1575 3202 1646 psalmo:
3237 1573 3512 1646 Principes
3551 1575 3754 1647 populi

2137 1677 2484 1725 conrenerunt
2511 1685 2628 1724 cum
2651 1667 2760 1722 Deo
2787 1667 3053 1721 Abraham
3079 1665 3252 1738 (Psal.
3279 1666 3450 1738 nvi).
3482 1667 3550 1722 Et
3567 1669 3702 1722 item
3727 1685 3746 1721 :

442 1777 584 1830 reges
607 1770 780 1825 terrm,
811 1774 910 1830 per
939 1775 1130 1814 omnes
1173 1773 1328 1829 reges
1357 1773 1456 1814 nos
1477 1759 1646 1814 voluit
1685 1768 1914 1814 cunctas
1941 1758 2029 1812 in-
2063 1738 2106 1796 Β
2137 1757 2463 1825 Constituas,
2487 1757 2683 1828 inquit,
2715 1773 2801 1811 eos
2822 1758 3079 1828 principes
3105 1773 3262 1827 super
3285 1773 3491 1812 onmem
3514 1767 3747 1824 terram,

451 1852 697 1922 telligere
720 1851 1007 1916 nationes;
1033 1851 1160 1920 quia
1189 1849 1330 1904 nulla
1353 1865 1484 1920 gens
1507 1859 1590 1904 est
1607 1889 1622 1916 ,
1645 1864 1765 1920 quae
1793 1849 1846 1904 in
1881 1857 2036 1918 parte

442 1941 626 2013 populi
648 1941 731 1996 sui
753 1943 1033 2012 proprium
1057 1957 1160 1995 non
1183 1941 1372 1996 adoret
1394 1951 1689 1996 auctorem.
1705 1940 1838 1995 Item
1862 1955 2035 2011 reges,

442 2032 595 2102 pravi
657 2031 909 2088 doctores
943 2031 1346 2102 intelliguntur,
1377 2039 1438 2085 ut
1485 2039 1571 2086 est
1625 2030 1754 2086 illud
1799 2031 2038 2100 Prepbea

443 2132 514 2179 ta:
543 2137 558 2178 :
593 2123 706 2194 Ipsi
736 2122 1050 2192 regnabant,
1077 2133 1123 2177 et
1151 2139 1258 2178 non
1289 2139 1354 2181 ex
1379 2139 1458 2176 me
1481 2122 1628 2194 (Ose.
1663 2121 1806 2194 vin).
1831 2122 2040 2194 Tyran-

444 2230 549 2270 nus
574 2223 754 2271 antem
781 2215 867 2270 vel
895 2215 1168 2270 diabolum
1213 2214 1390 2286 typice
1430 2222 1610 2286 potest
1651 2213 1920 2284 ﬁgurare,
1953 2213 2036 2269 vel

443 2305 864 2373 Antichristum,
893 2307 984 2378 qui
1020 2307 1301 2364 contraria
1329 2322 1545 2377 semper
1566 2305 1770 2363 Christi
1805 2305 2036 2376 imperio

443 2411 608 2468 agere
629 2399 946 2463 moliuntur,
971 2407 1026 2452 et
1051 2399 1148 2452 hos
1172 2407 1476 2467 sequuntur
1493 2397 1737 2468 perversi
1765 2397 2034 2464 homines,

443 2489 535 2560 qui
557 2489 910 2559 cupiditatem
929 2497 1201 2544 terrenam
1222 2496 1518 2553 sectantes,
1548 2488 1842 2544 crudeliter
1863 2487 2037 2558 magis

441 2592 691 2648 premere
708 2579 962 2650 populum
977 2579 1346 2634 Christianum
1367 2579 1596 2650 eligunt,
1610 2594 1773 2648 quam
1794 2577 2036 2638 modesta

443 2659 798 2738 dispositione
826 2684 1031 2742 regere,
1067 2678 1123 2724 et
1154 2669 1255 2723 rite
1284 2685 1350 2724 ac
1382 2671 1630 2726 consulte
1665 2669 1742 2724 illi
1777 2683 2038 2740 prmesse.

442 2757 706 2817 Consules
731 2760 1073 2832 appellantur
1097 2776 1130 2816 a
1159 2761 1509 2826 consulendo,
1537 2763 1680 2818 sicut
1710 2775 1866 2832 reges
1894 2776 1925 2816 a
1949 2777 2036 2816 re-

439 2855 648 2924 gendo,
694 2855 807 2910 sive
850 2870 882 2911 a
931 2853 1185 2924 legendo,
1217 2868 1343 2908 nam
1400 2867 1523 2908 cum
1562 2853 1794 2909 Romani
1842 2869 2032 2924 regum

441 2943 731 3014 superbam
763 2943 1188 2999 dominationem
1228 2958 1333 2998 non
1371 2941 1612 3008 ferrent,
1645 2959 1827 2998 annua
1858 2944 2030 3015 impe-

443 3035 545 3100 ria,
572 3035 835 3103 binosque
862 3033 1112 3090 consules
1137 3033 1240 3089 sibi
1271 3032 1536 3088 fecerunt.
1566 3032 1700 3090 Nam
1743 3033 1917 3090 fastus
1944 3049 2032 3090 re-

439 3124 562 3196 gius
592 3139 698 3178 non
727 3123 1102 3179 benevolentia
1132 3123 1496 3192 consulentis,
1527 3125 1622 3180 sed
1648 3125 1901 3195 superbia
1929 3125 2029 3180 de-

442 3213 704 3268 minantis
729 3222 866 3268 erat.
894 3213 959 3268 Ili
989 3229 1118 3285 ergo
1155 3213 1405 3269 consules
1433 3213 1683 3286 appellati
1711 3213 1795 3268 vel
1831 3229 1863 3268 a
1897 3229 2032 3270 con-

440 3305 668 3361 sulendo
693 3305 934 3371 civibus,
971 3306 1056 3361 vel
1081 3322 1113 3362 a
1138 3306 1373 3378 regendo
1401 3317 1598 3363 cuncta
1628 3307 1876 3374 consilio,
1899 3324 2035 3379 quos

442 3405 624 3454 tamen
654 3397 777 3453 ideo
805 3398 1094 3454 mutandos
1125 3415 1224 3470 per
1254 3413 1426 3454 annos
1449 3399 1692 3470 singulos
1717 3399 2032 3472 elegerunt,

441 3497 518 3545 ut.
532 3502 634 3544 nec
658 3489 900 3546 insolens
927 3488 1018 3545 diu
1049 3498 1313 3555 maneret,
1337 3499 1394 3546 et
1413 3490 1748 3547 moderatior
1775 3491 1884 3546 cite
1911 3507 2034 3548 suc-

441 3587 710 3634 curreret.
741 3579 870 3635 lnde
898 3589 1080 3636 autem
1107 3581 1216 3636 duo
1237 3597 1400 3651 pares
1428 3599 1442 3636 :
1475 3582 1603 3652 quia
1631 3598 1772 3638 unus
1807 3597 1924 3638 rem
1949 3583 2031 3638 ci-

439 3670 627 3738 vilem,
651 3672 790 3728 alter
812 3687 926 3728 rem
947 3673 1238 3729 militarem
1261 3673 1636 3741 ministrabat;
1667 3683 2034 3746 regnaverunt

439 3771 624 3822 autem
647 3766 808 3821 annis
827 3764 1242 3826 464.,Censules
1269 3775 1448 3822 autem
1486 3774 1634 3823 recte
1672 3768 1778 3823 dici
1805 3775 2034 3838 possunt

438 3855 687 3926 magistri
715 3856 990 3923 Ecclesitc,
1019 3859 1123 3914 hoc
1143 3867 1250 3925 est,
1277 3861 1516 3930 episcopi
1537 3870 1702 3931 atque
1728 3861 2031 3934 presbyteri

437 3956 493 4002 et
515 3950 718 4017 caeteri,
745 3951 834 4022 qui
863 3951 1110 4008 consiliis
1129 3953 1427 4010 secundum
1451 3964 1764 4010 sanctarum
1789 3953 2033 4025 Scriptu-

437 4056 628 4096 rarum
654 4043 999 4101 traditionem
1044 4043 1257 4113 plebem
1293 4044 1398 4100 sibi
1437 4043 1738 4114 subiectam
1773 4043 2033 4113 adjuvant

439 4139 606 4200 atque
647 4135 970 4204 gubernant.
1014 4132 1130 4188 Hoc
1164 4143 1346 4189 autem
1392 4150 1590 4190 nomen
1636 4136 1921 4205 potestatis
1959 4150 2028 4190 ex

436 4222 716 4292 gentilium
748 4223 1038 4278 traditione
1057 4223 1336 4278 inventum
1366 4223 1488 4279 ideo
1508 4225 1709 4294 posuit,
1737 4225 1864 4295 quia
1895 4241 2031 4282 con-

439 4312 588 4367 venit
625 4313 1008 4369 ecclesiasticae
1055 4314 1335 4385 dignitati,
1368 4324 1431 4370 ut
1463 4315 1724 4370 interiora
1769 4325 1824 4372 et
1870 4325 2028 4373 exle-

2135 1867 2356 1926 quorum
2377 1849 2698 1920 principatus
2729 1847 2882 1902 nimis
2908 1847 3233 1916 confortatus
3252 1857 3326 1902 est
3349 1845 3522 1918 (Psal.
3548 1847 3744 1920 xciv);

2137 1941 2264 2010 quia
2295 1941 2350 1994 bi
2401 1941 2514 1994 suis
2561 1939 2780 1994 monitis
2812 1953 2982 2008 usque
3012 1939 3080 1992 ad
3117 1937 3278 1993 ﬁnem
3311 1939 3496 1995 mundi
3537 1947 3748 2010 regunt

2136 2027 2458 2092 Ecciesiam,
2485 2035 2538 2084 et
2571 2027 2625 2081 in
2654 2026 2740 2082 die
2777 2025 2966 2098 judicii
3009 2026 3176 2082 futuri
3209 2037 3336 2083 sunt
3370 2029 3582 2098 judices
3606 2046 3744 2086 cum

2136 2117 2372 2182 Christo,
2401 2118 2468 2171 ad
2491 2132 2626 2186 quos
2657 2117 2768 2186 ipse
2797 2117 2908 2170 ait:
2949 2115 3081 2173 Cum
3111 2117 3304 2172 sederit
3331 2118 3479 2188 ﬁlius
3501 2121 3740 2177 hominis

2137 2209 2191 2266 in
2228 2209 2350 2263 sede
2388 2208 2678 2279 majestatis
2727 2223 2871 2273 suat,
2901 2207 3145 2264 sedebitis
3179 2219 3228 2264 et
3272 2226 3361 2268 nos
3404 2228 3561 2281 super
3584 2215 3743 2271 sedes

2136 2301 2430 2376 duodecim,
2454 2303 2759 2374 judicantes
2785 2303 3062 2360 duodecim
3104 2305 3476 2360 tribuslsracl
3511 2307 3738 2375 (Matth.

2137 2395 2279 2466 xxx).
2309 2395 2544 2450 Rursum
2571 2396 2848 2466 principes
2874 2404 3002 2452 sunt
3024 2398 3220 2465 sancti,
3242 2406 3304 2454 ut
3325 2399 3378 2454 in
3397 2399 3700 2457 Salomone
3717 2421 3751 2458 ε,

2144 2485 2268 2540 Vidi
2293 2503 2465 2543 servos
2493 2488 2549 2542 in
2571 2488 2738 2558 cquis,
2760 2487 2815 2543 id
2840 2498 2944 2554 est,
2975 2497 3290 2558 peccatores
3313 2489 3370 2545 in
3393 2491 3600 2546 carnali
3631 2507 3738 2562 po-

2136 2579 2326 2643 tentia,
2357 2589 2405 2633 et
2425 2579 2684 2650 principes
2705 2581 2858 2651 quasi
2881 2597 3054 2636 servos
3081 2581 3408 2637 ambulantes
3445 2599 3600 2654 super
3619 2594 3740 2638 ter-

2135 2689 2252 2726 ram
2279 2670 2464 2744 (Eccli.
2493 2671 2572 2744 x).
2615 2671 2748 2726 Item
2775 2671 2830 2726 in
2861 2674 3196 2728 contrariam
3217 2682 3430 2744 partem
3456 2676 3738 2746 principes

2135 2762 2497 2833 accipiuntur,
2527 2769 2588 2817 ut
2610 2761 2870 2832 propheta
2900 2763 3067 2819 dicit:
3094 2761 3368 2836 Principes
3397 2765 3736 2833 exstiterunt,

2135 2865 2182 2910 et
2209 2871 2313 2910 non
2338 2857 2556 2926 cognovi
2583 2854 2718 2928 (Isa.
2746 2855 2880 2924 ιιι).
2903 2855 3036 2910 Item
3061 2857 3312 2926 princeps
3337 2856 3583 2912 diabolus
3611 2857 3735 2914 sive

2133 2943 2524 3010 Antichristus,
2564 2944 2706 3001 sicut
2751 2944 2806 3000 in
2851 2944 3134 3002 Ezechiele
3178 2944 3440 3000 Dominus
3463 2944 3619 3000 deeo
3651 2944 3736 2998 lo.-

2134 3035 2341 3106 quitur,
2385 3035 2610 3090 dicens:
2665 3033 2778 3090 Fili
2822 3035 3070 3100 hominis,
3112 3034 3223 3090 leva
3261 3035 3528 3106 planctum
3568 3051 3734 3104 super

2131 3134 2417 3205 principem
2463 3131 2588 3202 Tyri
2639 3129 3098 3204 (Ezech.xxvm),
3145 3131 3202 3186 id
3245 3139 3345 3194 est,
3377 3144 3540 3200 super
3572 3129 3732 3199 prin-

2133 3225 2307 3296 cipem
2335 3224 2719 3280 tribulationis.
2751 3224 2869 3278 Dux
2897 3224 3079 3279 dictus
3123 3237 3190 3278 eo
3243 3223 3389 3292 quod
3417 3222 3488 3278 sit
3532 3223 3726 3276 ductor

2132 3316 2446 3383 exercitus;
2474 3316 2570 3373 sed
2599 3331 2706 3372 non
2757 3317 2946 3371 sutim
2987 3316 3296 3386 quicunque
3339 3314 3618 3386 principes
3640 3313 3728 3369 vel

2133 3410 2300 3466 duces
2322 3417 2472 3474 sunt,
2498 3415 2554 3464 et
2608 3423 2768 3477 reges
2808 3407 2917 3462 dici
2963 3414 3208 3478 possunt.
3261 3407 3321 3461 In
3368 3405 3512 3461 bello
3539 3413 3723 3460 autem

2131 3500 2326 3557 melius
2353 3500 2543 3556 ducem
2573 3499 2862 3564 nominari,
2891 3513 3055 3569 quam
3099 3511 3300 3569 regem.
3330 3495 3466 3552 Nam
3494 3498 3596 3552 hoc
3628 3509 3729 3550 no-

2132 3607 2257 3648 men
2281 3591 2536 3662 exprimit
2557 3589 2611 3644 in
2633 3589 2820 3660 praelio
2844 3588 3150 3644 ducentem.
3178 3587 3332 3644 Unde
3359 3595 3414 3644 et
3444 3587 3730 3658 Virgilius,

2131 3685 2281 3740 ducis
2305 3683 2562 3738 Evandri.
2584 3679 2904 3737 Sallustius:
2935 3698 2954 3732 ‹
2976 3680 3094 3748 Quo
3113 3679 3362 3751 cupidius
3381 3679 3436 3733 in
3459 3693 3556 3734 ore
3574 3679 3734 3734 ducis

2131 3791 2251 3832 sese
2275 3775 2502 3846 quisque
2521 3775 2755 3838 bonum;
2789 3791 2808 3823 ι
2835 3788 2941 3828 non
2964 3771 3102 3826 dixit
3127 3771 3182 3825 in
3209 3785 3306 3826 ore
3327 3769 3585 3825 consulis.
3607 3769 3732 3825 Dux

2131 3867 2278 3924 enim
2307 3865 2550 3922 ille-vere
2594 3863 2699 3918 dici
2723 3869 2926 3932 potest,
2951 3861 3047 3930 qui
3075 3860 3129 3914 in
3156 3859 3294 3915 calle
3319 3859 3552 3931 justitia:
3577 3859 3730 3916 ince-

2131 3959 2265 4015 dens
2281 3966 2569 4027 sequentes
2598 3953 2747 4009 ducit
2766 3969 2864 4032 ρος
2889 3953 3051 4008 ﬁdem
3072 3961 3276 4008 rectam
3301 3962 3356 4008 et
3385 3953 3526 4008 bona
3556 3967 3730 4022 opera

2133 4055 2187 4108 in
2213 4053 2381 4108 vitam
2417 4039 2720 4106 :eternam.’
2735 4047 2888 4104 Unde
2915 4046 3186 4118 Propheta
3215 4045 3502 4101 Dominum
3527 4045 3736 4116 depre-.

2131 4153 2304 4210 catur,
2345 4141 2568 4196 dicens:
2619 4139 2800 4194 Deduc
2827 4153 2910 4192 me
2942 4137 2996 4192 in
3028 4137 3111 4192 cia
3151 4147 3246 4191 tua
3281 4146 3329 4191 et
3364 4134 3646 4190 ambulabo
3667 4136 3724 4190 in

2129 4237 2346 4290 ueritate
2375 4242 2466 4287 tua
2490 4229 2664 4301 (Psal.
2687 4228 2910 4298 Lxxxv).
2951 4227 3022 4283 Et
3045 4227 3169 4284 alibi
3199 4246 3212 4282 :
3245 4227 3496 4298 Spiritus,
3525 4226 3720 4297 inquit,

2131 4332 2254 4376 tuus
2283 4320 2448 4375 bonus
2478 4317 2695 4372 deducet
2728 4331 2811 4369 me
2839 4315 2894 4368 in
2931 4313 3068 4370 uiam
3105 4322 3302 4370 rectam
3327 4310 3499 4384 (Psal.
3524 4311 3716 4384 CXLII).

437 4401 584 4456 riora
606 4402 952 4474 omniaagat
991 4419 1115 4460 cum
1144 4405 1372 4460 consilio
1391 4407 1707 4476 prudenter,
1727 4409 2022 4465 secundum
2048 4439 2104 4500 Β
2133 4411 2286 4468 Unde
2329 4418 2384 4464 et
2433 4409 2546 4478 ipse
2598 4406 2855 4462 Salvator
2888 4405 3005 4461 dux
3049 4421 3084 4460 a
3119 4408 3386 4476 propheta
3439 4405 3638 4476 legitur
3665 4405 3722 4459 in

437 4490 570 4548 illud
596 4491 741 4560 quod
771 4493 1032 4563 scriptum
1062 4503 1182 4550 est:
1217 4495 1410 4550 Omnia
1449 4496 1535 4567 {ac
1567 4513 1687 4552 cum
1712 4499 1952 4566 consilio,
1976 4510 2023 4554 et

431 4592 546 4652 post
579 4581 779 4652 factum
807 4601 909 4639 non
939 4585 1208 4656 pataitebis
1240 4585 1370 4659 (Sir.
1402 4590 1598 4661 χχχιι).
1633 4591 1769 4646 Nam
1795 4592 2026 4651 Ciesaris

433 4685 631 4726 nomen
661 4680 756 4726 aut
779 4672 1009 4744 Augusti
1038 4690 1146 4729 non
1175 4675 1334 4730 aliter
1363 4678 1589 4734 Domine
1611 4691 1798 4738 nostro
1823 4698 2026 4738 conve-

433 4762 554 4818 nire
576 4763 816 4819 arbitror
856 4765 962 4821 nisi
983 4767 1083 4822 sub
1108 4767 1502 4839 signiﬁcatione
1525 4775 1875 4838 monarcbitc,
1897 4775 2025 4844 quia

433 4854 582 4910 solus
620 4864 811 4926 regnat
838 4857 890 4912 in
920 4857 1073 4913 etelis
1101 4869 1157 4914 et
1187 4861 1242 4914 in
1269 4862 1466 4936 terris,
1504 4871 1559 4917 et
1604 4863 1733 4930 quia
1771 4864 1872 4916 sub
1909 4863 2027 4933 ejus

433 4943 664 5014 imperio
709 4945 1012 5002 consistunt
1057 4948 1334 5004 universa.
1377 4949 1686 5006 Menarcha:
1731 4957 1897 5016 sunt,
1931 4951 2023 5021 qui

431 5034 762 5104 singularem
779 5038 1058 5107 possident
1078 5041 1462 5112 principatum,
1486 5041 1664 5110 qualis
1683 5041 1782 5096 fuit
1796 5041 2032 5098 Alexann

434 5125 534 5182 der
575 5126 718 5196 apud
755 5125 1005 5198 Graecos,
1045 5129 1222 5186 Julius
1264 5131 1408 5201 apud
1452 5131 1764 5186 Romanos:
1797 5132 1928 5188 hinc
1969 5141 2026 5189 et

432 5219 753 5275 monarcbia
783 5221 1006 5290 dicitur,
1051 5238 1241 5286 mones
1263 5223 1462 5294 quippe
1495 5224 1786 5294 singularis
1833 5223 2024 5280 Graeco

432 5309 696 5378 nomine,
737 5315 904 5372 arche
961 5315 1297 5386 principatus
1346 5322 1450 5370 est.
1510 5315 1824 5372 Tetrarchte
1895 5327 2022 5374 sunt

431 5412 684 5476 quartam
727 5416 940 5476 partem
983 5410 1134 5478 regni
1165 5415 1431 5465 tenentes.
1463 5407 1598 5464 Nam
1624 5419 1765 5468 tetra
1789 5421 2024 5482 quatuor

431 5501 600 5552 sunt:
631 5497 811 5568 qualis
834 5497 934 5552 fuit
971 5497 1113 5566 apud
1146 5497 1387 5556 Iudaeam
1429 5500 1732 5574 Philippus.
1763 5501 2026 5576 Princeps

433 5593 492 5644 et
508 5585 790 5660 dignitatis
815 5604 1009 5644 nomen
1031 5586 1117 5643 vel
1138 5589 1297 5646 modo
1317 5592 1678 5665 signiﬁcatur.
1703 5603 1759 5653 et
1783 5596 2020 5666 ordinis;

433 5677 578 5738 Sient
601 5688 686 5737 est
721 5679 847 5736 illud
877 5679 1225 5750 Virgiliannm
1251 5699 1263 5739 ;

2125 4502 2440 4574 Evangelie,
2472 4499 2563 4556 ubi
2587 4499 2848 4568 scriptum
2871 4506 2991 4552 est:
3024 4495 3093 4552 Et
3114 4507 3194 4562 tu,
3237 4495 3554 4563 Bethlehem,
3579 4505 3731 4551 terra.

2126 4601 2162 4658 J
2169 4601 2296 4664 uda,
2323 4609 2652 4666 nequaquam
2674 4591 2890 4644 minima
2907 4607 2968 4644 'es
3007 4589 3061 4644 in
3095 4589 3416 4660 principibus
3443 4589 3588 4643 Juda
3609 4605 3629 4654 ;
3656 4605 3724 4643 ea:

2129 4703 2178 4748 te
2205 4691 2345 4748 enim
2387 4687 2521 4742 exict
2567 4683 2699 4747 dum,
2728 4681 2818 4753 qui
2865 4689 3010 4751 regat
3052 4679 3304 4750 populum
3347 4695 3524 4738 meum
3547 4678 3723 4734 Israel

2127 4781 2342 4854 (Matth.
2369 4778 2452 4850 ιι).
2483 4777 2616 4831 Item
2652 4773 2760 4827 dux
2790 4771 3048 4826 Dominus
3085 4770 3246 4826 Jesus
3271 4769 3522 4826 Christus
3563 4770 3722 4825 intel-

2129 4869 2392 4942 ligiturin
2423 4866 2514 4922 illo
2557 4863 2751 4919 Isaize:
2797 4859 2934 4916 Ecce
2967 4870 3143 4916 testem
3189 4861 3397 4932 populis
3440 4861 3561 4916 dedi
3599 4877 3721 4916 eum

2129 4964 2316 5018 ducem
2349 4975 2412 5014 ac
2454 4964 2822 5029 prmeeptorem
2867 4953 3098 5023 gentium
3148 4951 3282 5024 (lsa.
3316 4952 3426 5024 ιν).
3453 4952 3520 5008 Et
3547 4952 3716 5007 alibi:

2131 5051 2320 5107 Servus
2344 5063 2490 5102 meus
2515 5043 2686 5103 David
2729 5041 2968 5113 princeps
3010 5043 3066 5096 in
3096 5041 3268 5096 niedio
3293 5057 3473 5096 eorum
3498 5038 3716 5111 (Ezech.

2130 5141 2340 5211 sum).
2393 5139 2572 5196 Duces
2617 5142 2746 5190 sunt
2793 5132 2969 5188 sancti
3019 5131 3402 5202 praedicatores
3459 5146 3526 5186 eo
3575 5134 3719 5201 quod

2127 5232 2350 5288 trahunt
2380 5229 2614 5286 ﬁdelium
2643 5239 2832 5295 greges
2875 5231 3001 5293 post
3033 5239 3110 5278 se.
3142 5222 3278 5278 Item
3303 5222 3356 5278 in
3383 5221 3715 5278 contrariam

2125 5329 2337 5392 partem
2375 5319 2538 5374 duces
2563 5314 2802 5372 lucretici
2829 5321 2977 5378 sunt,
3017 5320 3074 5367 et
3113 5311 3282 5368 Iudici
3309 5312 3424 5368 sive
3467 5311 3718 5367 doctores

2127 5415 2379 5486 improbi,
2427 5422 2488 5468 ut
2526 5412 2582 5468 in
2630 5408 2924 5481 Evangelia
2948 5449 2962 5464 .
2993 5407 3252 5464 Dimittite
3281 5423 3390 5473 eos,
3439 5409 3567 5463 cruci
3588 5416 3716 5462 sunt

2126 5503 2284 5561 duces
2309 5519 2567 5560 caecorum
2591 5501 2638 5556 si
2665 5516 2834 5554 ca'cus
2871 5513 3068 5551 crrcum
3107 5496 3342 5563 duxerit,
3363 5497 3516 5553 ambo
3546 5497 3604 5550 in
3631 5495 3718 5564 [ο-

2125 5615 2270 5654 ueam
2299 5597 2496 5653 cadunt
2535 5593 2752 5667 (Matth.
2776 5589 2890 5665 xv).
2933 5589 3113 5644 Fortis
3141 5590 3404 5646 Dominus
3426 5595 3535 5655 est,
3565 5596 3624 5644 ut
3658 5586 3716 5642 in

2129 5688 2337 5762 psalmo
2362 5687 2592 5758 legitur:
2625 5683 2880 5742 Dominus
2900 5680 3054 5753 fortis
3081 5689 3129 5738 et
3149 5691 3350 5752 potens.
3382 5681 3450 5744 Et
3485 5680 3545 5741 in
3571 5678 3674 5742 Joh
3694 5694 3716 5739 ι
