4038 6324
284 371 390 435 449

1244 363 1335 420 DE
1378 360 1722 420 UNIVERSO
1754 361 1933 417 LIBRI
1971 362 2138 419 XXII.
2174 395 2247 407 —
2278 364 2408 421 LIB.
2450 364 2587 422 XVI.

3446 366 3555 422 £50

284 484 509 557 Sapiens
531 478 709 545 corde,
749 487 796 534 et
825 476 975 548 fortis
998 476 1181 531 robore
1205 475 1349 549 (Job.
1372 474 1474 545 ix).
1508 474 1718 540 Fortes,
1745 488 1869 528 san-
1897 478 1949 537 Α
1974 474 2086 530 sola
2116 476 2451 545 professione
2476 475 2794 543 nativitatis,
2836 476 2929 533 sed
2954 475 3023 532 ab
3064 483 3286 546 aspectu
3315 446 3372 532 ei
3411 477 3558 534 vale-

281 577 358 633 cti
385 582 530 636 sunt,
559 580 619 627 ut
642 573 695 625 in
718 570 957 627 Canticis
981 569 1317 654 canticorum
1337 587 1357 621 ς
1392 566 1529 621 Ecce
1552 566 1741 620 lectum
1763 563 1865 619 Sa-

281 665 509 722 lomonis
535 664 807 733 sexaginta
834 662 993 732 fortes
1032 661 1267 715 ambiunt
1293 676 1358 713 ea:
1381 657 1677 729 fortissimis
1701 654 1872 709 Israel

288 757 469 827 (Cant.
491 755 597 826 in).
630 753 830 817 Fortis,
881 751 1149 815 diabolus,
1187 758 1247 805 ut
1292 750 1346 804 in
1376 747 1700 818 Evangelio:
1739 744 1869 799 Cum

284 846 442 918 fortis
461 854 693 899 amtatus
715 841 939 897 custodit
965 843 1158 895 atrium
1176 856 1350 904 suum,
1381 840 1434 893 in
1461 855 1587 907 pace
1619 845 1738 891 sunt
1764 853 1875 891 om-

286 940 377 992 nia
406 953 523 1008 quia
551 934 778 1006 possidet
809 932 960 1005 (Luc.
984 932 1083 1003 χι).
1116 931 1335 987 Patricii
1381 931 1506 984 inde
1540 929 1713 984 vocati
1750 933 1875 983 sunt

284 1046 387 1101 pro
407 1043 495 1094 eo,
525 1026 670 1097 quod
709 1026 850 1080 sicut
876 1032 1061 1093 patres
1089 1022 1234 1088 filiis,
1261 1022 1337 1075 ita
1366 1019 1650 1091 provident
1678 1019 1876 1089 Reipu-

283 1119 464 1174 bliczc.
531 1114 779 1170 Praefecti
823 1113 958 1169 dicti
1010 1128 1075 1167 eo
1120 1112 1264 1183 quod
1308 1111 1560 1182 praetoria
1609 1116 1875 1179 potestate

283 1209 530 1281 praesint.
564 1208 851 1270 Praetores,
880 1206 1040 1260 iidem
1083 1205 1175 1274 qui
1202 1213 1258 1260 et
1282 1203 1544 1277 praefecti,
1566 1205 1718 1273 quasi
1741 1218 1877 1274 prte-

283 1300 574 1371 positores.
593 1295 860 1351 I’mides
886 1311 1015 1351 vero
1036 1295 1187 1361 dicti,
1203 1296 1332 1365 quia
1352 1294 1583 1366 alicujus
1609 1294 1713 1349 loci
1738 1300 1878 1349 tute-

284 1389 394 1443 lam
420 1385 796 1459 praesidialiter
819 1392 1020 1441 tenent.
1042 1385 1310 1440 Praetores
1333 1396 1532 1450 autem,
1559 1384 1715 1454 quasi
1742 1398 1879 1453 prae-

284 1488 539 1549 ceptores
565 1478 824 1542 civitatis,
853 1487 907 1533 et
931 1476 1203 1546 principes
1229 1494 1241 1529 :
1283 1476 1444 1537 iidem
1471 1484 1527 1530 et
1558 1483 1875 1545 qumstores,

284 1574 442 1645 quasi
493 1552 830 1642 qdaesitores,
874 1584 940 1625 eo
987 1571 1130 1639 quod
1178 1569 1568 1639 quaastionibus
1615 1576 1876 1639 praesunt.

289 1665 586 1721 Consilium
616 1664 761 1718 enim
787 1671 843 1718 et
856 1678 1029 1717 causa
1057 1660 1198 1732 apud
1226 1676 1319 1716 eos
1339 1668 1447 1716 est.
1474 1659 1736 1715 Proceres
1756 1667 1881 1715 sunt

288 1754 571 1826 Principes
593 1753 862 1818 civitatis,
904 1753 1059 1822 quasi
1088 1751 1480 1822 praecedentes,
1519 1750 1662 1821 quod
1690 1763 1881 1805 omnes

1974 566 2161 621 tudine
2185 568 2430 637 corporis
2451 567 2854 622 existimantur.
2899 566 3053 623 Unde
3079 575 3136 621 et
3165 567 3370 622 tirones
3398 568 3557 635 dicti,

1972 659 2194 728 quique,
2222 668 2518 729 antequam
2558 671 2902 716 sacramento
2940 661 3154 729 probati
3196 661 3325 726 sint,
3359 662 3561 718 milites

1973 765 2080 804 non
2105 757 2249 805 sunt.
2286 749 2543 805 Romamn
2585 758 2761 806 autem
2792 750 2996 805 militiae
3026 765 3146 805 mos
3180 750 3300 816 fuit,
3330 751 3561 820 puberes

1972 841 2148 911 primo
2195 843 2439 896 exerceri
2483 843 2670 898 armis.
2717 843 2852 896 Nam
2891 851 3046 897 sexto
3074 842 3283 896 dec‘mo
3318 857 3461 895 anno
3492 842 3562 895 ti-
3662 885 3667 889 .

1973 948 2136 988 rones
2180 933 2504 999 militabant,
2559 949 2669 1004 quo
2719 934 2881 988 etiam
2940 932 3052 987 solo
3104 933 3205 987 sub
3249 932 3565 986 custodibus

1976 1025 2227 1096 agebant.
2264 1024 2573 1095 Conscripti
2608 1024 2799 1079 militia
2825 1024 3101 1087 dicuntur,
3138 1022 3260 1091 quia
3289 1022 3343 1076 in
3369 1021 3567 1079 tabulis

1975 1116 2330 1172 conferuntur
2360 1117 2428 1171 ab
2454 1131 2520 1172 eo
2555 1115 2647 1186 qui
2673 1130 2769 1171 eos
2792 1114 3052 1170 ducturus
3080 1122 3201 1178 est;
3233 1111 3371 1167 sicut
3412 1119 3566 1165 tran-

1975 1207 2163 1277 scripti
2215 1215 2501 1271 vorantur,
2554 1222 2678 1262 cum
2722 1207 2788 1261 de
2833 1206 2938 1260 alia
2991 1205 3045 1259 in
3079 1204 3240 1258 aliam
3296 1203 3564 1273 legionem

1976 1305 2298 1361 transeunt;
2345 1303 2401 1352 et
2445 1297 2571 1352 inde
2621 1296 2956 1366 transcripti,
2988 1296 3114 1365 quia
3164 1295 3379 1349 nomina
3410 1294 3563 1360 dant,

1976 1397 2038 1444 ut
2073 1388 2542 1444 transcribontur:
2590 1396 2647 1442 et
2682 1388 2929 1458 cptiones
2956 1387 3111 1453 dicti,
3137 1387 3280 1456 quod
3321 1386 3429 1440 sint
3457 1385 3567 1440 ele-

1977 1481 2092 1536 cti:
2125 1496 2251 1535 nam
2283 1488 2473 1549 optare
2515 1478 2715 1549 eligere
2745 1487 2851 1544 est,
2892 1479 3034 1534 sicut
3067 1486 3155 1532 est
3199 1477 3328 1532 illud
3359 1495 3371 1531 :
3416 1487 3568 1549 opta-

1975 1573 2148 1643 vitque
2192 1569 2364 1626 locum
2400 1586 2577 1641 regno,
2601 1570 2654 1625 id
2703 1578 2808 1637 est,
2844 1571 3023 1642 elegit.
3079 1569 3437 1625 Excubitores
3480 1570 3564 1624 rli—
3660 1606 3665 1609 Α

1971 1669 2175 1717 cuntur
2216 1676 2317 1733 pro
2369 1676 2435 1716 eo
2487 1660 2629 1730 quod
2677 1661 2936 1717 excubias
2962 1676 3175 1732 semper
3221 1669 3411 1732 agunt,
3441 1668 3569 1718 sunt

1979 1753 2126 1808 enim
2145 1768 2222 1809 ex
2249 1766 2478 1808 numero
2504 1752 2760 1819 militum,
2789 1759 2844 1806 et
2884 1752 2938 1807 in
2970 1751 3269 1822 porticibus
3297 1751 3569 1808 excubant

278 1845 496 1900 honore
546 1844 878 1914 praecedunt.
928 1841 1156 1898 Tribuni
1208 1841 1407 1907 vocati,
1453 1842 1582 1911 quia
1615 1840 1878 1896 militibus
1907 1836 1952 1895 Β
1979 1852 2202 1916 propter
2226 1842 2462 1914 regalem
2496 1842 2836 1899 custodiam:
2870 1842 3114 1898 excubias
3155 1850 3334 1896 autem
3362 1840 3570 1896 diarum

288 1935 407 1990 sive
439 1934 684 2005 plebibus
724 1933 853 2005 jura
898 1933 1156 1989 tribuunt.
1211 1932 1535 1989 Chiliarcha:
1587 1942 1734 1998 sunt,
1787 1934 1877 2003 qui

288 2025 438 2080 mille
479 2034 739 2096 praesunt,
771 2040 908 2096 quos
937 2040 1056 2088 nos,
1089 2024 1436 2090 millonarios,
1463 2040 1875 2095 nuncupamns;

287 2126 347 2172 et
368 2117 725 2197 est‘Grtecum
780 2132 1001 2172 nomen.
1036 2116 1397 2173 Centuriones
1444 2116 1576 2172 dicti
1622 2132 1694 2172 eo
1734 2118 1881 2187 Quod

280 2216 534 2278 praesunt
579 2215 798 2264 centum
840 2207 1102 2262 militibus
1141 2224 1155 2261 :
1209 2207 1355 2262 sicut
1410 2206 1877 2276 quinquagenarii,

279 2298 417 2369 quia
449 2299 503 2352 in
530 2298 707 2369 capite
736 2307 864 2353 sunt
888 2297 1279 2369 quinquaginta
1316 2298 1570 2363 militum,
1612 2299 1752 2353 sicut
1785 2301 1879 2354 de-

280 2389 414 2445 cani
439 2404 506 2445 eo
551 2387 695 2458 quod
740 2390 926 2444 decem
956 2388 1215 2444 militibus
1256 2387 1637 2458 praeferuntur.
1672 2389 1765 2443 lla:
1788 2404 1883 2444 au—

280 2487 400 2534 tem
444 2480 651 2550 species
693 2479 1040 2550 prtelatorum
1073 2479 1125 2534 in
1157 2479 1400 2536 Ecclesia
1435 2480 1538 2536 rite
1591 2488 1877 2547 tenentur;

288 2574 433 2644 quod
456 2574 827 2644 unusquisque
853 2574 1175 2644 prapositus
1194 2573 1349 2643 juxta
1372 2575 1534 2630 ritum
1560 2576 1881 2653 egordinem

290 2680 450 2718 suum
472 2680 659 2720 curam
684 2665 850 2721 habet
875 2665 1240 2731 subditorum,
1269 2682 1337 2721 ne
1374 2682 1471 2737 per
1503 2667 1658 2721 devia
1682 2667 1882 2722 erroris

291 2765 543 2827 pergant,
581 2773 758 2827 neque
795 2758 1009 2828 injustis
1053 2758 1309 2828 operibus
1356 2758 1628 2824 insistant,
1673 2771 1882 2814 necnon

288 2856 348 2902 et
377 2857 627 2914 caveant,
652 2864 720 2904 ne
747 2848 885 2904 alius
924 2848 1080 2904 alteri
1115 2858 1329 2915 noceat,
1355 2864 1425 2904 ne
1453 2864 1550 2920 per
1572 2849 1883 2905 violentiam

281 2940 603 3010 opprimat:
640 2941 737 2995 sed
766 2939 1068 2995 concordes
1096 2940 1331 2997 invicem
1363 2950 1418 2995 et
1463 2940 1676 3011 paciﬁci
1716 2941 1883 2995 vitam

290 3033 590 3087 modestam
641 3034 860 3087 ducant.
920 3031 1075 3088 Unde
1111 3039 1167 3088 et
1208 3033 1264 3088 in
1305 3032 1475 3088 veteri
1521 3033 1639 3104 lege
1683 3030 1880 3104 (Exod.

285 3128 451 3195 ινιιι)
478 3124 688 3189 Jethro:
737 3134 1001 3194 cognatus
1049 3125 1242 3206 Moysi,
1282 3125 1429 3182 dedit
1463 3124 1540 3180 illi
1575 3124 1879 3191 consilium,

1980 1944 2107 1990 sunt
2131 1953 2142 1988 :
2172 1934 2366 2005 vigilia:
2395 1941 2695 1998 nocturnm,
2717 1933 2860 1989 unde
2881 1941 2937 1988 et
2959 1932 3165 2003 vigiles.
3190 1931 3391 1986 Velites
3411 1938 3571 1985 erant

1981 2025 2120 2097 apud
2144 2025 2418 2081 Romanos
2438 2039 2607 2095 genus
2629 2024 2834 2079 militiae
2854 2039 2886 2078 a
2905 2023 3179 2079 volitando
3200 2022 3401 2078 vocali.
3420 2020 3570 2076 Lecti

1981 2118 2125 2173 enim
2152 2117 2394 2188 agilitate
2438 2117 2666 2187 juvenes
2716 2131 2839 2170 cum
2884 2115 3052 2169 armis
3104 2114 3217 2169 suis
3263 2122 3384 2184 post
3419 2120 3572 2183 terga

1981 2211 2223 2280 equitum
2249 2209 2633 2273 consedebant,
2665 2216 2717 2263 et
2742 2222 2868 2262 mox
2889 2222 3011 2261 cum
3040 2208 3107 2261 ad
3136 2207 3320 2261 hostes
3350 2213 3571 2260 ventum

1980 2310 2146 2367 esset,
2176 2301 2329 2370 equis
2357 2298 2695 2362 desiliebant‘,
2747 2306 2803 2353 et
2830 2299 3089 2353 continuo
3130 2296 3340 2365 pedites
3369 2297 3470 2366 ipsi
3504 2312 3575 2351 ex

1982 2392 2088 2448 alia
2117 2400 2271 2461 parte
2297 2390 2596 2460 equitibus,
2636 2404 2734 2460 per
2778 2403 2916 2458 quos
2961 2387 3174 2443 advecti
3228 2386 3466 2450 fuerant,
3496 2387 3577 2442 di-

1984 2484 2329 2547 micantibus,
2361 2484 2569 2537 hostem
2600 2481 3016 2552 perturbabant.
3062 2478 3145 2533 Ab
3191 2478 3278 2534 his
3324 2476 3576 2533 velitibus

1983 2575 2254 2645 elephanti
2294 2572 2568 2643 quondam
2616 2570 2902 2625 Annibalis
2950 2568 3232 2634 retroacti,
3278 2583 3402 2623 cum
3454 2567 3571 2638 regi

1979 2665 2092 2735 jam
2119 2680 2149 2718 a
2181 2664 2294 2719 suis
2324 2679 2433 2717 non
2481 2671 2726 2734 possent,
2774 2659 2951 2731 fabrili
2995 2657 3206 2728 scalpro
3234 2657 3378 2712 inter
3415 2668 3577 2712 aures

1984 2757 2177 2822 adacto
2206 2754 2561 2810 necabantur.
2610 2752 2799 2806 Militia
2838 2760 3021 2805 autem
3064 2764 3096 2803 a
3128 2748 3391 2802 militibus
3424 2747 3568 2802 dicta

1985 2854 2131 2902 auta
2174 2846 2360 2901 multis
2384 2844 2540 2916 quasi
2590 2842 2844 2907 multitia,
2891 2840 3044 2910 quasi
3101 2837 3378 2909 negotium
3427 2837 3571 2890 mul-

1985 2949 2161 2993 torum
2186 2955 2200 3005 ;
2234 2946 2328 2993 aut
2359 2952 2390 2991 a
2419 2935 2561 2991 mole
2590 2949 2794 2999 rerum,
2819 2931 2973 3003 quasi
2999 2929 3238 2986 moletia.
3284 2926 3448 2998 Legio
3474 2942 3572 2982 sex

1978 3030 2210 3093 millium
2242 3036 2574 3085 armatorum
2594 3035 2700 3092 est,
2723 3026 2791 3082 ab
2811 3024 2984 3080 electo
3008 3031 3221 3087 vocata,
3247 3020 3403 3091 quasi
3426 3019 3574 3085 lecti,

1988 3122 2040 3175 id
2071 3130 2153 3177 est
2179 3121 2347 3175 armis
2371 3119 2566 3183 electi;
2600 3117 2813 3187 proprie
2838 3123 3016 3171 autem
3057 3110 3406 3169 Macedonum
3444 3112 3580 3180 pha-

284 3226 353 3273 ιιι
391 3220 737 3275 constitueret
782 3218 838 3274 in
887 3219 1046 3290 plebe
1078 3221 1326 3275 tribunos
1354 3227 1409 3274 et
1457 3219 1802 3274 centuriones
1826 3209 1949 3271 etC
1983 3217 2129 3281 lanx,
2159 3216 2434 3272 Gallorum
2464 3221 2705 3275 caterva.
2744 3219 2927 3268 nostra
2973 3211 3113 3281 legio
3150 3208 3369 3264 dicitur.
3412 3205 3577 3276 Legio

282 3310 783 3383 quinquagenarius
827 3324 883 3369 et
922 3315 1178 3380 decanos,
1206 3326 1477 3386 quatenus
1521 3314 1623 3384 ipsi
1668 3314 1877 3368 minora

288 3403 649 3459 decernerent
697 3414 859 3474 atque
894 3404 1293 3474 diiudicarent:
1343 3407 1459 3476 ipse
1501 3420 1633 3460 vero
1669 3419 1733 3458 ea
1758 3420 1880 3474 qua:

281 3492 362 3545 ad
410 3493 697 3547 Dominum
752 3495 1045 3562 pertinent,
1086 3495 1318 3550 subditis
1362 3496 1474 3550 suis
1520 3495 1878 3564 dispensaret.

287 3581 428 3637 llinc
454 3592 511 3636 ct
532 3582 822 3652 Apostolus
842 3583 1086 3639 Hebraeis
1109 3587 1385 3655 praecepit,
1409 3586 1630 3640 dicens:
1665 3582 1883 3637 Obedite

282 3674 583 3744 praepositis
612 3672 793 3726 vestris
838 3674 894 3726 in
945 3673 1190 3737 Domino,
1233 3685 1280 3728 et
1314 3674 1579 3743 subjacete
1619 3674 1732 3727 eis:
1783 3674 1884 3743 ipsi

284 3764 428 3817 enim
452 3762 764 3833 pervigilant
785 3763 939 3834 quasi
984 3780 1080 3834 pro
1120 3764 1396 3818 animabus
1425 3764 1628 3828 vestris,
1658 3764 1882 3817 Domino

288 3853 551 3908 reddituri
576 3854 831 3907 rationem
852 3869 872 3908 :
900 3863 954 3909 ut
973 3871 1094 3908 cum
1116 3854 1311 3925 gaudio
1337 3854 1434 3909 hoc
1463 3854 1685 3921 faciant,
1709 3862 1756 3905 et
1781 3868 1885 3907 non

286 3955 568 4015 gementes,
592 3945 689 3999 hoc
708 3945 845 3999 enim
870 3962 973 4000 non
993 3947 1200 4016 expedit
1213 3945 1353 4000 vobis
1370 3944 1527 4018 (Heb.
1543 3943 1686 4015 ιιιι).
1705 3944 1773 3999 Et
1788 3944 1888 3998 ite-

288 4053 443 4093 rum:
470 4036 800 4105 Mementote,
824 4039 1020 4108 inquit,
1042 4039 1441 4109 propositorum
1465 4046 1772 4102 vestrorum,
1796 4026 1889 4107 qui

287 4127 454 4184 locuti
480 4122 600 4183 sunt
620 4130 828 4183 verbum
860 4129 976 4195 Dei,
997 4145 1221 4200 quorum
1258 4131 1514 4183 intuentes
1539 4128 1736 4182 exitum
1764 4143 1888 4181 con-

290 4222 600 4278 versationis
626 4220 907 4275 imitamini
934 4221 1091 4290 ﬁdem
1114 4220 1324 4293 (Ibid).
1354 4220 1506 4275 Miles
1539 4220 1739 4287 dictus,
1760 4219 1885 4289 quia
1942 4277 1949 4286 _

289 4315 440 4371 mille
460 4323 617 4371 erant
639 4309 774 4370 ante'
788 4316 843 4369 in
863 4329 1094 4370 numero
1116 4330 1248 4379 uno,
1270 4314 1356 4370 vel
1377 4315 1505 4385 quia
1527 4329 1668 4369 unus
1705 4321 1789 4368 est
1816 4327 1884 4367 ex

288 4404 441 4460 mille
463 4405 687 4460 electus.
717 4403 977 4459 Romulus
1006 4411 1185 4459 autem
1213 4404 1422 4473 primus
1448 4418 1517 4458 ex
1561 4401 1758 4472 papnlo
1785 4401 1886 4457 mi-

288 4496 416 4551 lites
444 4496 677 4566 sumpsit
700 4506 756 4552 et
776 4495 1084 4566 appellavit.
1122 4493 1281 4549 Liber
1320 4494 1529 4564 primus
1558 4494 1765 4548 militia:
1790 4508 1881 4549 or-

1982 3311 2145 3364 bahet
2185 3308 2465 3377 sexaginta
2515 3305 2809 3369 centurias,
2861 3302 3164 3372 manipulos
3210 3300 3448 3368 triginta,
3480 3314 3576 3352 co-

1982 3402 2167 3455 hortes
2195 3398 2501 3462 duodecim,
2534 3404 2744 3450 turmas
2763 3395 3043 3449 ducentas.
3067 3390 3320 3446 Centuria
3347 3399 3427 3443 est
3450 3402 3578 3458 pars

1980 3492 2252 3547 exercitus
2277 3491 2329 3546 in
2354 3497 2611 3544 centenos
2640 3486 2841 3540 milites
2883 3484 3074 3538 divisa.
3116 3482 3268 3537 Unde
3295 3488 3349 3534 ct
3374 3480 3463 3548 qui
3492 3477 3578 3533 his

1981 3588 2242 3649 praesunt,
2292 3577 2636 3632 centuriones
2679 3575 2951 3629 dicuntur.
3008 3569 3408 3625 Subcenturiati
3450 3580 3580 3621 vero

1984 3680 2130 3735 sunt,
2160 3685 2265 3724 non
2297 3669 2386 3737 qui
2417 3669 2468 3721 in
2498 3667 2695 3737 prima,
2728 3666 2825 3720 sed
2855 3664 2947 3734 qui
2980 3664 3032 3718 in
3071 3661 3303 3716 secunda
3332 3658 3578 3712 centuria

1985 3771 2133 3827 sunt,
2165 3762 2317 3831 quasi
2341 3760 2442 3815 sub
2475 3759 2651 3828 prima
2684 3756 2949 3818 centuria,
2992 3763 3177 3809 tamen
3210 3750 3387 3806 stricti
3413 3749 3576 3802 etiam

1987 3854 2167 3923 ipsiet
2204 3852 2257 3905 in
2289 3849 2511 3919 spiculis
2545 3848 2710 3917 positi
2758 3848 2811 3900 in
2856 3845 2999 3901 bello
3045 3850 3192 3908 sunt,
3237 3849 3297 3896 ut
3329 3840 3375 3896 si
3403 3840 3578 3910 prima

1986 3941 2268 4007 defecerit,
2297 3940 2410 4005 isti,
2450 3954 2588 4009 quos
2614 3939 2716 3993 sub
2760 3938 2996 3993 secunda
3027 3936 3286 3999 diximus,
3329 3933 3579 3987 laboran-

1988 4034 2130 4089 tibus
2158 4032 2347 4103 primis
2374 4029 2717 4086 subveniant.
2767 4028 2921 4083 Unde
2960 4028 3028 4082 ad
3072 4024 3453 4081 insinuandum
3481 4037 3580 4092 po-

1987 4124 2135 4179 nitur
2164 4121 2624 4184 subcenturiatus,
2655 4119 2811 4189 quasi
2838 4116 3007 4172 armis
3027 4116 3227 4171 dolosis
3255 4115 3574 4169 instructus.

1987 4213 2291 4285 Manipulus
2326 4212 2680 4269 ducentorum
2698 4218 2784 4265 est
2812 4208 3063 4262 militum.
3107 4204 3364 4276 Manipnli
3393 4211 3575 4258 autem

1987 4309 2116 4366 dicti
2146 4317 2275 4363 sunt
2302 4306 2524 4369 milites,
2548 4304 2665 4359 sive
2696 4303 2820 4374 quia
2866 4300 3065 4357 bellum
3111 4298 3269 4369 primi
3303 4312 3462 4350 manu
3491 4296 3576 4349 in-

1986 4399 2257 4471 cipiebant
2285 4414 2300 4465 ;
2342 4398 2456 4453 sive
2483 4396 2626 4466 quod
2674 4402 2963 4463 antequam
2991 4392 3142 4461 signa
3166 4396 3372 4452 essent,
3395 4384 3574 4440 mani-

1985 4489 2142 4560 pulos
2168 4488 2292 4554 sibi,
2342 4487 2396 4541 id
2440 4493 2546 4547 est,
2579 4483 2867 4538 fasciculos
2904 4479 3114 4550 stipula:
3144 4476 3231 4532 vel
3266 4475 3450 4530 herbm
3477 4473 3577 4527 ali-

288 4591 474 4646 dinem
502 4562 703 4644 docuit.
747 4562 900 4644 Miles
946 4596 1128 4642 autem
1170 4562 1477 4642 ordinarius
1529 4586 1747 4652 dicitur,
1783 4592 1879 4639 aut
1909 4562 1957 4622 υ
1984 4576 2138 4646 Cujus
2161 4592 2261 4646 pro
2294 4574 2465 4645 signis
2493 4572 2783 4634 faciebant,
2812 4585 2842 4622 a
2875 4583 2981 4637 quo
3010 4567 3166 4635 signo
3203 4563 3576 4632 manipulares

288 4678 1151 4736 extraordinarius...Ordinarius
1193 4686 1299 4741 est,
1349 4676 1441 4745 qui
1490 4691 1588 4744 per
1629 4675 1876 4730 ordinem

290 4771 509 4836 militat,
551 4786 652 4826 nec
691 4771 869 4826 adhuc
907 4769 1139 4838 aliquem
1184 4776 1507 4823 consecutus
1534 4773 1617 4819 est
1649 4765 1876 4835 gradum

291 4860 555 4919 honoris:
588 4871 672 4917 est
693 4862 839 4917 enim
869 4861 1169 4933 gregarius,
1196 4859 1250 4915 id
1274 4867 1379 4923 est,
1404 4856 1621 4912 humilis
1640 4856 1872 4911 militiae:

289 4955 756 5010 extraordinarius
799 4970 950 5019 vero,
997 4953 1090 5022 qui
1132 4953 1203 5008 ob
1248 4951 1498 5006 virtutem
1529 4956 1877 5020 promovetur

292 5061 361 5102 ex
387 5047 596 5102 ordine.
624 5046 849 5102 Emeriti
878 5045 1134 5100 dicuntur
1172 5042 1436 5107 veterani,
1482 5040 1753 5110 solutique
1775 5040 1875 5094 mi-

290 5140 431 5203 litia,
464 5139 556 5208 qui
593 5138 707 5208 jam
752 5138 807 5193 in
855 5153 956 5192 usu
994 5135 1165 5207 ιιι-ωιίί
1210 5150 1317 5189 non
1362 5142 1527 5199 sunt;
1596 5132 1724 5202 quia
1767 5147 1882 5187 me-

292 5234 405 5290 reri
433 5233 669 5288 militare
711 5231 929 5294 dicitur,
967 5247 998 5285 a
1042 5228 1326 5298 stipendiis
1358 5227 1588 5291 scilicet,
1617 5240 1739 5295 quae
1772 5238 1884 5279 me—

293 5334 504 5380 rentur.
533 5323 701 5380 lidem
728 5330 783 5378 et
801 5320 1043 5380 veterani
1071 5320 1338 5381 dicuntur,
1384 5318 1512 5389 quia
1553 5318 1664 5387 jam
1690 5316 1747 5370 in
1778 5330 1880 5370 usu

292 5416 467 5486 praelii
494 5430 605 5470 non
630 5423 778 5481 sunt,
802 5413 898 5469 sed
926 5421 1047 5484 post
1075 5410 1282 5466 militia:
1308 5408 1524 5464 labores
1559 5407 1758 5477 quietis
1777 5406 1884 5462 suf-

295 5506 530 5578 fragium
548 5513 971 5579 consequuntur.
1000 5503 1291 5574 Equestres
1332 5499 1533 5555 milites
1555 5498 1708 5561 dicti,
1739 5497 1883 5567 quod

295 5610 441 5667 equo
456 5596 702 5661 sedeant,
725 5603 780 5650 et
799 5594 1036 5649 militant
1059 5593 1114 5647 in
1137 5590 1378 5662 equestri
1404 5589 1612 5644 ordine.
1657 5587 1885 5642 Tirones

297 5687 556 5747 dicuntur
583 5686 752 5744 fortes
786 5686 963 5757 pueri,
1006 5684 1101 5755 qui
1147 5684 1214 5739 ad
1261 5681 1512 5739 militiam
1553 5680 1884 5750 deliguntur,

300 5790 466 5854 atqne
490 5779 659 5839 armis
679 5777 930 5855 gerendis
969 5775 1177 5837 habiles
1201 5775 1456 5836 existunt.
1502 5774 1570 5835 Ili
1607 5771 1753 5854 enim
1780 5786 1887 5829 non

1981 4667 2182 4723 milites
2205 4662 2573 4734 cognominati
2595 4668 2741 4716 sunt.
2770 4660 2848 4713 De
2875 4657 3073 4728 quibus
3100 4656 3379 4709 Lucanus:

2097 4765 2271 4814 Evocat
2294 4767 2503 4811 armatos
2542 4757 2795 4819 extemplo
2816 4756 2888 4804 ad
2909 4757 3046 4817 signa
3065 4749 3321 4812 maniplos.

1984 4846 2183 4902 Turma
2214 4844 2432 4916 triginta
2469 4841 2683 4911 equites
2710 4846 2878 4903 sunt;
2929 4834 3159 4890 Romani
3186 4832 3330 4887 enim
3361 4831 3575 4901 equites

1982 4941 2037 4997 in
2062 4956 2170 4994 una
2198 4939 2342 4992 tribu
2375 4933 2602 4990 trecenti
2631 4931 2869 4992 fuerunt,
2902 4928 2969 4982 de
2999 4924 3226 4996 singulis
3265 4923 3409 4978 enim
3441 4938 3572 4979 cen-

1983 5039 2139 5094 turiis
2160 5037 2348 5092 decem
2371 5033 2658 5092 dabantur,
2684 5036 2741 5083 et
2765 5025 2931 5081 ﬁebat
2955 5033 3150 5077 turma.
3183 5020 3391 5075 Cohors
3411 5019 3572 5089 quin—

1981 5134 2172 5201 gentos
2208 5124 2406 5180 milites
2430 5123 2616 5178 habet.
2645 5119 2769 5173 Tria
2798 5124 2926 5172 sunt
2967 5113 3171 5167 militia:
3198 5127 3395 5181 genera
3424 5129 3437 5164 :
3478 5126 3570 5165 sa-

1983 5229 2346 5284 cramentum,
2374 5214 2639 5276 evocatio,
2688 5208 3010 5277 conjuratio.
3044 5205 3481 5284 Sacramentutn,
3515 5203 3571 5257 in

1983 5330 2091 5386 quo
2120 5322 2245 5385 post
2287 5311 2604 5367 electionem
2647 5304 2853 5375 juravit
2892 5300 3262 5371 unusquisque
3309 5277 3468 5353 miles
3512 5313 3572 5354 se

1983 5422 2092 5462 non
2118 5404 2370 5461 recedere
2396 5417 2426 5456 a
2453 5399 2666 5464 militia,
2706 5397 2811 5451 nisi
2838 5403 2963 5466 post
2982 5392 3248 5463 completa
3280 5391 3574 5463 stipendia,

1982 5499 2037 5555 id
2057 5506 2158 5561 est,
2182 5494 2387 5551 militia:
2412 5501 2687 5561 tempora:
2719 5497 2776 5543 et
2794 5487 2848 5542 hi
2877 5494 3003 5542 sunt
3020 5486 3114 5556 qui
3134 5485 3336 5542 habent
3356 5482 3574 5553 plenam

1982 5588 2232 5644 militiam
2258 5602 2273 5641 :
2304 5599 2427 5640 nam
2447 5580 2639 5651 viginti
2667 5578 2904 5649 quinque
2934 5577 3094 5632 annis
3131 5582 3400 5631 tenentur.
3436 5573 3576 5627 Evo-

1985 5680 2129 5738 catio
2156 5680 2285 5734 dum
2308 5677 2377 5732 ad
2409 5674 2646 5754 subitum
2679 5671 2880 5728 bellum
2920 5686 3029 5725 non
3056 5668 3230 5725 solum
3264 5665 3441 5730 miles,
3477 5663 3574 5718 sed

1988 5770 2169 5837 caeteri
2195 5774 2509 5828 evocantur.
2543 5763 2696 5823 Unde
2722 5762 2886 5821 etiam
2909 5759 3096 5819 consul
3122 5758 3329 5817 solebat
3353 5756 3583 5842 dicere;
