4038 6324
1939 288 1976 307 δ

512 363 615 419 451
708 420 722 441 π

1193 363 1255 418 Β.
1294 360 1550 417 RABANI
1586 361 1805 418 MAUlll
1841 363 2064 416 ARCHJI

2199 365 2505 419 ωυιιυΝι.
2546 365 2830 422 OPLHUM
2867 364 3046 422 PARS
3078 365 3142 423 Ιῐ.

3682 377 3803 435 4εὲ

515 497 534 532 ι
563 478 663 546 Qui
695 476 1082 548 rempublicam
1110 473 1310 530 salvam
1336 473 1454 528 γηιι
1491 489 1632 537 esse,
1663 489 1750 527 me
1775 482 2048 542 sequatur.
2075 489 2092 522 ι
2127 474 2180 532 Α
2204 470 2388 525 domus
2417 472 2537 527 Levi
2571 474 2855 529 benedicite
2892 475 3176 530 Dominum
3197 489 3218 528 :
3257 493 3350 548 qui
3395 478 3588 538 timetis
3613 484 3805 543 Domi-

506 567 843 637 Conjuratio,
867 582 986 636 quae
1008 566 1068 620 ﬁt
1092 567 1144 620 in
1172 565 1425 630 tumultu,
1452 565 1669 635 quando
1689 565 1925 619 vicinum
1948 563 2100 618 urbis

503 658 806 730 periculum
836 657 1077 727 singulos
1095 655 1281 728 jurare
1311 671 1416 710 non
1459 655 1702 724 patitur:
1749 655 1842 709 sed
1877 661 2099 722 repente

506 751 784 820 colligitur
811 748 1122 811 multitudo,
1155 756 1210 803 et
1244 747 1571 800 tumultuosa
1606 745 1658 799 in
1687 744 1767 798 ira
1789 742 2093 799 conﬂatur:

505 841 620 896 lucc
645 850 701 896 ct
733 840 1075 895 tumultuatio
1105 839 1320 893 dicitur.
1362 837 1418 890 lu
1461 837 1578 891 acie
1615 844 1795 891 autem
1838 837 1954 890 ista:
1984 835 2098 891 fere

503 933 693 986 forma:
721 940 848 986 sunt
873 951 885 984 :
916 931 1212 994 exercitus,
1239 928 1449 992 classis,
1492 927 1684 992 nodus,
1712 941 1936 991 cuneus,
1973 925 2092 991 alte,

501 1013 728 1087 cornua,
783 1039 1017 1094 agmen;
1077 1038 1196 1091 qua:
1257 1021 1459 1075 formas
1504 1029 1559 1074 ct
1604 1020 1819 1074 nomina
1866 1020 1935 1073 ab
1967 1019 2094 1089 ipsis

502 1118 684 1183 rebus,
723 1116 790 1170 de
821 1117 1019 1186 quibus
1061 1114 1322 1170 translata
1365 1122 1511 1178 sunt,
1557 1122 1891 1167 mutuantur.
1933 1113 2093 1168 Acies

499 1206 662 1268 dicta,
694 1205 819 1274 quia
846 1203 990 1258 ferro
1013 1212 1220 1258 armata
1259 1203 1330 1258 sit
1371 1210 1427 1257 et
1473 1203 1721 1257 acumine
1767 1203 2088 1273 gladiorum.

497 1293 785 1350 Exercitus
821 1294 1111 1349 multitudo
1135 1309 1201 1348 ex
1236 1309 1344 1348 uno
1383 1308 1583 1364 genere
1609 1293 1679 1346 ab
1702 1293 2090 1348 exercitatione

495 1392 708 1439 vocata.
740 1382 957 1439 Cuneus
985 1393 1070 1439 est
1097 1384 1326 1439 collecta
1365 1385 1420 1438 in
1447 1400 1611 1438 unum
1638 1383 1870 1439 militum
1900 1383 2089 1437 multi-

493 1475 663 1541 tudo;
695 1474 838 1530 unde
873 1484 1096 1545 propter
1120 1475 1263 1546 quod
1306 1474 1361 1528 in
1393 1489 1558 1528 unum
1605 1475 1735 1539 coit,
1784 1474 1897 1545 ipsa
1925 1473 2088 1528 coitio

493 1566 550 1621 in
608 1582 778 1620 unum
832 1581 1035 1621 cuneus
1084 1564 1396 1620 nominatus
1441 1572 1546 1629 est,
1593 1564 1749 1634 quasi
1805 1578 2082 1628 counens;

491 1658 618 1729 quia
641 1658 694 1712 in
725 1674 889 1712 unum
914 1672 1102 1712 omnes
1129 1664 1415 1726 coguntur.
1441 1655 1655 1710 Classes
1683 1654 1840 1709 dicta:
1863 1663 2088 1724 propter

488 1748 810 1803 divisionem
839 1748 1130 1811 exercitus,
1167 1761 1329 1815 quam
1367 1744 1630 1800 Romulus
1661 1744 1913 1798 instituit
1946 1743 2080 1797 Nam

2149 585 2157 592 ·
2201 576 2347 624 num,
2389 561 2669 616 benedicite
2695 563 2978 617 Dominum
3025 563 3198 635 (Psal.
3221 570 3467 641 cxxxtv).
3499 569 3802 644 Postquam

2199 651 2478 718 gentilium
2522 653 2811 709 simulacra
2838 656 3047 721 derisit,
3084 658 3139 712 in
3187 659 3349 714 tertio
3393 662 3642 732 ingressu
3673 667 3802 721 lau-

2198 741 2294 794 des
2324 742 2633 798 Dominicas
2657 754 2971 800 sanctorum
3000 748 3131 801 dicit
3157 763 3252 804 ore
3277 751 3666 821 celebrandas;
3698 760 3804 814 sed

2197 828 2252 884 in
2285 831 2371 887 his
2392 832 2606 889 duobus
2629 835 2878 890 versibus
2904 852 3002 906 per
3026 837 3198 893 ofﬁcia
3225 839 3437 896 diversa
3478 843 3803 903 discurrens

2195 925 2470 989 admonet,
2520 934 2579 979 ut
2604 940 2734 980 vero
2763 925 2990 982 Domino
3017 928 3133 984 laus
3173 929 3408 987 ﬁdelium
3442 935 3638 992 debeat
3663 954 3801 1008 per-

2193 1028 2410 1068 sonare.
2461 1013 2519 1068 ln
2564 1015 2728 1070 lsracl
2775 1017 2954 1072 omnis
2980 1019 3200 1088 ponitur
3235 1023 3437 1089 justus,
3483 1025 3578 1095 qui
3605 1027 3803 1084 divina

2193 1105 2651 1175 contemplatione
2709 1108 3056 1178 gratulatur,
3110 1126 3248 1180 quos
3297 1124 3483 1182 postea
3541 1129 3804 1174 numerat

2191 1195 2519 1264 specialiter.
2566 1197 2625 1250 In
2655 1197 2837 1253 Aaron
2874 1199 3023 1253 enim
3067 1203 3396 1260 sacerdotes.
3434 1205 3492 1260 In
3532 1207 3662 1263 Levi
3707 1225 3802 1265 re-

2191 1285 2320 1356 liqui
2357 1287 2610 1343 ministri.
2637 1290 2719 1344 Ad
2764 1301 3120 1360 postremum,
3163 1297 3258 1365 qui
3302 1297 3530 1354 Domino
3567 1301 3618 1355 in
3650 1318 3798 1372 qua-

2189 1378 2321 1435 libet
2347 1381 2610 1450 probabili
2645 1384 3058 1440 conversatione
3093 1385 3462 1443 famulantur:
3494 1391 3574 1446 sic
3605 1395 3792 1449 omnis

2188 1473 2417 1542 populus
2444 1488 2543 1542 per
2571 1475 2814 1530 diversas
2860 1485 3043 1546 partes
3073 1477 3302 1534 devotus
3345 1480 3632 1537 Dominum
3663 1484 3789 1538 lau-

2187 1564 2318 1618 dare
2347 1565 2676 1635 praecipitur.
2721 1566 2904 1622 Genus
2933 1583 2961 1621 a
3003 1569 3271 1640 gignendo
3295 1581 3350 1626 et
3375 1548 3791 1645 prog'eneraudo

2187 1655 2412 1718 dictant,
2446 1664 2539 1710 aut
2585 1673 2615 1710 a
2671 1657 2984 1712 deﬁnitione
3029 1668 3306 1714 certorum
3352 1673 3782 1733 prognatorum:

2187 1751 2540 1821 nationesque
2569 1753 2803 1822 propriis
2830 1754 3240 1824 cognationibus
3270 1757 3570 1812 terminate
3593 1769 3785 1828 gentes

487 1837 660 1893 claein
703 1837 875 1892 Graeci
927 1837 1168 1890 dividere
1233 1835 1455 1900 dicunt,
1508 1834 1602 1905 qui
1651 1842 1779 1900 post
1822 1835 2079 1904 manipuli
2111 1818 2156 1878 Β
2185 1818 2545 1910 appellant—ur.
2569 1818 2815 1912 Populus
2847 1818 2931 1897 est
2950 1854 3125 1898 castus
3147 1845 3396 1901 humana:
3421 1818 3785 1903 multitudinis

486 1927 617 1983 dicti
656 1935 804 1993 sunt,
829 1927 969 1982 unde
988 1935 1043 1981 ct
1068 1925 1364 1996 Virgilius:

609 2025 849 2079 Classibus
874 2027 952 2075 hic
973 2026 1124 2085 locus,
1146 2027 1222 2076 hic
1249 2026 1381 2077 acies
1398 2030 1595 2078 certare
1617 2027 1858 2082 solebant.

481 2116 602 2174 Iam
660 2128 846 2188 postea
886 2127 941 2173 et
995 2119 1187 2174 classis
1237 2119 1453 2174 navium
1500 2119 1665 2175 dicta.
1721 2121 1903 2176 Nodus
1953 2136 2079 2192 pro-

482 2209 602 2279 prie
630 2210 796 2264 densa
823 2210 1062 2279 peditum
1092 2209 1399 2275 multitudo,
1429 2211 1571 2266 sicut
1603 2212 1844 2281 equitum
1875 2221 2072 2266 turma.

481 2300 666 2355 Nodus
705 2300 849 2354 enim
885 2300 1062 2355 dictus
1106 2315 1205 2370 pro
1253 2299 1585 2366 dillicultate,
1619 2302 1744 2370 quia
1787 2303 1875 2356 vix
1906 2303 2078 2372 possit

481 2391 702 2446 resolvi.
733 2390 847 2445 Alce
878 2391 932 2444 in
955 2391 1194 2445 exercitu
1223 2390 1442 2461 triginta
1479 2392 1691 2460 equites
1731 2407 1852 2448 esse
1883 2393 2073 2447 dicm-

476 2491 582 2536 tur.
614 2481 726 2536 Ala:
751 2491 930 2536 autem
956 2482 1167 2552 equites
1195 2483 1264 2536 ab
1293 2483 1396 2538 hoc
1419 2483 1571 2547 dicti,
1605 2485 1732 2553 quia
1758 2492 1949 2554 tegunt
1978 2499 2073 2554 pe-

474 2572 616 2626 dites
647 2612 664 2636 ,
721 2572 929 2626 alarum
981 2573 1121 2626 vice.
1181 2571 1399 2626 Cornua
1450 2570 1706 2628 dicuntur
1756 2574 2074 2629 extremitas

475 2667 770 2732 exercitus,
797 2669 923 2736 quia
975 2668 1176 2721 intorta
1226 2667 1314 2722 sit.
1355 2667 1562 2737 Agmen
1600 2667 1817 2730 dicitur,
1862 2667 1987 2736 quia
2017 2667 2072 2721 in

475 2755 812 2826 longitudine
841 2757 1126 2821 directum,
1165 2756 1324 2825 quale
1366 2756 1504 2810 solet
1550 2771 1694 2820 esse,
1742 2772 1864 2811 cum
1909 2771 2071 2811 excr-

471 2847 612 2900 eitus
638 2846 742 2901 iter
778 2845 924 2911 facit,
963 2846 1031 2901 ab
1073 2847 1280 2916 agendo
1310 2854 1583 2911 vocatum,
1635 2847 1687 2900 id
1725 2855 1828 2910 cst,
1869 2848 2066 2900 eundo.

475 2937 698 2992 Plautus
722 2955 734 2990 :
764 2954 866 3008 quo
893 2948 942 2992 te
971 2939 1082 3008 agis
1107 2950 1153 2992 et
1178 2939 1307 3008 ipse,
1330 2946 1414 2992 est
1440 2947 1620 2992 autem
1651 2937 1923 2992 exercitus
1948 2954 2066 2992 atu-

481 3027 698 3082 hulans.
741 3028 875 3082 Nam
924 3044 1116 3100 agmen
1165 3030 1390 3094 dicitur,
1438 3029 1581 3098 quod
1627 3029 1681 3082 in
1733 3029 2067 3100 longitudine

481 3121 744 3175 directum
774 3121 866 3186 sit,
902 3122 1062 3192 quale
1093 3121 1232 3177 solet
1266 3136 1409 3187 esse,
1447 3138 1571 3179 cum
1596 3122 1870 3175 exercitus
1895 3121 2066 3190 portis

2174 1929 2317 2000 juris
2340 1945 2606 1987 consensu
2631 1942 2688 1988 et
2714 1934 2967 1989 concordi
2991 1937 3370 1992 communione
3391 1938 3648 1992 sociatus.
3679 1939 3786 1993 Po-

2179 2022 2338 2091 pulus
2363 2034 2543 2078 autem
2565 2024 2620 2077 in
2644 2037 2708 2078 eo
2731 2024 2896 2078 distat
2919 2039 2950 2078 a
2975 2025 3240 2094 plebibus,
3266 2027 3391 2096 quia
3412 2028 3640 2098 populus
3661 2031 3787 2083 uni-

2179 2113 2320 2166 versi
2351 2113 2498 2167 cives
2524 2122 2672 2178 sunt,
2709 2117 3113 2170 connumeratis
3147 2117 3469 2173 senioribus.
3495 2118 3654 2172 Plebs
3681 2135 3784 2176 au—

2181 2214 2288 2260 tem
2307 2206 2571 2275 reliquum
2596 2207 2784 2277 vulgus
2799 2207 2916 2262 sine
2940 2209 3244 2264 senioribus
3263 2209 3521 2264 civitatis.
3545 2210 3787 2280 Populus

2177 2312 2310 2365 ergo
2359 2306 2469 2351 tota
2499 2299 2691 2352 civitas
2715 2308 2796 2353 est
2825 2313 2838 2352 :
2891 2299 3079 2368 vulgus
3121 2313 3252 2354 vero
3297 2301 3446 2369 plebs
3469 2310 3592 2366 est;
3623 2301 3786 2371 plebs

2174 2398 2355 2442 autem
2385 2390 2525 2444 dicta
2557 2407 2586 2444 a
2614 2390 2938 2460 pluralitate.
2990 2389 3162 2458 Major
3200 2391 3345 2446 enim
3393 2401 3479 2446 est
3513 2408 3785 2448 numerus

2168 2476 2445 2546 juniorum
2476 2495 2639 2548 quam
2663 2481 2958 2545 seniorum,
2983 2496 3086 2550 apo
3110 2489 3165 2535 to
3187 2481 3348 2550 polis,
3378 2482 3429 2536 id
3457 2491 3558 2547 est,
3581 2483 3782 2537 civitas

2175 2569 2262 2624 vel
2291 2569 2592 2641 pluralitas.
2647 2569 2801 2625 Unde
2853 2578 2909 2624 et
2950 2569 3180 2640 populus
3227 2570 3404 2626 dictus
3432 2580 3552 2626 est:
3583 2571 3782 2627 Graece

2170 2669 2352 2714 autem
2388 2660 2615 2729 pepulus
2655 2659 2772 2715 laos
2815 2659 3012 2715 dicitur
3049 2673 3080 2713 a
3125 2659 3413 2728 lapidibus.
3463 2658 3664 2729 Vulgus
3687 2672 3784 2715 est

2170 2750 2373 2820 passim
2403 2752 2712 2806 inhabitans
2735 2751 3039 2815 multitudo,
3068 2752 3221 2821 quasi
3253 2751 3483 2822 quisque
3508 2767 3613 2820 quo
3635 2752 3775 2806 vult.

2170 2841 2358 2911 Populi
2384 2851 2564 2895 autem
2592 2857 2790 2896 nomen
2819 2842 2874 2896 in
2899 2841 3194 2912 Scripturis
3223 2843 3399 2897 sacris
3427 2852 3519 2898 aut
3555 2853 3777 2913 gentem

2165 2929 2477 2984 Judaeorum
2505 2931 2775 3001 signiﬁcat
2807 2932 2967 2986 unius
2997 2932 3094 2987 Dei
3123 2931 3270 2987 cultu
3304 2933 3686 3003 mancipatam,
3715 2942 3777 2986 et

2169 3019 2304 3091 legis
2335 3020 2545 3076 Domini
2575 3023 2862 3091 praeceptis
2883 3022 3185 3078 institutam
3216 3040 3231 3088 ;
3263 3023 3349 3078 vel
3400 3024 3564 3078 etiam
3608 3011 3778 3079 Chri-

2171 3112 2405 3166 stianum
2427 3113 2703 3182 populum,
2729 3114 2820 3182 qui
2851 3113 3021 3184 magis
3042 3113 3152 3168 Deo
3177 3113 3404 3169 devotus
3426 3129 3548 3170 esse
3573 3114 3773 3183 digno-

468 3211 750 3280 procedit;
806 3182 1067 3283 quidquid
1119 3212 1281 3266 fuerit
1333 3182 1498 3276 aliud,
1563 3211 1784 3266 abusive
1840 3182 2056 3266 dicitur.
2091 3182 2137 3244 (ἶ
2169 3206 2358 3260 scitur.
2390 3205 2544 3260 Unde
2572 3206 2624 3260 in
2671 3205 2880 3274 psalmo
2926 3182 3189 3274 scriptum
3215 3214 3346 3260 est:
3402 3205 3598 3262 Scitote
3623 3182 3773 3276 quod

472 3301 669 3356 Milites
699 3310 879 3357 autem
903 3303 1111 3358 Christi
1162 3302 1236 3356 illi
1265 3317 1388 3358 esse
1429 3302 1704 3367 dicuntur,
1752 3303 1841 3372 qui
1873 3314 2060 3358 contra

467 3391 739 3446 diabolum
765 3401 1026 3463 pugnant,
1056 3401 1112 3447 et
1134 3401 1323 3446 contra
1348 3392 1479 3446 vitia
1509 3391 1720 3446 fortiter
1758 3393 2019 3474 dimicant
2042 3412 2055 3446 :

463 3485 662 3553 quibus
691 3499 812 3539 cum
845 3489 1343 3539 consummaverint
1368 3493 1421 3538 ct
1451 3483 1786 3553 expleverint
1829 3501 2058 3556 agonem

461 3589 643 3640 suum,
697 3590 804 3630 non
856 3590 1068 3630 merces
1118 3584 1351 3636 terrena,
1414 3576 1509 3629 sed
1560 3576 1669 3630 vita
1719 3577 2059 3646 promittitur

462 3674 686 3719 a-tcrna.
743 3662 879 3720 Nam
931 3666 998 3720 de
1049 3665 1246 3722 talibus
1289 3665 1580 3736 Apostolus
1628 3668 1696 3720 ad
1743 3667 2056 3722 Corinthios

462 3755 699 3824 scripsit,
729 3756 918 3812 dicens
944 3774 955 3810 :
989 3756 1054 3810 In
1082 3773 1241 3811 carne
1272 3759 1409 3812 enim
1433 3757 1801 3823 ambulantes,
1836 3775 1940 3813 non
1969 3775 2054 3813 se-

459 3847 691 3901 cundum
717 3865 925 3903 carnem
949 3849 1255 3904 militamus.
1291 3850 1434 3904 Nam
1457 3868 1606 3905 arma
1633 3851 1837 3906 militia:
1863 3863 2055 3907 nostra:

459 3953 563 3992 non
590 3937 851 4004 carnalia,
876 3939 967 3994 sed
986 3941 1216 4010 potentia
1245 3939 1355 3995 Deo
1393 3941 1463 3994 ad
1493 3941 1921 4006 destructionem,
1945 3941 2051 3995 ini-

457 4025 712 4083 micorum
739 4031 960 4085 consilia
1003 4032 1344 4096 destruentes,
1384 4041 1433 4085 et
1474 4047 1677 4085 omnem
1719 4030 2050 4085 altitudinem

456 4117 784 4173 extollentem
813 4137 868 4174 se
908 4121 1157 4176 adversus
1201 4121 1477 4175 scientiam
1522 4119 1642 4183 Dei,
1668 4129 1716 4172 et
1746 4120 1800 4172 in
1827 4120 2049 4188 captivi-

458 4217 618 4260 tatem
675 4209 962 4280 redigeutes
1012 4227 1215 4265 omnem
1266 4209 1587 4263 intellectum
1638 4208 1693 4263 in
1747 4210 2049 4280 obsequi-um

456 4297 654 4351 Christi
697 4309 745 4352 et
775 4300 828 4353 in
872 4312 1113 4371 promptu
1143 4300 1387 4354 habentes
1416 4299 1598 4355 ulcisci
1625 4316 1830 4354 omnem
1871 4301 2050 4356 inobe—

456 4387 706 4442 dientiam
732 4389 816 4442 lII
846 4390 968 4445 Cor.
994 4392 1070 4444 xl.

1074 4482 1302 4538 CAPUT
1341 4483 1428 4537 IV.

1085 4575 1163 4628 De
1200 4573 1415 4629 civibus.

511 4664 602 4742 _De
639 4666 904 4736 imperiis,
932 4665 1245 4736 militiaeque
1273 4666 1550 4722 vocabulis
1579 4683 1642 4724 ex
1667 4677 1821 4737 parte
1843 4669 2042 4724 dictum

450 4767 553 4813 cst.
589 4759 848 4828 Deinceps
876 4758 1076 4813 civium
1106 4759 1325 4814 nomina
1371 4761 1682 4814 summatim
1720 4762 2039 4832 subigimus.

451 4850 611 4904 Cives
646 4851 843 4915 vocati,
876 4852 1019 4921 quod
1049 4851 1102 4906 in
1135 4867 1300 4906 unum
1324 4861 1582 4906 coeuntes
1609 4852 1816 4918 vivant,
1848 4862 1908 4906 ut
1936 4853 2042 4906 vita

449 4943 754 4998 communis
803 4951 858 4998 et
906 4945 1153 4999 ornatior
1198 4945 1293 4998 ﬁat
1336 4957 1391 5000 et
1434 4946 1617 4998 tutior.
1656 4945 1812 5000 Cives
1860 4955 2042 5001 autem

448 5034 680 5103 mystice
711 5033 764 5087 in
805 5035 1000 5090 bonam
1042 5045 1254 5106 partem
1298 5046 1589 5105 ponuntur,
1622 5046 1680 5090 ut
1708 5046 1791 5092 cst
1834 5037 1960 5091 illud
1987 5038 2041 5092 in

447 5125 744 5195 Apostolo:
792 5125 894 5181 Vos
933 5139 1105 5182 autem
1135 5130 1257 5184 estis
1284 5131 1419 5183 cives
1445 5142 1764 5196 sanctorum,
1797 5142 1842 5186 et
1863 5132 2046 5187 dome-

446 5218 694 5278 sticLDei
725 5218 942 5288 (En/tes.
966 5223 1049 5294 ιι).
1082 5224 1215 5280 Item
1244 5224 1294 5279 in
1335 5225 1531 5279 malam
1563 5235 1792 5296 partem,
1825 5227 2044 5297 quando

447 5311 514 5366 ad
546 5310 892 5382 Babyloniam
940 5315 1259 5385 spiritalem,
1311 5317 1414 5370 hoc
1441 5325 1542 5380 est,
1593 5317 1646 5370 in
1694 5327 1902 5388 partem
1931 5318 2043 5372 dia-

447 5399 556 5466 boli
586 5403 932 5472 deputantur.
971 5405 1172 5461 Domus
1202 5407 1362 5461 unius
1407 5405 1623 5462 familiae
1670 5409 2036 5465 habitacnlum

447 5501 552 5557 est,
576 5493 717 5548 sicut
738 5496 1057 5552 urbs‘unius
1085 5497 1264 5568 populi
1292 5514 1306 5551 :
1341 5499 1480 5553 sicut
1509 5499 1674 5564 orbis,
1701 5501 2033 5556 domicilium

448 5584 612 5639 totius
659 5589 872 5656 generis
914 5589 1175 5651 humani;
1236 5598 1320 5643 est
1371 5601 1552 5645 autem
1601 5592 1791 5646 domus
1845 5607 2032 5661 genus.

447 5674 601 5732 Unde
629 5678 682 5732 in
725 5681 932 5750 psalmo
977 5679 1239 5749 scriptum
1283 5688 1402 5735 est:
1436 5681 1635 5736 Domus
1670 5683 1840 5737 Israel
1882 5683 2036 5738 bene-

441 5769 602 5826 dicite
629 5770 912 5828 Dominum
939 5788 956 5827 :
983 5773 1170 5828 domus
1199 5772 1375 5828 Aaron
1401 5772 1682 5832 benedicite
1710 5773 1990 5831 Dominum
2009 5789 2058 5840 τ,

2161 3298 2421 3354 Dominus
2445 3309 2520 3353 est
2549 3299 2732 3353 Deus:
2763 3301 2872 3368 ipse
2914 3299 3034 3369 fecit
3089 3315 3202 3364 nos,
3243 3309 3290 3354 et
3329 3317 3434 3355 non
3479 3302 3580 3370 ipsi
3628 3317 3720 3356 nos
3748 3318 3770 3356 :

2161 3407 2254 3444 nos
2279 3403 2452 3444 autem
2493 3393 2718 3461 populus
2760 3401 2807 3445 et
2837 3408 2952 3446 ores
2991 3406 3204 3462 passure
3243 3391 3356 3462 ejus
3389 3392 3562 3464 (Psal.
3594 3396 3769 3464 χαι).

2160 3481 2296 3536 Nam
2343 3483 2590 3551 quamvis
2633 3482 2932 3538 nativitatis
2968 3494 3169 3538 nostra:
3215 3483 3578 3538 ministerium
3624 3501 3770 3555 pra:-

2160 3575 2288 3630 bcat
2318 3575 2552 3629 carnalis
2579 3574 2824 3644 operatio
2851 3593 2865 3629 :
2896 3583 3075 3630 tamen
3116 3574 3204 3630 ille
3236 3575 3290 3629 in
3325 3576 3472 3631 hunc
3495 3577 3760 3630 mundum

2159 3681 2261 3720 nos
2288 3665 2550 3734 probatur
2576 3665 2861 3727 adducere,
2893 3665 2986 3734 qui
3012 3675 3206 3720 cuncta
3237 3663 3367 3719 fecit
3405 3665 3476 3721 ad
3517 3666 3764 3720 existen-

2159 3759 2294 3813 tiam
2323 3758 2629 3828 pervenire.
2678 3757 2976 3827 Sequitur:
3019 3756 3133 3812 Nos
3161 3766 3336 3811 autem
3373 3756 3597 3828 populus
3621 3757 3758 3827 ejus,

2156 3861 2204 3905 et
2228 3867 2346 3904 oves
2368 3866 2580 3920 pascui:
2620 3850 2756 3920 ejus.
2805 3848 2966 3904 Venit
3007 3849 3077 3904 ad
3124 3849 3382 3919 populum
3424 3848 3636 3903 ﬁdelem
3662 3863 3765 3918 per

2155 3941 2592 4010 comparationes
2626 3940 3064 4011 pulcherrimas:
3105 3942 3236 4010 quid
3269 3940 3396 4005 sint,
3443 3941 3758 4006 ostendens,

2155 4047 2306 4098 oves,
2337 4033 2465 4102 quia
2495 4033 2768 4103 simplices
2796 4041 2942 4098 sunt,
2967 4040 3024 4087 et
3064 4032 3190 4100 ipse,
3227 4046 3420 4092 eorum
3463 4039 3650 4101 pastor
3675 4039 3762 4085 est

2154 4136 2316 4177 verus
2341 4139 2354 4175 :
2384 4138 2595 4192 pascua:
2620 4122 2757 4192 ejus,
2789 4123 2842 4178 id
2869 4129 2973 4188 est,
3003 4122 3306 4178 divinarum
3345 4121 3754 4192 Scripturarum

2155 4214 2376 4284 copiosa
2402 4223 2458 4269 et
2482 4214 2656 4269 dulcis
2684 4214 2940 4284 epulatio.
2998 4214 3116 4284 Ipsa
3161 4223 3289 4270 sunt
3336 4213 3480 4268 enim
3532 4228 3752 4282 pascua,

2153 4306 2351 4376 quibus
2383 4305 2557 4361 ﬁdelis
2591 4306 2774 4360 anima
2813 4306 3093 4376 saginatur
3111 4312 3169 4360 et
3207 4304 3274 4358 ad
3303 4303 3497 4358 futura:
3522 4303 3754 4360 beatitu-
3801 4345 3805 4353 ς

2151 4395 2293 4449 diuis
2319 4410 2532 4450 ammna
2574 4396 2908 4466 perducitur.
2960 4395 3158 4451 Tribus
3191 4397 3467 4460 dicuntur,
3497 4403 3752 4464 tanquam

2152 4487 2316 4541 curize
2363 4496 2418 4541 et
2472 4488 2922 4557 congregationcs
2975 4487 3242 4542 distincta:
3289 4485 3647 4556 populerum:
3697 4494 3754 4539 ct

2072 4564 2128 4624 D
2156 4587 2356 4632 vocata:
2383 4579 2577 4643 tribus,
2608 4579 2751 4649 quod
2796 4579 2849 4632 in
2898 4578 3162 4647 principio
3210 4578 3438 4633 Romani
3486 4577 3748 4632 trifarica

2154 4669 2384 4725 Romulo
2414 4671 2682 4739 dispertiti
2712 4689 2724 4724 :
2757 4671 2811 4724 in
2859 4669 3222 4734 senatoribus,
3254 4655 3516 4724 militibus
3543 4677 3599 4724 et
3635 4668 3750 4738 ple-

2153 4762 2330 4828 bibus,
2361 4779 2482 4832 qua:
2521 4772 2698 4818 tamen
2739 4764 2914 4818 tribus
2957 4779 3101 4818 nunc
3135 4763 3504 4832 multiplicata:
3548 4777 3747 4817 nomen

2151 4856 2439 4924 pristinum
2472 4857 2728 4909 retinent.
2760 4854 2957 4911 Tribus
3001 4855 3252 4911 similiter
3288 4857 3514 4927 mystice
3543 4855 3748 4927 signiﬁ-

2151 4956 2278 5000 cant
2302 4956 2396 4999 aut
2417 4946 2699 5000 duodecim
2723 4947 2892 5001 tribus
2926 4947 3202 5002 lsraelitici
3230 4947 3468 5018 generis,
3503 4955 3599 5000 aut
3619 4961 3748 5000 con-

2150 5036 2416 5091 venticula
2446 5043 2758 5090 sanctorum
2787 5037 2840 5090 in
2873 5036 3132 5091 Ecclesia.
3163 5036 3299 5090 Nam
3321 5052 3444 5092 cum
3485 5037 3552 5092 de
3588 5034 3746 5090 Jeru-

2148 5127 2315 5183 salem
2347 5129 2575 5198 mystica
2605 5128 2867 5199 propheta
2886 5136 3298 5194 commemoret,
3321 5127 3565 5183 addidit:
3603 5125 3745 5180 Illuc

2147 5221 2282 5273 enim
2305 5220 2651 5274 ascenderunt
2689 5221 2876 5284 tribus,
2903 5219 3070 5273 tribus
3110 5219 3343 5285 Domini,
3385 5219 3741 5273 testimonium

2147 5311 2316 5366 Israel
2367 5313 2437 5366 ad
2477 5312 2830 5388 conﬁtendum
2886 5311 3085 5365 nomini
3134 5323 3250 5376 tuo,
3303 5310 3525 5364 Domine
3564 5306 3739 5380 (Psal.

2146 5404 2320 5472 cxxt).
2373 5403 2634 5467 Dicenda,
2691 5402 2840 5467 illuc,
2895 5401 3164 5473 signiﬁcat
3212 5401 3488 5456 civitatem
3521 5397 3740 5452 Jerusa-

2141 5497 2269 5560 lem,
2300 5511 2462 5565 quam
2497 5496 2747 5564 superius
2774 5495 2948 5550 dixit:
2986 5493 3137 5564 cujus
3170 5493 3506 5564 participatio
3542 5491 3657 5561 ejus
3683 5490 3738 5543 in

2138 5587 2365 5656 idipsum
2393 5586 2603 5657 (llud),
2653 5595 2708 5641 et
2757 5595 2818 5642 ut
2869 5584 3145 5641 ccelestcm
3191 5601 3313 5641 esse
3360 5597 3737 5656 cognosceres.

2139 5681 2365 5745 addidit,
2395 5680 2783 5734 ascenderunt:
2829 5679 2898 5733 ad
2939 5694 3104 5748 quam
3133 5679 3276 5734 beati
3305 5693 3518 5748 semper
3545 5690 3739 5733 ascen-

2137 5775 2289 5842 dunt,
2321 5773 2580 5844 quoniam
2625 5771 2740 5844 jugi
2788 5771 3178 5828 exercitatione
3229 5769 3556 5841 proﬁciunt:
3606 5765 3739 5844 sub-
