4038 6324
335 370 406 435 53
1268 370 1361 430 DE
1400 364 1752 428 UNIVERSO
1789 361 1969 420 LIBRI
2010 360 2173 419 XXII.
2200 395 2274 408 -—
2308 363 2437 421 LIB.
2478 365 2619 423 XVI.

3457 366 3567 428 ιει

286 493 489 564 junxit,
514 490 703 555 tribus,
733 488 787 544 in
809 457 1004 558 quibus
1028 494 1150 543 erat
1171 486 1499 543 Israeliticus
1517 482 1746 556 populus
1769 480 1883 536 dis—
1910 481 1963 541 Α
1988 488 2266 537 sectentur
2292 500 2306 539 :
2347 483 2489 539 unde
2522 491 2578 539 et
2617 485 2979 556 cognominati
3010 493 3154 541 sunt.
3200 486 3268 542 Hi
3306 488 3472 546 etiam
3507 487 3566 549 in

294 586 533 640 tributus
575 600 589 635 :
640 580 716 635 sic
758 579 903 635 enim
934 578 1010 633 illi
1048 579 1195 649 genti
1235 578 1304 633 ad
1332 591 1618 633 numerum
1648 574 1883 629 ﬁliorum

291 674 463 730 .Iacob
492 672 775 728 duodecim
819 670 994 725 tribus
1031 668 1267 735 fuerunt,
1317 668 1457 723 sicut
1502 667 1746 721 Romano
1783 680 1882 735 po,-

292 767 421 837 pulo
451 765 667 837 triginta
692 763 934 834 quinque
969 760 1174 817 curiae:
1220 761 1275 815 in
1315 758 1434 814 istis
1477 773 1606 829 ergo
1634 756 1882 812 tribubus

292 856 568 928 significat
618 864 860 920 sanctos,
915 852 1005 923 qui
1057 851 1345 907 Dominum
1399 848 1736 905 Salvatorem
1760 861 1881 903 esse

291 947 463 1003 Deum
501 946 734 1002 confessi
775 952 920 1000 sunt.
971 943 1106 998 Nam
1134 950 1195 996 ut
1239 941 1308 996 ab
1351 940 1655 996 inﬁdelibus
1707 938 1879 995 tribus

290 1040 428 1096 istas
465 1037 707 1093 ﬁdelium
746 1043 1095 1109 segregaret,
1141 1033 1387 1099 addidit,
1431 1032 1597 1087 tribus
1627 1030 1877 1085 Domini:

290 1145 412 1199 qua:
437 1129 625 1199 utique
674 1124 796 1197 ejus
827 1140 949 1182 esse
1000 1140 1107 1180 non
1154 1132 1423 1194 poterant,
1479 1123 1582 1178 nisi
1641 1122 1691 1177 ei
1740 1136 1878 1192 pura

290 1228 474 1276 mente
500 1219 877 1275 credidissent.
913 1216 1063 1272 Alias
1085 1217 1231 1272 enim
1270 1215 1443 1271 tribus
1469 1222 1683 1272 constat
1710 1214 1878 1270 fuisse

286 1310 509 1374 diaboli,
539 1324 662 1380 quae
700 1323 772 1363 ex
818 1306 1034 1364 Christo
1062 1305 1367 1361 maluerunt
1411 1305 1574 1375 impia
1602 1303 1878 1361 voluntate

285 1400 552 1472 separari,
600 1400 802 1471 quibus
838 1399 956 1470 ipse
1004 1398 1060 1453 in
1106 1397 1396 1467 Evangelio
1453 1396 1631 1452 dixit:
1693 1394 1794 1451 Vos
1842 1412 1877 1450 α

156 1512 171 1523 ε
268 1504 437 1567 .patre
449 1492 669 1567 diabolo
712 1492 835 1548 estis
875 1490 1058 1565 (loan.
1083 1490 1227 1563 vm).
1254 1491 1458 1546 Verum
1484 1490 1671 1560 quales
1692 1495 1875 1545 essent

284 1591 405 1646 istae
450 1590 625 1651 tribus
660 1588 875 1643 Domini
905 1587 1146 1643 breviter
1191 1585 1469 1651 indicavit,
1519 1582 1873 1638 testimwiium

285 1681 478 1747 Israel,
522 1682 574 1737 id
601 1692 704 1747 est,
734 1681 826 1751 qui
854 1680 1226 1736 testimonium
1273 1680 1550 1750 praebeant
1577 1674 1872 1733 sanctitati.

282 1773 554 1829 Censores
600 1772 741 1842 apud
784 1778 998 1827 veteres
1035 1771 1309 1826 Romanos
1355 1776 1547 1824 erant:
1600 1775 1685 1824 est
1728 1766 1872 1822 enim

282 1878 483 1935 nomen
532 1861 777 1918 censoris
822 1861 1057 1931 dignitas
1106 1858 1416 1931 iudicialis:
1465 1871 1687 1913 censere
1730 1856 1875 1911 enim

277 1955 525 2027 judicare
549 1961 652 2008 est.
699 1952 833 2007 Item
860 1965 1116 2007 censores
1155 1958 1282 2007 sunt
1311 1949 1761 2021 patrimoniorum
1784 1947 1876 2018 ju-

282 2046 434 2101 dices
459 2059 489 2098 a
512 2059 681 2100 censu
720 2043 846 2099 teris
886 2041 1156 2113 appellati,
1182 2039 1395 2110 judices
1419 2039 1571 2105 dicti,
1599 2039 1754 2109 quasi
1786 2037 1876 2107 jus

284 2137 528 2193 dicentes
573 2135 805 2206 populo;
856 2134 971 2190 sive
1023 2133 1166 2204 quod
1206 2132 1329 2202 jure
1380 2132 1698 2200 disceptent.
1744 2128 1875 2184 iure

283 2228 430 2284 enim
460 2228 734 2297 disputare
752 2234 838 2280 est
856 2223 1002 2293 juste
1020 2223 1267 2293 judicare
1292 2241 1303 2278 :
1337 2239 1442 2278 non
1469 2232 1554 2277 est
1584 2230 1765 2276 autem
1786 2219 1875 2289 ju-

276 2318 408 2384 dex,
446 2318 492 2373 si
536 2319 592 2372 in
642 2331 709 2373 eo
742 2331 852 2371 non
898 2324 982 2371 est
1020 2315 1252 2386 justitia.
1309 2314 1588 2385 Leguntur
1633 2311 1780 2367 enim
1818 2311 1875 2364 in

279 2411 584 2481 Scripturis
654 2409 827 2466 sacris
874 2408 1045 2479 iniqui
1093 2423 1190 2478 pro
1234 2407 1549 2462 censoribus
1602 2403 1875 2476 tequitatis
1944 2474 1947 2477 _

281 2503 468 2574 positi.
498 2500 768 2557 Similiter
811 2507 868 2555 et
899 2497 1113 2568 judices
1157 2498 1348 2569 iniqui,
1385 2497 1476 2566 qui
1533 2496 1875 2565 iniquitatem

280 2593 339 2648 in
380 2592 674 2663 judicando
701 2590 875 2662 magis
921 2590 1091 2646 secuti
1137 2598 1264 2644 sunt
1309 2602 1471 2658 quam
1524 2586 1869 2656 aequitatem:

274 2688 440 2759 cujus
463 2687 541 2742 rei
572 2685 818 2757 exempla
852 2685 1199 2740 inveniuntur
1224 2682 1479 2753 plurima.
1527 2679 1749 2734 Senatui
1776 2694 1876 2734 no.

279 2793 409 2833 men
434 2785 566 2833 tetas
587 2777 757 2842 dedit,
787 2776 930 2847 quod
951 2776 1193 2830 seniores
1229 2780 1429 2828 essent.
1461 2771 1562 2826 Alii
1588 2786 1620 2825 a
1651 2771 1875 2826 sinendo

276 2868 459 2923 dictos
486 2866 763 2936 accipiunt
812 2872 1109 2929 senatores,
1153 2864 1255 2934 ipsi
1294 2862 1439 2919 enim
1484 2862 1675 2932 agendi
1700 2860 1921 2934 facula

278 2967 450 3015 tatem
476 2958 694 3013 dabant.
727 2954 1243 3011 Senatusconsultus
1267 2969 1298 3008 a
1329 2949 1661 3009 consulendo
1686 2959 1741 3006 et
1760 2959 1873 3008 tra—

275 3049 483 3107 ctando
529 3056 615 3104 est
647 3048 874 3112 dictus;
910 3046 1056 3116 quod
1097 3045 1176 3101 sic
1219 3044 1302 3110 tit,
1334 3050 1395 3097 ut
1420 3041 1669 3105 consulat
1696 3049 1873 3095 etno-

278 3156 410 3198 cere
436 3156 542 3196 non
591 3139 793 3210 poSsit,
840 3098 1034 3195 Paires
1077 3146 1257 3194 autem
1285 3098 1370 3207 iut
1398 3133 1690 3190 Sallustius
1712 3131 1866 3205 dicit)

281 3244 482 3288 acura:
507 3231 859 3287 similitudine
908 3230 1085 3286 vocati
1132 3236 1278 3284 sunt.
1331 3225 1469 3281 Nam
1519 3225 1659 3281 sicut
1686 3232 1872 3293 patres

280 3322 446 3388 lllios,
481 3323 555 3377 ita
591 3321 670 3376 illi
708 3320 1098 3391 rempublicam
1139 3319 1374 3374 alebant.
1420 3316 1612 3371 Patres
1637 3311 1876 3369 conscri-

276 3414 400 3484 pti:
456 3412 583 3483 quia
631 3412 759 3467 dum
797 3411 1060 3467 Romulus
1104 3409 1303 3475 decem,
1333 3407 1516 3463 curias
1561 3412 1874 3461 senatorum

276 3503 555 3574 elegisset,
584 3504 801 3558 nomina
839 3517 1028 3558 eorum
1058 3499 1309 3571 praesenti
1349 3497 1624 3569 populoin
1666 3494 1875 3550 tabulas
1937 3550 1940 3552 ν

280 3607 477 3649 aureas
500 3593 735 3649 contulit
765 3632 780 3657 ,
836 3582 1000 3660 atque
1046 3588 1170 3644 inde
1216 3588 1405 3643 Patres
1461 3586 1752 3656 conscripti
1782 3600 1877 3640 vo-

276 3685 411 3739 cati.
441 3684 745 3752 Municipes
794 3689 922 3737 sunt
973 3681 1029 3735 in
1070 3680 1263 3735 eodem
1311 3678 1608 3747 municipio
1635 3676 1770 3742 nati,
1805 3676 1875 3731 ab

276 3777 462 3834 ofﬁcio
521 3762 841 3830 munerum.
878 3771 1010 3827 dicti
1077 3786 1143 3827 eo
1197 3769 1342 3841 quod
1406 3769 1620 3839 publica
1690 3765 1875 3821 munia

274 3867 577 3938 accipiunt.
647 3865 829 3920 Munia
888 3863 1036 3920 enim
1098 3861 1275 3918 olIicia
1350 3868 1478 3916 sunt
1527 3876 1541 3912 :
1617 3858 1761 3913 unde
1820 3862 1879 3914 et

279 3968 551 4022 immunes
607 3964 905 4029 dicuntur,
965 3960 1058 4031 qui
1120 3959 1326 4014 nullum
1365 3963 1562 4028 gerunt
1607 3952 1872 4020 ollicium;

280 4056 658 4127 municipales,
701 4053 994 4126 originales
1038 4051 1187 4107 cives
1243 4059 1300 4106 et
1361 4049 1414 4103 in
1462 4047 1581 4110 loco
1632 4044 1874 4127 cilicium

279 4122 550 4222 gerentes.
605 4122 827 4217 Legitur
875 4143 1043 4198 etiam
1091 4140 1145 4195 in
1199 4136 1503 4209 Scripturis
1554 4122 1733 4207 (Phil.
1775 4128 1874 4203 ιιι)

281 4238 647 4308 municipatus
690 4241 1002 4292 sanctorum
1029 4245 1151 4288 esse
1185 4231 1238 4284 in
1279 4228 1451 4291 cozlis,
1494 4226 1619 4297 quia
1651 4223 1722 4279 ibi
1753 4237 1874 4277 mu-

280 4346 413 4386 nera
453 4330 673 4401 capiunt
712 4325 1059 4396 sempiterna.
1102 4320 1306 4376 Privati
1346 4326 1475 4375 sunt
1524 4313 1768 4373 extranei
1805 4310 1874 4368 ab

278 4420 475 4476 «illiciis
522 4417 772 4490 publicis,
808 4424 896 4472 est
942 4414 1089 4470 enim
1117 4418 1315 4469 nomen
1360 4409 1749 4477 magistratum.
1776 4404 1874 4459 ba-

277 4511 429 4568 benti
462 4509 793 4566 contrarium‘
821 4523 835 4561 :
875 4515 933 4563 et
955 4504 1085 4560 dicti
1114 4503 1329 4574 privati,
1357 4501 1502 4572 quod
1526 4500 1633 4554 sint
1662 4499 1730 4553 ab
1751 4495 1872 4552 oili-

279 4604 383 4659 eiis
429 4600 594 4656 curia:
621 4597 873 4655 absoluti.
930 4594 1250 4651 Mercenarii
1289 4600 1434 4657 sunt,
1485 4590 1577 4661 qui
1627 4587 1871 4644 serviunt

278 4700 504 4764 accepta
532 4690 782 4747 mercede
817 4706 831 4743 :
876 4687 1038 4743 iidem
1065 4693 1120 4739 et
1147 4685 1377 4739 barones
1403 4680 1595 4737 Graeco
1626 4677 1867 4749 nomine,

278 4787 426 4858 quod
476 4787 587 4842 sint
628 4784 797 4840 fortes
840 4782 895 4836 in
939 4779 1233 4835 laboribus.
1285 4772 1602 4830 Mercenarii
1644 4770 1871 4843 mystice

282 4880 404 4936 illos
434 4879 767 4953 significant,
793 4874 887 4946 qui
914 4872 1157 4929 serviunt
1182 4867 1411 4925 Domino
1432 4880 1539 4920 non
1565 4877 1664 4934 pro
1685 4874 1872 4917 amore

280 4972 469 5027 divino
502 4979 745 5033 tantum,
796 4966 891 5023 sed
929 4979 1030 5037 pro
1060 4959 1344 5032 temporali
1385 4955 1776 5018 retributione,
1805 4953 1873 5008 de

283 5060 481 5131 quibus
526 5061 788 5130 scriptum
825 5064 912 5112 est
949 5057 1004 5109 in
1049 5050 1380 5123 Evangelio:
1421 5047 1574 5115 Quod
1613 5043 1873 5117 profugus

286 5153 429 5208 ﬁlius
454 5148 767 5223 paenitendo
791 5144 989 5203 dixerit
1021 5163 1034 5198 :
1070 5141 1268 5209 Quanti
1294 5136 1600 5194 mercenarii
1632 5137 1689 5191 in
1715 5135 1871 5189 domo

284 5240 470 5298 Patris
512 5241 615 5295 mei
644 5239 913 5295 abundant
956 5232 1222 5307 panibus?
1262 5246 1355 5301 ego
1399 5238 1576 5283 autem
1619 5226 1703 5281 hic
1733 5225 1873 5296 fame

284 5349 439 5406 pereo
468 5330 622 5405 (Luc.
652 5332 766 5401 xv).
796 5329 863 5383 Et
893 5326 1020 5383 alibi
1055 5325 1171 5397 ipsa
1200 5322 1416 5379 Veritas
1452 5320 1567 5375 ait:
1598 5317 1872 5373 Mercena-

290 5429 402 5483 rius
432 5435 482 5482 et
525 5425 615 5499 qui
644 5439 749 5478 non
785 5430 862 5477 est
901 5429 1102 5491 pastor,
1130 5416 1285 5487 cujus
1316 5431 1423 5469 non
1453 5420 1575 5468 sunt
1605 5426 1721 5466 oves
1750 5426 1874 5480 pro—

284 5519 439 5589 priae,
481 5514 608 5572 vidit
634 5514 815 5585 lupum
839 5511 1145 5574 venientem,
1177 5516 1225 5562 et
1254 5505 1469 5561 dimittit
1506 5517 1623 5557 oves
1658 5509 1706 5555 et
1738 5499 1872 5570 fugit

287 5588 345 5679 (1
350 5624 472 5663 oan.
500 5606 579 5680 ι).
631 5600 908 5660 Publicani
943 5597 1286 5671 appellantur
1318 5592 1676 5650 conductores
1708 5588 1876 5680 vecti-

287 5699 490 5772 galium
530 5696 647 5755 ﬁsci
692 5693 779 5751 vel
812 5706 994 5749 rerum
1031 5687 1392 5760 publicarum,
1425 5683 1553 5756 quia
1589 5679 1875 5765 vectigalia

288 5759 508 5849 bubl'tca
542 5790 784 5856 exigunt,
817 5783 901 5840 vel
926 5781 1050 5851 quia
1094 5794 1192 5851 per
1237 5776 1451 5848 negotia
1497 5773 1675 5831 δίπρυιί
1724 5759 1874 5827 lucra

1980 570 2273 642 Evangelio
2309 589 2432 628 cum
2468 576 2842 646 peccatoribus
2880 575 3040 630 simul
3078 575 3329 647 leguntur
3352 579 3569 637 venisse

1984 662 2052 717 ad
2083 660 2455 730 Salvatorem;
2487 665 2611 735 quia
2636 664 2728 735 qui
2758 666 2970 735 publica
3002 667 3216 739 negotia
3248 667 3302 723 in
3333 672 3568 727 terrenis

1983 751 2193 809 actibus
2210 762 2485 821 exercent,
2508 753 2721 810 dilIicile
2742 764 3086 826 peccatorum
3109 757 3321 814 sarcina
3342 769 3564 828 carent;

1982 843 2077 898 sed
2117 858 2239 899 eum
2290 859 2387 914 per
2427 846 2800 916 paenitentiam
2849 848 2916 903 ad
2962 848 3249 904 Dominum
3295 851 3567 906 veraciter

1981 944 2389 1003 convertuntur,
2436 951 2498 992 ex
2549 937 2921 1008 peccatoribus
2963 938 3096 1010 justi
3145 938 3299 993 fiunt.
3343 939 3566 997 Villicus

1980 1029 2198 1098 proprie
2221 1028 2360 1084 villa:
2388 1030 2720 1100 gubernator
2745 1037 2847 1096 est,
2880 1031 3020 1086 unde
3054 1040 3110 1086 et
3136 1046 3167 1085 a
3195 1030 3320 1086 villa
3350 1031 3564 1088 villicus

1980 1136 2178 1177 nomen
2207 1109 2416 1192 accepit
2440 1138 2453 1175 :
2484 1121 2754 1177 interdum
2777 1130 2959 1177 autem
2987 1123 3203 1179 villicus
3230 1139 3336 1178 non
3364 1124 3563 1195 guber-

1979 1212 2253 1266 nationem
2282 1211 2436 1279 villze,
2461 1215 2556 1268 sed
2575 1212 3030 1284 dispensationem
3056 1214 3324 1270 universae
3348 1215 3560 1283 domus,

1980 1302 2154 1358 Tullio
2192 1303 2599 1374 interpretante,
2624 1303 2893 1374 signiﬁcat
2938 1320 2951 1357 :
3000 1304 3142 1376 quod
3173 1313 3258 1360 est
3284 1306 3566 1362 universa-

1978 1408 2100 1450 rum
2128 1394 2529 1466 posscssionum
2557 1405 2611 1449 et
2641 1394 2888 1448 villarum
2929 1395 3378 1464 dispensatorem.
3412 1395 3565 1452 Villi-

1978 1501 2076 1541 cus
2101 1493 2282 1540 autem
2325 1476 2379 1540 in
2428 1484 2750 1556 Evangelica
2792 1485 3047 1555 parabola
3090 1496 3439 1556 comparatur
3485 1487 3562 1543 illi

1978 1575 2070 1646 qui
2100 1576 2152 1629 in
2184 1574 2417 1630 terrenis
2444 1575 2674 1645 negotiis
2700 1589 2758 1629 se
2793 1589 2946 1629 reum
2980 1574 3137 1642 facit;
3168 1576 3264 1632 sed
3290 1592 3390 1647 per
3417 1577 3563 1633 elee-

1978 1680 2262 1737 mosynam
2306 1680 2365 1721 se
2409 1664 2687 1720 absolvere
2728 1672 2921 1720 certat.
2972 1663 3129 1720 Unde
3178 1664 3439 1736 scriptum
3480 1675 3566 1721 est

1980 1754 2296 1830 (Lucuxvt)
2325 1758 2470 1829 quod
2515 1754 2726 1810 villicus
2767 1763 3052 1810 accusatus
3095 1755 3237 1825 apud
3286 1756 3563 1812 dominum

1979 1865 2155 1916 suum,
2180 1849 2333 1919 quasi
2377 1847 2692 1918 dissipasset
2740 1846 2883 1901 bona
2912 1846 3098 1917 ipsius,
3135 1863 3233 1918 per
3274 1848 3562 1918 pecuniam

1976 1943 2256 1999 dimissam
2286 1940 2565 1997 conservis
2591 1939 2704 1995 suis
2730 1938 3046 2007 providebat
3077 1936 3177 1992 sibi
3210 1937 3262 1991 in
3297 1937 3559 1992 futurum.

1980 2033 2130 2089 Unde
2174 2035 2288 2104 ipse
2330 2031 2590 2086 Dominus
2616 2070 2630 2095 ,
2673 2029 2925 2098 explicita
2955 2027 3245 2099 parabola,
3284 2026 3562 2097 discipulis

1976 2129 2090 2184 suis
2117 2128 2193 2182 ait
2227 2144 2240 2181 :
2291 2124 2471 2179 Facite
2500 2124 2639 2179 vobis
2668 2125 2864 2178 amicos
2886 2123 2951 2178 de
2978 2138 3280 2178 mammona
3308 2121 3562 2193 iniquita-

1974 2217 2041 2271 tis
2068 2232 2086 2272 :
2118 2226 2174 2270 ut
2204 2232 2323 2269 rum
2347 2214 2663 2284 defeceritis,
2695 2214 2945 2283 recipiant
2968 2229 3055 2268 vos
3085 2214 3142 2288 in
3165 2208 3361 2266 a'terna
3389 2211 3562 2265 taber-

1974 2305 2167 2362 nacula
2185 2304 2395 2378 (Ibid.).
2415 2303 2659 2369 Actores,
2676 2303 2836 2360 iidem
2860 2310 2916 2359 et
2938 2310 3239 2367 curatores,
3262 2302 3329 2355 ab
3352 2301 3562 2373 agendo

1973 2408 2029 2454 et
2057 2397 2299 2454 curando
2326 2397 2521 2452 vocati.
2550 2394 2942 2450 Procuratores
2978 2407 3110 2448 vero
3167 2407 3232 2447 eo
3275 2391 3418 2460 quod
3445 2390 3565 2444 vice

1975 2491 2246 2548 curatoris
2293 2490 2588 2560 funguntur
2631 2487 2787 2557 quasi
2828 2501 2928 2557 pro
2970 2492 3242 2547 curatore,
3271 2482 3411 2536 sicut
3439 2495 3565 2551 pro-

1975 2584 2166 2641 consul
2196 2598 2294 2654 pro
2317 2580 2561 2636 consule.
2588 2578 2812 2653 Mystice
2838 2585 3018 2632 autem
3046 2581 3428 2647 procuratores
3448 2572 3563 2626 sive

1974 2683 2183 2732 tutores
2211 2684 2267 2731 et
2303 2683 2517 2730 actores
2541 2678 2767 2743 possunt
2792 2670 3070 2742 pr0phette
3092 2668 3299 2737 accipi,
3331 2680 3560 2736 quorum

1972 2770 2157 2825 verbis
2198 2767 2441 2838 quotidie
2467 2767 2523 2821 in
2561 2766 2794 2821 adventu
2825 2761 3122 2817 Salvatoris
3157 2756 3559 2814 erudiebamur.

1976 2856 2131 2915 Unde
2160 2855 2451 2928 Apostolus
2486 2855 2588 2912 sub
2622 2851 2869 2922 exemplo
2897 2851 2975 2905 ait
3024 2868 3037 2903 :
3090 2848 3301 2916 Quanto
3337 2857 3565 2917 tempore

1973 2950 2137 3005 Intres
2164 2947 2414 3019 parvulus
2434 2955 2528 3009 est,
2551 2943 2681 3000 nihil
2705 2943 2883 3012 ili/fert
2907 2959 2940 2995 a
2965 2955 3131 3005 servo,
3165 2954 3284 2992 cum
3311 2936 3377 2991 sit
3401 2933 3564 2989 domi-

1899 3042 1904 3048 ’
1974 3057 2071 3095 nus
2099 3039 2332 3094 omnium
2359 3050 2378 3089 :
2408 3036 2499 3091 sed
2521 3036 2617 3091 sub
2646 3033 2903 3089 tutoribus
2928 3040 2976 3086 et
3004 3028 3269 3084 actoribus
3298 3035 3371 3081 est
3402 3040 3565 3095 usque

1974 3130 2045 3185 ad
2068 3129 2390 3200 prwﬁnitum
2419 3134 2620 3197 tempus
2648 3143 2682 3180 a
2709 3133 2857 3196 patre
2883 3119 3025 3195 (Gal.
3057 3118 3153 3189 ιν).
3184 3117 3354 3174 Recte
3377 3115 3431 3171 bi
3458 3114 3559 3169 sub

1979 3219 2246 3276 tutoribus
2269 3232 2390 3274 esse
2421 3217 2695 3281 dicuntur,
2722 3214 2814 3285 qui
2836 3214 3098 3268 habentes
3118 3209 3366 3281 spiritum
3398 3207 3563 3260 timo-

1976 3313 2081 3377 ris,
2113 3311 2344 3369 necdum
2371 3315 2687 3364 meruerunt
2713 3304 2965 3376 spiritum
3007 3300 3271 3358 libertatis
3299 3306 3354 3352 et
3390 3297 3560 3368 adop-

1978 3401 2143 3457 tionis
2171 3400 2436 3471 accipere.
2476 3395 2637 3451 IEtas
2667 3396 2812 3451 enim
2842 3391 3082 3449 infantite
3113 3398 3169 3446 et
3197 3394 3421 3459 peccata
3453 3383 3566 3440 for-

1942 3502 1953 3515 ‘
1977 3490 2166 3556 midat,
2195 3498 2252 3544 et
2271 3489 2621 3560 paedagogum
2643 3485 2835 3541 metuit
2863 3499 2878 3537 :
2906 3496 3009 3539 nec
3035 3479 3392 3536 conﬁditesse
3421 3476 3562 3532 libe—

1974 3597 2113 3647 ram,
2161 3579 2288 3635 licet
2331 3593 2430 3649 per
2470 3584 2717 3632 naturam
2766 3574 2984 3631 domina
3025 3572 3125 3637 sit;
3169 3577 3224 3624 et
3266 3566 3564 3624 secundum

1973 3681 2262 3740 utramque
2305 3666 2737 3739 intelligentiam,
2780 3678 2888 3734 qua
2919 3671 3128 3717 tutores
3153 3666 3210 3714 et
3257 3664 3471 3712 actores
3497 3667 3565 3710 ac

1972 3761 2269 3832 prophetas
2297 3758 2381 3814 vel
2402 3755 2618 3828 angelos
2645 3755 2902 3818 diximus,
2940 3749 3201 3823 parvulus
3226 3747 3327 3802 iste
3373 3742 3563 3799 tandiu

1975 3852 2077 3907 sub
2104 3850 2380 3906 actoribus
2407 3856 2491 3903 est
2518 3855 2680 3916 atque
2719 3844 2988 3900 tutoribus
3010 3881 3026 3908 ,
3055 3841 3228 3896 donec
3258 3836 3558 3907 legitimum

1974 3940 2202 4012 perfecti
2246 3940 2350 3995 viri
2390 3947 2603 4008 tempus
2645 3933 2969 4005 impleverit.
3018 3930 3343 4002 Legitimum
3382 3931 3566 3979 autent

1975 4042 2190 4103 tempus
2216 4032 2360 4088 sicut
2403 4028 2665 4085 Romanis
2712 4026 2921 4098 legibus
2966 4023 3041 4079 25
3080 4034 3347 4078 annorum
3388 4015 3564 4088 spatio

1974 4125 2300 4181 terminatur
2333 4162 2349 4189 ,
2398 4122 2473 4176 ita
2519 4119 2589 4175 ad
2641 4116 2860 4188 humani
2909 4113 3125 4188 generis
3170 4108 3560 4182 perfectionem

1974 4215 2178 4273 Christi
2215 4221 2496 4285 reputatur
2520 4210 2789 4275 adventus
2821 4224 2836 4261 :
2870 4205 3055 4262 statim
3092 4213 3153 4257 ut
3194 4200 3286 4256 ille
3328 4196 3564 4261 venerit,

1973 4316 2031 4365 et
2063 4320 2255 4363 omnes
2280 4305 2335 4359 in
2366 4303 2541 4358 virum
2571 4298 2873 4371 perfectum
2897 4294 3232 4353 creverimus
3270 4307 3284 4345 :
3326 4288 3564 4360 pedago-

1974 4414 2073 4471 gus
2100 4412 2131 4451 a
2158 4395 2312 4455 nobis
2342 4401 2593 4464 tutorque
2615 4389 2898 4447 discedunt
2923 4405 2936 4442 :
2966 4397 3095 4443 tunc
3120 4381 3441 4440 auctoritate
3469 4379 3566 4434 do-

1976 4470 2110 4542 mini
2148 4493 2204 4540 et
2238 4481 2569 4540 haereditatis
2598 4478 2936 4552 possessione
2973 4472 3327 4546 perfruimur,
3367 4470 3421 4524 in
3456 4483 3565 4538 qua

1975 4578 2127 4649 prius
2178 4575 2317 4640 nati,
2367 4570 2763 4643 quodammodo
2802 4567 3126 4638 putabamur
3155 4562 3339 4617 alieni.
3371 4558 3563 4616 Coloni

1975 4677 2104 4726 sunt
2150 4665 2388 4721 cultores
2427 4662 2669 4724 advenae,
2716 4657 2847 4725 dicti
2893 4672 2924 4710 a
2967 4655 3179 4710 cultura
3221 4650 3336 4722 agri
3381 4666 3394 4701 :
3431 4654 3565 4701 sunt

1977 4757 2123 4813 enim
2155 4753 2375 4809 aliunde
2406 4750 2707 4813 venientes,
2736 4754 2899 4816 atque
2929 4743 3166 4798 alienum
3189 4751 3378 4811 agrum
3413 4736 3564 4791 loca-

1979 4857 2093 4904 tum
2129 4845 2392 4908 colentes,
2420 4856 2486 4897 ac
2511 4839 2771 4895 debentes
2796 4833 3163 4891 conditionem
3193 4827 3413 4901 genitali
3449 4825 3567 4881 solo

1980 4947 2201 5010 propter
2236 4934 2623 5007 agriculturam
2652 4928 2751 4985 sub
2778 4925 3020 4982 dominio
3055 4920 3385 4994 possessoris
3405 4960 3419 4984 ,
3465 4933 3565 4990 pro

1977 5047 2043 5088 eo
2069 5030 2213 5102 quod
2240 5028 2450 5083 locatus
2487 5031 2573 5080 est
2615 5020 2832 5076 fundus.
2874 5016 3059 5073 Coloni
3112 5021 3292 5068 autem
3330 5020 3568 5083 quatuor

1978 5123 2153 5181 modis
2187 5122 2461 5177 dicuntur.
2507 5116 2643 5172 Nam
2675 5110 2851 5169 coloni
2895 5116 2990 5164 aut
3016 5105 3246 5161 Romani
3285 5111 3431 5169 sunt,
3473 5110 3569 5157 aut

1976 5216 2152 5276 coloni
2186 5212 2388 5277 Latini,
2419 5216 2514 5264 aut
2550 5204 2842 5262 auxiliares
2869 5198 3066 5262 coloni,
3092 5205 3185 5251 aut
3214 5194 3390 5252 coloni
3422 5195 3567 5249 ruris

1974 5307 2191 5382 privati.
2215 5300 2467 5373 Inquilini
2486 5297 2687 5362 vocati,
2708 5292 2863 5363 quasi
2888 5289 3184 5346 incolentes
3206 5287 3379 5342 aliena
3409 5282 3563 5341 :'non

1974 5376 2119 5460 enim
2144 5398 2347 5455 habent
2368 5391 2643 5465 propriam
2674 5385 2879 5450 sedem,
2907 5383 3003 5438 sed
3025 5382 3078 5436 in
3112 5388 3254 5436 terra
3275 5377 3450 5433 aliena
3482 5376 3566 5429 in-

1977 5495 2244 5552 habitant.
2267 5487 2457 5545 Dill‘ert
2471 5492 2653 5539 autem
2680 5480 2821 5537 inter
2845 5476 3167 5548 inquilinum
3191 5480 3247 5528 et
3272 5471 3562 5527 advenam.

1977 5584 2229 5658 Inquilini
2259 5580 2406 5638 enim
2434 5585 2583 5642 sunt,
2618 5574 2711 5646 qui
2748 5572 3019 5644 emigrant
3057 5578 3111 5624 et
3158 5581 3266 5623 non
3304 5570 3568 5658 perpetuo

1978 5649 2319 5750 permanent.
2364 5670 2600 5726 Adventu
2640 5671 2820 5721 autem
2861 5662 2947 5718 vel
3006 5658 3233 5723 incolae,
3284 5649 3566 5709 adventitii

1979 5741 2357 5842 perhibentur,
2381 5760 2477 5820 sed
2502 5764 2918 5833 permanentes;
2947 5760 3003 5811 et
3033 5751 3158 5809 inde
3186 5747 3375 5805 incola:
3392 5785 3409 5813 ,
3436 5741 3566 5814 quia
