  <div class='ocr_page' id='page_1' title='image "/cluster/home/n/w/nwhite01/storage/ocr_20150623/111/hvd.32044009716333/235.png"; bbox 0 0 4038 6324; ppageno 0'>
   <div class='ocr_carea' id='block_1_1' title="bbox 433 307 547 375">
    <p class='ocr_par' dir='ltr' id='par_1_1' title="bbox 433 307 547 375">
     <span class='ocr_line' id='line_1_1' title="bbox 433 307 547 375; baseline 0.026 -3"><span class='ocrx_word' id='word_1_1' title='bbox 433 307 547 375; x_wconf 65' lang='grc'><strong>455</strong></span> 
     </span>
    </p>
   </div>
   <div class='ocr_carea' id='block_1_2' title="bbox 1115 300 2042 368">
    <p class='ocr_par' dir='ltr' id='par_1_2' title="bbox 1115 305 2042 368">
     <span class='ocr_line' id='line_1_2' title="bbox 1115 305 2042 368; baseline -0.008 0"><span class='ocrx_word' id='word_1_2' title='bbox 1115 313 1178 368; x_wconf 89' lang='grc' dir='ltr'><strong>Β.</strong></span> <span class='ocrx_word' id='word_1_3' title='bbox 1219 309 1471 367; x_wconf 78' lang='grc' dir='ltr'><strong>ΒΑΒΑΝΙ</strong></span> <span class='ocrx_word' id='word_1_4' title='bbox 1512 308 1730 366; x_wconf 80' lang='lat' dir='ltr'><strong>MAURI</strong></span> <span class='ocrx_word' id='word_1_5' title='bbox 1761 305 2042 363; x_wconf 77' lang='lat' dir='ltr'><strong>ARClllEl</strong></span> 
     </span>
    </p>
   </div>
   <div class='ocr_carea' id='block_1_3' title="bbox 2144 300 3083 368">
    <p class='ocr_par' dir='ltr' id='par_1_3' title="bbox 2144 300 3083 363">
     <span class='ocr_line' id='line_1_3' title="bbox 2144 300 3083 363; baseline -0.003 -2"><span class='ocrx_word' id='word_1_6' title='bbox 2144 304 2432 363; x_wconf 79' lang='lat' dir='ltr'><strong>lIOGUNT.</strong></span> <span class='ocrx_word' id='word_1_7' title='bbox 2471 303 2755 362; x_wconf 78' lang='lat' dir='ltr'><strong>OPERUM</strong></span> <span class='ocrx_word' id='word_1_8' title='bbox 2797 302 2977 360; x_wconf 81' lang='lat' dir='ltr'><strong>PARS</strong></span> <span class='ocrx_word' id='word_1_9' title='bbox 3013 300 3083 359; x_wconf 86' lang='lat' dir='ltr'><strong>ll.</strong></span> 
     </span>
    </p>
   </div>
   <div class='ocr_carea' id='block_1_4' title="bbox 3227 188 3254 208">
    <p class='ocr_par' dir='ltr' id='par_1_4' title="bbox 3227 188 3254 208">
     <span class='ocr_line' id='line_1_4' title="bbox 3227 188 3254 208; baseline 0 0"><span class='ocrx_word' id='word_1_10' title='bbox 3227 188 3254 208; x_wconf 57' lang='grc' dir='ltr'>ς</span> 
     </span>
    </p>
   </div>
   <div class='ocr_carea' id='block_1_5' title="bbox 3586 302 3702 365">
    <p class='ocr_par' dir='ltr' id='par_1_5' title="bbox 3586 302 3702 365">
     <span class='ocr_line' id='line_1_5' title="bbox 3586 302 3702 365; baseline 0.034 -4"><span class='ocrx_word' id='word_1_11' title='bbox 3586 302 3702 365; x_wconf 71' lang='grc' dir='ltr'><strong>ιω</strong></span> 
     </span>
    </p>
   </div>
   <div class='ocr_carea' id='block_1_6' title="bbox 427 414 3703 498">
    <p class='ocr_par' dir='ltr' id='par_1_6' title="bbox 427 414 3703 498">
     <span class='ocr_line' id='line_1_6' title="bbox 427 414 3703 498; baseline -0.002 -15"><span class='ocrx_word' id='word_1_12' title='bbox 427 427 542 498; x_wconf 84' lang='lat' dir='ltr'><strong>jam</strong></span> <span class='ocrx_word' id='word_1_13' title='bbox 583 424 918 482; x_wconf 73' lang='lat' dir='ltr'><strong>habitatores</strong></span> <span class='ocrx_word' id='word_1_14' title='bbox 946 428 1105 489; x_wconf 91' lang='lat' dir='ltr'><strong>sunt,</strong></span> <span class='ocrx_word' id='word_1_15' title='bbox 1138 422 1206 478; x_wconf 90' lang='lat' dir='ltr'><strong>ab</strong></span> <span class='ocrx_word' id='word_1_16' title='bbox 1256 418 1557 475; x_wconf 89' lang='lat' dir='ltr'><strong>incolendo.</strong></span> <span class='ocrx_word' id='word_1_17' title='bbox 1592 417 1829 472; x_wconf 67' lang='lat' dir='ltr'><strong>Advenaa</strong></span> <span class='ocrx_word' id='word_1_18' title='bbox 1862 416 2008 471; x_wconf 90' lang='lat' dir='ltr'><strong>enim</strong></span> <span class='ocrx_word' id='word_1_19' title='bbox 2035 419 2089 480; x_wconf 77' lang='grc' dir='ltr'><strong>Α</strong></span> <span class='ocrx_word' id='word_1_20' title='bbox 2111 415 2244 470; x_wconf 85' lang='lat' dir='ltr'><strong>Item</strong></span> <span class='ocrx_word' id='word_1_21' title='bbox 2296 414 2506 471; x_wconf 75' lang='lat' dir='ltr'><strong>ancillae</strong></span> <span class='ocrx_word' id='word_1_22' title='bbox 2529 455 2546 480; x_wconf 90' lang='lat'><strong>,</strong></span> <span class='ocrx_word' id='word_1_23' title='bbox 2609 414 2853 484; x_wconf 88' lang='lat' dir='ltr'><strong>Apostoli</strong></span> <span class='ocrx_word' id='word_1_24' title='bbox 2904 422 3128 485; x_wconf 88' lang='lat' dir='ltr'><strong>propter</strong></span> <span class='ocrx_word' id='word_1_25' title='bbox 3174 416 3358 472; x_wconf 86' lang='lat' dir='ltr'><strong>carnis</strong></span> <span class='ocrx_word' id='word_1_26' title='bbox 3399 416 3703 493; x_wconf 70' lang='lat' dir='ltr'><strong>inﬁrmita-</strong></span> 
     </span>
    </p>
   </div>
   <div class='ocr_carea' id='block_1_7' title="bbox 433 506 2008 582">
    <p class='ocr_par' dir='ltr' id='par_1_7' title="bbox 433 506 2008 582">
     <span class='ocr_line' id='line_1_7' title="bbox 433 506 2008 582; baseline -0.01 -9"><span class='ocrx_word' id='word_1_27' title='bbox 433 523 559 574; x_wconf 87' lang='lat' dir='ltr'><strong>sunt</strong></span> <span class='ocrx_word' id='word_1_28' title='bbox 583 513 775 578; x_wconf 79' lang='lat' dir='ltr'><strong>sancti,</strong></span> <span class='ocrx_word' id='word_1_29' title='bbox 802 511 894 582; x_wconf 89' lang='lat' dir='ltr'><strong>qui</strong></span> <span class='ocrx_word' id='word_1_30' title='bbox 922 511 989 565; x_wconf 89' lang='lat' dir='ltr'><strong>de</strong></span> <span class='ocrx_word' id='word_1_31' title='bbox 1014 525 1201 565; x_wconf 87' lang='lat' dir='ltr'><strong>errore</strong></span> <span class='ocrx_word' id='word_1_32' title='bbox 1223 509 1495 564; x_wconf 89' lang='lat' dir='ltr'><strong>mundano</strong></span> <span class='ocrx_word' id='word_1_33' title='bbox 1523 506 1763 562; x_wconf 72' lang='lat' dir='ltr'><strong>translati</strong></span> <span class='ocrx_word' id='word_1_34' title='bbox 1792 506 1860 559; x_wconf 89' lang='lat' dir='ltr'><strong>ad</strong></span> <span class='ocrx_word' id='word_1_35' title='bbox 1881 520 2008 560; x_wconf 87' lang='lat' dir='ltr'><strong>san-</strong></span> 
     </span>
    </p>
   </div>
   <div class='ocr_carea' id='block_1_8' title="bbox 435 596 2012 671">
    <p class='ocr_par' dir='ltr' id='par_1_8' title="bbox 435 596 2012 671">
     <span class='ocr_line' id='line_1_8' title="bbox 435 596 2012 671; baseline -0.01 -7"><span class='ocrx_word' id='word_1_36' title='bbox 435 617 580 666; x_wconf 86' lang='lat' dir='ltr'><strong>ctam</strong></span> <span class='ocrx_word' id='word_1_37' title='bbox 616 604 914 662; x_wconf 86' lang='lat' dir='ltr'><strong>Ecclesiam</strong></span> <span class='ocrx_word' id='word_1_38' title='bbox 961 601 1365 671; x_wconf 84' lang='lat' dir='ltr'><strong>transmigrant,</strong></span> <span class='ocrx_word' id='word_1_39' title='bbox 1410 598 1478 653; x_wconf 91' lang='lat' dir='ltr'><strong>de</strong></span> <span class='ocrx_word' id='word_1_40' title='bbox 1517 597 1712 669; x_wconf 81' lang='lat' dir='ltr'><strong>quibus</strong></span> <span class='ocrx_word' id='word_1_41' title='bbox 1746 596 2012 666; x_wconf 84' lang='lat' dir='ltr'><strong>Propheta</strong></span> 
     </span>
    </p>
   </div>
   <div class='ocr_carea' id='block_1_9' title="bbox 437 683 2009 758">
    <p class='ocr_par' dir='ltr' id='par_1_9' title="bbox 437 683 2009 758">
     <span class='ocr_line' id='line_1_9' title="bbox 437 683 2009 758; baseline -0.009 -5"><span class='ocrx_word' id='word_1_42' title='bbox 437 699 515 752; x_wconf 92' lang='lat' dir='ltr'><strong>ait</strong></span> <span class='ocrx_word' id='word_1_43' title='bbox 562 714 575 750; x_wconf 91' lang='lat'><strong>:</strong></span> <span class='ocrx_word' id='word_1_44' title='bbox 634 694 892 748; x_wconf 85' lang='lat' dir='ltr'><strong>Dominus</strong></span> <span class='ocrx_word' id='word_1_45' title='bbox 927 691 1150 746; x_wconf 76' lang='lat' dir='ltr'><strong>custodit</strong></span> <span class='ocrx_word' id='word_1_46' title='bbox 1190 690 1446 744; x_wconf 83' lang='lat' dir='ltr'><strong>advenam</strong></span> <span class='ocrx_word' id='word_1_47' title='bbox 1471 697 1518 742; x_wconf 90' lang='lat' dir='ltr'><strong>et</strong></span> <span class='ocrx_word' id='word_1_48' title='bbox 1547 686 1803 758; x_wconf 87' lang='lat' dir='ltr'><strong>pupillum</strong></span> <span class='ocrx_word' id='word_1_49' title='bbox 1838 683 2009 757; x_wconf 85' lang='lat' dir='ltr'><strong>(Psal.</strong></span> 
     </span>
    </p>
   </div>
   <div class='ocr_carea' id='block_1_10' title="bbox 436 774 2016 853">
    <p class='ocr_par' dir='ltr' id='par_1_10' title="bbox 436 774 2016 853">
     <span class='ocr_line' id='line_1_10' title="bbox 436 774 2016 853; baseline -0.007 -13"><span class='ocrx_word' id='word_1_50' title='bbox 436 784 619 853; x_wconf 76' lang='lat' dir='ltr'><strong>chv),</strong></span> <span class='ocrx_word' id='word_1_51' title='bbox 649 783 701 837; x_wconf 90' lang='lat' dir='ltr'><strong>id</strong></span> <span class='ocrx_word' id='word_1_52' title='bbox 732 789 836 848; x_wconf 87' lang='lat' dir='ltr'><strong>est,</strong></span> <span class='ocrx_word' id='word_1_53' title='bbox 877 782 969 851; x_wconf 89' lang='lat' dir='ltr'><strong>qui</strong></span> <span class='ocrx_word' id='word_1_54' title='bbox 1007 781 1073 836; x_wconf 92' lang='lat' dir='ltr'><strong>de</strong></span> <span class='ocrx_word' id='word_1_55' title='bbox 1112 778 1404 851; x_wconf 87' lang='lat' dir='ltr'><strong>Babylonia</strong></span> <span class='ocrx_word' id='word_1_56' title='bbox 1449 777 1665 832; x_wconf 82' lang='lat' dir='ltr'><strong>civitate</strong></span> <span class='ocrx_word' id='word_1_57' title='bbox 1705 775 1902 830; x_wconf 91' lang='lat' dir='ltr'><strong>diaboli</strong></span> <span class='ocrx_word' id='word_1_58' title='bbox 1948 774 2016 829; x_wconf 88' lang='lat' dir='ltr'><strong>ad</strong></span> 
     </span>
    </p>
   </div>
   <div class='ocr_carea' id='block_1_11' title="bbox 437 865 2015 934">
    <p class='ocr_par' dir='ltr' id='par_1_11' title="bbox 437 865 2015 934">
     <span class='ocr_line' id='line_1_11' title="bbox 437 865 2015 934; baseline -0.009 -1"><span class='ocrx_word' id='word_1_59' title='bbox 437 876 732 934; x_wconf 81' lang='lat' dir='ltr'><strong>Jerusalem</strong></span> <span class='ocrx_word' id='word_1_60' title='bbox 780 875 1053 930; x_wconf 87' lang='lat' dir='ltr'><strong>civitatem</strong></span> <span class='ocrx_word' id='word_1_61' title='bbox 1106 870 1319 926; x_wconf 90' lang='lat' dir='ltr'><strong>Domini</strong></span> <span class='ocrx_word' id='word_1_62' title='bbox 1372 865 1671 924; x_wconf 85' lang='lat' dir='ltr'><strong>Salvatoris</strong></span> <span class='ocrx_word' id='word_1_63' title='bbox 1719 866 2015 921; x_wconf 77' lang='lat' dir='ltr'><strong>advenerit.</strong></span> 
     </span>
    </p>
   </div>
   <div class='ocr_carea' id='block_1_12' title="bbox 440 957 2020 1030">
    <p class='ocr_par' dir='ltr' id='par_1_12' title="bbox 440 957 2020 1030">
     <span class='ocr_line' id='line_1_12' title="bbox 440 957 2020 1030; baseline -0.008 -7"><span class='ocrx_word' id='word_1_64' title='bbox 440 968 598 1023; x_wconf 81' lang='lat' dir='ltr'><strong>Hunc</strong></span> <span class='ocrx_word' id='word_1_65' title='bbox 644 964 897 1030; x_wconf 85' lang='lat' dir='ltr'><strong>custodit,</strong></span> <span class='ocrx_word' id='word_1_66' title='bbox 935 965 982 1018; x_wconf 84' lang='lat' dir='ltr'><strong>si</strong></span> <span class='ocrx_word' id='word_1_67' title='bbox 1026 972 1206 1017; x_wconf 87' lang='lat' dir='ltr'><strong>tamen</strong></span> <span class='ocrx_word' id='word_1_68' title='bbox 1253 960 1307 1015; x_wconf 92' lang='lat' dir='ltr'><strong>in</strong></span> <span class='ocrx_word' id='word_1_69' title='bbox 1347 959 1641 1030; x_wconf 83' lang='lat' dir='ltr'><strong>electorum</strong></span> <span class='ocrx_word' id='word_1_70' title='bbox 1689 957 2020 1013; x_wconf 86' lang='lat' dir='ltr'><strong>habitatione</strong></span> 
     </span>
    </p>
   </div>
   <div class='ocr_carea' id='block_1_13' title="bbox 440 1046 2021 1127">
    <p class='ocr_par' dir='ltr' id='par_1_13' title="bbox 440 1046 2021 1127">
     <span class='ocr_line' id='line_1_13' title="bbox 440 1046 2021 1127; baseline -0.007 -17"><span class='ocrx_word' id='word_1_71' title='bbox 440 1053 823 1127; x_wconf 88' lang='lat' dir='ltr'><strong>permanserit.</strong></span> <span class='ocrx_word' id='word_1_72' title='bbox 862 1051 1129 1123; x_wconf 75' lang='lat' dir='ltr'><strong>indigenae</strong></span> <span class='ocrx_word' id='word_1_73' title='bbox 1152 1056 1279 1103; x_wconf 91' lang='lat' dir='ltr'><strong>sunt</strong></span> <span class='ocrx_word' id='word_1_74' title='bbox 1302 1048 1426 1101; x_wconf 90' lang='lat' dir='ltr'><strong>inde</strong></span> <span class='ocrx_word' id='word_1_75' title='bbox 1452 1047 1639 1119; x_wconf 82' lang='lat' dir='ltr'><strong>geniti,</strong></span> <span class='ocrx_word' id='word_1_76' title='bbox 1670 1055 1725 1101; x_wconf 86' lang='lat' dir='ltr'><strong>et</strong></span> <span class='ocrx_word' id='word_1_77' title='bbox 1747 1046 1801 1100; x_wconf 90' lang='lat' dir='ltr'><strong>in</strong></span> <span class='ocrx_word' id='word_1_78' title='bbox 1832 1046 2021 1121; x_wconf 85' lang='lat' dir='ltr'><strong>eodem</strong></span> 
     </span>
    </p>
   </div>
   <div class='ocr_carea' id='block_1_14' title="bbox 442 1137 2023 1208">
    <p class='ocr_par' dir='ltr' id='par_1_14' title="bbox 442 1137 2023 1208">
     <span class='ocr_line' id='line_1_14' title="bbox 442 1137 2023 1208; baseline -0.006 -8"><span class='ocrx_word' id='word_1_79' title='bbox 442 1146 562 1200; x_wconf 93' lang='lat' dir='ltr'><strong>loco</strong></span> <span class='ocrx_word' id='word_1_80' title='bbox 588 1143 722 1208; x_wconf 89' lang='lat' dir='ltr'><strong>nati,</strong></span> <span class='ocrx_word' id='word_1_81' title='bbox 765 1142 854 1197; x_wconf 92' lang='lat' dir='ltr'><strong>ubi</strong></span> <span class='ocrx_word' id='word_1_82' title='bbox 901 1140 1221 1196; x_wconf 85' lang='lat' dir='ltr'><strong>inhabitant.</strong></span> <span class='ocrx_word' id='word_1_83' title='bbox 1256 1138 1437 1193; x_wconf 89' lang='lat' dir='ltr'><strong>lncola</strong></span> <span class='ocrx_word' id='word_1_84' title='bbox 1473 1146 1653 1193; x_wconf 91' lang='lat' dir='ltr'><strong>autem</strong></span> <span class='ocrx_word' id='word_1_85' title='bbox 1679 1153 1787 1193; x_wconf 91' lang='lat' dir='ltr'><strong>non</strong></span> <span class='ocrx_word' id='word_1_86' title='bbox 1815 1137 2023 1207; x_wconf 84' lang='lat' dir='ltr'><strong>indige-</strong></span> 
     </span>
    </p>
   </div>
   <div class='ocr_carea' id='block_1_15' title="bbox 443 1226 2024 1300">
    <p class='ocr_par' dir='ltr' id='par_1_15' title="bbox 443 1226 2024 1300">
     <span class='ocr_line' id='line_1_15' title="bbox 443 1226 2024 1300; baseline -0.007 -10"><span class='ocrx_word' id='word_1_87' title='bbox 443 1250 592 1300; x_wconf 92' lang='lat' dir='ltr'><strong>nam,</strong></span> <span class='ocrx_word' id='word_1_88' title='bbox 626 1233 721 1289; x_wconf 89' lang='lat' dir='ltr'><strong>sed</strong></span> <span class='ocrx_word' id='word_1_89' title='bbox 744 1229 1006 1287; x_wconf 81' lang='lat' dir='ltr'><strong>advenam</strong></span> <span class='ocrx_word' id='word_1_90' title='bbox 1051 1228 1272 1291; x_wconf 76' lang='lat' dir='ltr'><strong>indicat.</strong></span> <span class='ocrx_word' id='word_1_91' title='bbox 1304 1226 1578 1298; x_wconf 76' lang='lat' dir='ltr'><strong>Peregrini</strong></span> <span class='ocrx_word' id='word_1_92' title='bbox 1609 1242 1674 1282; x_wconf 92' lang='lat' dir='ltr'><strong>eo</strong></span> <span class='ocrx_word' id='word_1_93' title='bbox 1702 1228 1844 1298; x_wconf 88' lang='lat' dir='ltr'><strong>quod</strong></span> <span class='ocrx_word' id='word_1_94' title='bbox 1868 1226 2024 1297; x_wconf 84' lang='lat' dir='ltr'><strong>igno-</strong></span> 
     </span>
    </p>
   </div>
   <div class='ocr_carea' id='block_1_16' title="bbox 443 1320 2027 1392">
    <p class='ocr_par' dir='ltr' id='par_1_16' title="bbox 443 1320 2027 1392">
     <span class='ocr_line' id='line_1_16' title="bbox 443 1320 2027 1392; baseline -0.004 -12"><span class='ocrx_word' id='word_1_95' title='bbox 443 1334 635 1380; x_wconf 85' lang='lat' dir='ltr'><strong>rantur</strong></span> <span class='ocrx_word' id='word_1_96' title='bbox 655 1338 841 1379; x_wconf 90' lang='lat' dir='ltr'><strong>eorum</strong></span> <span class='ocrx_word' id='word_1_97' title='bbox 870 1329 1145 1392; x_wconf 87' lang='lat' dir='ltr'><strong>parentes,</strong></span> <span class='ocrx_word' id='word_1_98' title='bbox 1174 1336 1205 1375; x_wconf 88' lang='lat' dir='ltr'><strong>a</strong></span> <span class='ocrx_word' id='word_1_99' title='bbox 1228 1320 1423 1391; x_wconf 81' lang='lat' dir='ltr'><strong>quibus</strong></span> <span class='ocrx_word' id='word_1_100' title='bbox 1450 1320 1559 1374; x_wconf 89' lang='lat' dir='ltr'><strong>orti</strong></span> <span class='ocrx_word' id='word_1_101' title='bbox 1588 1320 1871 1374; x_wconf 81' lang='lat' dir='ltr'><strong>existunt:</strong></span> <span class='ocrx_word' id='word_1_102' title='bbox 1902 1325 2027 1374; x_wconf 88' lang='lat' dir='ltr'><strong>sunt</strong></span> 
     </span>
    </p>
   </div>
   <div class='ocr_carea' id='block_1_17' title="bbox 443 1408 2027 1481">
    <p class='ocr_par' dir='ltr' id='par_1_17' title="bbox 443 1408 2027 1481">
     <span class='ocr_line' id='line_1_17' title="bbox 443 1408 2027 1481; baseline -0.003 -12"><span class='ocrx_word' id='word_1_103' title='bbox 443 1413 587 1469; x_wconf 90' lang='lat' dir='ltr'><strong>enim</strong></span> <span class='ocrx_word' id='word_1_104' title='bbox 633 1412 699 1468; x_wconf 91' lang='lat' dir='ltr'><strong>de</strong></span> <span class='ocrx_word' id='word_1_105' title='bbox 746 1408 1041 1480; x_wconf 87' lang='lat' dir='ltr'><strong>longinqua</strong></span> <span class='ocrx_word' id='word_1_106' title='bbox 1089 1410 1329 1481; x_wconf 80' lang='lat' dir='ltr'><strong>regione.</strong></span> <span class='ocrx_word' id='word_1_107' title='bbox 1384 1408 1607 1480; x_wconf 80' lang='lat' dir='ltr'><strong>Legitur</strong></span> <span class='ocrx_word' id='word_1_108' title='bbox 1654 1409 1798 1463; x_wconf 90' lang='lat' dir='ltr'><strong>enim</strong></span> <span class='ocrx_word' id='word_1_109' title='bbox 1851 1408 1926 1462; x_wconf 92' lang='lat' dir='ltr'><strong>ita</strong></span> <span class='ocrx_word' id='word_1_110' title='bbox 1971 1408 2027 1464; x_wconf 90' lang='lat' dir='ltr'><strong>in</strong></span> 
     </span>
    </p>
   </div>
   <div class='ocr_carea' id='block_1_18' title="bbox 445 1497 2025 1570">
    <p class='ocr_par' dir='ltr' id='par_1_18' title="bbox 445 1497 2025 1570">
     <span class='ocr_line' id='line_1_18' title="bbox 445 1497 2025 1570; baseline -0.004 -11"><span class='ocrx_word' id='word_1_111' title='bbox 445 1502 730 1559; x_wconf 87' lang='lat' dir='ltr'><strong>Psalmista</strong></span> <span class='ocrx_word' id='word_1_112' title='bbox 754 1520 767 1556; x_wconf 92' lang='lat'><strong>:</strong></span> <span class='ocrx_word' id='word_1_113' title='bbox 795 1497 878 1556; x_wconf 88' lang='lat' dir='ltr'><strong>Ne</strong></span> <span class='ocrx_word' id='word_1_114' title='bbox 903 1500 1058 1556; x_wconf 92' lang='lat' dir='ltr'><strong>sileas</strong></span> <span class='ocrx_word' id='word_1_115' title='bbox 1090 1517 1123 1554; x_wconf 91' lang='lat' dir='ltr'><strong>a</strong></span> <span class='ocrx_word' id='word_1_116' title='bbox 1150 1516 1255 1566; x_wconf 91' lang='lat' dir='ltr'><strong>me,</strong></span> <span class='ocrx_word' id='word_1_117' title='bbox 1296 1500 1545 1570; x_wconf 89' lang='lat' dir='ltr'><strong>quoniam</strong></span> <span class='ocrx_word' id='word_1_118' title='bbox 1589 1497 1762 1553; x_wconf 87' lang='lat' dir='ltr'><strong>incola</strong></span> <span class='ocrx_word' id='word_1_119' title='bbox 1787 1514 1880 1568; x_wconf 83' lang='lat' dir='ltr'><strong>ego</strong></span> <span class='ocrx_word' id='word_1_120' title='bbox 1911 1515 2025 1553; x_wconf 88' lang='lat' dir='ltr'><strong>sum</strong></span> 
     </span>
    </p>
   </div>
   <div class='ocr_carea' id='block_1_19' title="bbox 447 1587 2024 1664">
    <p class='ocr_par' dir='ltr' id='par_1_19' title="bbox 447 1587 2024 1664">
     <span class='ocr_line' id='line_1_19' title="bbox 447 1587 2024 1664; baseline -0.002 -17"><span class='ocrx_word' id='word_1_121' title='bbox 447 1593 587 1664; x_wconf 85' lang='lat' dir='ltr'><strong>apud</strong></span> <span class='ocrx_word' id='word_1_122' title='bbox 614 1602 683 1657; x_wconf 90' lang='lat' dir='ltr'><strong>te,</strong></span> <span class='ocrx_word' id='word_1_123' title='bbox 714 1601 763 1646; x_wconf 90' lang='lat' dir='ltr'><strong>et</strong></span> <span class='ocrx_word' id='word_1_124' title='bbox 787 1592 1090 1663; x_wconf 86' lang='lat' dir='ltr'><strong>peregrinus</strong></span> <span class='ocrx_word' id='word_1_125' title='bbox 1107 1631 1123 1657; x_wconf 91' lang='lat'><strong>,</strong></span> <span class='ocrx_word' id='word_1_126' title='bbox 1153 1591 1288 1645; x_wconf 91' lang='lat' dir='ltr'><strong>sicut</strong></span> <span class='ocrx_word' id='word_1_127' title='bbox 1320 1606 1497 1644; x_wconf 89' lang='lat' dir='ltr'><strong>omnes</strong></span> <span class='ocrx_word' id='word_1_128' title='bbox 1522 1598 1694 1661; x_wconf 91' lang='lat' dir='ltr'><strong>patres</strong></span> <span class='ocrx_word' id='word_1_129' title='bbox 1720 1590 1820 1644; x_wconf 92' lang='lat' dir='ltr'><strong>mei</strong></span> <span class='ocrx_word' id='word_1_130' title='bbox 1852 1587 2024 1660; x_wconf 84' lang='lat' dir='ltr'><strong>(Psal.</strong></span> 
     </span>
    </p>
   </div>
   <div class='ocr_carea' id='block_1_20' title="bbox 2114 503 3704 576">
    <p class='ocr_par' dir='ltr' id='par_1_20' title="bbox 2114 503 3704 576">
     <span class='ocr_line' id='line_1_20' title="bbox 2114 503 3704 576; baseline 0.003 -17"><span class='ocrx_word' id='word_1_131' title='bbox 2114 512 2256 573; x_wconf 80' lang='lat' dir='ltr'><strong>tein,</strong></span> <span class='ocrx_word' id='word_1_132' title='bbox 2291 503 2432 560; x_wconf 82' lang='lat' dir='ltr'><strong>sicut</strong></span> <span class='ocrx_word' id='word_1_133' title='bbox 2475 519 2573 573; x_wconf 90' lang='lat' dir='ltr'><strong>pro</strong></span> <span class='ocrx_word' id='word_1_134' title='bbox 2613 503 2827 559; x_wconf 89' lang='lat' dir='ltr'><strong>diabolo</strong></span> <span class='ocrx_word' id='word_1_135' title='bbox 2877 503 3081 558; x_wconf 83' lang='lat' dir='ltr'><strong>dicitur</strong></span> <span class='ocrx_word' id='word_1_136' title='bbox 3118 518 3134 559; x_wconf 89' lang='lat'><strong>:</strong></span> <span class='ocrx_word' id='word_1_137' title='bbox 3182 503 3253 558; x_wconf 82' lang='lat' dir='ltr'><strong>Et</strong></span> <span class='ocrx_word' id='word_1_138' title='bbox 3290 504 3539 576; x_wconf 87' lang='lat' dir='ltr'><strong>alligabis</strong></span> <span class='ocrx_word' id='word_1_139' title='bbox 3579 517 3704 564; x_wconf 70' lang='lat' dir='ltr'><strong>eum</strong></span> 
     </span>
    </p>
   </div>
   <div class='ocr_carea' id='block_1_21' title="bbox 2114 591 3707 664">
    <p class='ocr_par' dir='ltr' id='par_1_21' title="bbox 2114 591 3707 664">
     <span class='ocr_line' id='line_1_21' title="bbox 2114 591 3707 664; baseline 0.002 -15"><span class='ocrx_word' id='word_1_140' title='bbox 2114 592 2322 649; x_wconf 90' lang='lat' dir='ltr'><strong>ancillis</strong></span> <span class='ocrx_word' id='word_1_141' title='bbox 2378 593 2482 647; x_wconf 87' lang='lat' dir='ltr'><strong>tuis</strong></span> <span class='ocrx_word' id='word_1_142' title='bbox 2528 591 2684 663; x_wconf 85' lang='lat' dir='ltr'><strong>(Job.</strong></span> <span class='ocrx_word' id='word_1_143' title='bbox 2725 592 2857 664; x_wconf 74' lang='lat' dir='ltr'><strong>XL).</strong></span> <span class='ocrx_word' id='word_1_144' title='bbox 2902 592 3138 647; x_wconf 81' lang='lat' dir='ltr'><strong>Rursum</strong></span> <span class='ocrx_word' id='word_1_145' title='bbox 3191 594 3400 650; x_wconf 69' lang='lat' dir='ltr'><strong>ancilla:</strong></span> <span class='ocrx_word' id='word_1_146' title='bbox 3432 634 3450 661; x_wconf 94' lang='lat'><strong>,</strong></span> <span class='ocrx_word' id='word_1_147' title='bbox 3506 597 3707 653; x_wconf 68' lang='lat' dir='ltr'><strong>animae</strong></span> 
     </span>
    </p>
   </div>
   <div class='ocr_carea' id='block_1_22' title="bbox 2115 681 3712 756">
    <p class='ocr_par' dir='ltr' id='par_1_22' title="bbox 2115 681 3712 756">
     <span class='ocr_line' id='line_1_22' title="bbox 2115 681 3712 756; baseline 0.003 -18"><span class='ocrx_word' id='word_1_148' title='bbox 2115 691 2456 755; x_wconf 84' lang='lat' dir='ltr'><strong>peccatorum</strong></span> <span class='ocrx_word' id='word_1_149' title='bbox 2499 691 2646 749; x_wconf 86' lang='lat' dir='ltr'><strong>sunt,</strong></span> <span class='ocrx_word' id='word_1_150' title='bbox 2681 691 2742 738; x_wconf 92' lang='lat' dir='ltr'><strong>ut</strong></span> <span class='ocrx_word' id='word_1_151' title='bbox 2773 682 2839 738; x_wconf 88' lang='lat' dir='ltr'><strong>&#39;in</strong></span> <span class='ocrx_word' id='word_1_152' title='bbox 2862 681 3089 755; x_wconf 66' lang='lat' dir='ltr'><strong>~Nahum</strong></span> <span class='ocrx_word' id='word_1_153' title='bbox 3115 700 3130 738; x_wconf 88' lang='lat'><strong>:</strong></span> <span class='ocrx_word' id='word_1_154' title='bbox 3161 682 3312 740; x_wconf 78' lang='lat' dir='ltr'><strong>Miles</strong></span> <span class='ocrx_word' id='word_1_155' title='bbox 3335 687 3572 756; x_wconf 86' lang='lat' dir='ltr'><strong>captivus</strong></span> <span class='ocrx_word' id='word_1_156' title='bbox 3607 687 3712 742; x_wconf 84' lang='lat' dir='ltr'><strong>ad-</strong></span> 
     </span>
    </p>
   </div>
   <div class='ocr_carea' id='block_1_23' title="bbox 2116 775 3708 849">
    <p class='ocr_par' dir='ltr' id='par_1_23' title="bbox 2116 775 3708 849">
     <span class='ocr_line' id='line_1_23' title="bbox 2116 775 3708 849; baseline 0.004 -20"><span class='ocrx_word' id='word_1_157' title='bbox 2116 775 2303 830; x_wconf 88' lang='lat' dir='ltr'><strong>ductus</strong></span> <span class='ocrx_word' id='word_1_158' title='bbox 2345 784 2422 829; x_wconf 88' lang='lat' dir='ltr'><strong>est</strong></span> <span class='ocrx_word' id='word_1_159' title='bbox 2462 792 2483 830; x_wconf 88' lang='lat'><strong>:</strong></span> <span class='ocrx_word' id='word_1_160' title='bbox 2534 785 2581 829; x_wconf 91' lang='lat' dir='ltr'><strong>et</strong></span> <span class='ocrx_word' id='word_1_161' title='bbox 2624 776 2835 830; x_wconf 69' lang='lat' dir='ltr'><strong>ancitlte</strong></span> <span class='ocrx_word' id='word_1_162' title='bbox 2882 775 2997 845; x_wconf 86' lang='lat' dir='ltr'><strong>ejus</strong></span> <span class='ocrx_word' id='word_1_163' title='bbox 3042 777 3384 832; x_wconf 83' lang='lat' dir='ltr'><strong>minabantur</strong></span> <span class='ocrx_word' id='word_1_164' title='bbox 3419 789 3708 849; x_wconf 85' lang='lat' dir='ltr'><strong>gementes.</strong></span> 
     </span>
    </p>
   </div>
   <div class='ocr_carea' id='block_1_24' title="bbox 2119 864 3710 942">
    <p class='ocr_par' dir='ltr' id='par_1_24' title="bbox 2119 864 3710 942">
     <span class='ocr_line' id='line_1_24' title="bbox 2119 864 3710 942; baseline 0.008 -25"><span class='ocrx_word' id='word_1_165' title='bbox 2119 864 2288 935; x_wconf 77' lang='lat' dir='ltr'><strong>(Nan.</strong></span> <span class='ocrx_word' id='word_1_166' title='bbox 2325 864 2409 927; x_wconf 78' lang='grc' dir='ltr'>ιι).</span> <span class='ocrx_word' id='word_1_167' title='bbox 2457 864 2670 935; x_wconf 84' lang='lat' dir='ltr'><strong>Pauper</strong></span> <span class='ocrx_word' id='word_1_168' title='bbox 2695 866 2941 922; x_wconf 84' lang='lat' dir='ltr'><strong>Christus</strong></span> <span class='ocrx_word' id='word_1_169' title='bbox 2967 877 3073 933; x_wconf 86' lang='lat' dir='ltr'><strong>est,</strong></span> <span class='ocrx_word' id='word_1_170' title='bbox 3103 869 3217 925; x_wconf 91' lang='lat' dir='ltr'><strong>sive</strong></span> <span class='ocrx_word' id='word_1_171' title='bbox 3246 870 3478 942; x_wconf 91' lang='lat' dir='ltr'><strong>populus</strong></span> <span class='ocrx_word' id='word_1_172' title='bbox 3505 871 3710 939; x_wconf 82' lang='lat' dir='ltr'><strong>ﬁdelis,</strong></span> 
     </span>
    </p>
   </div>
   <div class='ocr_carea' id='block_1_25' title="bbox 2119 952 3713 1029">
    <p class='ocr_par' dir='ltr' id='par_1_25' title="bbox 2119 952 3713 1029">
     <span class='ocr_line' id='line_1_25' title="bbox 2119 952 3713 1029; baseline 0.006 -22"><span class='ocrx_word' id='word_1_173' title='bbox 2119 962 2179 1007; x_wconf 92' lang='lat' dir='ltr'><strong>ut</strong></span> <span class='ocrx_word' id='word_1_174' title='bbox 2222 953 2277 1008; x_wconf 91' lang='lat' dir='ltr'><strong>in</strong></span> <span class='ocrx_word' id='word_1_175' title='bbox 2319 952 2577 1023; x_wconf 84' lang='lat' dir='ltr'><strong>Apostolo</strong></span> <span class='ocrx_word' id='word_1_176' title='bbox 2626 971 2641 1009; x_wconf 90' lang='lat'><strong>:</strong></span> <span class='ocrx_word' id='word_1_177' title='bbox 2704 954 2923 1025; x_wconf 88' lang='lat' dir='ltr'><strong>Propter</strong></span> <span class='ocrx_word' id='word_1_178' title='bbox 2981 973 3074 1011; x_wconf 90' lang='lat' dir='ltr'><strong>nos</strong></span> <span class='ocrx_word' id='word_1_179' title='bbox 3124 974 3325 1029; x_wconf 82' lang='lat' dir='ltr'><strong>pauper</strong></span> <span class='ocrx_word' id='word_1_180' title='bbox 3380 959 3552 1027; x_wconf 79' lang='lat' dir='ltr'><strong>factus</strong></span> <span class='ocrx_word' id='word_1_181' title='bbox 3607 972 3713 1027; x_wconf 84' lang='lat' dir='ltr'><strong>est,</strong></span> 
     </span>
    </p>
   </div>
   <div class='ocr_carea' id='block_1_26' title="bbox 2121 1044 3719 1119">
    <p class='ocr_par' dir='ltr' id='par_1_26' title="bbox 2121 1044 3719 1119">
     <span class='ocr_line' id='line_1_26' title="bbox 2121 1044 3719 1119; baseline 0.006 -23"><span class='ocrx_word' id='word_1_182' title='bbox 2121 1059 2240 1097; x_wconf 87' lang='lat' dir='ltr'><strong>cum</strong></span> <span class='ocrx_word' id='word_1_183' title='bbox 2281 1054 2410 1098; x_wconf 89' lang='lat' dir='ltr'><strong>esset</strong></span> <span class='ocrx_word' id='word_1_184' title='bbox 2448 1045 2586 1099; x_wconf 88' lang='lat' dir='ltr'><strong>dives</strong></span> <span class='ocrx_word' id='word_1_185' title='bbox 2614 1044 2703 1116; x_wconf 86' lang='lat' dir='ltr'><strong>(II</strong></span> <span class='ocrx_word' id='word_1_186' title='bbox 2728 1044 2851 1100; x_wconf 87' lang='lat' dir='ltr'><strong>Cor.</strong></span> <span class='ocrx_word' id='word_1_187' title='bbox 2894 1044 3035 1117; x_wconf 80' lang='lat' dir='ltr'><strong>Vill).</strong></span> <span class='ocrx_word' id='word_1_188' title='bbox 3081 1046 3151 1103; x_wconf 89' lang='lat' dir='ltr'><strong>Et</strong></span> <span class='ocrx_word' id='word_1_189' title='bbox 3191 1047 3247 1102; x_wconf 90' lang='lat' dir='ltr'><strong>in</strong></span> <span class='ocrx_word' id='word_1_190' title='bbox 3285 1048 3545 1119; x_wconf 88' lang='lat' dir='ltr'><strong>psalmo:</strong></span> <span class='ocrx_word' id='word_1_191' title='bbox 3598 1049 3719 1106; x_wconf 86' lang='lat' dir='ltr'><strong>Iste</strong></span> 
     </span>
    </p>
   </div>
   <div class='ocr_carea' id='block_1_27' title="bbox 2120 1134 3716 1210">
    <p class='ocr_par' dir='ltr' id='par_1_27' title="bbox 2120 1134 3716 1210">
     <span class='ocr_line' id='line_1_27' title="bbox 2120 1134 3716 1210; baseline 0.004 -22"><span class='ocrx_word' id='word_1_192' title='bbox 2120 1149 2320 1203; x_wconf 85' lang='lat' dir='ltr'><strong>pauper</strong></span> <span class='ocrx_word' id='word_1_193' title='bbox 2346 1134 2610 1199; x_wconf 84' lang='lat' dir='ltr'><strong>clamavit,</strong></span> <span class='ocrx_word' id='word_1_194' title='bbox 2659 1143 2709 1189; x_wconf 88' lang='lat' dir='ltr'><strong>et</strong></span> <span class='ocrx_word' id='word_1_195' title='bbox 2761 1134 3017 1190; x_wconf 77' lang='lat' dir='ltr'><strong>Dominus</strong></span> <span class='ocrx_word' id='word_1_196' title='bbox 3069 1138 3337 1193; x_wconf 75' lang='lat' dir='ltr'><strong>exaudivit</strong></span> <span class='ocrx_word' id='word_1_197' title='bbox 3364 1155 3485 1193; x_wconf 88' lang='lat' dir='ltr'><strong>eum</strong></span> <span class='ocrx_word' id='word_1_198' title='bbox 3533 1138 3716 1210; x_wconf 84' lang='lat' dir='ltr'><strong>(Psal.</strong></span> 
     </span>
    </p>
   </div>
   <div class='ocr_carea' id='block_1_28' title="bbox 2124 1222 3721 1298">
    <p class='ocr_par' dir='ltr' id='par_1_28' title="bbox 2124 1222 3721 1298">
     <span class='ocr_line' id='line_1_28' title="bbox 2124 1222 3721 1298; baseline 0.005 -22"><span class='ocrx_word' id='word_1_199' title='bbox 2124 1222 2341 1294; x_wconf 79' lang='lat' dir='ltr'><strong>xxxm).</strong></span> <span class='ocrx_word' id='word_1_200' title='bbox 2374 1223 2666 1293; x_wconf 87' lang='lat' dir='ltr'><strong>Pauperes,</strong></span> <span class='ocrx_word' id='word_1_201' title='bbox 2695 1224 2893 1291; x_wconf 88' lang='lat' dir='ltr'><strong>sancti,</strong></span> <span class='ocrx_word' id='word_1_202' title='bbox 2921 1224 3015 1295; x_wconf 91' lang='lat' dir='ltr'><strong>qui</strong></span> <span class='ocrx_word' id='word_1_203' title='bbox 3055 1226 3289 1283; x_wconf 86' lang='lat' dir='ltr'><strong>humiles</strong></span> <span class='ocrx_word' id='word_1_204' title='bbox 3323 1228 3521 1298; x_wconf 86' lang='lat' dir='ltr'><strong>spiritu</strong></span> <span class='ocrx_word' id='word_1_205' title='bbox 3560 1236 3721 1295; x_wconf 88' lang='lat' dir='ltr'><strong>sunt,</strong></span> 
     </span>
    </p>
   </div>
   <div class='ocr_carea' id='block_1_29' title="bbox 2123 1314 3719 1390">
    <p class='ocr_par' dir='ltr' id='par_1_29' title="bbox 2123 1314 3719 1390">
     <span class='ocr_line' id='line_1_29' title="bbox 2123 1314 3719 1390; baseline 0.002 -20"><span class='ocrx_word' id='word_1_206' title='bbox 2123 1321 2185 1370; x_wconf 90' lang='lat' dir='ltr'><strong>ut</strong></span> <span class='ocrx_word' id='word_1_207' title='bbox 2238 1315 2293 1368; x_wconf 91' lang='lat' dir='ltr'><strong>in</strong></span> <span class='ocrx_word' id='word_1_208' title='bbox 2327 1314 2618 1383; x_wconf 80' lang='lat' dir='ltr'><strong>Evangelia</strong></span> <span class='ocrx_word' id='word_1_209' title='bbox 2651 1332 2664 1368; x_wconf 89' lang='lat'><strong>:</strong></span> <span class='ocrx_word' id='word_1_210' title='bbox 2693 1314 2846 1369; x_wconf 88' lang='lat' dir='ltr'><strong>Beati</strong></span> <span class='ocrx_word' id='word_1_211' title='bbox 2877 1332 3132 1386; x_wconf 87' lang='lat' dir='ltr'><strong>pauperes</strong></span> <span class='ocrx_word' id='word_1_212' title='bbox 3168 1317 3357 1386; x_wconf 87' lang='lat' dir='ltr'><strong>spiritu</strong></span> <span class='ocrx_word' id='word_1_213' title='bbox 3389 1317 3603 1388; x_wconf 75' lang='lat' dir='ltr'><strong>(Matth.</strong></span> <span class='ocrx_word' id='word_1_214' title='bbox 3629 1317 3719 1390; x_wconf 87' lang='lat' dir='ltr'><strong>v).</strong></span> 
     </span>
    </p>
   </div>
   <div class='ocr_carea' id='block_1_30' title="bbox 2125 1401 3749 1485">
    <p class='ocr_par' dir='ltr' id='par_1_30' title="bbox 2125 1401 3749 1485">
     <span class='ocr_line' id='line_1_30' title="bbox 2125 1401 3749 1485; baseline 0.003 -26"><span class='ocrx_word' id='word_1_215' title='bbox 2125 1404 2193 1459; x_wconf 87' lang='lat' dir='ltr'><strong>Et</strong></span> <span class='ocrx_word' id='word_1_216' title='bbox 2220 1402 2271 1458; x_wconf 92' lang='lat' dir='ltr'><strong>in</strong></span> <span class='ocrx_word' id='word_1_217' title='bbox 2306 1402 2568 1459; x_wconf 88' lang='lat' dir='ltr'><strong>Psalterio</strong></span> <span class='ocrx_word' id='word_1_218' title='bbox 2599 1420 2613 1458; x_wconf 90' lang='lat'><strong>:</strong></span> <span class='ocrx_word' id='word_1_219' title='bbox 2650 1401 2775 1458; x_wconf 70' lang='lat' dir='ltr'><strong>Non</strong></span> <span class='ocrx_word' id='word_1_220' title='bbox 2816 1405 3008 1485; x_wconf 73' lang='lat' dir='ltr'><strong>sprevit</strong></span> <span class='ocrx_word' id='word_1_221' title='bbox 3051 1421 3216 1476; x_wconf 89' lang='lat' dir='ltr'><strong>neque</strong></span> <span class='ocrx_word' id='word_1_222' title='bbox 3258 1406 3493 1477; x_wconf 73' lang='lat' dir='ltr'><strong>despexit</strong></span> <span class='ocrx_word' id='word_1_223' title='bbox 3537 1424 3749 1478; x_wconf 82' lang='lat' dir='ltr'><strong>preces.</strong></span> 
     </span>
    </p>
   </div>
   <div class='ocr_carea' id='block_1_31' title="bbox 2125 1492 3728 1567">
    <p class='ocr_par' dir='ltr' id='par_1_31' title="bbox 2125 1492 3728 1567">
     <span class='ocr_line' id='line_1_31' title="bbox 2125 1492 3728 1567; baseline 0.004 -18"><span class='ocrx_word' id='word_1_224' title='bbox 2125 1511 2412 1566; x_wconf 85' lang='lat' dir='ltr'><strong>pauperum</strong></span> <span class='ocrx_word' id='word_1_225' title='bbox 2440 1492 2613 1567; x_wconf 86' lang='lat' dir='ltr'><strong>(Psal.</strong></span> <span class='ocrx_word' id='word_1_226' title='bbox 2636 1493 2774 1566; x_wconf 76' lang='lat' dir='ltr'><strong>xu).</strong></span> <span class='ocrx_word' id='word_1_227' title='bbox 2801 1492 2975 1551; x_wconf 81' lang='lat' dir='ltr'><strong>Aliter</strong></span> <span class='ocrx_word' id='word_1_228' title='bbox 2997 1509 3285 1566; x_wconf 81' lang='lat' dir='ltr'><strong>pauperes,</strong></span> <span class='ocrx_word' id='word_1_229' title='bbox 3308 1497 3508 1554; x_wconf 80' lang='lat' dir='ltr'><strong>divites</strong></span> <span class='ocrx_word' id='word_1_230' title='bbox 3532 1500 3728 1556; x_wconf 64' lang='grc' dir='ltr'>δαιοωί</span> 
     </span>
    </p>
   </div>
   <div class='ocr_carea' id='block_1_32' title="bbox 2126 1584 3724 1661">
    <p class='ocr_par' dir='ltr' id='par_1_32' title="bbox 2126 1584 3724 1661">
     <span class='ocr_line' id='line_1_32' title="bbox 2126 1584 3724 1661; baseline 0.003 -20"><span class='ocrx_word' id='word_1_231' title='bbox 2126 1584 2285 1655; x_wconf 85' lang='lat' dir='ltr'><strong>hujus</strong></span> <span class='ocrx_word' id='word_1_232' title='bbox 2312 1586 2603 1642; x_wconf 89' lang='lat' dir='ltr'><strong>virtutibus</strong></span> <span class='ocrx_word' id='word_1_233' title='bbox 2644 1585 2831 1653; x_wconf 86' lang='lat' dir='ltr'><strong>vacui,</strong></span> <span class='ocrx_word' id='word_1_234' title='bbox 2862 1597 2922 1641; x_wconf 93' lang='lat' dir='ltr'><strong>ut</strong></span> <span class='ocrx_word' id='word_1_235' title='bbox 2956 1594 3041 1642; x_wconf 91' lang='lat' dir='ltr'><strong>est</strong></span> <span class='ocrx_word' id='word_1_236' title='bbox 3070 1586 3203 1642; x_wconf 89' lang='lat' dir='ltr'><strong>illud</strong></span> <span class='ocrx_word' id='word_1_237' title='bbox 3242 1588 3298 1643; x_wconf 91' lang='lat' dir='ltr'><strong>in</strong></span> <span class='ocrx_word' id='word_1_238' title='bbox 3341 1588 3670 1661; x_wconf 83' lang='lat' dir='ltr'><strong>Apocalypsi</strong></span> <span class='ocrx_word' id='word_1_239' title='bbox 3706 1609 3724 1646; x_wconf 91' lang='lat'><strong>:</strong></span> 
     </span>
    </p>
   </div>
   <div class='ocr_carea' id='block_1_33' title="bbox 448 1676 3728 1757">
    <p class='ocr_par' dir='ltr' id='par_1_33' title="bbox 448 1676 3728 1757">
     <span class='ocr_line' id='line_1_33' title="bbox 448 1676 3728 1757; baseline -0.002 -15"><span class='ocrx_word' id='word_1_240' title='bbox 448 1683 700 1757; x_wconf 79' lang='lat' dir='ltr'><strong>xxxvrn).</strong></span> <span class='ocrx_word' id='word_1_241' title='bbox 740 1682 919 1740; x_wconf 88' lang='lat' dir='ltr'><strong>lncola</strong></span> <span class='ocrx_word' id='word_1_242' title='bbox 966 1698 1096 1738; x_wconf 88' lang='lat' dir='ltr'><strong>vero</strong></span> <span class='ocrx_word' id='word_1_243' title='bbox 1144 1681 1360 1746; x_wconf 90' lang='lat' dir='ltr'><strong>dicitur,</strong></span> <span class='ocrx_word' id='word_1_244' title='bbox 1405 1680 1498 1750; x_wconf 91' lang='lat' dir='ltr'><strong>qui</strong></span> <span class='ocrx_word' id='word_1_245' title='bbox 1545 1688 1745 1735; x_wconf 89' lang='lat' dir='ltr'><strong>terram</strong></span> <span class='ocrx_word' id='word_1_246' title='bbox 1788 1680 1917 1736; x_wconf 88' lang='lat' dir='ltr'><strong>colit</strong></span> <span class='ocrx_word' id='word_1_247' title='bbox 1961 1680 2037 1749; x_wconf 88' lang='lat' dir='ltr'><strong>ad</strong></span> <span class='ocrx_word' id='word_1_248' title='bbox 2128 1676 2293 1744; x_wconf 81' lang='lat' dir='ltr'><strong>Dicis,</strong></span> <span class='ocrx_word' id='word_1_249' title='bbox 2324 1679 2448 1750; x_wconf 86' lang='lat' dir='ltr'><strong>quia</strong></span> <span class='ocrx_word' id='word_1_250' title='bbox 2474 1678 2612 1734; x_wconf 86' lang='lat' dir='ltr'><strong>dives</strong></span> <span class='ocrx_word' id='word_1_251' title='bbox 2639 1695 2754 1733; x_wconf 87' lang='lat' dir='ltr'><strong>sum</strong></span> <span class='ocrx_word' id='word_1_252' title='bbox 2780 1688 2831 1733; x_wconf 91' lang='lat' dir='ltr'><strong>et</strong></span> <span class='ocrx_word' id='word_1_253' title='bbox 2855 1679 3055 1734; x_wconf 85' lang='lat' dir='ltr'><strong>ditatus</strong></span> <span class='ocrx_word' id='word_1_254' title='bbox 3079 1696 3099 1736; x_wconf 90' lang='lat'><strong>:</strong></span> <span class='ocrx_word' id='word_1_255' title='bbox 3120 1689 3170 1735; x_wconf 87' lang='lat' dir='ltr'><strong>et</strong></span> <span class='ocrx_word' id='word_1_256' title='bbox 3201 1681 3387 1746; x_wconf 87' lang='lat' dir='ltr'><strong>nescis,</strong></span> <span class='ocrx_word' id='word_1_257' title='bbox 3418 1683 3543 1753; x_wconf 86' lang='lat' dir='ltr'><strong>quia</strong></span> <span class='ocrx_word' id='word_1_258' title='bbox 3572 1693 3631 1736; x_wconf 81' lang='lat' dir='ltr'><strong>tu</strong></span> <span class='ocrx_word' id='word_1_259' title='bbox 3663 1699 3728 1737; x_wconf 82' lang='lat' dir='ltr'><strong>es</strong></span> 
     </span>
    </p>
   </div>
   <div class='ocr_carea' id='block_1_34' title="bbox 450 1758 3727 1846">
    <p class='ocr_par' dir='ltr' id='par_1_34' title="bbox 450 1758 3727 1846">
     <span class='ocr_line' id='line_1_34' title="bbox 450 1758 3727 1846; baseline -0.001 -15"><span class='ocrx_word' id='word_1_260' title='bbox 450 1761 663 1846; x_wconf 82' lang='lat' dir='ltr'><strong>tempus</strong></span> <span class='ocrx_word' id='word_1_261' title='bbox 709 1773 1094 1844; x_wconf 86' lang='lat' dir='ltr'><strong>superveniens</strong></span> <span class='ocrx_word' id='word_1_262' title='bbox 1139 1779 1449 1835; x_wconf 85' lang='lat' dir='ltr'><strong>extraneus,</strong></span> <span class='ocrx_word' id='word_1_263' title='bbox 1500 1785 1606 1825; x_wconf 93' lang='lat' dir='ltr'><strong>non</strong></span> <span class='ocrx_word' id='word_1_264' title='bbox 1634 1770 1726 1840; x_wconf 91' lang='lat' dir='ltr'><strong>qui</strong></span> <span class='ocrx_word' id='word_1_265' title='bbox 1756 1769 1811 1831; x_wconf 88' lang='lat' dir='ltr'><strong>in</strong></span> <span class='ocrx_word' id='word_1_266' title='bbox 1839 1770 2029 1840; x_wconf 79' lang='lat' dir='ltr'><strong>patriae</strong></span> <span class='ocrx_word' id='word_1_267' title='bbox 2054 1758 2105 1819; x_wconf 84' lang='lat' dir='ltr'><strong>B</strong></span> <span class='ocrx_word' id='word_1_268' title='bbox 2129 1785 2327 1840; x_wconf 83' lang='lat' dir='ltr'><strong>pauper</strong></span> <span class='ocrx_word' id='word_1_269' title='bbox 2353 1778 2403 1823; x_wconf 91' lang='lat' dir='ltr'><strong>et</strong></span> <span class='ocrx_word' id='word_1_270' title='bbox 2426 1766 2693 1824; x_wconf 87' lang='lat' dir='ltr'><strong>mendicus</strong></span> <span class='ocrx_word' id='word_1_271' title='bbox 2721 1769 2907 1840; x_wconf 90' lang='lat' dir='ltr'><strong>(Apoc.</strong></span> <span class='ocrx_word' id='word_1_272' title='bbox 2931 1768 2994 1843; x_wconf 82' lang='lat'><strong>1).</strong></span> <span class='ocrx_word' id='word_1_273' title='bbox 3025 1769 3203 1841; x_wconf 85' lang='lat' dir='ltr'><strong>Inops,</strong></span> <span class='ocrx_word' id='word_1_274' title='bbox 3228 1771 3457 1842; x_wconf 89' lang='lat' dir='ltr'><strong>populus</strong></span> <span class='ocrx_word' id='word_1_275' title='bbox 3478 1773 3727 1841; x_wconf 81' lang='lat' dir='ltr'><strong>gentium</strong></span> 
     </span>
    </p>
   </div>
   <div class='ocr_carea' id='block_1_35' title="bbox 452 1861 2032 1940">
    <p class='ocr_par' dir='ltr' id='par_1_35' title="bbox 452 1861 2032 1940">
     <span class='ocr_line' id='line_1_35' title="bbox 452 1861 2032 1940; baseline -0.006 -14"><span class='ocrx_word' id='word_1_276' title='bbox 452 1886 564 1926; x_wconf 56' lang='lat' dir='ltr'><strong>suae.</strong></span> <span class='ocrx_word' id='word_1_277' title='bbox 592 1869 808 1940; x_wconf 78' lang='lat' dir='ltr'><strong>regione</strong></span> <span class='ocrx_word' id='word_1_278' title='bbox 835 1867 1118 1923; x_wconf 86' lang='lat' dir='ltr'><strong>consistit:</strong></span> <span class='ocrx_word' id='word_1_279' title='bbox 1148 1866 1290 1936; x_wconf 88' lang='lat' dir='ltr'><strong>quod</strong></span> <span class='ocrx_word' id='word_1_280' title='bbox 1310 1864 1457 1920; x_wconf 91' lang='lat' dir='ltr'><strong>omni</strong></span> <span class='ocrx_word' id='word_1_281' title='bbox 1484 1872 1673 1919; x_wconf 91' lang='lat' dir='ltr'><strong>sancto</strong></span> <span class='ocrx_word' id='word_1_282' title='bbox 1709 1862 1910 1929; x_wconf 88' lang='lat' dir='ltr'><strong>evenit,</strong></span> <span class='ocrx_word' id='word_1_283' title='bbox 1942 1861 2032 1932; x_wconf 89' lang='lat' dir='ltr'><strong>qui</strong></span> 
     </span>
    </p>
   </div>
   <div class='ocr_carea' id='block_1_36' title="bbox 453 1952 2035 2026">
    <p class='ocr_par' dir='ltr' id='par_1_36' title="bbox 453 1952 2035 2026">
     <span class='ocr_line' id='line_1_36' title="bbox 453 1952 2035 2026; baseline -0.005 -12"><span class='ocrx_word' id='word_1_284' title='bbox 453 1960 510 2014; x_wconf 91' lang='lat' dir='ltr'><strong>in</strong></span> <span class='ocrx_word' id='word_1_285' title='bbox 539 1959 718 2014; x_wconf 90' lang='lat' dir='ltr'><strong>divina</strong></span> <span class='ocrx_word' id='word_1_286' title='bbox 743 1953 961 2013; x_wconf 88' lang='lat' dir='ltr'><strong>civitate</strong></span> <span class='ocrx_word' id='word_1_287' title='bbox 991 1955 1268 2026; x_wconf 85' lang='lat' dir='ltr'><strong>recipitur.</strong></span> <span class='ocrx_word' id='word_1_288' title='bbox 1300 1952 1500 2009; x_wconf 88' lang='lat' dir='ltr'><strong>Omnes</strong></span> <span class='ocrx_word' id='word_1_289' title='bbox 1526 1953 1673 2008; x_wconf 90' lang='lat' dir='ltr'><strong>enim</strong></span> <span class='ocrx_word' id='word_1_290' title='bbox 1714 1968 1811 2008; x_wconf 89' lang='lat' dir='ltr'><strong>nos</strong></span> <span class='ocrx_word' id='word_1_291' title='bbox 1840 1967 2035 2023; x_wconf 89' lang='lat' dir='ltr'><strong>pecca-</strong></span> 
     </span>
    </p>
   </div>
   <div class='ocr_carea' id='block_1_37' title="bbox 456 2038 2038 2125">
    <p class='ocr_par' dir='ltr' id='par_1_37' title="bbox 456 2038 2038 2125">
     <span class='ocr_line' id='line_1_37' title="bbox 456 2038 2038 2125; baseline -0.006 -20"><span class='ocrx_word' id='word_1_292' title='bbox 456 2060 571 2125; x_wconf 79' lang='lat' dir='ltr'><strong>tum</strong></span> <span class='ocrx_word' id='word_1_293' title='bbox 621 2049 749 2105; x_wconf 80' lang='lat' dir='ltr'><strong>fecit</strong></span> <span class='ocrx_word' id='word_1_294' title='bbox 800 2055 1109 2114; x_wconf 76' lang='lat' dir='ltr'><strong>extraneos,</strong></span> <span class='ocrx_word' id='word_1_295' title='bbox 1156 2054 1212 2101; x_wconf 90' lang='lat' dir='ltr'><strong>et</strong></span> <span class='ocrx_word' id='word_1_296' title='bbox 1258 2045 1310 2099; x_wconf 91' lang='lat' dir='ltr'><strong>in</strong></span> <span class='ocrx_word' id='word_1_297' title='bbox 1355 2038 1559 2100; x_wconf 83' lang='lat' dir='ltr'><strong>nefaria</strong></span> <span class='ocrx_word' id='word_1_298' title='bbox 1599 2043 1770 2098; x_wconf 90' lang='lat' dir='ltr'><strong>tenuit</strong></span> <span class='ocrx_word' id='word_1_299' title='bbox 1819 2043 2038 2113; x_wconf 82' lang='lat' dir='ltr'><strong>regione</strong></span> 
     </span>
    </p>
   </div>
   <div class='ocr_carea' id='block_1_38' title="bbox 458 2133 2035 2212">
    <p class='ocr_par' dir='ltr' id='par_1_38' title="bbox 458 2133 2035 2212">
     <span class='ocr_line' id='line_1_38' title="bbox 458 2133 2035 2212; baseline -0.006 -16"><span class='ocrx_word' id='word_1_300' title='bbox 458 2140 729 2212; x_wconf 87' lang='lat' dir='ltr'><strong>captivos;</strong></span> <span class='ocrx_word' id='word_1_301' title='bbox 757 2139 851 2195; x_wconf 90' lang='lat' dir='ltr'><strong>sed</strong></span> <span class='ocrx_word' id='word_1_302' title='bbox 878 2138 1091 2208; x_wconf 89' lang='lat' dir='ltr'><strong>quando</strong></span> <span class='ocrx_word' id='word_1_303' title='bbox 1113 2152 1212 2192; x_wconf 92' lang='lat' dir='ltr'><strong>nos</strong></span> <span class='ocrx_word' id='word_1_304' title='bbox 1241 2134 1609 2191; x_wconf 88' lang='lat' dir='ltr'><strong>misericordia</strong></span> <span class='ocrx_word' id='word_1_305' title='bbox 1636 2133 1750 2203; x_wconf 89' lang='lat' dir='ltr'><strong>ejus</strong></span> <span class='ocrx_word' id='word_1_306' title='bbox 1778 2134 2035 2203; x_wconf 87' lang='lat' dir='ltr'><strong>suscepit,</strong></span> 
     </span>
    </p>
   </div>
   <div class='ocr_carea' id='block_1_39' title="bbox 458 2221 2037 2297">
    <p class='ocr_par' dir='ltr' id='par_1_39' title="bbox 458 2221 2037 2297">
     <span class='ocr_line' id='line_1_39' title="bbox 458 2221 2037 2297; baseline -0.004 -12"><span class='ocrx_word' id='word_1_307' title='bbox 458 2230 646 2285; x_wconf 73' lang='lat' dir='ltr'><strong>incolae</strong></span> <span class='ocrx_word' id='word_1_308' title='bbox 674 2243 887 2293; x_wconf 90' lang='lat' dir='ltr'><strong>sumus;</strong></span> <span class='ocrx_word' id='word_1_309' title='bbox 918 2221 1173 2297; x_wconf 86' lang='lat' dir='ltr'><strong>quoniam</strong></span> <span class='ocrx_word' id='word_1_310' title='bbox 1212 2226 1339 2281; x_wconf 92' lang='lat' dir='ltr'><strong>illuc</strong></span> <span class='ocrx_word' id='word_1_311' title='bbox 1371 2225 1718 2288; x_wconf 86' lang='lat' dir='ltr'><strong>advenimus,</strong></span> <span class='ocrx_word' id='word_1_312' title='bbox 1754 2224 1808 2280; x_wconf 93' lang='lat' dir='ltr'><strong>id</strong></span> <span class='ocrx_word' id='word_1_313' title='bbox 1838 2233 1943 2289; x_wconf 91' lang='lat' dir='ltr'><strong>est,</strong></span> <span class='ocrx_word' id='word_1_314' title='bbox 1971 2224 2037 2279; x_wconf 90' lang='lat' dir='ltr'><strong>de</strong></span> 
     </span>
    </p>
   </div>
   <div class='ocr_carea' id='block_1_40' title="bbox 463 2313 2041 2391">
    <p class='ocr_par' dir='ltr' id='par_1_40' title="bbox 463 2313 2041 2391">
     <span class='ocr_line' id='line_1_40' title="bbox 463 2313 2041 2391; baseline -0.006 -16"><span class='ocrx_word' id='word_1_315' title='bbox 463 2317 755 2391; x_wconf 83' lang='lat' dir='ltr'><strong>Babylonia</strong></span> <span class='ocrx_word' id='word_1_316' title='bbox 796 2318 864 2372; x_wconf 89' lang='lat' dir='ltr'><strong>ad</strong></span> <span class='ocrx_word' id='word_1_317' title='bbox 910 2314 1232 2381; x_wconf 82' lang='lat' dir='ltr'><strong>Jerusalem,</strong></span> <span class='ocrx_word' id='word_1_318' title='bbox 1274 2316 1389 2386; x_wconf 90' lang='lat' dir='ltr'><strong>ipso</strong></span> <span class='ocrx_word' id='word_1_319' title='bbox 1439 2313 1762 2377; x_wconf 83' lang='lat' dir='ltr'><strong>attrahente,</strong></span> <span class='ocrx_word' id='word_1_320' title='bbox 1794 2324 2041 2383; x_wconf 83' lang='lat' dir='ltr'><strong>transpo-</strong></span> 
     </span>
    </p>
   </div>
   <div class='ocr_carea' id='block_1_41' title="bbox 460 2403 2039 2478">
    <p class='ocr_par' dir='ltr' id='par_1_41' title="bbox 460 2403 2039 2478">
     <span class='ocr_line' id='line_1_41' title="bbox 460 2403 2039 2478; baseline -0.004 -14"><span class='ocrx_word' id='word_1_321' title='bbox 460 2408 658 2464; x_wconf 89' lang='lat' dir='ltr'><strong>nimur.</strong></span> <span class='ocrx_word' id='word_1_322' title='bbox 714 2408 839 2465; x_wconf 84' lang='lat' dir='ltr'><strong>Ideo</strong></span> <span class='ocrx_word' id='word_1_323' title='bbox 883 2408 1059 2472; x_wconf 86' lang='lat' dir='ltr'><strong>enim,</strong></span> <span class='ocrx_word' id='word_1_324' title='bbox 1085 2407 1226 2478; x_wconf 89' lang='lat' dir='ltr'><strong>apud</strong></span> <span class='ocrx_word' id='word_1_325' title='bbox 1256 2417 1333 2478; x_wconf 73' lang='lat' dir='ltr'><strong>te,</strong></span> <span class='ocrx_word' id='word_1_326' title='bbox 1362 2414 1423 2461; x_wconf 92' lang='lat' dir='ltr'><strong>ut</strong></span> <span class='ocrx_word' id='word_1_327' title='bbox 1453 2419 1559 2471; x_wconf 86' lang='lat' dir='ltr'><strong>non</strong></span> <span class='ocrx_word' id='word_1_328' title='bbox 1587 2405 1640 2459; x_wconf 91' lang='lat' dir='ltr'><strong>in</strong></span> <span class='ocrx_word' id='word_1_329' title='bbox 1672 2404 1902 2468; x_wconf 90' lang='lat' dir='ltr'><strong>diaboli,</strong></span> <span class='ocrx_word' id='word_1_330' title='bbox 1941 2403 2039 2460; x_wconf 86' lang='lat' dir='ltr'><strong>sed</strong></span> 
     </span>
    </p>
   </div>
   <div class='ocr_carea' id='block_1_42' title="bbox 461 2495 2041 2556">
    <p class='ocr_par' dir='ltr' id='par_1_42' title="bbox 461 2495 2041 2556">
     <span class='ocr_line' id='line_1_42' title="bbox 461 2495 2041 2556; baseline -0.003 -1"><span class='ocrx_word' id='word_1_331' title='bbox 461 2501 516 2555; x_wconf 93' lang='lat' dir='ltr'><strong>in</strong></span> <span class='ocrx_word' id='word_1_332' title='bbox 545 2497 753 2555; x_wconf 89' lang='lat' dir='ltr'><strong>Domini</strong></span> <span class='ocrx_word' id='word_1_333' title='bbox 782 2500 1001 2556; x_wconf 86' lang='lat' dir='ltr'><strong>civitate</strong></span> <span class='ocrx_word' id='word_1_334' title='bbox 1023 2498 1254 2555; x_wconf 90' lang='lat' dir='ltr'><strong>incolam</strong></span> <span class='ocrx_word' id='word_1_335' title='bbox 1274 2514 1397 2553; x_wconf 91' lang='lat' dir='ltr'><strong>eum</strong></span> <span class='ocrx_word' id='word_1_336' title='bbox 1423 2497 1591 2553; x_wconf 85' lang='lat' dir='ltr'><strong>fuisse</strong></span> <span class='ocrx_word' id='word_1_337' title='bbox 1618 2497 1882 2553; x_wconf 87' lang='lat' dir='ltr'><strong>sentires:</strong></span> <span class='ocrx_word' id='word_1_338' title='bbox 1913 2495 2041 2553; x_wconf 87' lang='lat' dir='ltr'><strong>sub-</strong></span> 
     </span>
    </p>
   </div>
   <div class='ocr_carea' id='block_1_43' title="bbox 459 2586 2040 2663">
    <p class='ocr_par' dir='ltr' id='par_1_43' title="bbox 459 2586 2040 2663">
     <span class='ocr_line' id='line_1_43' title="bbox 459 2586 2040 2663; baseline -0.001 -18"><span class='ocrx_word' id='word_1_339' title='bbox 459 2589 658 2663; x_wconf 84' lang='lat' dir='ltr'><strong>junxit,</strong></span> <span class='ocrx_word' id='word_1_340' title='bbox 692 2600 737 2644; x_wconf 91' lang='lat' dir='ltr'><strong>et</strong></span> <span class='ocrx_word' id='word_1_341' title='bbox 764 2591 1091 2662; x_wconf 87' lang='lat' dir='ltr'><strong>peregrinus,</strong></span> <span class='ocrx_word' id='word_1_342' title='bbox 1121 2590 1247 2659; x_wconf 91' lang='lat' dir='ltr'><strong>quia</strong></span> <span class='ocrx_word' id='word_1_343' title='bbox 1278 2589 1469 2659; x_wconf 89' lang='lat' dir='ltr'><strong>incipit</strong></span> <span class='ocrx_word' id='word_1_344' title='bbox 1492 2604 1635 2655; x_wconf 89' lang='lat' dir='ltr'><strong>esse,</strong></span> <span class='ocrx_word' id='word_1_345' title='bbox 1654 2586 1742 2644; x_wconf 92' lang='lat' dir='ltr'><strong>ubi</strong></span> <span class='ocrx_word' id='word_1_346' title='bbox 1774 2604 1878 2643; x_wconf 90' lang='lat' dir='ltr'><strong>non</strong></span> <span class='ocrx_word' id='word_1_347' title='bbox 1900 2594 2040 2643; x_wconf 88' lang='lat' dir='ltr'><strong>erat.</strong></span> 
     </span>
    </p>
   </div>
   <div class='ocr_carea' id='block_1_44' title="bbox 464 2678 2045 2751">
    <p class='ocr_par' dir='ltr' id='par_1_44' title="bbox 464 2678 2045 2751">
     <span class='ocr_line' id='line_1_44' title="bbox 464 2678 2045 2751; baseline -0.002 -17"><span class='ocrx_word' id='word_1_348' title='bbox 464 2679 787 2751; x_wconf 75' lang='lat' dir='ltr'><strong>Peregrinus</strong></span> <span class='ocrx_word' id='word_1_349' title='bbox 814 2678 960 2734; x_wconf 88' lang='lat' dir='ltr'><strong>enim</strong></span> <span class='ocrx_word' id='word_1_350' title='bbox 992 2681 1208 2745; x_wconf 90' lang='lat' dir='ltr'><strong>dicitur,</strong></span> <span class='ocrx_word' id='word_1_351' title='bbox 1238 2680 1392 2749; x_wconf 89' lang='lat' dir='ltr'><strong>quasi</strong></span> <span class='ocrx_word' id='word_1_352' title='bbox 1438 2695 1671 2751; x_wconf 81' lang='lat' dir='ltr'><strong>pergens</strong></span> <span class='ocrx_word' id='word_1_353' title='bbox 1708 2679 1935 2747; x_wconf 85' lang='lat' dir='ltr'><strong>longius.</strong></span> <span class='ocrx_word' id='word_1_354' title='bbox 1974 2678 2045 2731; x_wconf 84' lang='lat' dir='ltr'><strong>Et</strong></span> 
     </span>
    </p>
   </div>
   <div class='ocr_carea' id='block_1_45' title="bbox 464 2769 2040 2844">
    <p class='ocr_par' dir='ltr' id='par_1_45' title="bbox 464 2769 2040 2844">
     <span class='ocr_line' id='line_1_45' title="bbox 464 2769 2040 2844; baseline -0.003 -19"><span class='ocrx_word' id='word_1_355' title='bbox 464 2780 524 2825; x_wconf 90' lang='lat' dir='ltr'><strong>ut</strong></span> <span class='ocrx_word' id='word_1_356' title='bbox 567 2769 874 2844; x_wconf 83' lang='lat' dir='ltr'><strong>generalem</strong></span> <span class='ocrx_word' id='word_1_357' title='bbox 923 2772 1063 2826; x_wconf 89' lang='lat' dir='ltr'><strong>banc</strong></span> <span class='ocrx_word' id='word_1_358' title='bbox 1091 2787 1446 2843; x_wconf 88' lang='lat' dir='ltr'><strong>cognosceres</strong></span> <span class='ocrx_word' id='word_1_359' title='bbox 1486 2771 1652 2826; x_wconf 84' lang='lat' dir='ltr'><strong>fuisse</strong></span> <span class='ocrx_word' id='word_1_360' title='bbox 1699 2769 2040 2833; x_wconf 88' lang='lat' dir='ltr'><strong>sententiam,</strong></span> 
     </span>
    </p>
   </div>
   <div class='ocr_carea' id='block_1_46' title="bbox 465 2854 2042 2932">
    <p class='ocr_par' dir='ltr' id='par_1_46' title="bbox 465 2854 2042 2932">
     <span class='ocr_line' id='line_1_46' title="bbox 465 2854 2042 2932; baseline -0.004 -16"><span class='ocrx_word' id='word_1_361' title='bbox 465 2861 593 2916; x_wconf 86' lang='lat' dir='ltr'><strong>dicit</strong></span> <span class='ocrx_word' id='word_1_362' title='bbox 620 2882 633 2915; x_wconf 88' lang='lat'><strong>:</strong></span> <span class='ocrx_word' id='word_1_363' title='bbox 662 2859 808 2916; x_wconf 87' lang='lat' dir='ltr'><strong>Sicut</strong></span> <span class='ocrx_word' id='word_1_364' title='bbox 838 2877 1017 2916; x_wconf 86' lang='lat' dir='ltr'><strong>omnes</strong></span> <span class='ocrx_word' id='word_1_365' title='bbox 1038 2870 1210 2932; x_wconf 89' lang='lat' dir='ltr'><strong>patres</strong></span> <span class='ocrx_word' id='word_1_366' title='bbox 1242 2863 1362 2916; x_wconf 88' lang='lat' dir='ltr'><strong>mei.</strong></span> <span class='ocrx_word' id='word_1_367' title='bbox 1394 2860 1597 2917; x_wconf 89' lang='lat' dir='ltr'><strong>Urbani</strong></span> <span class='ocrx_word' id='word_1_368' title='bbox 1638 2867 1921 2924; x_wconf 84' lang='lat' dir='ltr'><strong>vocantur,</strong></span> <span class='ocrx_word' id='word_1_369' title='bbox 1951 2854 2042 2926; x_wconf 88' lang='lat' dir='ltr'><strong>qui</strong></span> 
     </span>
    </p>
   </div>
   <div class='ocr_carea' id='block_1_47' title="bbox 464 2944 2043 3023">
    <p class='ocr_par' dir='ltr' id='par_1_47' title="bbox 464 2944 2043 3023">
     <span class='ocr_line' id='line_1_47' title="bbox 464 2944 2043 3023; baseline -0.003 -17"><span class='ocrx_word' id='word_1_370' title='bbox 464 2949 650 3008; x_wconf 71' lang='lat' dir='ltr'><strong>Roma:</strong></span> <span class='ocrx_word' id='word_1_371' title='bbox 670 2953 952 3008; x_wconf 87' lang='lat' dir='ltr'><strong>habitant:</strong></span> <span class='ocrx_word' id='word_1_372' title='bbox 988 2952 1079 3023; x_wconf 91' lang='lat' dir='ltr'><strong>qui</strong></span> <span class='ocrx_word' id='word_1_373' title='bbox 1110 2966 1238 3008; x_wconf 88' lang='lat' dir='ltr'><strong>vero</strong></span> <span class='ocrx_word' id='word_1_374' title='bbox 1266 2954 1321 3007; x_wconf 93' lang='lat' dir='ltr'><strong>in</strong></span> <span class='ocrx_word' id='word_1_375' title='bbox 1349 2951 1583 3017; x_wconf 83' lang='lat' dir='ltr'><strong>caeteris,</strong></span> <span class='ocrx_word' id='word_1_376' title='bbox 1609 2950 1881 3021; x_wconf 83' lang='lat' dir='ltr'><strong>oppidani.</strong></span> <span class='ocrx_word' id='word_1_377' title='bbox 1908 2944 2043 3002; x_wconf 82' lang='lat' dir='ltr'><strong>Nam</strong></span> 
     </span>
    </p>
   </div>
   <div class='ocr_carea' id='block_1_48' title="bbox 460 3041 2040 3114">
    <p class='ocr_par' dir='ltr' id='par_1_48' title="bbox 460 3041 2040 3114">
     <span class='ocr_line' id='line_1_48' title="bbox 460 3041 2040 3114; baseline -0.001 -18"><span class='ocrx_word' id='word_1_378' title='bbox 460 3042 581 3097; x_wconf 86' lang='lat' dir='ltr'><strong>sola</strong></span> <span class='ocrx_word' id='word_1_379' title='bbox 607 3043 736 3097; x_wconf 91' lang='lat' dir='ltr'><strong>urbs</strong></span> <span class='ocrx_word' id='word_1_380' title='bbox 763 3042 952 3110; x_wconf 80' lang='lat' dir='ltr'><strong>Roma,</strong></span> <span class='ocrx_word' id='word_1_381' title='bbox 970 3044 1412 3114; x_wconf 58' lang='lat' dir='ltr'><strong>caeteramppida.</strong></span> <span class='ocrx_word' id='word_1_382' title='bbox 1442 3041 1648 3096; x_wconf 85' lang='lat' dir='ltr'><strong>Famuli</strong></span> <span class='ocrx_word' id='word_1_383' title='bbox 1675 3049 1800 3097; x_wconf 91' lang='lat' dir='ltr'><strong>sunt</strong></span> <span class='ocrx_word' id='word_1_384' title='bbox 1825 3056 1892 3096; x_wconf 84' lang='lat' dir='ltr'><strong>ex</strong></span> <span class='ocrx_word' id='word_1_385' title='bbox 1914 3054 2040 3110; x_wconf 82' lang='lat' dir='ltr'><strong>pro-</strong></span> 
     </span>
    </p>
   </div>
   <div class='ocr_carea' id='block_1_49' title="bbox 2134 1857 3731 1933">
    <p class='ocr_par' dir='ltr' id='par_1_49' title="bbox 2134 1857 3731 1933">
     <span class='ocr_line' id='line_1_49' title="bbox 2134 1857 3731 1933; baseline 0.003 -19"><span class='ocrx_word' id='word_1_386' title='bbox 2134 1858 2378 1925; x_wconf 89' lang='lat' dir='ltr'><strong>humilis,</strong></span> <span class='ocrx_word' id='word_1_387' title='bbox 2419 1869 2479 1914; x_wconf 91' lang='lat' dir='ltr'><strong>ut</strong></span> <span class='ocrx_word' id='word_1_388' title='bbox 2526 1860 2584 1916; x_wconf 90' lang='lat' dir='ltr'><strong>in</strong></span> <span class='ocrx_word' id='word_1_389' title='bbox 2622 1857 2887 1916; x_wconf 87' lang='lat' dir='ltr'><strong>Psalterio</strong></span> <span class='ocrx_word' id='word_1_390' title='bbox 2916 1878 2930 1914; x_wconf 88' lang='lat'><strong>:</strong></span> <span class='ocrx_word' id='word_1_391' title='bbox 2969 1860 3246 1915; x_wconf 87' lang='lat' dir='ltr'><strong>Suscitans</strong></span> <span class='ocrx_word' id='word_1_392' title='bbox 3280 1879 3313 1916; x_wconf 91' lang='lat' dir='ltr'><strong>a</strong></span> <span class='ocrx_word' id='word_1_393' title='bbox 3342 1870 3480 1916; x_wconf 82' lang='lat' dir='ltr'><strong>terra</strong></span> <span class='ocrx_word' id='word_1_394' title='bbox 3515 1863 3731 1933; x_wconf 73' lang='lat' dir='ltr'><strong>iiwpem</strong></span> 
     </span>
    </p>
   </div>
   <div class='ocr_carea' id='block_1_50' title="bbox 2136 1946 3732 2020">
    <p class='ocr_par' dir='ltr' id='par_1_50' title="bbox 2136 1946 3732 2020">
     <span class='ocr_line' id='line_1_50' title="bbox 2136 1946 3732 2020; baseline 0.003 -20"><span class='ocrx_word' id='word_1_395' title='bbox 2136 1946 2309 2019; x_wconf 88' lang='lat' dir='ltr'><strong>(Psal.</strong></span> <span class='ocrx_word' id='word_1_396' title='bbox 2343 1946 2498 2019; x_wconf 81' lang='lat' dir='ltr'><strong>cm).</strong></span> <span class='ocrx_word' id='word_1_397' title='bbox 2546 1947 2615 2002; x_wconf 85' lang='lat' dir='ltr'><strong>Et</strong></span> <span class='ocrx_word' id='word_1_398' title='bbox 2639 1947 2765 2004; x_wconf 89' lang='lat' dir='ltr'><strong>alibi</strong></span> <span class='ocrx_word' id='word_1_399' title='bbox 2795 1965 2812 2005; x_wconf 88' lang='lat'><strong>:</strong></span> <span class='ocrx_word' id='word_1_400' title='bbox 2846 1947 3087 2020; x_wconf 87' lang='lat' dir='ltr'><strong>Eripiens</strong></span> <span class='ocrx_word' id='word_1_401' title='bbox 3119 1950 3323 2020; x_wconf 86' lang='lat' dir='ltr'><strong>inopem</strong></span> <span class='ocrx_word' id='word_1_402' title='bbox 3343 1951 3407 2004; x_wconf 88' lang='lat' dir='ltr'><strong>de</strong></span> <span class='ocrx_word' id='word_1_403' title='bbox 3432 1968 3591 2005; x_wconf 88' lang='lat' dir='ltr'><strong>manu</strong></span> <span class='ocrx_word' id='word_1_404' title='bbox 3612 1951 3732 2020; x_wconf 76' lang='lat' dir='ltr'><strong>[or-</strong></span> 
     </span>
    </p>
   </div>
   <div class='ocr_carea' id='block_1_51' title="bbox 2135 2042 3728 2116">
    <p class='ocr_par' dir='ltr' id='par_1_51' title="bbox 2135 2042 3728 2116">
     <span class='ocr_line' id='line_1_51' title="bbox 2135 2042 3728 2116; baseline 0.002 -19"><span class='ocrx_word' id='word_1_405' title='bbox 2135 2044 2283 2099; x_wconf 87' lang='lat' dir='ltr'><strong>tiaris</strong></span> <span class='ocrx_word' id='word_1_406' title='bbox 2314 2043 2485 2116; x_wconf 90' lang='lat' dir='ltr'><strong>(Psal.</strong></span> <span class='ocrx_word' id='word_1_407' title='bbox 2528 2042 2738 2115; x_wconf 74' lang='lat' dir='ltr'><strong>xulv),</strong></span> <span class='ocrx_word' id='word_1_408' title='bbox 2778 2044 2881 2100; x_wconf 89' lang='lat' dir='ltr'><strong>hoc</strong></span> <span class='ocrx_word' id='word_1_409' title='bbox 2928 2052 3033 2110; x_wconf 89' lang='lat' dir='ltr'><strong>est,</strong></span> <span class='ocrx_word' id='word_1_410' title='bbox 3077 2045 3145 2100; x_wconf 90' lang='lat' dir='ltr'><strong>de</strong></span> <span class='ocrx_word' id='word_1_411' title='bbox 3192 2053 3459 2113; x_wconf 84' lang='lat' dir='ltr'><strong>potestate</strong></span> <span class='ocrx_word' id='word_1_412' title='bbox 3498 2046 3728 2100; x_wconf 86' lang='lat' dir='ltr'><strong>diaboli.</strong></span> 
     </span>
    </p>
   </div>
   <div class='ocr_carea' id='block_1_52' title="bbox 2137 2135 3732 2207">
    <p class='ocr_par' dir='ltr' id='par_1_52' title="bbox 2137 2135 3732 2207">
     <span class='ocr_line' id='line_1_52' title="bbox 2137 2135 3732 2207; baseline 0.003 -18"><span class='ocrx_word' id='word_1_413' title='bbox 2137 2135 2462 2206; x_wconf 82' lang='lat' dir='ltr'><strong>Mancipium</strong></span> <span class='ocrx_word' id='word_1_414' title='bbox 2486 2144 2585 2202; x_wconf 90' lang='lat' dir='ltr'><strong>est,</strong></span> <span class='ocrx_word' id='word_1_415' title='bbox 2611 2135 2872 2206; x_wconf 83' lang='lat' dir='ltr'><strong>quidquid</strong></span> <span class='ocrx_word' id='word_1_416' title='bbox 2894 2151 3057 2191; x_wconf 89' lang='lat' dir='ltr'><strong>manu</strong></span> <span class='ocrx_word' id='word_1_417' title='bbox 3079 2137 3197 2207; x_wconf 88' lang='lat' dir='ltr'><strong>capi</strong></span> <span class='ocrx_word' id='word_1_418' title='bbox 3225 2147 3318 2190; x_wconf 89' lang='lat' dir='ltr'><strong>aut</strong></span> <span class='ocrx_word' id='word_1_419' title='bbox 3345 2137 3499 2192; x_wconf 87' lang='lat' dir='ltr'><strong>subdi</strong></span> <span class='ocrx_word' id='word_1_420' title='bbox 3521 2147 3732 2207; x_wconf 87' lang='lat' dir='ltr'><strong>potest,</strong></span> 
     </span>
    </p>
   </div>
   <div class='ocr_carea' id='block_1_53' title="bbox 2137 2225 3737 2296">
    <p class='ocr_par' dir='ltr' id='par_1_53' title="bbox 2137 2225 3737 2296">
     <span class='ocr_line' id='line_1_53' title="bbox 2137 2225 3737 2296; baseline 0.002 -16"><span class='ocrx_word' id='word_1_421' title='bbox 2137 2234 2197 2281; x_wconf 92' lang='lat' dir='ltr'><strong>ut</strong></span> <span class='ocrx_word' id='word_1_422' title='bbox 2224 2226 2403 2292; x_wconf 89' lang='lat' dir='ltr'><strong>homo,</strong></span> <span class='ocrx_word' id='word_1_423' title='bbox 2427 2240 2618 2296; x_wconf 85' lang='lat' dir='ltr'><strong>equus,</strong></span> <span class='ocrx_word' id='word_1_424' title='bbox 2647 2227 2784 2282; x_wconf 91' lang='lat' dir='ltr'><strong>ovis.</strong></span> <span class='ocrx_word' id='word_1_425' title='bbox 2825 2225 2952 2282; x_wconf 81' lang='lat' dir='ltr'><strong>Haec</strong></span> <span class='ocrx_word' id='word_1_426' title='bbox 2984 2227 3133 2282; x_wconf 90' lang='lat' dir='ltr'><strong>enim</strong></span> <span class='ocrx_word' id='word_1_427' title='bbox 3174 2227 3428 2283; x_wconf 88' lang='lat' dir='ltr'><strong>animalia</strong></span> <span class='ocrx_word' id='word_1_428' title='bbox 3453 2229 3638 2285; x_wconf 88' lang='lat' dir='ltr'><strong>statim</strong></span> <span class='ocrx_word' id='word_1_429' title='bbox 3668 2237 3737 2283; x_wconf 88' lang='lat' dir='ltr'><strong>ut</strong></span> 
     </span>
    </p>
   </div>
   <div class='ocr_carea' id='block_1_54' title="bbox 2138 2316 3735 2390">
    <p class='ocr_par' dir='ltr' id='par_1_54' title="bbox 2138 2316 3735 2390">
     <span class='ocr_line' id='line_1_54' title="bbox 2138 2316 3735 2390; baseline 0.004 -21"><span class='ocrx_word' id='word_1_430' title='bbox 2138 2316 2251 2370; x_wconf 91' lang='lat' dir='ltr'><strong>nati</strong></span> <span class='ocrx_word' id='word_1_431' title='bbox 2277 2325 2423 2381; x_wconf 90' lang='lat' dir='ltr'><strong>sunt,</strong></span> <span class='ocrx_word' id='word_1_432' title='bbox 2445 2316 2773 2387; x_wconf 88' lang='lat' dir='ltr'><strong>mancipium</strong></span> <span class='ocrx_word' id='word_1_433' title='bbox 2800 2332 2920 2372; x_wconf 88' lang='lat' dir='ltr'><strong>esse</strong></span> <span class='ocrx_word' id='word_1_434' title='bbox 2947 2325 3230 2386; x_wconf 86' lang='lat' dir='ltr'><strong>putantur.</strong></span> <span class='ocrx_word' id='word_1_435' title='bbox 3257 2316 3391 2372; x_wconf 90' lang='lat' dir='ltr'><strong>Nam</strong></span> <span class='ocrx_word' id='word_1_436' title='bbox 3418 2328 3474 2373; x_wconf 89' lang='lat' dir='ltr'><strong>et</strong></span> <span class='ocrx_word' id='word_1_437' title='bbox 3498 2335 3582 2383; x_wconf 87' lang='lat' dir='ltr'><strong>ea,</strong></span> <span class='ocrx_word' id='word_1_438' title='bbox 3604 2336 3735 2390; x_wconf 65' lang='lat' dir='ltr'><strong>qum</strong></span> 
     </span>
    </p>
   </div>
   <div class='ocr_carea' id='block_1_55' title="bbox 2140 2404 3745 2480">
    <p class='ocr_par' dir='ltr' id='par_1_55' title="bbox 2140 2404 3745 2480">
     <span class='ocr_line' id='line_1_55' title="bbox 2140 2404 3745 2480; baseline 0.004 -21"><span class='ocrx_word' id='word_1_439' title='bbox 2140 2404 2193 2459; x_wconf 91' lang='lat' dir='ltr'><strong>in</strong></span> <span class='ocrx_word' id='word_1_440' title='bbox 2221 2405 2515 2461; x_wconf 90' lang='lat' dir='ltr'><strong>bestiarum</strong></span> <span class='ocrx_word' id='word_1_441' title='bbox 2542 2423 2768 2463; x_wconf 90' lang='lat' dir='ltr'><strong>numero</strong></span> <span class='ocrx_word' id='word_1_442' title='bbox 2799 2415 2946 2475; x_wconf 90' lang='lat' dir='ltr'><strong>sunt,</strong></span> <span class='ocrx_word' id='word_1_443' title='bbox 2974 2415 3102 2463; x_wconf 92' lang='lat' dir='ltr'><strong>tunc</strong></span> <span class='ocrx_word' id='word_1_444' title='bbox 3124 2409 3373 2465; x_wconf 87' lang='lat' dir='ltr'><strong>videntur</strong></span> <span class='ocrx_word' id='word_1_445' title='bbox 3400 2412 3745 2480; x_wconf 84' lang='lat' dir='ltr'><strong>mancipium</strong></span> 
     </span>
    </p>
   </div>
   <div class='ocr_carea' id='block_1_56' title="bbox 2141 2495 3735 2570">
    <p class='ocr_par' dir='ltr' id='par_1_56' title="bbox 2141 2495 3735 2570">
     <span class='ocr_line' id='line_1_56' title="bbox 2141 2495 3735 2570; baseline 0.004 -22"><span class='ocrx_word' id='word_1_446' title='bbox 2141 2508 2285 2560; x_wconf 89' lang='lat' dir='ltr'><strong>esse,</strong></span> <span class='ocrx_word' id='word_1_447' title='bbox 2337 2495 2550 2565; x_wconf 89' lang='lat' dir='ltr'><strong>quando</strong></span> <span class='ocrx_word' id='word_1_448' title='bbox 2593 2498 2715 2567; x_wconf 87' lang='lat' dir='ltr'><strong>capi</strong></span> <span class='ocrx_word' id='word_1_449' title='bbox 2754 2498 2869 2553; x_wconf 84' lang='lat' dir='ltr'><strong>sive</strong></span> <span class='ocrx_word' id='word_1_450' title='bbox 2910 2498 3119 2553; x_wconf 87' lang='lat' dir='ltr'><strong>domari</strong></span> <span class='ocrx_word' id='word_1_451' title='bbox 3162 2500 3445 2570; x_wconf 61' lang='lat' dir='ltr'><strong>coeperint.</strong></span> <span class='ocrx_word' id='word_1_452' title='bbox 3505 2500 3735 2569; x_wconf 84' lang='lat' dir='ltr'><strong>Ingenui</strong></span> 
     </span>
    </p>
   </div>
   <div class='ocr_carea' id='block_1_57' title="bbox 2142 2584 3734 2657">
    <p class='ocr_par' dir='ltr' id='par_1_57' title="bbox 2142 2584 3734 2657">
     <span class='ocr_line' id='line_1_57' title="bbox 2142 2584 3734 2657; baseline 0.003 -16"><span class='ocrx_word' id='word_1_453' title='bbox 2142 2584 2291 2649; x_wconf 90' lang='lat' dir='ltr'><strong>dicti,</strong></span> <span class='ocrx_word' id='word_1_454' title='bbox 2324 2585 2448 2653; x_wconf 86' lang='lat' dir='ltr'><strong>quia</strong></span> <span class='ocrx_word' id='word_1_455' title='bbox 2480 2587 2533 2640; x_wconf 92' lang='lat' dir='ltr'><strong>in</strong></span> <span class='ocrx_word' id='word_1_456' title='bbox 2559 2602 2757 2657; x_wconf 86' lang='lat' dir='ltr'><strong>genere</strong></span> <span class='ocrx_word' id='word_1_457' title='bbox 2782 2587 2984 2644; x_wconf 87' lang='lat' dir='ltr'><strong>habent</strong></span> <span class='ocrx_word' id='word_1_458' title='bbox 3016 2587 3342 2653; x_wconf 88' lang='lat' dir='ltr'><strong>libertatem,</strong></span> <span class='ocrx_word' id='word_1_459' title='bbox 3370 2590 3556 2645; x_wconf 90' lang='lat' dir='ltr'><strong>nonin</strong></span> <span class='ocrx_word' id='word_1_460' title='bbox 3584 2589 3734 2645; x_wconf 81' lang='lat' dir='ltr'><strong>facto</strong></span> 
     </span>
    </p>
   </div>
   <div class='ocr_carea' id='block_1_58' title="bbox 2143 2674 3733 2749">
    <p class='ocr_par' dir='ltr' id='par_1_58' title="bbox 2143 2674 3733 2749">
     <span class='ocr_line' id='line_1_58' title="bbox 2143 2674 3733 2749; baseline 0.004 -19"><span class='ocrx_word' id='word_1_461' title='bbox 2143 2674 2303 2742; x_wconf 25' lang='lat' dir='ltr'><strong>sicut.</strong></span> <span class='ocrx_word' id='word_1_462' title='bbox 2332 2675 2511 2732; x_wconf 88' lang='lat' dir='ltr'><strong>liberti</strong></span> <span class='ocrx_word' id='word_1_463' title='bbox 2562 2696 2575 2731; x_wconf 90' lang='lat'><strong>:</strong></span> <span class='ocrx_word' id='word_1_464' title='bbox 2628 2679 2769 2734; x_wconf 90' lang='lat' dir='ltr'><strong>unde</strong></span> <span class='ocrx_word' id='word_1_465' title='bbox 2808 2687 2865 2733; x_wconf 91' lang='lat' dir='ltr'><strong>et</strong></span> <span class='ocrx_word' id='word_1_466' title='bbox 2898 2694 2992 2735; x_wconf 90' lang='lat' dir='ltr'><strong>eos</strong></span> <span class='ocrx_word' id='word_1_467' title='bbox 3034 2678 3470 2749; x_wconf 83' lang='lat' dir='ltr'><strong>Graccieugenos</strong></span> <span class='ocrx_word' id='word_1_468' title='bbox 3511 2690 3733 2747; x_wconf 82' lang='lat' dir='ltr'><strong>vocant,</strong></span> 
     </span>
    </p>
   </div>
   <div class='ocr_carea' id='block_1_59' title="bbox 2143 2767 3737 2841">
    <p class='ocr_par' dir='ltr' id='par_1_59' title="bbox 2143 2767 3737 2841">
     <span class='ocr_line' id='line_1_59' title="bbox 2143 2767 3737 2841; baseline 0.007 -23"><span class='ocrx_word' id='word_1_469' title='bbox 2143 2767 2286 2835; x_wconf 92' lang='lat' dir='ltr'><strong>quod</strong></span> <span class='ocrx_word' id='word_1_470' title='bbox 2308 2767 2415 2822; x_wconf 89' lang='lat' dir='ltr'><strong>sint</strong></span> <span class='ocrx_word' id='word_1_471' title='bbox 2436 2768 2560 2826; x_wconf 88' lang='lat' dir='ltr'><strong>boni</strong></span> <span class='ocrx_word' id='word_1_472' title='bbox 2585 2770 2817 2838; x_wconf 84' lang='lat' dir='ltr'><strong>generis.</strong></span> <span class='ocrx_word' id='word_1_473' title='bbox 2837 2768 3088 2824; x_wconf 87' lang='lat' dir='ltr'><strong>Libertus</strong></span> <span class='ocrx_word' id='word_1_474' title='bbox 3110 2778 3289 2825; x_wconf 86' lang='lat' dir='ltr'><strong>autem</strong></span> <span class='ocrx_word' id='word_1_475' title='bbox 3314 2779 3554 2837; x_wconf 84' lang='lat' dir='ltr'><strong>vocatus,</strong></span> <span class='ocrx_word' id='word_1_476' title='bbox 3575 2773 3737 2841; x_wconf 85' lang='lat' dir='ltr'><strong>quasi</strong></span> 
     </span>
    </p>
   </div>
   <div class='ocr_carea' id='block_1_60' title="bbox 2145 2855 3731 2930">
    <p class='ocr_par' dir='ltr' id='par_1_60' title="bbox 2145 2855 3731 2930">
     <span class='ocr_line' id='line_1_60' title="bbox 2145 2855 3731 2930; baseline 0.003 -21"><span class='ocrx_word' id='word_1_477' title='bbox 2145 2855 2442 2912; x_wconf 88' lang='lat' dir='ltr'><strong>liberatus:</strong></span> <span class='ocrx_word' id='word_1_478' title='bbox 2475 2868 2592 2912; x_wconf 89' lang='lat' dir='ltr'><strong>erat</strong></span> <span class='ocrx_word' id='word_1_479' title='bbox 2626 2859 2774 2914; x_wconf 89' lang='lat' dir='ltr'><strong>enim</strong></span> <span class='ocrx_word' id='word_1_480' title='bbox 2799 2859 2949 2929; x_wconf 89' lang='lat' dir='ltr'><strong>prius</strong></span> <span class='ocrx_word' id='word_1_481' title='bbox 2983 2860 3114 2930; x_wconf 83' lang='lat' dir='ltr'><strong>jugo</strong></span> <span class='ocrx_word' id='word_1_482' title='bbox 3154 2861 3435 2915; x_wconf 86' lang='lat' dir='ltr'><strong>servitutis</strong></span> <span class='ocrx_word' id='word_1_483' title='bbox 3463 2861 3731 2916; x_wconf 84' lang='lat' dir='ltr'><strong>addictus.</strong></span> 
     </span>
    </p>
   </div>
   <div class='ocr_carea' id='block_1_61' title="bbox 2143 2938 3743 3025">
    <p class='ocr_par' dir='ltr' id='par_1_61' title="bbox 2143 2938 3743 3025">
     <span class='ocr_line' id='line_1_61' title="bbox 2143 2938 3743 3025; baseline 0.003 -19"><span class='ocrx_word' id='word_1_484' title='bbox 2143 2948 2486 3007; x_wconf 87' lang='lat' dir='ltr'><strong>Libertorum</strong></span> <span class='ocrx_word' id='word_1_485' title='bbox 2514 2952 2609 3007; x_wconf 84' lang='lat' dir='ltr'><strong>lilii</strong></span> <span class='ocrx_word' id='word_1_486' title='bbox 2638 2953 2779 3023; x_wconf 90' lang='lat' dir='ltr'><strong>apud</strong></span> <span class='ocrx_word' id='word_1_487' title='bbox 2806 2938 3059 3021; x_wconf 91' lang='lat' dir='ltr'><strong>antiquos</strong></span> <span class='ocrx_word' id='word_1_488' title='bbox 3100 2954 3338 3010; x_wconf 87' lang='lat' dir='ltr'><strong>libertini</strong></span> <span class='ocrx_word' id='word_1_489' title='bbox 3384 2955 3743 3025; x_wconf 83' lang='lat' dir='ltr'><strong>appellaban-.</strong></span> 
     </span>
    </p>
   </div>
   <div class='ocr_carea' id='block_1_62' title="bbox 2148 3040 3739 3111">
    <p class='ocr_par' dir='ltr' id='par_1_62' title="bbox 2148 3040 3739 3111">
     <span class='ocr_line' id='line_1_62' title="bbox 2148 3040 3739 3111; baseline 0.001 -15"><span class='ocrx_word' id='word_1_490' title='bbox 2148 3048 2254 3104; x_wconf 90' lang='lat' dir='ltr'><strong>tur,</strong></span> <span class='ocrx_word' id='word_1_491' title='bbox 2285 3041 2438 3111; x_wconf 87' lang='lat' dir='ltr'><strong>quasi</strong></span> <span class='ocrx_word' id='word_1_492' title='bbox 2463 3041 2532 3096; x_wconf 82' lang='lat' dir='ltr'><strong>de</strong></span> <span class='ocrx_word' id='word_1_493' title='bbox 2573 3040 2780 3097; x_wconf 87' lang='lat' dir='ltr'><strong>libertis</strong></span> <span class='ocrx_word' id='word_1_494' title='bbox 2801 3041 2934 3096; x_wconf 86' lang='lat' dir='ltr'><strong>nati.</strong></span> <span class='ocrx_word' id='word_1_495' title='bbox 2986 3041 3140 3097; x_wconf 85' lang='lat' dir='ltr'><strong>Nunc</strong></span> <span class='ocrx_word' id='word_1_496' title='bbox 3167 3058 3297 3098; x_wconf 91' lang='lat' dir='ltr'><strong>vero</strong></span> <span class='ocrx_word' id='word_1_497' title='bbox 3326 3043 3613 3099; x_wconf 89' lang='lat' dir='ltr'><strong>libertinus</strong></span> <span class='ocrx_word' id='word_1_498' title='bbox 3640 3052 3739 3098; x_wconf 82' lang='lat' dir='ltr'><strong>aut</strong></span> 
     </span>
    </p>
   </div>
   <div class='ocr_carea' id='block_1_63' title="bbox 464 3115 3738 3205">
    <p class='ocr_par' dir='ltr' id='par_1_63' title="bbox 464 3115 3738 3205">
     <span class='ocr_line' id='line_1_63' title="bbox 464 3115 3738 3205; baseline 0.001 -19"><span class='ocrx_word' id='word_1_499' title='bbox 464 3133 585 3205; x_wconf 87' lang='lat' dir='ltr'><strong>pria</strong></span> <span class='ocrx_word' id='word_1_500' title='bbox 633 3132 838 3188; x_wconf 82' lang='lat' dir='ltr'><strong>familia</strong></span> <span class='ocrx_word' id='word_1_501' title='bbox 884 3149 1162 3190; x_wconf 89' lang='lat' dir='ltr'><strong>servorum</strong></span> <span class='ocrx_word' id='word_1_502' title='bbox 1188 3133 1383 3189; x_wconf 79' lang='lat' dir='ltr'><strong>exorti.</strong></span> <span class='ocrx_word' id='word_1_503' title='bbox 1417 3133 1567 3186; x_wconf 84' lang='lat' dir='ltr'><strong>Servi</strong></span> <span class='ocrx_word' id='word_1_504' title='bbox 1609 3139 1787 3186; x_wconf 90' lang='lat' dir='ltr'><strong>autem</strong></span> <span class='ocrx_word' id='word_1_505' title='bbox 1815 3128 2047 3185; x_wconf 85' lang='lat' dir='ltr'><strong>vocabu-</strong></span> <span class='ocrx_word' id='word_1_506' title='bbox 2076 3115 2122 3179; x_wconf 90' lang='lat' dir='ltr'><strong>C</strong></span> <span class='ocrx_word' id='word_1_507' title='bbox 2152 3148 2183 3187; x_wconf 87' lang='lat' dir='ltr'><strong>a</strong></span> <span class='ocrx_word' id='word_1_508' title='bbox 2211 3132 2405 3188; x_wconf 91' lang='lat' dir='ltr'><strong>liberto</strong></span> <span class='ocrx_word' id='word_1_509' title='bbox 2433 3132 2605 3189; x_wconf 83' lang='lat' dir='ltr'><strong>factus</strong></span> <span class='ocrx_word' id='word_1_510' title='bbox 2634 3143 2728 3188; x_wconf 86' lang='lat' dir='ltr'><strong>aut</strong></span> <span class='ocrx_word' id='word_1_511' title='bbox 2752 3134 3273 3203; x_wconf 80' lang='lat' dir='ltr'><strong>possessus.Liberti</strong></span> <span class='ocrx_word' id='word_1_512' title='bbox 3296 3135 3441 3189; x_wconf 90' lang='lat' dir='ltr'><strong>enim</strong></span> <span class='ocrx_word' id='word_1_513' title='bbox 3474 3134 3738 3205; x_wconf 76' lang='lat' dir='ltr'><strong>spiritali-</strong></span> 
     </span>
    </p>
   </div>
   <div class='ocr_carea' id='block_1_64' title="bbox 468 3219 2050 3294">
    <p class='ocr_par' dir='ltr' id='par_1_64' title="bbox 468 3219 2050 3294">
     <span class='ocr_line' id='line_1_64' title="bbox 468 3219 2050 3294; baseline -0.002 -17"><span class='ocrx_word' id='word_1_514' title='bbox 468 3222 579 3278; x_wconf 80' lang='lat' dir='ltr'><strong>luni</strong></span> <span class='ocrx_word' id='word_1_515' title='bbox 614 3224 739 3280; x_wconf 90' lang='lat' dir='ltr'><strong>inde</strong></span> <span class='ocrx_word' id='word_1_516' title='bbox 765 3234 1080 3291; x_wconf 83' lang='lat' dir='ltr'><strong>traxerunt;</strong></span> <span class='ocrx_word' id='word_1_517' title='bbox 1109 3225 1233 3294; x_wconf 89' lang='lat' dir='ltr'><strong>quia</strong></span> <span class='ocrx_word' id='word_1_518' title='bbox 1278 3224 1333 3277; x_wconf 90' lang='lat' dir='ltr'><strong>hi</strong></span> <span class='ocrx_word' id='word_1_519' title='bbox 1384 3223 1473 3292; x_wconf 93' lang='lat' dir='ltr'><strong>qui</strong></span> <span class='ocrx_word' id='word_1_520' title='bbox 1500 3221 1623 3292; x_wconf 90' lang='lat' dir='ltr'><strong>jure</strong></span> <span class='ocrx_word' id='word_1_521' title='bbox 1662 3219 1784 3275; x_wconf 91' lang='lat' dir='ltr'><strong>belli</strong></span> <span class='ocrx_word' id='word_1_522' title='bbox 1828 3227 2050 3290; x_wconf 87' lang='lat' dir='ltr'><strong>possent</strong></span> 
     </span>
    </p>
   </div>
   <div class='ocr_carea' id='block_1_65' title="bbox 467 3307 2049 3373">
    <p class='ocr_par' dir='ltr' id='par_1_65' title="bbox 467 3307 2049 3373">
     <span class='ocr_line' id='line_1_65' title="bbox 467 3307 2049 3373; baseline -0.003 -5"><span class='ocrx_word' id='word_1_523' title='bbox 467 3315 642 3370; x_wconf 88' lang='lat' dir='ltr'><strong>occidi</strong></span> <span class='ocrx_word' id='word_1_524' title='bbox 666 3331 696 3369; x_wconf 87' lang='lat' dir='ltr'><strong>a</strong></span> <span class='ocrx_word' id='word_1_525' title='bbox 720 3315 1016 3371; x_wconf 89' lang='lat' dir='ltr'><strong>victoribus</strong></span> <span class='ocrx_word' id='word_1_526' title='bbox 1043 3312 1506 3370; x_wconf 88' lang='lat' dir='ltr'><strong>conservabantur</strong></span> <span class='ocrx_word' id='word_1_527' title='bbox 1539 3330 1552 3364; x_wconf 89' lang='lat'><strong>:</strong></span> <span class='ocrx_word' id='word_1_528' title='bbox 1594 3308 1737 3365; x_wconf 89' lang='lat' dir='ltr'><strong>servi</strong></span> <span class='ocrx_word' id='word_1_529' title='bbox 1766 3307 1988 3373; x_wconf 76' lang='lat' dir='ltr'><strong>fiebant,</strong></span> <span class='ocrx_word' id='word_1_530' title='bbox 2018 3322 2049 3363; x_wconf 87' lang='lat' dir='ltr'><strong>a</strong></span> 
     </span>
    </p>
   </div>
   <div class='ocr_carea' id='block_1_66' title="bbox 470 3400 2049 3473">
    <p class='ocr_par' dir='ltr' id='par_1_66' title="bbox 470 3400 2049 3473">
     <span class='ocr_line' id='line_1_66' title="bbox 470 3400 2049 3473; baseline -0.004 -13"><span class='ocrx_word' id='word_1_531' title='bbox 470 3406 740 3461; x_wconf 90' lang='lat' dir='ltr'><strong>servando</strong></span> <span class='ocrx_word' id='word_1_532' title='bbox 790 3406 1000 3461; x_wconf 89' lang='lat' dir='ltr'><strong>scilicet</strong></span> <span class='ocrx_word' id='word_1_533' title='bbox 1029 3406 1171 3461; x_wconf 87' lang='lat' dir='ltr'><strong>servi</strong></span> <span class='ocrx_word' id='word_1_534' title='bbox 1195 3405 1390 3459; x_wconf 88' lang='lat' dir='ltr'><strong>vocati.</strong></span> <span class='ocrx_word' id='word_1_535' title='bbox 1417 3403 1618 3458; x_wconf 89' lang='lat' dir='ltr'><strong>Servus</strong></span> <span class='ocrx_word' id='word_1_536' title='bbox 1637 3400 1862 3473; x_wconf 85' lang='lat' dir='ltr'><strong>mystice</strong></span> <span class='ocrx_word' id='word_1_537' title='bbox 1889 3400 2049 3456; x_wconf 89' lang='lat' dir='ltr'><strong>Chri-</strong></span> 
     </span>
    </p>
   </div>
   <div class='ocr_carea' id='block_1_67' title="bbox 469 3492 2053 3570">
    <p class='ocr_par' dir='ltr' id='par_1_67' title="bbox 469 3492 2053 3570">
     <span class='ocr_line' id='line_1_67' title="bbox 469 3492 2053 3570; baseline -0.004 -17"><span class='ocrx_word' id='word_1_538' title='bbox 469 3506 585 3553; x_wconf 91' lang='lat' dir='ltr'><strong>stus</strong></span> <span class='ocrx_word' id='word_1_539' title='bbox 614 3498 669 3552; x_wconf 92' lang='lat' dir='ltr'><strong>in</strong></span> <span class='ocrx_word' id='word_1_540' title='bbox 713 3500 1014 3570; x_wconf 90' lang='lat' dir='ltr'><strong>abjectionc</strong></span> <span class='ocrx_word' id='word_1_541' title='bbox 1052 3500 1253 3565; x_wconf 89' lang='lat' dir='ltr'><strong>carnis,</strong></span> <span class='ocrx_word' id='word_1_542' title='bbox 1300 3498 1440 3553; x_wconf 89' lang='lat' dir='ltr'><strong>sicut</strong></span> <span class='ocrx_word' id='word_1_543' title='bbox 1472 3496 1525 3551; x_wconf 92' lang='lat' dir='ltr'><strong>in</strong></span> <span class='ocrx_word' id='word_1_544' title='bbox 1563 3495 1699 3551; x_wconf 86' lang='lat' dir='ltr'><strong>Isaia</strong></span> <span class='ocrx_word' id='word_1_545' title='bbox 1729 3497 1795 3551; x_wconf 89' lang='lat' dir='ltr'><strong>de</strong></span> <span class='ocrx_word' id='word_1_546' title='bbox 1830 3509 1894 3549; x_wconf 93' lang='lat' dir='ltr'><strong>eo</strong></span> <span class='ocrx_word' id='word_1_547' title='bbox 1918 3492 2053 3548; x_wconf 88' lang='lat' dir='ltr'><strong>dici-</strong></span> 
     </span>
    </p>
   </div>
   <div class='ocr_carea' id='block_1_68' title="bbox 469 3581 2047 3658">
    <p class='ocr_par' dir='ltr' id='par_1_68' title="bbox 469 3581 2047 3658">
     <span class='ocr_line' id='line_1_68' title="bbox 469 3581 2047 3658; baseline -0.003 -17"><span class='ocrx_word' id='word_1_548' title='bbox 469 3596 561 3642; x_wconf 91' lang='lat' dir='ltr'><strong>tur</strong></span> <span class='ocrx_word' id='word_1_549' title='bbox 598 3602 614 3641; x_wconf 94' lang='lat'><strong>:</strong></span> <span class='ocrx_word' id='word_1_550' title='bbox 667 3587 803 3643; x_wconf 86' lang='lat' dir='ltr'><strong>Ecce</strong></span> <span class='ocrx_word' id='word_1_551' title='bbox 834 3603 1012 3642; x_wconf 86' lang='lat' dir='ltr'><strong>servus</strong></span> <span class='ocrx_word' id='word_1_552' title='bbox 1054 3605 1197 3642; x_wconf 90' lang='lat' dir='ltr'><strong>meus</strong></span> <span class='ocrx_word' id='word_1_553' title='bbox 1241 3588 1522 3657; x_wconf 86' lang='lat' dir='ltr'><strong>suscipiam</strong></span> <span class='ocrx_word' id='word_1_554' title='bbox 1562 3603 1681 3641; x_wconf 84' lang='lat' dir='ltr'><strong>eum</strong></span> <span class='ocrx_word' id='word_1_555' title='bbox 1712 3585 1847 3658; x_wconf 86' lang='lat' dir='ltr'><strong>(Isa.</strong></span> <span class='ocrx_word' id='word_1_556' title='bbox 1889 3581 2047 3655; x_wconf 75' lang='lat' dir='ltr'><strong>xui).</strong></span> 
     </span>
    </p>
   </div>
   <div class='ocr_carea' id='block_1_69' title="bbox 469 3673 2050 3744">
    <p class='ocr_par' dir='ltr' id='par_1_69' title="bbox 469 3673 2050 3744">
     <span class='ocr_line' id='line_1_69' title="bbox 469 3673 2050 3744; baseline -0.002 -13"><span class='ocrx_word' id='word_1_557' title='bbox 469 3673 604 3731; x_wconf 91' lang='lat' dir='ltr'><strong>ltem</strong></span> <span class='ocrx_word' id='word_1_558' title='bbox 635 3693 823 3733; x_wconf 89' lang='lat' dir='ltr'><strong>servus</strong></span> <span class='ocrx_word' id='word_1_559' title='bbox 844 3678 1035 3733; x_wconf 91' lang='lat' dir='ltr'><strong>doctor</strong></span> <span class='ocrx_word' id='word_1_560' title='bbox 1072 3678 1243 3733; x_wconf 86' lang='lat' dir='ltr'><strong>tidelis</strong></span> <span class='ocrx_word' id='word_1_561' title='bbox 1285 3678 1341 3733; x_wconf 89' lang='lat' dir='ltr'><strong>in</strong></span> <span class='ocrx_word' id='word_1_562' title='bbox 1372 3676 1632 3744; x_wconf 67' lang='lat' dir='ltr'><strong>Ecclesia,</strong></span> <span class='ocrx_word' id='word_1_563' title='bbox 1675 3684 1734 3731; x_wconf 91' lang='lat' dir='ltr'><strong>ut</strong></span> <span class='ocrx_word' id='word_1_564' title='bbox 1774 3676 1829 3730; x_wconf 92' lang='lat' dir='ltr'><strong>in</strong></span> <span class='ocrx_word' id='word_1_565' title='bbox 1870 3674 2050 3729; x_wconf 88' lang='lat' dir='ltr'><strong>Evan-</strong></span> 
     </span>
    </p>
   </div>
   <div class='ocr_carea' id='block_1_70' title="bbox 473 3761 2053 3840">
    <p class='ocr_par' dir='ltr' id='par_1_70' title="bbox 473 3761 2053 3840">
     <span class='ocr_line' id='line_1_70' title="bbox 473 3761 2053 3840; baseline -0.004 -18"><span class='ocrx_word' id='word_1_566' title='bbox 473 3768 610 3838; x_wconf 88' lang='lat' dir='ltr'><strong>gelio</strong></span> <span class='ocrx_word' id='word_1_567' title='bbox 638 3768 869 3839; x_wconf 83' lang='lat' dir='ltr'><strong>legitur:</strong></span> <span class='ocrx_word' id='word_1_568' title='bbox 900 3768 1029 3834; x_wconf 82' lang='lat' dir='ltr'><strong>Quis</strong></span> <span class='ocrx_word' id='word_1_569' title='bbox 1051 3778 1200 3840; x_wconf 87' lang='lat' dir='ltr'><strong>putas</strong></span> <span class='ocrx_word' id='word_1_570' title='bbox 1228 3777 1302 3822; x_wconf 89' lang='lat' dir='ltr'><strong>est</strong></span> <span class='ocrx_word' id='word_1_571' title='bbox 1324 3768 1494 3837; x_wconf 83' lang='lat' dir='ltr'><strong>ﬁdelis</strong></span> <span class='ocrx_word' id='word_1_572' title='bbox 1521 3783 1698 3822; x_wconf 87' lang='lat' dir='ltr'><strong>servus</strong></span> <span class='ocrx_word' id='word_1_573' title='bbox 1719 3775 1766 3821; x_wconf 91' lang='lat' dir='ltr'><strong>et</strong></span> <span class='ocrx_word' id='word_1_574' title='bbox 1787 3761 2053 3836; x_wconf 81' lang='lat' dir='ltr'><strong>prudens?</strong></span> 
     </span>
    </p>
   </div>
   <div class='ocr_carea' id='block_1_71' title="bbox 473 3856 2047 3931">
    <p class='ocr_par' dir='ltr' id='par_1_71' title="bbox 473 3856 2047 3931">
     <span class='ocr_line' id='line_1_71' title="bbox 473 3856 2047 3931; baseline -0.003 -20"><span class='ocrx_word' id='word_1_575' title='bbox 473 3857 693 3931; x_wconf 79' lang='lat' dir='ltr'><strong>(Matth.</strong></span> <span class='ocrx_word' id='word_1_576' title='bbox 727 3857 876 3931; x_wconf 77' lang='lat' dir='ltr'><strong>xxiv)</strong></span> <span class='ocrx_word' id='word_1_577' title='bbox 901 3866 957 3913; x_wconf 91' lang='lat' dir='ltr'><strong>et</strong></span> <span class='ocrx_word' id='word_1_578' title='bbox 998 3858 1052 3913; x_wconf 91' lang='lat' dir='ltr'><strong>in</strong></span> <span class='ocrx_word' id='word_1_579' title='bbox 1080 3858 1240 3913; x_wconf 90' lang='lat' dir='ltr'><strong>aliam</strong></span> <span class='ocrx_word' id='word_1_580' title='bbox 1267 3866 1472 3929; x_wconf 88' lang='lat' dir='ltr'><strong>partem</strong></span> <span class='ocrx_word' id='word_1_581' title='bbox 1504 3859 1569 3912; x_wconf 88' lang='lat' dir='ltr'><strong>de</strong></span> <span class='ocrx_word' id='word_1_582' title='bbox 1595 3871 1763 3926; x_wconf 87' lang='lat' dir='ltr'><strong>pravo</strong></span> <span class='ocrx_word' id='word_1_583' title='bbox 1805 3856 2047 3918; x_wconf 88' lang='lat' dir='ltr'><strong>doctore,</strong></span> 
     </span>
    </p>
   </div>
   <div class='ocr_carea' id='block_1_72' title="bbox 472 3942 2052 4020">
    <p class='ocr_par' dir='ltr' id='par_1_72' title="bbox 472 3942 2052 4020">
     <span class='ocr_line' id='line_1_72' title="bbox 472 3942 2052 4020; baseline -0.004 -17"><span class='ocrx_word' id='word_1_584' title='bbox 472 3948 562 4003; x_wconf 85' lang='lat' dir='ltr'><strong>ubi</strong></span> <span class='ocrx_word' id='word_1_585' title='bbox 585 3957 640 4003; x_wconf 92' lang='lat' dir='ltr'><strong>et</strong></span> <span class='ocrx_word' id='word_1_586' title='bbox 665 3964 857 4018; x_wconf 86' lang='lat' dir='ltr'><strong>supra;</strong></span> <span class='ocrx_word' id='word_1_587' title='bbox 881 3949 1019 4020; x_wconf 86' lang='lat' dir='ltr'><strong>quod</strong></span> <span class='ocrx_word' id='word_1_588' title='bbox 1039 3950 1086 4004; x_wconf 89' lang='lat' dir='ltr'><strong>si</strong></span> <span class='ocrx_word' id='word_1_589' title='bbox 1110 3942 1298 4003; x_wconf 76' lang='lat' dir='ltr'><strong>dixerit</strong></span> <span class='ocrx_word' id='word_1_590' title='bbox 1324 3948 1412 4002; x_wconf 89' lang='lat' dir='ltr'><strong>ille</strong></span> <span class='ocrx_word' id='word_1_591' title='bbox 1435 3964 1609 4002; x_wconf 87' lang='lat' dir='ltr'><strong>servus</strong></span> <span class='ocrx_word' id='word_1_592' title='bbox 1635 3945 1804 4000; x_wconf 87' lang='lat' dir='ltr'><strong>malus</strong></span> <span class='ocrx_word' id='word_1_593' title='bbox 1827 3945 1881 3998; x_wconf 90' lang='lat' dir='ltr'><strong>in</strong></span> <span class='ocrx_word' id='word_1_594' title='bbox 1899 3944 2052 3998; x_wconf 86' lang='lat' dir='ltr'><strong>corde</strong></span> 
     </span>
    </p>
   </div>
   <div class='ocr_carea' id='block_1_73' title="bbox 474 4035 2054 4111">
    <p class='ocr_par' dir='ltr' id='par_1_73' title="bbox 474 4035 2054 4111">
     <span class='ocr_line' id='line_1_73' title="bbox 474 4035 2054 4111; baseline -0.003 -18"><span class='ocrx_word' id='word_1_595' title='bbox 474 4056 571 4093; x_wconf 88' lang='lat' dir='ltr'><strong>suo</strong></span> <span class='ocrx_word' id='word_1_596' title='bbox 597 4037 808 4111; x_wconf 88' lang='lat' dir='ltr'><strong>(Ibid.).</strong></span> <span class='ocrx_word' id='word_1_597' title='bbox 852 4038 1053 4095; x_wconf 88' lang='lat' dir='ltr'><strong>Servus</strong></span> <span class='ocrx_word' id='word_1_598' title='bbox 1102 4048 1186 4095; x_wconf 89' lang='lat' dir='ltr'><strong>est</strong></span> <span class='ocrx_word' id='word_1_599' title='bbox 1224 4040 1386 4094; x_wconf 87' lang='lat' dir='ltr'><strong>homo</strong></span> <span class='ocrx_word' id='word_1_600' title='bbox 1408 4048 1680 4108; x_wconf 88' lang='lat' dir='ltr'><strong>peccator,</strong></span> <span class='ocrx_word' id='word_1_601' title='bbox 1713 4044 1773 4090; x_wconf 91' lang='lat' dir='ltr'><strong>ut</strong></span> <span class='ocrx_word' id='word_1_602' title='bbox 1807 4036 1860 4091; x_wconf 91' lang='lat' dir='ltr'><strong>in</strong></span> <span class='ocrx_word' id='word_1_603' title='bbox 1902 4035 2054 4089; x_wconf 82' lang='lat' dir='ltr'><strong>Salo-</strong></span> 
     </span>
    </p>
   </div>
   <div class='ocr_carea' id='block_1_74' title="bbox 474 4124 2053 4196">
    <p class='ocr_par' dir='ltr' id='par_1_74' title="bbox 474 4124 2053 4196">
     <span class='ocr_line' id='line_1_74' title="bbox 474 4124 2053 4196; baseline -0.002 -14"><span class='ocrx_word' id='word_1_604' title='bbox 474 4142 635 4182; x_wconf 83' lang='lat' dir='ltr'><strong>mone</strong></span> <span class='ocrx_word' id='word_1_605' title='bbox 665 4145 679 4181; x_wconf 91' lang='lat'><strong>:</strong></span> <span class='ocrx_word' id='word_1_606' title='bbox 712 4127 899 4183; x_wconf 83' lang='lat' dir='ltr'><strong>Servus</strong></span> <span class='ocrx_word' id='word_1_607' title='bbox 928 4128 1090 4183; x_wconf 86' lang='lat' dir='ltr'><strong>verbis</strong></span> <span class='ocrx_word' id='word_1_608' title='bbox 1119 4145 1221 4183; x_wconf 88' lang='lat' dir='ltr'><strong>non</strong></span> <span class='ocrx_word' id='word_1_609' title='bbox 1246 4129 1527 4196; x_wconf 85' lang='lat' dir='ltr'><strong>corrigitur</strong></span> <span class='ocrx_word' id='word_1_610' title='bbox 1555 4140 1573 4177; x_wconf 91' lang='lat'><strong>:</strong></span> <span class='ocrx_word' id='word_1_611' title='bbox 1602 4126 1725 4196; x_wconf 88' lang='lat' dir='ltr'><strong>quia</strong></span> <span class='ocrx_word' id='word_1_612' title='bbox 1752 4125 1890 4195; x_wconf 85' lang='lat' dir='ltr'><strong>quod</strong></span> <span class='ocrx_word' id='word_1_613' title='bbox 1921 4124 2053 4180; x_wconf 85' lang='lat' dir='ltr'><strong>dicis</strong></span> 
     </span>
    </p>
   </div>
   <div class='ocr_carea' id='block_1_75' title="bbox 472 4213 2053 4288">
    <p class='ocr_par' dir='ltr' id='par_1_75' title="bbox 472 4213 2053 4288">
     <span class='ocr_line' id='line_1_75' title="bbox 472 4213 2053 4288; baseline -0.001 -18"><span class='ocrx_word' id='word_1_614' title='bbox 472 4215 715 4288; x_wconf 83' lang='lat' dir='ltr'><strong>intelligit</strong></span> <span class='ocrx_word' id='word_1_615' title='bbox 740 4228 786 4271; x_wconf 89' lang='lat' dir='ltr'><strong>et</strong></span> <span class='ocrx_word' id='word_1_616' title='bbox 813 4217 1124 4287; x_wconf 78' lang='lat' dir='ltr'><strong>respondere</strong></span> <span class='ocrx_word' id='word_1_617' title='bbox 1160 4218 1476 4287; x_wconf 85' lang='lat' dir='ltr'><strong>dedignatur</strong></span> <span class='ocrx_word' id='word_1_618' title='bbox 1504 4213 1687 4287; x_wconf 85' lang='lat' dir='ltr'><strong>(Prov.</strong></span> <span class='ocrx_word' id='word_1_619' title='bbox 1715 4216 1888 4287; x_wconf 76' lang='lat' dir='ltr'><strong>xxxx).</strong></span> <span class='ocrx_word' id='word_1_620' title='bbox 1922 4213 2053 4270; x_wconf 89' lang='lat' dir='ltr'><strong>ltem</strong></span> 
     </span>
    </p>
   </div>
   <div class='ocr_carea' id='block_1_76' title="bbox 475 4304 2054 4375">
    <p class='ocr_par' dir='ltr' id='par_1_76' title="bbox 475 4304 2054 4375">
     <span class='ocr_line' id='line_1_76' title="bbox 475 4304 2054 4375; baseline -0.001 -16"><span class='ocrx_word' id='word_1_621' title='bbox 475 4305 644 4369; x_wconf 85' lang='lat' dir='ltr'><strong>servi,</strong></span> <span class='ocrx_word' id='word_1_622' title='bbox 673 4307 847 4360; x_wconf 86' lang='lat' dir='ltr'><strong>sancti</strong></span> <span class='ocrx_word' id='word_1_623' title='bbox 878 4315 1026 4371; x_wconf 91' lang='lat' dir='ltr'><strong>sunt,</strong></span> <span class='ocrx_word' id='word_1_624' title='bbox 1050 4314 1110 4360; x_wconf 90' lang='lat' dir='ltr'><strong>ut</strong></span> <span class='ocrx_word' id='word_1_625' title='bbox 1136 4306 1188 4359; x_wconf 88' lang='lat' dir='ltr'><strong>in</strong></span> <span class='ocrx_word' id='word_1_626' title='bbox 1218 4304 1368 4359; x_wconf 90' lang='lat' dir='ltr'><strong>Joel:</strong></span> <span class='ocrx_word' id='word_1_627' title='bbox 1413 4304 1517 4359; x_wconf 84' lang='lat' dir='ltr'><strong>Sed</strong></span> <span class='ocrx_word' id='word_1_628' title='bbox 1545 4316 1591 4358; x_wconf 88' lang='lat' dir='ltr'><strong>et</strong></span> <span class='ocrx_word' id='word_1_629' title='bbox 1621 4322 1777 4375; x_wconf 87' lang='lat' dir='ltr'><strong>super</strong></span> <span class='ocrx_word' id='word_1_630' title='bbox 1801 4323 1971 4359; x_wconf 88' lang='lat' dir='ltr'><strong>servos</strong></span> <span class='ocrx_word' id='word_1_631' title='bbox 2005 4315 2054 4359; x_wconf 85' lang='lat' dir='ltr'><strong>et</strong></span> 
     </span>
    </p>
   </div>
   <div class='ocr_carea' id='block_1_77' title="bbox 476 4392 2053 4468">
    <p class='ocr_par' dir='ltr' id='par_1_77' title="bbox 476 4392 2053 4468">
     <span class='ocr_line' id='line_1_77' title="bbox 476 4392 2053 4468; baseline 0.003 -23"><span class='ocrx_word' id='word_1_632' title='bbox 476 4392 698 4447; x_wconf 84' lang='lat' dir='ltr'><strong>ancillas</strong></span> <span class='ocrx_word' id='word_1_633' title='bbox 720 4410 861 4448; x_wconf 88' lang='lat' dir='ltr'><strong>meas</strong></span> <span class='ocrx_word' id='word_1_634' title='bbox 888 4396 1154 4464; x_wconf 65' lang='lat' dir='ltr'><strong>effundam</strong></span> <span class='ocrx_word' id='word_1_635' title='bbox 1182 4396 1246 4448; x_wconf 86' lang='lat' dir='ltr'><strong>de</strong></span> <span class='ocrx_word' id='word_1_636' title='bbox 1272 4396 1459 4466; x_wconf 85' lang='lat' dir='ltr'><strong>spiritu</strong></span> <span class='ocrx_word' id='word_1_637' title='bbox 1490 4411 1599 4448; x_wconf 83' lang='lat' dir='ltr'><strong>meo</strong></span> <span class='ocrx_word' id='word_1_638' title='bbox 1635 4392 1794 4466; x_wconf 79' lang='lat' dir='ltr'><strong>(Joel.</strong></span> <span class='ocrx_word' id='word_1_639' title='bbox 1825 4396 1909 4468; x_wconf 88' lang='grc' dir='ltr'><strong>ιι).</strong></span> <span class='ocrx_word' id='word_1_640' title='bbox 1953 4395 2053 4449; x_wconf 88' lang='lat' dir='ltr'><strong>Fa-</strong></span> 
     </span>
    </p>
   </div>
   <div class='ocr_carea' id='block_1_78' title="bbox 2153 3223 3741 3295">
    <p class='ocr_par' dir='ltr' id='par_1_78' title="bbox 2153 3223 3741 3295">
     <span class='ocr_line' id='line_1_78' title="bbox 2153 3223 3741 3295; baseline 0 -17"><span class='ocrx_word' id='word_1_641' title='bbox 2153 3233 2233 3279; x_wconf 91' lang='lat' dir='ltr'><strong>ter</strong></span> <span class='ocrx_word' id='word_1_642' title='bbox 2254 3224 2330 3278; x_wconf 90' lang='lat' dir='ltr'><strong>illi</strong></span> <span class='ocrx_word' id='word_1_643' title='bbox 2357 3224 2633 3290; x_wconf 88' lang='lat' dir='ltr'><strong>dicuntur,</strong></span> <span class='ocrx_word' id='word_1_644' title='bbox 2660 3225 2752 3295; x_wconf 90' lang='lat' dir='ltr'><strong>qui</strong></span> <span class='ocrx_word' id='word_1_645' title='bbox 2781 3223 3087 3279; x_wconf 88' lang='lat' dir='ltr'><strong>Christiana</strong></span> <span class='ocrx_word' id='word_1_646' title='bbox 3121 3224 3371 3280; x_wconf 86' lang='lat' dir='ltr'><strong>libertate</strong></span> <span class='ocrx_word' id='word_1_647' title='bbox 3406 3227 3543 3281; x_wconf 89' lang='lat' dir='ltr'><strong>bene</strong></span> <span class='ocrx_word' id='word_1_648' title='bbox 3575 3233 3741 3280; x_wconf 85' lang='lat' dir='ltr'><strong>utun-</strong></span> 
     </span>
    </p>
   </div>
   <div class='ocr_carea' id='block_1_79' title="bbox 2152 3313 3741 3395">
    <p class='ocr_par' dir='ltr' id='par_1_79' title="bbox 2152 3313 3741 3395">
     <span class='ocr_line' id='line_1_79' title="bbox 2152 3313 3741 3395; baseline 0.002 -29"><span class='ocrx_word' id='word_1_649' title='bbox 2152 3321 2260 3367; x_wconf 89' lang='lat' dir='ltr'><strong>tur.</strong></span> <span class='ocrx_word' id='word_1_650' title='bbox 2294 3313 2446 3369; x_wconf 88' lang='lat' dir='ltr'><strong>Unde</strong></span> <span class='ocrx_word' id='word_1_651' title='bbox 2466 3314 2755 3384; x_wconf 84' lang='lat' dir='ltr'><strong>Apostolus</strong></span> <span class='ocrx_word' id='word_1_652' title='bbox 2786 3316 2862 3369; x_wconf 89' lang='lat' dir='ltr'><strong>ait</strong></span> <span class='ocrx_word' id='word_1_653' title='bbox 2894 3334 2907 3369; x_wconf 90' lang='lat'><strong>:</strong></span> <span class='ocrx_word' id='word_1_654' title='bbox 2944 3313 3048 3380; x_wconf 85' lang='lat' dir='ltr'><strong>Qui</strong></span> <span class='ocrx_word' id='word_1_655' title='bbox 3075 3317 3212 3368; x_wconf 89' lang='lat' dir='ltr'><strong>enim</strong></span> <span class='ocrx_word' id='word_1_656' title='bbox 3238 3316 3291 3368; x_wconf 90' lang='lat' dir='ltr'><strong>in</strong></span> <span class='ocrx_word' id='word_1_657' title='bbox 3333 3315 3555 3370; x_wconf 85' lang='lat' dir='ltr'><strong>Domino</strong></span> <span class='ocrx_word' id='word_1_658' title='bbox 3582 3332 3741 3395; x_wconf 68' lang='lat' dir='ltr'><strong>llch-</strong></span> 
     </span>
    </p>
   </div>
   <div class='ocr_carea' id='block_1_80' title="bbox 2151 3405 3739 3476">
    <p class='ocr_par' dir='ltr' id='par_1_80' title="bbox 2151 3405 3739 3476">
     <span class='ocr_line' id='line_1_80' title="bbox 2151 3405 3739 3476; baseline 0 -17"><span class='ocrx_word' id='word_1_659' title='bbox 2151 3415 2233 3459; x_wconf 88' lang='lat' dir='ltr'><strong>tus</strong></span> <span class='ocrx_word' id='word_1_660' title='bbox 2255 3414 2328 3459; x_wconf 87' lang='lat' dir='ltr'><strong>est</strong></span> <span class='ocrx_word' id='word_1_661' title='bbox 2359 3422 2559 3471; x_wconf 88' lang='lat' dir='ltr'><strong>servus,</strong></span> <span class='ocrx_word' id='word_1_662' title='bbox 2586 3405 2799 3459; x_wconf 88' lang='lat' dir='ltr'><strong>libertus</strong></span> <span class='ocrx_word' id='word_1_663' title='bbox 2835 3414 2909 3459; x_wconf 86' lang='lat' dir='ltr'><strong>est</strong></span> <span class='ocrx_word' id='word_1_664' title='bbox 2938 3405 3170 3459; x_wconf 88' lang='lat' dir='ltr'><strong>Domini.</strong></span> <span class='ocrx_word' id='word_1_665' title='bbox 3214 3405 3473 3460; x_wconf 86' lang='lat' dir='ltr'><strong>Similiter</strong></span> <span class='ocrx_word' id='word_1_666' title='bbox 3494 3407 3583 3476; x_wconf 85' lang='lat' dir='ltr'><strong>qui</strong></span> <span class='ocrx_word' id='word_1_667' title='bbox 3607 3405 3739 3459; x_wconf 85' lang='lat' dir='ltr'><strong>liber</strong></span> 
     </span>
    </p>
   </div>
   <div class='ocr_carea' id='block_1_81' title="bbox 2150 3493 3743 3567">
    <p class='ocr_par' dir='ltr' id='par_1_81' title="bbox 2150 3493 3743 3567">
     <span class='ocr_line' id='line_1_81' title="bbox 2150 3493 3743 3567; baseline 0.001 -18"><span class='ocrx_word' id='word_1_668' title='bbox 2150 3505 2362 3549; x_wconf 87' lang='lat' dir='ltr'><strong>vocatus</strong></span> <span class='ocrx_word' id='word_1_669' title='bbox 2390 3505 2493 3561; x_wconf 89' lang='lat' dir='ltr'><strong>est,</strong></span> <span class='ocrx_word' id='word_1_670' title='bbox 2530 3511 2710 3549; x_wconf 87' lang='lat' dir='ltr'><strong>servus</strong></span> <span class='ocrx_word' id='word_1_671' title='bbox 2736 3506 2807 3549; x_wconf 87' lang='lat' dir='ltr'><strong>est</strong></span> <span class='ocrx_word' id='word_1_672' title='bbox 2835 3493 3030 3549; x_wconf 85' lang='lat' dir='ltr'><strong>Christi</strong></span> <span class='ocrx_word' id='word_1_673' title='bbox 3057 3494 3107 3566; x_wconf 88' lang='grc' dir='ltr'><strong>(Ι</strong></span> <span class='ocrx_word' id='word_1_674' title='bbox 3138 3494 3260 3549; x_wconf 89' lang='lat' dir='ltr'><strong>Cor.</strong></span> <span class='ocrx_word' id='word_1_675' title='bbox 3300 3494 3421 3567; x_wconf 81' lang='lat' dir='ltr'><strong>vlt).</strong></span> <span class='ocrx_word' id='word_1_676' title='bbox 3467 3496 3566 3549; x_wconf 80' lang='lat' dir='ltr'><strong>llic</strong></span> <span class='ocrx_word' id='word_1_677' title='bbox 3593 3496 3743 3550; x_wconf 78' lang='lat' dir='ltr'><strong>enim</strong></span> 
     </span>
    </p>
   </div>
   <div class='ocr_carea' id='block_1_82' title="bbox 2152 3586 3742 3657">
    <p class='ocr_par' dir='ltr' id='par_1_82' title="bbox 2152 3586 3742 3657">
     <span class='ocr_line' id='line_1_82' title="bbox 2152 3586 3742 3657; baseline -0.001 -15"><span class='ocrx_word' id='word_1_678' title='bbox 2152 3586 2370 3642; x_wconf 86' lang='lat' dir='ltr'><strong>omnino</strong></span> <span class='ocrx_word' id='word_1_679' title='bbox 2397 3603 2587 3642; x_wconf 88' lang='lat' dir='ltr'><strong>servus</strong></span> <span class='ocrx_word' id='word_1_680' title='bbox 2627 3595 2729 3653; x_wconf 90' lang='lat' dir='ltr'><strong>est,</strong></span> <span class='ocrx_word' id='word_1_681' title='bbox 2764 3586 2853 3657; x_wconf 93' lang='lat' dir='ltr'><strong>qui</strong></span> <span class='ocrx_word' id='word_1_682' title='bbox 2893 3586 3261 3655; x_wconf 88' lang='lat' dir='ltr'><strong>imprudenter</strong></span> <span class='ocrx_word' id='word_1_683' title='bbox 3286 3587 3397 3657; x_wconf 89' lang='lat' dir='ltr'><strong>agit</strong></span> <span class='ocrx_word' id='word_1_684' title='bbox 3438 3604 3450 3640; x_wconf 92' lang='lat'><strong>:</strong></span> <span class='ocrx_word' id='word_1_685' title='bbox 3506 3587 3643 3641; x_wconf 89' lang='lat' dir='ltr'><strong>sicut</strong></span> <span class='ocrx_word' id='word_1_686' title='bbox 3682 3594 3742 3641; x_wconf 89' lang='lat' dir='ltr'><strong>et</strong></span> 
     </span>
    </p>
   </div>
   <div class='ocr_carea' id='block_1_83' title="bbox 2151 3675 3743 3747">
    <p class='ocr_par' dir='ltr' id='par_1_83' title="bbox 2151 3675 3743 3747">
     <span class='ocr_line' id='line_1_83' title="bbox 2151 3675 3743 3747; baseline -0.001 -17"><span class='ocrx_word' id='word_1_687' title='bbox 2151 3678 2425 3732; x_wconf 89' lang='lat' dir='ltr'><strong>veteribus</strong></span> <span class='ocrx_word' id='word_1_688' title='bbox 2449 3676 2670 3747; x_wconf 89' lang='lat' dir='ltr'><strong>placuit,</strong></span> <span class='ocrx_word' id='word_1_689' title='bbox 2703 3676 2793 3746; x_wconf 92' lang='lat' dir='ltr'><strong>qui</strong></span> <span class='ocrx_word' id='word_1_690' title='bbox 2820 3690 3010 3731; x_wconf 89' lang='lat' dir='ltr'><strong>omnes</strong></span> <span class='ocrx_word' id='word_1_691' title='bbox 3039 3677 3314 3746; x_wconf 88' lang='lat' dir='ltr'><strong>sapientes</strong></span> <span class='ocrx_word' id='word_1_692' title='bbox 3340 3677 3538 3731; x_wconf 89' lang='lat' dir='ltr'><strong>liberos</strong></span> <span class='ocrx_word' id='word_1_693' title='bbox 3559 3675 3743 3746; x_wconf 87' lang='lat' dir='ltr'><strong>appel-</strong></span> 
     </span>
    </p>
   </div>
   <div class='ocr_carea' id='block_1_84' title="bbox 2155 3766 3746 3836">
    <p class='ocr_par' dir='ltr' id='par_1_84' title="bbox 2155 3766 3746 3836">
     <span class='ocr_line' id='line_1_84' title="bbox 2155 3766 3746 3836; baseline 0.001 -15"><span class='ocrx_word' id='word_1_694' title='bbox 2155 3768 2419 3832; x_wconf 89' lang='lat' dir='ltr'><strong>laverunt,</strong></span> <span class='ocrx_word' id='word_1_695' title='bbox 2438 3767 2803 3836; x_wconf 90' lang='lat' dir='ltr'><strong>imprudentes</strong></span> <span class='ocrx_word' id='word_1_696' title='bbox 2830 3774 3011 3820; x_wconf 89' lang='lat' dir='ltr'><strong>autem</strong></span> <span class='ocrx_word' id='word_1_697' title='bbox 3035 3782 3223 3822; x_wconf 89' lang='lat' dir='ltr'><strong>omnes</strong></span> <span class='ocrx_word' id='word_1_698' title='bbox 3247 3782 3452 3822; x_wconf 91' lang='lat' dir='ltr'><strong>servos.</strong></span> <span class='ocrx_word' id='word_1_699' title='bbox 3473 3767 3624 3823; x_wconf 89' lang='lat' dir='ltr'><strong>Unde</strong></span> <span class='ocrx_word' id='word_1_700' title='bbox 3649 3766 3746 3822; x_wconf 86' lang='lat' dir='ltr'><strong>Sa-</strong></span> 
     </span>
    </p>
   </div>
   <div class='ocr_carea' id='block_1_85' title="bbox 2155 3857 3739 3929">
    <p class='ocr_par' dir='ltr' id='par_1_85' title="bbox 2155 3857 3739 3929">
     <span class='ocr_line' id='line_1_85' title="bbox 2155 3857 3739 3929; baseline 0.001 -18"><span class='ocrx_word' id='word_1_701' title='bbox 2155 3857 2333 3914; x_wconf 89' lang='lat' dir='ltr'><strong>lomon</strong></span> <span class='ocrx_word' id='word_1_702' title='bbox 2354 3858 2550 3923; x_wconf 85' lang='lat' dir='ltr'><strong>:Servi,</strong></span> <span class='ocrx_word' id='word_1_703' title='bbox 2570 3858 2764 3929; x_wconf 89' lang='lat' dir='ltr'><strong>inquit,</strong></span> <span class='ocrx_word' id='word_1_704' title='bbox 2785 3858 3006 3929; x_wconf 87' lang='lat' dir='ltr'><strong>sapienti</strong></span> <span class='ocrx_word' id='word_1_705' title='bbox 3026 3858 3176 3913; x_wconf 81' lang='lat' dir='ltr'><strong>liberi</strong></span> <span class='ocrx_word' id='word_1_706' title='bbox 3194 3860 3410 3914; x_wconf 86' lang='lat' dir='ltr'><strong>servient</strong></span> <span class='ocrx_word' id='word_1_707' title='bbox 3438 3858 3628 3919; x_wconf 86' lang='lat' dir='ltr'><strong>(Eccli.</strong></span> <span class='ocrx_word' id='word_1_708' title='bbox 3658 3858 3739 3929; x_wconf 74' lang='grc' dir='ltr'>ι).</span> 
     </span>
    </p>
   </div>
   <div class='ocr_carea' id='block_1_86' title="bbox 2156 3946 3739 4019">
    <p class='ocr_par' dir='ltr' id='par_1_86' title="bbox 2156 3946 3739 4019">
     <span class='ocr_line' id='line_1_86' title="bbox 2156 3946 3739 4019; baseline 0 -16"><span class='ocrx_word' id='word_1_709' title='bbox 2156 3948 2256 4003; x_wconf 83' lang='lat' dir='ltr'><strong>llic</strong></span> <span class='ocrx_word' id='word_1_710' title='bbox 2298 3964 2426 4018; x_wconf 81' lang='lat' dir='ltr'><strong>ergo</strong></span> <span class='ocrx_word' id='word_1_711' title='bbox 2454 3949 2545 4018; x_wconf 91' lang='lat' dir='ltr'><strong>qui</strong></span> <span class='ocrx_word' id='word_1_712' title='bbox 2590 3949 2801 4015; x_wconf 89' lang='lat' dir='ltr'><strong>credit,</strong></span> <span class='ocrx_word' id='word_1_713' title='bbox 2847 3946 2911 4003; x_wconf 89' lang='lat' dir='ltr'><strong>ac</strong></span> <span class='ocrx_word' id='word_1_714' title='bbox 2955 3948 2999 4002; x_wconf 90' lang='lat' dir='ltr'><strong>si</strong></span> <span class='ocrx_word' id='word_1_715' title='bbox 3058 3964 3248 4004; x_wconf 90' lang='lat' dir='ltr'><strong>servus</strong></span> <span class='ocrx_word' id='word_1_716' title='bbox 3285 3948 3354 4003; x_wconf 88' lang='lat' dir='ltr'><strong>sit</strong></span> <span class='ocrx_word' id='word_1_717' title='bbox 3394 3949 3460 4003; x_wconf 88' lang='lat' dir='ltr'><strong>ad</strong></span> <span class='ocrx_word' id='word_1_718' title='bbox 3507 3959 3739 4019; x_wconf 88' lang='lat' dir='ltr'><strong>tempus,</strong></span> 
     </span>
    </p>
   </div>
   <div class='ocr_carea' id='block_1_87' title="bbox 2157 4036 3741 4109">
    <p class='ocr_par' dir='ltr' id='par_1_87' title="bbox 2157 4036 3741 4109">
     <span class='ocr_line' id='line_1_87' title="bbox 2157 4036 3741 4109; baseline 0.001 -16"><span class='ocrx_word' id='word_1_719' title='bbox 2157 4040 2282 4109; x_wconf 87' lang='lat' dir='ltr'><strong>quia</strong></span> <span class='ocrx_word' id='word_1_720' title='bbox 2329 4056 2442 4094; x_wconf 89' lang='lat' dir='ltr'><strong>rem</strong></span> <span class='ocrx_word' id='word_1_721' title='bbox 2501 4036 2630 4093; x_wconf 84' lang='lat' dir='ltr'><strong>facit</strong></span> <span class='ocrx_word' id='word_1_722' title='bbox 2674 4040 2993 4109; x_wconf 86' lang='lat' dir='ltr'><strong>prudenter,</strong></span> <span class='ocrx_word' id='word_1_723' title='bbox 3029 4047 3089 4093; x_wconf 89' lang='lat' dir='ltr'><strong>ut</strong></span> <span class='ocrx_word' id='word_1_724' title='bbox 3136 4040 3320 4095; x_wconf 88' lang='lat' dir='ltr'><strong>credat</strong></span> <span class='ocrx_word' id='word_1_725' title='bbox 3351 4040 3405 4092; x_wconf 90' lang='lat' dir='ltr'><strong>in</strong></span> <span class='ocrx_word' id='word_1_726' title='bbox 3442 4039 3741 4105; x_wconf 88' lang='lat' dir='ltr'><strong>Christum,</strong></span> 
     </span>
    </p>
   </div>
   <div class='ocr_carea' id='block_1_88' title="bbox 2157 4127 3741 4199">
    <p class='ocr_par' dir='ltr' id='par_1_88' title="bbox 2157 4127 3741 4199">
     <span class='ocr_line' id='line_1_88' title="bbox 2157 4127 3741 4199; baseline 0.001 -16"><span class='ocrx_word' id='word_1_727' title='bbox 2157 4130 2382 4184; x_wconf 87' lang='lat' dir='ltr'><strong>libertus</strong></span> <span class='ocrx_word' id='word_1_728' title='bbox 2425 4127 2485 4182; x_wconf 86' lang='lat' dir='ltr'><strong>tit</strong></span> <span class='ocrx_word' id='word_1_729' title='bbox 2524 4128 2755 4183; x_wconf 91' lang='lat' dir='ltr'><strong>Domini.</strong></span> <span class='ocrx_word' id='word_1_730' title='bbox 2783 4128 2840 4183; x_wconf 89' lang='lat' dir='ltr'><strong>Si</strong></span> <span class='ocrx_word' id='word_1_731' title='bbox 2876 4143 3006 4199; x_wconf 88' lang='lat' dir='ltr'><strong>ergo</strong></span> <span class='ocrx_word' id='word_1_732' title='bbox 3028 4137 3250 4199; x_wconf 86' lang='lat' dir='ltr'><strong>peccata</strong></span> <span class='ocrx_word' id='word_1_733' title='bbox 3290 4145 3474 4185; x_wconf 88' lang='lat' dir='ltr'><strong>servos</strong></span> <span class='ocrx_word' id='word_1_734' title='bbox 3515 4128 3741 4196; x_wconf 83' lang='lat' dir='ltr'><strong>faciunt,</strong></span> 
     </span>
    </p>
   </div>
   <div class='ocr_carea' id='block_1_89' title="bbox 2160 4219 3743 4292">
    <p class='ocr_par' dir='ltr' id='par_1_89' title="bbox 2160 4219 3743 4292">
     <span class='ocr_line' id='line_1_89' title="bbox 2160 4219 3743 4292; baseline 0 -16"><span class='ocrx_word' id='word_1_735' title='bbox 2160 4222 2299 4276; x_wconf 91' lang='lat' dir='ltr'><strong>sicut</strong></span> <span class='ocrx_word' id='word_1_736' title='bbox 2339 4219 2507 4276; x_wconf 91' lang='lat' dir='ltr'><strong>Cham</strong></span> <span class='ocrx_word' id='word_1_737' title='bbox 2539 4220 2679 4276; x_wconf 74' lang='lat' dir='ltr'><strong>[ilius</strong></span> <span class='ocrx_word' id='word_1_738' title='bbox 2723 4220 2835 4276; x_wconf 83' lang='lat' dir='ltr'><strong>Noe</strong></span> <span class='ocrx_word' id='word_1_739' title='bbox 2858 4221 3064 4292; x_wconf 89' lang='lat' dir='ltr'><strong>peccati</strong></span> <span class='ocrx_word' id='word_1_740' title='bbox 3094 4230 3151 4275; x_wconf 90' lang='lat' dir='ltr'><strong>et</strong></span> <span class='ocrx_word' id='word_1_741' title='bbox 3176 4222 3550 4292; x_wconf 75' lang='lat' dir='ltr'><strong>imprudentia:</strong></span> <span class='ocrx_word' id='word_1_742' title='bbox 3579 4237 3743 4278; x_wconf 87' lang='lat' dir='ltr'><strong>causa</strong></span> 
     </span>
    </p>
   </div>
   <div class='ocr_carea' id='block_1_90' title="bbox 2160 4307 3725 4382">
    <p class='ocr_par' dir='ltr' id='par_1_90' title="bbox 2160 4307 3725 4382">
     <span class='ocr_line' id='line_1_90' title="bbox 2160 4307 3725 4382; baseline 0.003 -18"><span class='ocrx_word' id='word_1_743' title='bbox 2160 4307 2333 4364; x_wconf 81' lang='lat' dir='ltr'><strong>factus</strong></span> <span class='ocrx_word' id='word_1_744' title='bbox 2362 4319 2442 4366; x_wconf 89' lang='lat' dir='ltr'><strong>est</strong></span> <span class='ocrx_word' id='word_1_745' title='bbox 2463 4326 2670 4380; x_wconf 85' lang='lat' dir='ltr'><strong>servus,</strong></span> <span class='ocrx_word' id='word_1_746' title='bbox 2702 4326 2824 4365; x_wconf 91' lang='lat' dir='ltr'><strong>cum</strong></span> <span class='ocrx_word' id='word_1_747' title='bbox 2862 4309 3131 4381; x_wconf 89' lang='lat' dir='ltr'><strong>acceperit</strong></span> <span class='ocrx_word' id='word_1_748' title='bbox 3157 4311 3530 4367; x_wconf 89' lang='lat' dir='ltr'><strong>remissionem</strong></span> <span class='ocrx_word' id='word_1_749' title='bbox 3559 4328 3725 4382; x_wconf 84' lang='lat' dir='ltr'><strong>pecca</strong></span> 
     </span>
    </p>
   </div>
   <div class='ocr_carea' id='block_1_91' title="bbox 2160 4400 3747 4473">
    <p class='ocr_par' dir='ltr' id='par_1_91' title="bbox 2160 4400 3747 4473">
     <span class='ocr_line' id='line_1_91' title="bbox 2160 4400 3747 4473; baseline -0.001 -18"><span class='ocrx_word' id='word_1_750' title='bbox 2160 4410 2360 4467; x_wconf 89' lang='lat' dir='ltr'><strong>torum,</strong></span> <span class='ocrx_word' id='word_1_751' title='bbox 2404 4401 2630 4456; x_wconf 89' lang='lat' dir='ltr'><strong>libertus</strong></span> <span class='ocrx_word' id='word_1_752' title='bbox 2658 4400 2902 4456; x_wconf 71' lang='lat' dir='ltr'><strong>edicitur.</strong></span> <span class='ocrx_word' id='word_1_753' title='bbox 2938 4400 3214 4465; x_wconf 85' lang='lat' dir='ltr'><strong>Similiter,</strong></span> <span class='ocrx_word' id='word_1_754' title='bbox 3252 4401 3445 4472; x_wconf 89' lang='lat' dir='ltr'><strong>inquit,</strong></span> <span class='ocrx_word' id='word_1_755' title='bbox 3479 4403 3569 4473; x_wconf 89' lang='lat' dir='ltr'><strong>qui</strong></span> <span class='ocrx_word' id='word_1_756' title='bbox 3615 4402 3747 4456; x_wconf 88' lang='lat' dir='ltr'><strong>liber</strong></span> 
     </span>
    </p>
   </div>
   <div class='ocr_carea' id='block_1_92' title="bbox 477 4482 3747 4562">
    <p class='ocr_par' dir='ltr' id='par_1_92' title="bbox 477 4482 3747 4562">
     <span class='ocr_line' id='line_1_92' title="bbox 477 4482 3747 4562; baseline 0.003 -26"><span class='ocrx_word' id='word_1_757' title='bbox 477 4483 608 4537; x_wconf 90' lang='lat' dir='ltr'><strong>muli</strong></span> <span class='ocrx_word' id='word_1_758' title='bbox 636 4491 816 4538; x_wconf 90' lang='lat' dir='ltr'><strong>autem</strong></span> <span class='ocrx_word' id='word_1_759' title='bbox 844 4485 956 4539; x_wconf 89' lang='lat' dir='ltr'><strong>sive</strong></span> <span class='ocrx_word' id='word_1_760' title='bbox 982 4486 1122 4540; x_wconf 89' lang='lat' dir='ltr'><strong>servi</strong></span> <span class='ocrx_word' id='word_1_761' title='bbox 1148 4495 1202 4541; x_wconf 88' lang='lat' dir='ltr'><strong>et</strong></span> <span class='ocrx_word' id='word_1_762' title='bbox 1232 4486 1285 4540; x_wconf 90' lang='lat' dir='ltr'><strong>in</strong></span> <span class='ocrx_word' id='word_1_763' title='bbox 1324 4486 1517 4540; x_wconf 90' lang='lat' dir='ltr'><strong>bonam</strong></span> <span class='ocrx_word' id='word_1_764' title='bbox 1546 4496 1599 4540; x_wconf 90' lang='lat' dir='ltr'><strong>et</strong></span> <span class='ocrx_word' id='word_1_765' title='bbox 1631 4487 1683 4539; x_wconf 91' lang='lat' dir='ltr'><strong>in</strong></span> <span class='ocrx_word' id='word_1_766' title='bbox 1706 4484 1901 4540; x_wconf 83' lang='lat' dir='ltr'><strong>malum</strong></span> <span class='ocrx_word' id='word_1_767' title='bbox 1926 4502 2054 4556; x_wconf 91' lang='lat' dir='ltr'><strong>par-</strong></span> <span class='ocrx_word' id='word_1_768' title='bbox 2083 4482 2133 4538; x_wconf 93' lang='lat' dir='ltr'><strong>D</strong></span> <span class='ocrx_word' id='word_1_769' title='bbox 2160 4501 2367 4544; x_wconf 83' lang='lat' dir='ltr'><strong>vocatus</strong></span> <span class='ocrx_word' id='word_1_770' title='bbox 2393 4501 2497 4556; x_wconf 89' lang='lat' dir='ltr'><strong>est,</strong></span> <span class='ocrx_word' id='word_1_771' title='bbox 2534 4507 2709 4545; x_wconf 86' lang='lat' dir='ltr'><strong>servus</strong></span> <span class='ocrx_word' id='word_1_772' title='bbox 2735 4500 2809 4545; x_wconf 85' lang='lat' dir='ltr'><strong>est</strong></span> <span class='ocrx_word' id='word_1_773' title='bbox 2846 4490 3041 4544; x_wconf 82' lang='lat' dir='ltr'><strong>Christi</strong></span> <span class='ocrx_word' id='word_1_774' title='bbox 3076 4490 3126 4561; x_wconf 90' lang='lat' dir='ltr'><strong>(I</strong></span> <span class='ocrx_word' id='word_1_775' title='bbox 3153 4488 3277 4545; x_wconf 85' lang='lat' dir='ltr'><strong>Cor.</strong></span> <span class='ocrx_word' id='word_1_776' title='bbox 3305 4490 3429 4562; x_wconf 86' lang='lat' dir='ltr'><strong>vn),</strong></span> <span class='ocrx_word' id='word_1_777' title='bbox 3470 4490 3747 4561; x_wconf 84' lang='lat' dir='ltr'><strong>profectus</strong></span> 
     </span>
    </p>
   </div>
   <div class='ocr_carea' id='block_1_93' title="bbox 478 4571 2061 4644">
    <p class='ocr_par' dir='ltr' id='par_1_93' title="bbox 478 4571 2061 4644">
     <span class='ocr_line' id='line_1_93' title="bbox 478 4571 2061 4644; baseline -0.001 -17"><span class='ocrx_word' id='word_1_778' title='bbox 478 4582 588 4627; x_wconf 88' lang='lat' dir='ltr'><strong>tem</strong></span> <span class='ocrx_word' id='word_1_779' title='bbox 619 4571 699 4644; x_wconf 92' lang='lat' dir='ltr'><strong>(ut</strong></span> <span class='ocrx_word' id='word_1_780' title='bbox 735 4571 990 4644; x_wconf 78' lang='lat' dir='ltr'><strong>diximus)</strong></span> <span class='ocrx_word' id='word_1_781' title='bbox 1021 4573 1191 4643; x_wconf 87' lang='lat' dir='ltr'><strong>accipi</strong></span> <span class='ocrx_word' id='word_1_782' title='bbox 1228 4584 1444 4644; x_wconf 89' lang='lat' dir='ltr'><strong>possunt</strong></span> <span class='ocrx_word' id='word_1_783' title='bbox 1493 4593 1506 4627; x_wconf 89' lang='lat'><strong>:</strong></span> <span class='ocrx_word' id='word_1_784' title='bbox 1542 4574 1667 4644; x_wconf 87' lang='lat' dir='ltr'><strong>quia</strong></span> <span class='ocrx_word' id='word_1_785' title='bbox 1694 4574 1833 4629; x_wconf 89' lang='lat' dir='ltr'><strong>servi</strong></span> <span class='ocrx_word' id='word_1_786' title='bbox 1873 4574 2061 4628; x_wconf 85' lang='lat' dir='ltr'><strong>dicun-</strong></span> 
     </span>
    </p>
   </div>
   <div class='ocr_carea' id='block_1_94' title="bbox 478 4661 2057 4735">
    <p class='ocr_par' dir='ltr' id='par_1_94' title="bbox 478 4661 2057 4735">
     <span class='ocr_line' id='line_1_94' title="bbox 478 4661 2057 4735; baseline 0.001 -19"><span class='ocrx_word' id='word_1_787' title='bbox 478 4671 567 4716; x_wconf 92' lang='lat' dir='ltr'><strong>tur</strong></span> <span class='ocrx_word' id='word_1_788' title='bbox 590 4661 845 4731; x_wconf 69' lang='lat' dir='ltr'><strong>justitim,</strong></span> <span class='ocrx_word' id='word_1_789' title='bbox 884 4665 1024 4719; x_wconf 89' lang='lat' dir='ltr'><strong>servi</strong></span> <span class='ocrx_word' id='word_1_790' title='bbox 1052 4666 1277 4735; x_wconf 88' lang='lat' dir='ltr'><strong>peccati,</strong></span> <span class='ocrx_word' id='word_1_791' title='bbox 1304 4663 1591 4734; x_wconf 85' lang='lat' dir='ltr'><strong>Scriptura</strong></span> <span class='ocrx_word' id='word_1_792' title='bbox 1622 4674 1775 4728; x_wconf 86' lang='lat' dir='ltr'><strong>teste,</strong></span> <span class='ocrx_word' id='word_1_793' title='bbox 1803 4679 1921 4735; x_wconf 68' lang='lat' dir='ltr'><strong>quae</strong></span> <span class='ocrx_word' id='word_1_794' title='bbox 1943 4664 2017 4718; x_wconf 90' lang='lat' dir='ltr'><strong>ait</strong></span> <span class='ocrx_word' id='word_1_795' title='bbox 2044 4681 2057 4717; x_wconf 88' lang='lat'><strong>:</strong></span> 
     </span>
    </p>
   </div>
   <div class='ocr_carea' id='block_1_95' title="bbox 478 4752 2067 4829">
    <p class='ocr_par' dir='ltr' id='par_1_95' title="bbox 478 4752 2067 4829">
     <span class='ocr_line' id='line_1_95' title="bbox 478 4752 2067 4829; baseline 0.001 -20"><span class='ocrx_word' id='word_1_796' title='bbox 478 4752 577 4809; x_wconf 88' lang='lat' dir='ltr'><strong>Cui</strong></span> <span class='ocrx_word' id='word_1_797' title='bbox 604 4755 719 4826; x_wconf 87' lang='lat' dir='ltr'><strong>quis</strong></span> <span class='ocrx_word' id='word_1_798' title='bbox 738 4756 915 4820; x_wconf 84' lang='lat' dir='ltr'><strong>servit,</strong></span> <span class='ocrx_word' id='word_1_799' title='bbox 942 4757 1055 4827; x_wconf 88' lang='lat' dir='ltr'><strong>ejus</strong></span> <span class='ocrx_word' id='word_1_800' title='bbox 1085 4767 1133 4810; x_wconf 90' lang='lat' dir='ltr'><strong>et</strong></span> <span class='ocrx_word' id='word_1_801' title='bbox 1159 4773 1337 4810; x_wconf 86' lang='lat' dir='ltr'><strong>servus</strong></span> <span class='ocrx_word' id='word_1_802' title='bbox 1357 4755 1567 4811; x_wconf 86' lang='lat' dir='ltr'><strong>additus</strong></span> <span class='ocrx_word' id='word_1_803' title='bbox 1590 4766 1661 4810; x_wconf 86' lang='lat' dir='ltr'><strong>est</strong></span> <span class='ocrx_word' id='word_1_804' title='bbox 1686 4756 1857 4829; x_wconf 85' lang='lat' dir='ltr'><strong>(Rom.</strong></span> <span class='ocrx_word' id='word_1_805' title='bbox 1877 4757 1971 4824; x_wconf 78' lang='lat' dir='ltr'><strong>vi).</strong></span> <span class='ocrx_word' id='word_1_806' title='bbox 2000 4756 2067 4811; x_wconf 87' lang='lat' dir='ltr'><strong>Et</strong></span> 
     </span>
    </p>
   </div>
   <div class='ocr_carea' id='block_1_96' title="bbox 477 4843 2059 4917">
    <p class='ocr_par' dir='ltr' id='par_1_96' title="bbox 477 4843 2059 4917">
     <span class='ocr_line' id='line_1_96' title="bbox 477 4843 2059 4917; baseline 0.001 -19"><span class='ocrx_word' id='word_1_807' title='bbox 477 4843 767 4914; x_wconf 79' lang='lat' dir='ltr'><strong>Apostolus</strong></span> <span class='ocrx_word' id='word_1_808' title='bbox 806 4863 819 4899; x_wconf 92' lang='lat'><strong>:</strong></span> <span class='ocrx_word' id='word_1_809' title='bbox 862 4845 1111 4914; x_wconf 80' lang='lat' dir='ltr'><strong>Liberali,</strong></span> <span class='ocrx_word' id='word_1_810' title='bbox 1147 4847 1339 4916; x_wconf 82' lang='lat' dir='ltr'><strong>inquit,</strong></span> <span class='ocrx_word' id='word_1_811' title='bbox 1367 4863 1400 4900; x_wconf 92' lang='lat' dir='ltr'><strong>a</strong></span> <span class='ocrx_word' id='word_1_812' title='bbox 1432 4849 1675 4901; x_wconf 85' lang='lat' dir='ltr'><strong>servitute</strong></span> <span class='ocrx_word' id='word_1_813' title='bbox 1708 4849 1904 4917; x_wconf 86' lang='lat' dir='ltr'><strong>peccati</strong></span> <span class='ocrx_word' id='word_1_814' title='bbox 1927 4847 2059 4900; x_wconf 87' lang='lat' dir='ltr'><strong>servi</strong></span> 
     </span>
    </p>
   </div>
   <div class='ocr_carea' id='block_1_97' title="bbox 478 4934 2060 5011">
    <p class='ocr_par' dir='ltr' id='par_1_97' title="bbox 478 4934 2060 5011">
     <span class='ocr_line' id='line_1_97' title="bbox 478 4934 2060 5011; baseline 0.003 -23"><span class='ocrx_word' id='word_1_815' title='bbox 478 4934 608 5004; x_wconf 79' lang='lat' dir='ltr'><strong>{acti</strong></span> <span class='ocrx_word' id='word_1_816' title='bbox 639 4936 762 4990; x_wconf 90' lang='lat' dir='ltr'><strong>estis</strong></span> <span class='ocrx_word' id='word_1_817' title='bbox 775 4936 1001 5005; x_wconf 81' lang='lat' dir='ltr'><strong>justitite</strong></span> <span class='ocrx_word' id='word_1_818' title='bbox 1023 4936 1231 5011; x_wconf 85' lang='lat' dir='ltr'><strong>(Ibid.);</strong></span> <span class='ocrx_word' id='word_1_819' title='bbox 1249 4938 1498 4992; x_wconf 88' lang='lat' dir='ltr'><strong>similiter</strong></span> <span class='ocrx_word' id='word_1_820' title='bbox 1511 4946 1566 4991; x_wconf 90' lang='lat' dir='ltr'><strong>et</strong></span> <span class='ocrx_word' id='word_1_821' title='bbox 1584 4937 1813 4991; x_wconf 64' lang='lat' dir='ltr'><strong>ancillas.</strong></span> <span class='ocrx_word' id='word_1_822' title='bbox 1839 4937 2060 4992; x_wconf 81' lang='lat' dir='ltr'><strong>Ancillae</strong></span> 
     </span>
    </p>
   </div>
   <div class='ocr_carea' id='block_1_98' title="bbox 480 5026 2061 5086">
    <p class='ocr_par' dir='ltr' id='par_1_98' title="bbox 480 5026 2061 5086">
     <span class='ocr_line' id='line_1_98' title="bbox 480 5026 2061 5086; baseline 0.003 -8"><span class='ocrx_word' id='word_1_823' title='bbox 480 5040 509 5078; x_wconf 89' lang='lat' dir='ltr'><strong>a</strong></span> <span class='ocrx_word' id='word_1_824' title='bbox 542 5026 906 5082; x_wconf 90' lang='lat' dir='ltr'><strong>sustentaculo</strong></span> <span class='ocrx_word' id='word_1_825' title='bbox 933 5038 1135 5086; x_wconf 68' lang='lat' dir='ltr'><strong>vocata:</strong></span> <span class='ocrx_word' id='word_1_826' title='bbox 1174 5048 1187 5083; x_wconf 90' lang='lat'><strong>:</strong></span> <span class='ocrx_word' id='word_1_827' title='bbox 1235 5045 1408 5084; x_wconf 90' lang='lat' dir='ltr'><strong>ancon</strong></span> <span class='ocrx_word' id='word_1_828' title='bbox 1447 5028 1589 5083; x_wconf 90' lang='lat' dir='ltr'><strong>enim</strong></span> <span class='ocrx_word' id='word_1_829' title='bbox 1628 5026 1817 5082; x_wconf 80' lang='lat' dir='ltr'><strong>Graece</strong></span> <span class='ocrx_word' id='word_1_830' title='bbox 1847 5028 2061 5083; x_wconf 90' lang='lat' dir='ltr'><strong>cubitus</strong></span> 
     </span>
    </p>
   </div>
   <div class='ocr_carea' id='block_1_99' title="bbox 480 5116 2055 5183">
    <p class='ocr_par' dir='ltr' id='par_1_99' title="bbox 480 5116 2055 5183">
     <span class='ocr_line' id='line_1_99' title="bbox 480 5116 2055 5183; baseline 0.002 -15"><span class='ocrx_word' id='word_1_831' title='bbox 480 5116 701 5181; x_wconf 89' lang='lat' dir='ltr'><strong>dicitur,</strong></span> <span class='ocrx_word' id='word_1_832' title='bbox 722 5118 860 5172; x_wconf 90' lang='lat' dir='ltr'><strong>unde</strong></span> <span class='ocrx_word' id='word_1_833' title='bbox 884 5130 939 5173; x_wconf 87' lang='lat' dir='ltr'><strong>et</strong></span> <span class='ocrx_word' id='word_1_834' title='bbox 961 5133 1219 5175; x_wconf 91' lang='lat' dir='ltr'><strong>anconem</strong></span> <span class='ocrx_word' id='word_1_835' title='bbox 1250 5119 1498 5174; x_wconf 85' lang='lat' dir='ltr'><strong>dicimus.</strong></span> <span class='ocrx_word' id='word_1_836' title='bbox 1526 5117 1747 5173; x_wconf 67' lang='lat' dir='ltr'><strong>Ancillae</strong></span> <span class='ocrx_word' id='word_1_837' title='bbox 1771 5118 1914 5173; x_wconf 90' lang='lat' dir='ltr'><strong>enim</strong></span> <span class='ocrx_word' id='word_1_838' title='bbox 1940 5118 2055 5183; x_wconf 85' lang='lat' dir='ltr'><strong>Dei,</strong></span> 
     </span>
    </p>
   </div>
   <div class='ocr_carea' id='block_1_100' title="bbox 474 5207 2057 5279">
    <p class='ocr_par' dir='ltr' id='par_1_100' title="bbox 474 5207 2057 5279">
     <span class='ocr_line' id='line_1_100' title="bbox 474 5207 2057 5279; baseline 0.002 -19"><span class='ocrx_word' id='word_1_839' title='bbox 474 5207 629 5276; x_wconf 81' lang='lat' dir='ltr'><strong>juxta</strong></span> <span class='ocrx_word' id='word_1_840' title='bbox 654 5207 980 5279; x_wconf 88' lang='lat' dir='ltr'><strong>allegoriam,</strong></span> <span class='ocrx_word' id='word_1_841' title='bbox 1009 5212 1201 5267; x_wconf 67' lang='lat' dir='ltr'><strong>animas</strong></span> <span class='ocrx_word' id='word_1_842' title='bbox 1231 5220 1453 5273; x_wconf 56' lang='lat' dir='ltr'><strong>sancta,</strong></span> <span class='ocrx_word' id='word_1_843' title='bbox 1485 5225 1603 5278; x_wconf 85' lang='lat' dir='ltr'><strong>quae</strong></span> <span class='ocrx_word' id='word_1_844' title='bbox 1626 5221 1874 5278; x_wconf 88' lang='lat' dir='ltr'><strong>prompta</strong></span> <span class='ocrx_word' id='word_1_845' title='bbox 1899 5210 2057 5264; x_wconf 87' lang='lat' dir='ltr'><strong>devo-</strong></span> 
     </span>
    </p>
   </div>
   <div class='ocr_carea' id='block_1_101' title="bbox 481 5296 2055 5375">
    <p class='ocr_par' dir='ltr' id='par_1_101' title="bbox 481 5296 2055 5375">
     <span class='ocr_line' id='line_1_101' title="bbox 481 5296 2055 5375; baseline 0.001 -24"><span class='ocrx_word' id='word_1_846' title='bbox 481 5299 631 5352; x_wconf 61' lang='lat' dir='ltr'><strong>tione</strong></span> <span class='ocrx_word' id='word_1_847' title='bbox 659 5296 775 5366; x_wconf 90' lang='lat' dir='ltr'><strong>ejus</strong></span> <span class='ocrx_word' id='word_1_848' title='bbox 799 5301 1110 5357; x_wconf 89' lang='lat' dir='ltr'><strong>deserviunt</strong></span> <span class='ocrx_word' id='word_1_849' title='bbox 1132 5300 1414 5357; x_wconf 87' lang='lat' dir='ltr'><strong>voluntati.</strong></span> <span class='ocrx_word' id='word_1_850' title='bbox 1447 5299 1598 5375; x_wconf 84' lang='lat' dir='ltr'><strong>Unde</strong></span> <span class='ocrx_word' id='word_1_851' title='bbox 1626 5300 1912 5355; x_wconf 85' lang='lat' dir='ltr'><strong>Psalmista</strong></span> <span class='ocrx_word' id='word_1_852' title='bbox 1944 5301 2055 5354; x_wconf 88' lang='lat' dir='ltr'><strong>ait:</strong></span> 
     </span>
    </p>
   </div>
   <div class='ocr_carea' id='block_1_102' title="bbox 480 5387 2059 5447">
    <p class='ocr_par' dir='ltr' id='par_1_102' title="bbox 480 5387 2059 5447">
     <span class='ocr_line' id='line_1_102' title="bbox 480 5387 2059 5447; baseline 0.001 -5"><span class='ocrx_word' id='word_1_853' title='bbox 480 5387 618 5443; x_wconf 85' lang='lat' dir='ltr'><strong>Ecce</strong></span> <span class='ocrx_word' id='word_1_854' title='bbox 666 5392 797 5444; x_wconf 88' lang='lat' dir='ltr'><strong>sicut</strong></span> <span class='ocrx_word' id='word_1_855' title='bbox 838 5392 976 5446; x_wconf 88' lang='lat' dir='ltr'><strong>oculi</strong></span> <span class='ocrx_word' id='word_1_856' title='bbox 1025 5407 1292 5447; x_wconf 86' lang='lat' dir='ltr'><strong>servorum</strong></span> <span class='ocrx_word' id='word_1_857' title='bbox 1341 5392 1395 5445; x_wconf 90' lang='lat' dir='ltr'><strong>in</strong></span> <span class='ocrx_word' id='word_1_858' title='bbox 1439 5391 1678 5445; x_wconf 88' lang='lat' dir='ltr'><strong>manibus</strong></span> <span class='ocrx_word' id='word_1_859' title='bbox 1725 5391 2059 5445; x_wconf 85' lang='lat' dir='ltr'><strong>dominorum</strong></span> 
     </span>
    </p>
   </div>
   <div class='ocr_carea' id='block_1_103' title="bbox 481 5479 2065 5539">
    <p class='ocr_par' dir='ltr' id='par_1_103' title="bbox 481 5479 2065 5539">
     <span class='ocr_line' id='line_1_103' title="bbox 481 5479 2065 5539; baseline 0.004 -6"><span class='ocrx_word' id='word_1_860' title='bbox 481 5494 718 5534; x_wconf 89' lang='lat' dir='ltr'><strong>suorum.</strong></span> <span class='ocrx_word' id='word_1_861' title='bbox 785 5479 854 5535; x_wconf 87' lang='lat' dir='ltr'><strong>Et</strong></span> <span class='ocrx_word' id='word_1_862' title='bbox 914 5482 1046 5537; x_wconf 86' lang='lat' dir='ltr'><strong>sicut</strong></span> <span class='ocrx_word' id='word_1_863' title='bbox 1102 5482 1240 5537; x_wconf 91' lang='lat' dir='ltr'><strong>oculi</strong></span> <span class='ocrx_word' id='word_1_864' title='bbox 1301 5481 1508 5536; x_wconf 70' lang='lat' dir='ltr'><strong>ancillae</strong></span> <span class='ocrx_word' id='word_1_865' title='bbox 1567 5485 1622 5536; x_wconf 90' lang='lat' dir='ltr'><strong>in</strong></span> <span class='ocrx_word' id='word_1_866' title='bbox 1677 5484 1919 5539; x_wconf 87' lang='lat' dir='ltr'><strong>manibus</strong></span> <span class='ocrx_word' id='word_1_867' title='bbox 1969 5486 2065 5539; x_wconf 88' lang='lat' dir='ltr'><strong>do-</strong></span> 
     </span>
    </p>
   </div>
   <div class='ocr_carea' id='block_1_104' title="bbox 481 5570 2065 5629">
    <p class='ocr_par' dir='ltr' id='par_1_104' title="bbox 481 5570 2065 5629">
     <span class='ocr_line' id='line_1_104' title="bbox 481 5570 2065 5629; baseline 0.004 -6"><span class='ocrx_word' id='word_1_868' title='bbox 481 5570 641 5624; x_wconf 77' lang='lat' dir='ltr'><strong>mina:</strong></span> <span class='ocrx_word' id='word_1_869' title='bbox 684 5587 795 5625; x_wconf 76' lang='lat' dir='ltr'><strong>sua:</strong></span> <span class='ocrx_word' id='word_1_870' title='bbox 842 5587 861 5626; x_wconf 91' lang='lat'><strong><em>:</em></strong></span> <span class='ocrx_word' id='word_1_871' title='bbox 907 5574 981 5625; x_wconf 89' lang='lat' dir='ltr'><strong>ita</strong></span> <span class='ocrx_word' id='word_1_872' title='bbox 1032 5571 1170 5626; x_wconf 89' lang='lat' dir='ltr'><strong>oculi</strong></span> <span class='ocrx_word' id='word_1_873' title='bbox 1222 5573 1384 5627; x_wconf 85' lang='lat' dir='ltr'><strong>nostri</strong></span> <span class='ocrx_word' id='word_1_874' title='bbox 1438 5571 1507 5625; x_wconf 86' lang='lat' dir='ltr'><strong>ad</strong></span> <span class='ocrx_word' id='word_1_875' title='bbox 1564 5570 1849 5627; x_wconf 71' lang='lat' dir='ltr'><strong>Dominum</strong></span> <span class='ocrx_word' id='word_1_876' title='bbox 1897 5575 2065 5629; x_wconf 88' lang='lat' dir='ltr'><strong>Deum</strong></span> 
     </span>
    </p>
   </div>
   <div class='ocr_carea' id='block_1_105' title="bbox 484 5658 2066 5737">
    <p class='ocr_par' dir='ltr' id='par_1_105' title="bbox 484 5658 2066 5737">
     <span class='ocr_line' id='line_1_105' title="bbox 484 5658 2066 5737; baseline 0.006 -22"><span class='ocrx_word' id='word_1_877' title='bbox 484 5669 745 5730; x_wconf 77' lang='lat' dir='ltr'><strong>nostrum,</strong></span> <span class='ocrx_word' id='word_1_878' title='bbox 782 5661 945 5717; x_wconf 82' lang='lat' dir='ltr'><strong>donec</strong></span> <span class='ocrx_word' id='word_1_879' title='bbox 978 5662 1285 5717; x_wconf 88' lang='lat' dir='ltr'><strong>misereatur</strong></span> <span class='ocrx_word' id='word_1_880' title='bbox 1331 5660 1476 5717; x_wconf 87' lang='lat' dir='ltr'><strong>nobis</strong></span> <span class='ocrx_word' id='word_1_881' title='bbox 1523 5658 1694 5733; x_wconf 83' lang='lat' dir='ltr'><strong>(Psal.</strong></span> <span class='ocrx_word' id='word_1_882' title='bbox 1755 5666 2017 5737; x_wconf 74' lang='lat' dir='ltr'><strong>cxxxvtu)</strong></span> <span class='ocrx_word' id='word_1_883' title='bbox 2051 5683 2066 5724; x_wconf 88' lang='lat'><strong>:</strong></span> 
     </span>
    </p>
   </div>
   <div class='ocr_carea' id='block_1_106' title="bbox 2160 4577 3743 4635">
    <p class='ocr_par' dir='ltr' id='par_1_106' title="bbox 2160 4577 3743 4635">
     <span class='ocr_line' id='line_1_106' title="bbox 2160 4577 3743 4635; baseline 0.001 -2"><span class='ocrx_word' id='word_1_884' title='bbox 2160 4590 2243 4634; x_wconf 89' lang='lat' dir='ltr'><strong>est</strong></span> <span class='ocrx_word' id='word_1_885' title='bbox 2285 4593 2351 4634; x_wconf 78' lang='lat' dir='ltr'><strong>ex</strong></span> <span class='ocrx_word' id='word_1_886' title='bbox 2377 4580 2545 4635; x_wconf 90' lang='lat' dir='ltr'><strong>libero</strong></span> <span class='ocrx_word' id='word_1_887' title='bbox 2579 4581 2632 4635; x_wconf 92' lang='lat' dir='ltr'><strong>in</strong></span> <span class='ocrx_word' id='word_1_888' title='bbox 2670 4596 2886 4635; x_wconf 88' lang='lat' dir='ltr'><strong>servum</strong></span> <span class='ocrx_word' id='word_1_889' title='bbox 2914 4578 3029 4634; x_wconf 83' lang='lat' dir='ltr'><strong>ﬁeri</strong></span> <span class='ocrx_word' id='word_1_890' title='bbox 3059 4577 3257 4634; x_wconf 86' lang='lat' dir='ltr'><strong>Christi</strong></span> <span class='ocrx_word' id='word_1_891' title='bbox 3308 4599 3321 4634; x_wconf 89' lang='lat'><strong>:</strong></span> <span class='ocrx_word' id='word_1_892' title='bbox 3369 4580 3507 4635; x_wconf 87' lang='lat' dir='ltr'><strong>liber</strong></span> <span class='ocrx_word' id='word_1_893' title='bbox 3535 4582 3682 4635; x_wconf 87' lang='lat' dir='ltr'><strong>enim</strong></span> <span class='ocrx_word' id='word_1_894' title='bbox 3711 4595 3743 4635; x_wconf 88' lang='lat' dir='ltr'><strong>a</strong></span> 
     </span>
    </p>
   </div>
   <div class='ocr_carea' id='block_1_107' title="bbox 2162 4669 3745 4745">
    <p class='ocr_par' dir='ltr' id='par_1_107' title="bbox 2162 4669 3745 4745">
     <span class='ocr_line' id='line_1_107' title="bbox 2162 4669 3745 4745; baseline 0 -22"><span class='ocrx_word' id='word_1_895' title='bbox 2162 4669 2293 4735; x_wconf 89' lang='lat' dir='ltr'><strong>Deo,</strong></span> <span class='ocrx_word' id='word_1_896' title='bbox 2319 4672 2461 4740; x_wconf 91' lang='lat' dir='ltr'><strong>quod</strong></span> <span class='ocrx_word' id='word_1_897' title='bbox 2489 4670 2783 4745; x_wconf 82' lang='lat' dir='ltr'><strong>maximum</strong></span> <span class='ocrx_word' id='word_1_898' title='bbox 2815 4670 3021 4725; x_wconf 89' lang='lat' dir='ltr'><strong>crimen</strong></span> <span class='ocrx_word' id='word_1_899' title='bbox 3053 4677 3157 4733; x_wconf 85' lang='lat' dir='ltr'><strong>est,</strong></span> <span class='ocrx_word' id='word_1_900' title='bbox 3187 4669 3309 4725; x_wconf 87' lang='lat' dir='ltr'><strong>ideo</strong></span> <span class='ocrx_word' id='word_1_901' title='bbox 3331 4670 3528 4723; x_wconf 88' lang='lat' dir='ltr'><strong>amissa</strong></span> <span class='ocrx_word' id='word_1_902' title='bbox 3559 4684 3745 4723; x_wconf 86' lang='lat' dir='ltr'><strong>amara</strong></span> 
     </span>
    </p>
   </div>
   <div class='ocr_carea' id='block_1_108' title="bbox 2165 4758 3747 4823">
    <p class='ocr_par' dir='ltr' id='par_1_108' title="bbox 2165 4758 3747 4823">
     <span class='ocr_line' id='line_1_108' title="bbox 2165 4758 3747 4823; baseline -0.001 -9"><span class='ocrx_word' id='word_1_903' title='bbox 2165 4767 2220 4814; x_wconf 90' lang='lat' dir='ltr'><strong>et</strong></span> <span class='ocrx_word' id='word_1_904' title='bbox 2264 4760 2534 4822; x_wconf 84' lang='lat' dir='ltr'><strong>contraria</strong></span> <span class='ocrx_word' id='word_1_905' title='bbox 2563 4760 2810 4814; x_wconf 88' lang='lat' dir='ltr'><strong>libertate</strong></span> <span class='ocrx_word' id='word_1_906' title='bbox 2851 4758 3098 4814; x_wconf 88' lang='lat' dir='ltr'><strong>servilem</strong></span> <span class='ocrx_word' id='word_1_907' title='bbox 3127 4758 3497 4823; x_wconf 78' lang='lat' dir='ltr'><strong>conditionem</strong></span> <span class='ocrx_word' id='word_1_908' title='bbox 3521 4759 3747 4813; x_wconf 89' lang='lat' dir='ltr'><strong>sortitus</strong></span> 
     </span>
    </p>
   </div>
   <div class='ocr_carea' id='block_1_109' title="bbox 2162 4846 3748 4923">
    <p class='ocr_par' dir='ltr' id='par_1_109' title="bbox 2162 4846 3748 4923">
     <span class='ocr_line' id='line_1_109' title="bbox 2162 4846 3748 4923; baseline -0.003 -17"><span class='ocrx_word' id='word_1_909' title='bbox 2162 4862 2264 4916; x_wconf 84' lang='lat' dir='ltr'><strong>est,</strong></span> <span class='ocrx_word' id='word_1_910' title='bbox 2295 4866 2413 4923; x_wconf 69' lang='lat' dir='ltr'><strong>qua:</strong></span> <span class='ocrx_word' id='word_1_911' title='bbox 2438 4850 2736 4920; x_wconf 81' lang='lat' dir='ltr'><strong>prodesset,</strong></span> <span class='ocrx_word' id='word_1_912' title='bbox 2771 4850 2910 4904; x_wconf 91' lang='lat' dir='ltr'><strong>sicut</strong></span> <span class='ocrx_word' id='word_1_913' title='bbox 2937 4847 3066 4903; x_wconf 89' lang='lat' dir='ltr'><strong>dicit</strong></span> <span class='ocrx_word' id='word_1_914' title='bbox 3099 4846 3358 4905; x_wconf 88' lang='lat' dir='ltr'><strong>Dominus</strong></span> <span class='ocrx_word' id='word_1_915' title='bbox 3385 4867 3398 4903; x_wconf 89' lang='lat'><strong>:</strong></span> <span class='ocrx_word' id='word_1_916' title='bbox 3443 4848 3629 4903; x_wconf 81' lang='lat' dir='ltr'><strong>Tollite</strong></span> <span class='ocrx_word' id='word_1_917' title='bbox 3654 4851 3748 4918; x_wconf 88' lang='lat' dir='ltr'><strong>ju-</strong></span> 
     </span>
    </p>
   </div>
   <div class='ocr_carea' id='block_1_110' title="bbox 2126 4939 3747 5012">
    <p class='ocr_par' dir='ltr' id='par_1_110' title="bbox 2126 4939 3747 5012">
     <span class='ocr_line' id='line_1_110' title="bbox 2126 4939 3747 5012; baseline -0.001 -18"><span class='ocrx_word' id='word_1_918' title='bbox 2126 4958 2284 5012; x_wconf 10' lang='lat' dir='ltr'><strong>ngum</strong></span> <span class='ocrx_word' id='word_1_919' title='bbox 2356 4956 2527 4994; x_wconf 87' lang='lat' dir='ltr'><strong>meum</strong></span> <span class='ocrx_word' id='word_1_920' title='bbox 2574 4956 2732 5010; x_wconf 90' lang='lat' dir='ltr'><strong>super</strong></span> <span class='ocrx_word' id='word_1_921' title='bbox 2774 4955 2902 5003; x_wconf 83' lang='lat' dir='ltr'><strong>vos,</strong></span> <span class='ocrx_word' id='word_1_922' title='bbox 2951 4939 3075 5009; x_wconf 87' lang='lat' dir='ltr'><strong>quia</strong></span> <span class='ocrx_word' id='word_1_923' title='bbox 3123 4956 3280 4992; x_wconf 88' lang='lat' dir='ltr'><strong>suave</strong></span> <span class='ocrx_word' id='word_1_924' title='bbox 3338 4947 3449 5003; x_wconf 87' lang='lat' dir='ltr'><strong>est;</strong></span> <span class='ocrx_word' id='word_1_925' title='bbox 3509 4948 3556 4993; x_wconf 89' lang='lat' dir='ltr'><strong>et</strong></span> <span class='ocrx_word' id='word_1_926' title='bbox 3614 4955 3747 4992; x_wconf 89' lang='lat' dir='ltr'><strong>onus</strong></span> 
     </span>
    </p>
   </div>
   <div class='ocr_carea' id='block_1_111' title="bbox 2162 5028 3745 5101">
    <p class='ocr_par' dir='ltr' id='par_1_111' title="bbox 2162 5028 3745 5101">
     <span class='ocr_line' id='line_1_111' title="bbox 2162 5028 3745 5101; baseline -0.004 -14"><span class='ocrx_word' id='word_1_927' title='bbox 2162 5049 2333 5087; x_wconf 88' lang='lat' dir='ltr'><strong>meum</strong></span> <span class='ocrx_word' id='word_1_928' title='bbox 2360 5031 2467 5087; x_wconf 87' lang='lat' dir='ltr'><strong>leve</strong></span> <span class='ocrx_word' id='word_1_929' title='bbox 2486 5040 2559 5086; x_wconf 88' lang='lat' dir='ltr'><strong>est</strong></span> <span class='ocrx_word' id='word_1_930' title='bbox 2587 5032 2605 5101; x_wconf 97' lang='lat'><strong>(</strong></span> <span class='ocrx_word' id='word_1_931' title='bbox 2615 5031 2800 5084; x_wconf 77' lang='lat' dir='ltr'><strong>Matth.</strong></span> <span class='ocrx_word' id='word_1_932' title='bbox 2830 5029 2930 5101; x_wconf 68' lang='grc' dir='ltr'>ιι).</span> <span class='ocrx_word' id='word_1_933' title='bbox 2957 5028 3317 5084; x_wconf 78' lang='lat' dir='ltr'><strong>Manumissus</strong></span> <span class='ocrx_word' id='word_1_934' title='bbox 3346 5030 3564 5095; x_wconf 89' lang='lat' dir='ltr'><strong>dicitur,</strong></span> <span class='ocrx_word' id='word_1_935' title='bbox 3590 5028 3745 5099; x_wconf 87' lang='lat' dir='ltr'><strong>quasi</strong></span> 
     </span>
    </p>
   </div>
   <div class='ocr_carea' id='block_1_112' title="bbox 2165 5118 3744 5190">
    <p class='ocr_par' dir='ltr' id='par_1_112' title="bbox 2165 5118 3744 5190">
     <span class='ocr_line' id='line_1_112' title="bbox 2165 5118 3744 5190; baseline -0.004 -14"><span class='ocrx_word' id='word_1_936' title='bbox 2165 5138 2325 5176; x_wconf 86' lang='lat' dir='ltr'><strong>manu</strong></span> <span class='ocrx_word' id='word_1_937' title='bbox 2371 5120 2617 5176; x_wconf 88' lang='lat' dir='ltr'><strong>emissus.</strong></span> <span class='ocrx_word' id='word_1_938' title='bbox 2663 5120 2818 5190; x_wconf 89' lang='lat' dir='ltr'><strong>Apud</strong></span> <span class='ocrx_word' id='word_1_939' title='bbox 2865 5126 3077 5173; x_wconf 87' lang='lat' dir='ltr'><strong>veteres</strong></span> <span class='ocrx_word' id='word_1_940' title='bbox 3120 5119 3265 5172; x_wconf 90' lang='lat' dir='ltr'><strong>enim</strong></span> <span class='ocrx_word' id='word_1_941' title='bbox 3314 5118 3529 5187; x_wconf 89' lang='lat' dir='ltr'><strong>quoties</strong></span> <span class='ocrx_word' id='word_1_942' title='bbox 3584 5133 3744 5171; x_wconf 85' lang='lat' dir='ltr'><strong>manu</strong></span> 
     </span>
    </p>
   </div>
   <div class='ocr_carea' id='block_1_113' title="bbox 2165 5209 3748 5281">
    <p class='ocr_par' dir='ltr' id='par_1_113' title="bbox 2165 5209 3748 5281">
     <span class='ocr_line' id='line_1_113' title="bbox 2165 5209 3748 5281; baseline -0.003 -16"><span class='ocrx_word' id='word_1_943' title='bbox 2165 5212 2448 5265; x_wconf 87' lang='lat' dir='ltr'><strong>mittebant</strong></span> <span class='ocrx_word' id='word_1_944' title='bbox 2477 5252 2491 5276; x_wconf 91' lang='lat'><strong>,</strong></span> <span class='ocrx_word' id='word_1_945' title='bbox 2521 5211 2670 5279; x_wconf 85' lang='lat' dir='ltr'><strong>alapa</strong></span> <span class='ocrx_word' id='word_1_946' title='bbox 2701 5225 2988 5281; x_wconf 90' lang='lat' dir='ltr'><strong>percussos</strong></span> <span class='ocrx_word' id='word_1_947' title='bbox 3018 5209 3488 5279; x_wconf 86' lang='lat' dir='ltr'><strong>circumagebant,</strong></span> <span class='ocrx_word' id='word_1_948' title='bbox 3520 5210 3664 5263; x_wconf 89' lang='lat' dir='ltr'><strong>unde</strong></span> <span class='ocrx_word' id='word_1_949' title='bbox 3692 5215 3748 5262; x_wconf 89' lang='lat' dir='ltr'><strong>et</strong></span> 
     </span>
    </p>
   </div>
   <div class='ocr_carea' id='block_1_114' title="bbox 2165 5298 3749 5370">
    <p class='ocr_par' dir='ltr' id='par_1_114' title="bbox 2165 5298 3749 5370">
     <span class='ocr_line' id='line_1_114' title="bbox 2165 5298 3749 5370; baseline 0 -15"><span class='ocrx_word' id='word_1_950' title='bbox 2165 5298 2478 5355; x_wconf 82' lang='lat' dir='ltr'><strong>manumissi</strong></span> <span class='ocrx_word' id='word_1_951' title='bbox 2517 5301 2644 5355; x_wconf 91' lang='lat' dir='ltr'><strong>dicti</strong></span> <span class='ocrx_word' id='word_1_952' title='bbox 2682 5315 2748 5355; x_wconf 88' lang='lat' dir='ltr'><strong>eo</strong></span> <span class='ocrx_word' id='word_1_953' title='bbox 2785 5300 2927 5370; x_wconf 88' lang='lat' dir='ltr'><strong>quod</strong></span> <span class='ocrx_word' id='word_1_954' title='bbox 2983 5315 3145 5354; x_wconf 89' lang='lat' dir='ltr'><strong>manu</strong></span> <span class='ocrx_word' id='word_1_955' title='bbox 3193 5301 3557 5354; x_wconf 83' lang='lat' dir='ltr'><strong>mitterentur.</strong></span> <span class='ocrx_word' id='word_1_956' title='bbox 3590 5301 3749 5355; x_wconf 84' lang='lat' dir='ltr'><strong>Cives</strong></span> 
     </span>
    </p>
   </div>
   <div class='ocr_carea' id='block_1_115' title="bbox 2166 5389 3748 5460">
    <p class='ocr_par' dir='ltr' id='par_1_115' title="bbox 2166 5389 3748 5460">
     <span class='ocr_line' id='line_1_115' title="bbox 2166 5389 3748 5460; baseline 0.001 -16"><span class='ocrx_word' id='word_1_957' title='bbox 2166 5390 2392 5444; x_wconf 82' lang='lat' dir='ltr'><strong>Romani</strong></span> <span class='ocrx_word' id='word_1_958' title='bbox 2438 5400 2621 5459; x_wconf 85' lang='lat' dir='ltr'><strong>postea</strong></span> <span class='ocrx_word' id='word_1_959' title='bbox 2659 5389 2789 5445; x_wconf 90' lang='lat' dir='ltr'><strong>dicti</strong></span> <span class='ocrx_word' id='word_1_960' title='bbox 2827 5392 2926 5445; x_wconf 92' lang='lat' dir='ltr'><strong>sub</strong></span> <span class='ocrx_word' id='word_1_961' title='bbox 2961 5390 3271 5445; x_wconf 88' lang='lat' dir='ltr'><strong>consulibus</strong></span> <span class='ocrx_word' id='word_1_962' title='bbox 3301 5406 3399 5460; x_wconf 90' lang='lat' dir='ltr'><strong>per</strong></span> <span class='ocrx_word' id='word_1_963' title='bbox 3428 5399 3748 5447; x_wconf 86' lang='lat' dir='ltr'><strong>testamenta</strong></span> 
     </span>
    </p>
   </div>
   <div class='ocr_carea' id='block_1_116' title="bbox 2167 5479 3750 5559">
    <p class='ocr_par' dir='ltr' id='par_1_116' title="bbox 2167 5479 3750 5559">
     <span class='ocr_line' id='line_1_116' title="bbox 2167 5479 3750 5559; baseline 0.001 -27"><span class='ocrx_word' id='word_1_964' title='bbox 2167 5480 2221 5532; x_wconf 91' lang='lat' dir='ltr'><strong>in</strong></span> <span class='ocrx_word' id='word_1_965' title='bbox 2262 5480 2395 5533; x_wconf 91' lang='lat' dir='ltr'><strong>urbe</strong></span> <span class='ocrx_word' id='word_1_966' title='bbox 2420 5479 2662 5534; x_wconf 83' lang='lat' dir='ltr'><strong>Romana</strong></span> <span class='ocrx_word' id='word_1_967' title='bbox 2688 5488 2812 5534; x_wconf 89' lang='lat' dir='ltr'><strong>sunt</strong></span> <span class='ocrx_word' id='word_1_968' title='bbox 2838 5480 3023 5559; x_wconf 31' lang='lat' dir='ltr'><strong>effecti.</strong></span> <span class='ocrx_word' id='word_1_969' title='bbox 3049 5498 3061 5532; x_wconf 89' lang='lat'><strong>:</strong></span> <span class='ocrx_word' id='word_1_970' title='bbox 3101 5479 3227 5541; x_wconf 85' lang='lat' dir='ltr'><strong>dicti</strong></span> <span class='ocrx_word' id='word_1_971' title='bbox 3258 5491 3437 5536; x_wconf 87' lang='lat' dir='ltr'><strong>autem</strong></span> <span class='ocrx_word' id='word_1_972' title='bbox 3468 5481 3616 5534; x_wconf 77' lang='lat' dir='ltr'><strong>cives</strong></span> <span class='ocrx_word' id='word_1_973' title='bbox 3640 5480 3750 5535; x_wconf 82' lang='lat' dir='ltr'><strong>Ro-</strong></span> 
     </span>
    </p>
   </div>
   <div class='ocr_carea' id='block_1_117' title="bbox 2168 5569 3750 5641">
    <p class='ocr_par' dir='ltr' id='par_1_117' title="bbox 2168 5569 3750 5641">
     <span class='ocr_line' id='line_1_117' title="bbox 2168 5569 3750 5641; baseline 0.001 -16"><span class='ocrx_word' id='word_1_974' title='bbox 2168 5571 2312 5625; x_wconf 86' lang='lat' dir='ltr'><strong>mani</strong></span> <span class='ocrx_word' id='word_1_975' title='bbox 2336 5612 2349 5635; x_wconf 89' lang='lat'><strong>,</strong></span> <span class='ocrx_word' id='word_1_976' title='bbox 2382 5573 2507 5641; x_wconf 88' lang='lat' dir='ltr'><strong>quia</strong></span> <span class='ocrx_word' id='word_1_977' title='bbox 2540 5580 2860 5627; x_wconf 84' lang='lat' dir='ltr'><strong>testamento</strong></span> <span class='ocrx_word' id='word_1_978' title='bbox 2900 5572 3053 5626; x_wconf 88' lang='lat' dir='ltr'><strong>libcri</strong></span> <span class='ocrx_word' id='word_1_979' title='bbox 3088 5571 3263 5627; x_wconf 65' lang='lat' dir='ltr'><strong>effecti</strong></span> <span class='ocrx_word' id='word_1_980' title='bbox 3296 5574 3344 5627; x_wconf 93' lang='lat' dir='ltr'><strong>in</strong></span> <span class='ocrx_word' id='word_1_981' title='bbox 3378 5588 3606 5627; x_wconf 89' lang='lat' dir='ltr'><strong>numero</strong></span> <span class='ocrx_word' id='word_1_982' title='bbox 3633 5569 3750 5626; x_wconf 84' lang='lat' dir='ltr'><strong>Ro-</strong></span> 
     </span>
    </p>
   </div>
   <div class='ocr_carea' id='block_1_118' title="bbox 2168 5660 3752 5735">
    <p class='ocr_par' dir='ltr' id='par_1_118' title="bbox 2168 5660 3752 5735">
     <span class='ocr_line' id='line_1_118' title="bbox 2168 5660 3752 5735; baseline -0.001 -16"><span class='ocrx_word' id='word_1_983' title='bbox 2168 5664 2451 5719; x_wconf 86' lang='lat' dir='ltr'><strong>manorum</strong></span> <span class='ocrx_word' id='word_1_984' title='bbox 2502 5662 2700 5719; x_wconf 88' lang='lat' dir='ltr'><strong>civium</strong></span> <span class='ocrx_word' id='word_1_985' title='bbox 2758 5663 3090 5735; x_wconf 83' lang='lat' dir='ltr'><strong>rediguntur.</strong></span> <span class='ocrx_word' id='word_1_986' title='bbox 3141 5661 3235 5717; x_wconf 86' lang='lat' dir='ltr'><strong>llis</strong></span> <span class='ocrx_word' id='word_1_987' title='bbox 3283 5661 3516 5730; x_wconf 88' lang='lat' dir='ltr'><strong>primum</strong></span> <span class='ocrx_word' id='word_1_988' title='bbox 3571 5660 3752 5717; x_wconf 76' lang='lat' dir='ltr'><strong>aditus</strong></span> 
     </span>
    </p>
   </div>
  </div>
