4038 6324
269 420 379 476 ‘57

1226 416 1316 471 DE
1353 413 1696 474 UNIVERSO
1735 417 1913 473 LIBRI
1947 416 2194 474 XXII.—
2231 416 2356 472 LIB.
2399 417 2559 474 XVII.

3419 419 3523 479 458

265 538 390 588 erat
409 529 462 584 ln
482 528 617 584 urbe
634 527 806 584 Roma
831 529 1173 584 commorari.
1201 527 1422 584 Caeteris
1443 539 1620 584 autem
1643 528 1846 585 libertis
1875 536 1919 592 Λ
1949 531 2162 601 generis
2186 572 2200 594 ,
2231 540 2290 585 ut
2313 541 2438 586 sunt
2471 532 2564 585 lilii
2587 532 2669 586 vel
2701 541 2937 602 nepotes.
2972 531 3250 589 Prolueres
3280 536 3370 604 qui
3413 535 3531 591 loco

265 617 660 691 prohibebatur
681 657 696 683 ,
725 630 794 672 ne
833 617 916 672 vel
959 617 1014 673 in
1043 618 1178 673 urbe
1211 617 1379 672 Roma
1405 619 1488 673 vel
1520 619 1659 675 infra
1685 621 1849 690 septi-

269 725 421 766 mum
440 708 507 763 ab
522 703 654 763 urbe
682 704 992 763 milliarium
1017 715 1421 764 commanerent
1435 727 1447 762 :
1463 709 1589 764 licet
1613 709 1851 781 legamus

267 798 500 856 Paulum
544 797 844 868 apostolum
885 797 1208 854 necessitate
1248 798 1582 868 compulsum
1633 807 1852 869 propter

269 891 591 946 seditionem
617 897 859 945 exortam
889 889 1060 944 civem
1091 889 1393 943 Romanum
1429 903 1488 943 se
1529 889 1847 959 appellasse.

269 986 439 1042 Multo
467 985 750 1057 gloriosius
792 992 895 1049 est,
921 983 1062 1054 quod
1099 998 1158 1039 se
1185 999 1307 1038 cum
1347 983 1560 1038 cameris
1607 983 1852 1039 ﬁdelibus

269 1076 445 1131 civem
518 1073 756 1130 caelestis
801 1073 1099 1130 Jerusalem
1151 1073 1482 1144 nuncupavit
1523 1091 1537 1127 :
1587 1073 1729 1129 unde
1783 1074 1852 1130 ad

271 1166 535 1236 Ephesios
561 1166 828 1230 scribens,
859 1166 937 1220 ait
965 1180 980 1220 :
1015 1165 1154 1236 Ergo
1193 1166 1310 1236 jam
1345 1183 1446 1220 non
1473 1165 1594 1220 estis
1625 1166 1851 1236 hospites

269 1268 319 1313 et
350 1258 583 1322 adventa,
607 1257 696 1310 sed
722 1253 843 1311 estis
865 1257 996 1311 cives
1017 1265 1340 1320 sanctorum,
1363 1265 1409 1309 et
1438 1255 1705 1310 domestici
1732 1256 1850 1321 Dei,

268 1347 674 1418 superadi/icati
727 1362 882 1416 super
930 1347 1328 1415 fundamentum
1387 1347 1741 1417 apostolorum
1804 1356 1854 1402 et

267 1437 639 1508 prophetarum
668 1435 829 1507 (Eph.
857 1435 939 1505 ιι),
969 1437 1072 1491 hoc
1094 1444 1199 1500 est,
1223 1451 1383 1507 super
1401 1452 1597 1491 novum
1624 1444 1855 1492 etvetus

271 1535 658 1584 testamentum
687 1527 935 1582 collocati
970 1546 983 1582 :
1016 1543 1135 1598 qua:
1162 1528 1303 1581 enim
1344 1528 1569 1598 apostoli
1599 1528 1853 1597 prmdica-

270 1627 486 1682 verunt,
507 1619 780 1688 prophetm
801 1617 979 1672 futura
1002 1619 1272 1682 dixerunt,
1297 1619 1399 1673 hoc
1419 1626 1524 1682 est,
1551 1633 1655 1672 non
1681 1617 1853 1673 solum

269 1725 394 1774 nos,
425 1709 517 1764 sed
543 1718 599 1764 et
625 1709 872 1765 caelestes
895 1717 1189 1778 potestates
1209 1709 1409 1780 pariter
1430 1708 1546 1763 ﬁeri
1577 1708 1856 1763 habitacu—

272 1801 384 1855 lum
417 1800 508 1856 Dei
543 1801 594 1854 in
627 1800 832 1870 Spiritu
862 1810 1070 1854 sancto.
1100 1799 1340 1854 Hmrcdis
1370 1814 1562 1853 nomen
1603 1799 1857 1868 imposuit

272 1905 473 1947 census
505 1892 630 1947 teris

274 1984 381 2039 hcc
402 1983 544 2038 enim
571 1982 832 2039 vocabulo
855 1982 1028 2054 prima
1053 1982 1324 2048 successio
1345 1989 1430 2037 est
1454 1980 1786 2036 bmreditatis
1807 1988 1863 2036 et

1953 621 2178 677 hau-edis
2206 621 2464 692 fungitur,
2511 623 2663 692 quasi
2703 639 2802 693 pro
2839 624 3072 677 hmrede.
3119 624 3215 678 Est
3255 626 3398 682 enim
3439 637 3532 681 ant

1953 714 2230 769 institutus
2273 721 2366 767 aut
2397 715 2736 768 substitutus.
2790 713 3043 770 Haeredes
3082 724 3260 770 autem
3306 718 3531 787 mystice

1952 806 2124 862 sancti
2174 805 2268 861 Dei
2314 815 2538 876 possunt
2573 807 2816 878 intelligi,
2863 815 2916 861 et
2960 807 3052 876 qui
3083 807 3319 862 caelestis
3340 808 3546 876 patriar

1951 909 2291 965 possessores
2318 895 2482 950 futuri
2508 905 2651 950 sunt.
2684 895 2836 952 Unde
2865 895 3154 965 Apostolus
3182 895 3249 950 ad
3293 896 3526 951 Roman.

1953 985 2198 1041 scribens
2219 987 2296 1040 ait
2320 1004 2332 1039 :
2359 985 2478 1056 Ipse
2500 986 2728 1056 Spiritus
2748 967 3099 1041 testimonium
3123 986 3300 1040 reddet
3323 987 3538 1058 spiritui

1954 1084 2150 1139 nostra,
2179 1077 2319 1145 quod
2343 1092 2522 1130 sumus
2545 1074 2645 1144 ﬁlii
2683 1075 2799 1128 Dei.
2843 1074 2901 1129 Si
2927 1084 3101 1128 autem
3131 1075 3254 1144 ﬁlii,
3286 1085 3335 1130 et
3368 1076 3535 1130 luere-

1953 1166 2089 1220 des:
2126 1166 2357 1220 ltwredes
2386 1165 2594 1236 quidem
2637 1165 2754 1230 Dei,
2791 1165 3084 1219 coltwredes
3120 1175 3292 1220 autem
3337 1164 3534 1220 Christi

1955 1257 2134 1330 (Rom.
2174 1257 2312 1328 vm).
2352 1257 2424 1313 Ut
2449 1273 2579 1328 ergo
2608 1267 2886 1328 promptos
2915 1257 2984 1311 ad
3029 1257 3387 1312 obediendum
3424 1256 3536 1311 Deo

1955 1346 2101 1401 Patri
2138 1344 2362 1411 faceret,
2413 1347 2514 1402 hac
2543 1361 2638 1416 spe
2676 1348 3013 1412 exhortatur,
3044 1347 3248 1412 dicens,
3301 1348 3390 1402 Dei
3439 1362 3538 1402 nos

1955 1435 2164 1490 futuros
2186 1437 2446 1501 haeredes,
2476 1438 2783 1492 colueredes
2828 1446 3005 1491 autem
3036 1437 3237 1492 Christi
3271 1454 3285 1492 :
3322 1447 3382 1491 ut
3409 1437 3537 1507 quia

1955 1539 2147 1595 magna
2165 1539 2287 1594 spes
2312 1525 2521 1595 prmmii
2540 1535 2644 1590 est,
2670 1533 2818 1580 tanto
2840 1527 3011 1598 magis
3035 1527 3088 1580 in
3111 1527 3203 1580 Dei
3235 1527 3394 1581 rebus
3417 1542 3540 1596 pro-

1955 1614 2230 1683 pensiores
2271 1629 2533 1680 essemus,
2583 1610 2963 1685 postponentes
3004 1631 3190 1672 curam
3243 1617 3544 1671 mundano-
3591 1668 3614 1687 ,λ

1958 1719 2098 1759 rum.
2151 1704 2289 1771 Quid
2320 1705 2388 1759 sit
2424 1713 2601 1760 autem
2645 1707 2983 1762 cohmredem
3009 1723 3130 1763 esse
3170 1708 3266 1762 ﬁlii
3314 1708 3430 1773 Dei,
3471 1708 3542 1761 ab

1958 1798 2201 1869 apostolo
2239 1797 2446 1854 Joanne
2485 1798 2780 1854 docemur:
2824 1801 2969 1854 inter
3006 1809 3202 1855 caatera
3237 1801 3382 1855 enim
3417 1800 3536 1854 ait:

682 1909 695 1946 :
743 1890 1008 1945 consolvit
1034 1891 1176 1945 enim
1208 1890 1469 1945 tributum
1501 1890 1702 1944 actoris
1743 1907 1756 1943 :
1797 1889 1852 1944 in
1882 1890 1927 1950 B
1958 1888 2166 1943 Scimus
2215 1891 2492 1959 quoniam,
2520 1906 2638 1944 cum
2666 1890 2998 1961 apparuerit,
3036 1889 3231 1944 similes
3264 1891 3312 1945 ei
3349 1891 3543 1944 erimus

1966 1977 2019 2042 (1
2050 1977 2211 2034 Joan.
2243 1980 2348 2051 ιίι).

298 2150 3542 2177 Mm

1203 2289 1503 2366 LIBER
1557 2285 2074 2364 SEPTIMUS
2133 2285 2615 2364 DECIMUS.

787 2604 1015 2664 CAPUT
1053 2601 1340 2661 PRIMUM.

681 2695 760 2753 De
785 2699 992 2769 pulvere
1023 2706 1071 2751 et
1096 2695 1255 2767 glebis
1283 2705 1456 2750 torrat.

346 2790 534 2850 Pulvis
553 2789 748 2855 dictus,
775 2787 918 2860 quod
940 2788 992 2843 vi
1021 2788 1169 2843 venti
1194 2787 1458 2856 pellatur:
1491 2785 1698 2842 tollitur
1717 2785 1863 2840 enim

275 2883 399 2957 ejus
424 2882 573 2944 ﬂatu.
603 2895 705 2936 nec
727 2879 954 2944 resistit,
981 2893 1082 2933 nec
1103 2886 1250 2933 stare
1275 2877 1444 2942 novit,
1472 2877 1614 2932 sicut
1639 2876 1716 2931 ait
1740 2875 1868 2931 Pro-

279 2974 443 3044 pheta
469 2987 484 3026 :
515 2971 785 3042 Tanquam
827 2969 1018 3042 pulvis,
1045 2983 1196 3039 quem
1223 2967 1432 3038 projicit
1462 2975 1642 3022 ventus
1665 2983 1695 3019 a
1729 2965 1868 3035 {acie

279 3073 438 3117 terra
462 3061 632 3132 (Psal.
666 3061 728 3133 ι).
761 3059 948 3115 Limus
989 3068 1232 3124 vocatus,
1262 3057 1405 3128 quod
1448 3055 1587 3112 lenis
1615 3057 1704 3110 sit.
1741 3054 1866 3111 Cm-

1965 2600 2069 2657 ﬁde
2115 2600 2506 2658 incarnationis
2564 2601 2680 2674 ejus
2735 2602 2931 2658 imbuit
2988 2617 3158 2674 genus
3211 2601 3550 2672 humanum,

1962 2689 2106 2762 quqd
2154 2704 2355 2744 etecum
2401 2699 2520 2746 erat
2565 2706 2596 2746 a
2649 2691 2948 2758 nativitate,
2980 2692 3082 2747 hoc
3103 2699 3206 2758 est,
3247 2694 3317 2748 ab
3345 2696 3555 2767 origine

1964 2779 2125 2850 primi
2157 2780 2392 2836 hominis
2424 2799 2437 2834 :
2467 2790 2522 2837 et
2549 2783 2629 2837 sic
2651 2783 2718 2836 ad
2747 2783 3007 2852 piscinam
3029 2782 3197 2849 Siloe,
3225 2783 3327 2839 hoc
3351 2795 3456 2850 est,
3482 2787 3551 2841 ad

1967 2868 2220 2939 baptismi
2269 2879 2669 2926 sacramentum
2710 2871 2840 2926 illud
2872 2872 3048 2938 misit;
3089 2875 3397 2931 econtrario
3422 2891 3554 2931 vero

1969 2958 2140 3013 lutum
2185 2960 2424 3028 ponitur,
2461 2961 2678 3030 quando
2726 2962 2914 3018 sordes
2957 2962 3227 3034 signiﬁcat
3275 2965 3551 3020 vitiorum.

1978 3049 2132 3106 Unde
2177 3059 2263 3106 est
2309 3051 2440 3107 illud
2487 3051 2672 3119 Petri,
2709 3053 2851 3122 quod
2897 3054 2962 3109 de
3005 3055 3380 3148 peqcatoribus
3420 3057 3496 3112 ait
3541 3073 3552 3086 -

281 3167 413 3206 num
443 3116 525 3205 est
551 3116 750 3222 vorago
770 3150 892 3205 luti.
919 3148 1068 3205 Cinis
1091 3163 1158 3203 ex
1180 3116 1430 3203 incendio
1450 3145 1669 3202 dicitur.
1697 3143 1780 3200 Ab
1805 3159 1870 3200 eo
1897 3116 1942 3180 (δ
1974 3143 2200 3215 Contigit
2221 3146 2355 3200 enim
2385 3147 2459 3200 eis
2486 3146 2620 3200 illud
2653 3147 2756 3202 veri
2797 3123 3124 3217 proverbium
3153 3161 3175 3201 :
3203 3149 3350 3203 canis
3388 3165 3557 3204 rever-

280 3243 428 3298 enim
447 3243 522 3296 ﬁt.
540 3242 915 3313 Favilla,quod
943 3257 1040 3313 per
1055 3241 1234 3311 ignem
1259 3238 1446 3295 ell‘ecta
1469 3239 1568 3294 sit:
1588 3253 1712 3293 nam
1732 3238 1871 3308 phos

281 3331 426 3404 ignis
447 3341 549 3388 est.
577 3333 765 3398 Gleha,
797 3333 940 3403 quod
967 3332 1037 3386 sit
1063 3331 1283 3403 globus;
1321 3329 1558 3400 pulveris
1583 3329 1728 3384 enim
1757 3326 1870 3382 col-

282 3422 514 3480 lectione
542 3425 934 3496 compingitur,
967 3432 1023 3479 et
1051 3423 1104 3477 in
1149 3437 1260 3477 uno
1299 3421 1539 3492 glomere
1570 3419 1868 3475 adunattrr:

285 3530 432 3573 terra
482 3526 663 3571 autem
692 3517 874 3586 ligata,
906 3515 1058 3586 gleba
1087 3523 1173 3569 est
1209 3513 1406 3577 soluta,
1440 3511 1638 3584 pulvis.
1673 3510 1871 3566 Lutum

280 3617 535 3664 vocatum
551 3607 771 3677 quidam
795 3621 894 3676 per
920 3607 1256 3677 antiphrasin
1278 3604 1646 3675 putant,quod
1673 3618 1780 3658 non
1801 3603 1874 3658 sit

283 3699 477 3764 lotum,
518 3699 624 3754 hoc
651 3707 733 3753 est
768 3701 1047 3753 mundum.
1095 3698 1230 3753 Nam
1261 3713 1419 3753 omne
1437 3699 1610 3752 lutum
1639 3699 1873 3752 immun-

283 3789 416 3846 dum
463 3797 564 3842 est.
599 3787 887 3842 Volutabra
918 3788 1201 3857 appellata,
1247 3787 1389 3856 quod
1432 3789 1504 3842 ibi
1545 3788 1693 3857 porci
1723 3787 1874 3842 voln-

285 3886 490 3932 tentur.
525 3876 680 3948 Uligo
702 3878 891 3932 sordes
915 3876 1028 3932 limi
1054 3876 1138 3931 vel
1166 3892 1321 3946 aqua:
1343 3877 1546 3932 limosae
1574 3885 1717 3931 sunt.
1749 3877 1874 3932 Pul-

284 3968 372 4022 vis
420 3968 688 4038 significat
741 3968 1141 4038 corruptionem
1184 3967 1435 4021 humana:
1492 3975 1732 4030 natum,
1792 3965 1874 4021 vel

287 4059 559 4112 levitatem
600 4058 849 4112 humana:
888 4058 1113 4124 mentis;
1146 4066 1207 4112 ut
1241 4067 1326 4112 est
1370 4057 1497 4111 illud
1528 4056 1580 4111 in
1629 4056 1870 4126 psalmis,

287 4150 432 4220 quod
454 4150 519 4204 de
539 4159 822 4219 peccatore
847 4136 1104 4219 scriptum
1133 4155 1216 4203 est
1238 4167 1251 4202 :
1280 4146 1346 4201 Et
1367 4149 1461 4201 erit
1487 4155 1735 4216 tanquam
1756 4146 1874 4216 pul~

287 4241 386 4303 vis,
409 4255 558 4310 quem
583 4241 788 4310 projicit
815 4251 993 4295 ventus
1019 4258 1049 4294 a
1071 4241 1206 4310 facie
1231 4250 1382 4293 terra:
1403 4237 1576 4311 (Psal.
1602 4239 1664 4307 t).
1693 4237 1873 4293 Pulvis

287 4331 434 4386 enim
477 4330 556 4401 (ut
600 4345 761 4402 supra
811 4331 1066 4403 diximus)
1105 4340 1189 4386 est
1239 4331 1499 4385 resolutio
1543 4338 1702 4384 terra:
1749 4345 1764 4382 :
1817 4335 1874 4383 et

289 4422 453 4477 homo
486 4430 734 4479 terrenus
769 4424 984 4494 quando
1019 4423 1236 4478 inﬂatur
1257 4423 1565 4479 seductorio
1593 4431 1755 4478 vento
1783 4438 1872 4478 su-

1969 3251 2060 3290 sus
2099 3235 2168 3290 ad
2207 3251 2358 3290 suum
2387 3238 2631 3291 vomitum
2671 3253 2691 3292 :
2731 3247 2782 3291 et
2806 3255 2896 3291 sus
2926 3236 3035 3292 lota
3063 3239 3121 3292 in
3157 3238 3426 3294 volutabra
3458 3239 3558 3294 luti

1971 3323 2058 3396 (11
2085 3322 2233 3379 Petr.
2263 3325 2349 3396 ιι).
2376 3325 2580 3398 Argilla
2609 3328 2678 3382 ab
2701 3327 2860 3399 Argis
2882 3336 3093 3391 vocata,
3123 3329 3264 3399 apud
3285 3345 3421 3400 quos
3442 3331 3558 3401 pri-

1972 3428 2120 3466 mum
2167 3428 2236 3470 ex
2263 3429 2326 3469 ea
2370 3430 2500 3470 vasa
2527 3415 2775 3471 confecta
2825 3426 2951 3472 sunt
2983 3435 2995 3471 :
3026 3425 3082 3472 et
3119 3417 3388 3487 signiﬁcat
3426 3434 3557 3474 san-

1972 3510 2118 3558 ctam
2142 3501 2480 3574 Scripturam
2511 3521 2525 3559 :
2554 3505 2696 3560 unde
2721 3505 2920 3576 legitur
2943 3506 2998 3560 in
3027 3507 3164 3562 libro
3200 3505 3407 3578 Regum
3437 3507 3559 3579 (111

1973 3594 2102 3665 Reg.
2132 3596 2255 3667 vn),
2287 3598 2429 3667 quod
2469 3598 2653 3652 omnia
2689 3613 2817 3654 vasa
2845 3615 2967 3669 qua:
3009 3599 3141 3656 fecit
3190 3601 3378 3656 Hiram
3410 3601 3564 3657 Salo-

1972 3683 2120 3738 moni
2170 3685 2224 3738 in
2252 3686 2414 3742 domo
2461 3688 2694 3755 Domini,
2719 3689 2786 3745 de
2832 3690 3144 3745 aurichalco
3183 3699 3362 3758 erant,
3393 3693 3448 3746 in
3479 3707 3564 3748 re-

1975 3779 2133 3848 gione
2155 3776 2405 3835 Iordanis
2429 3779 2565 3834 vidit
2588 3795 2652 3836 ea
2682 3796 2779 3838 rex
2801 3782 2855 3836 in
2879 3782 3131 3854 argillosa
3161 3791 3306 3839 terra
3335 3798 3350 3837 :
3376 3795 3561 3853 aperte

1975 3867 2030 3921 in
2061 3868 2280 3938 regione
2300 3867 2552 3924 Iordanis
2578 3868 2694 3925 fusa
2723 3879 2848 3925 sunt
2871 3885 3000 3926 vasa
3023 3871 3214 3927 domus
3238 3872 3471 3936 Domini,
3505 3875 3558 3927 in

1975 3973 2083 4029 quo
2108 3959 2357 4015 videlicet
2401 3959 2620 4015 ﬂumine
2671 3962 2930 4018 Dominus
2961 3971 3148 4018 noster
3174 3963 3437 4032 baptizari
3478 3963 3562 4018 di-

1975 4057 2170 4120 gnatus
2195 4058 2297 4114 est,
2334 4059 2390 4104 et
2428 4051 2628 4106 tinctus
2651 4067 2914 4122 aquarum
2947 4053 3124 4118 undis,
3148 4053 3303 4108 nobis
3325 4054 3560 4109 elemen-

1977 4148 2093 4194 tum
2121 4156 2380 4211 aquarum
2417 4143 2472 4197 in
2519 4143 2847 4198 ablutionem
2874 4153 3222 4214 peccatorum
3265 4147 3557 4202 convertit.

1974 4231 2240 4302 Argillosa
2272 4243 2452 4287 autem
2500 4242 2666 4299 terra,
2704 4235 2770 4289 de
2794 4250 2898 4304 qua
2934 4234 3089 4290 facta:
3114 4244 3240 4291 sunt
3279 4235 3467 4292 [omne
3491 4239 3560 4291 ad

1975 4320 2249 4376 fundenda
2272 4337 2398 4377 vasa
2423 4323 2655 4389 Domini,
2691 4339 2812 4394 qua:
2839 4324 3050 4390 melius,
3083 4342 3246 4396 quam
3277 4326 3560 4397 Scriptura

1975 4428 2148 4475 sacra,
2181 4413 2247 4468 de
2272 4428 2376 4484 qua
2407 4415 2647 4486 regulam
2676 4417 2811 4471 bene
2835 4417 3048 4472 vivendi
3082 4419 3397 4489 accipimus,
3422 4419 3565 4472 valet

287 4513 490 4585 pel-bim
517 4553 532 4577 ,
584 4513 650 4569 de
689 4515 958 4570 soliditate
997 4523 1157 4569 terra;
1184 4514 1514 4576 viventium,
1558 4515 1711 4584 quasi
1748 4514 1866 4585 pul-
1892 4502 1944 4560 D
1973 4505 2196 4574 intelligi
2224 4524 2237 4559 :
2271 4507 2424 4576 quasi
2465 4508 2610 4562 enim
2643 4508 2829 4577 argilla
2865 4509 3077 4580 ignibus
3105 4511 3296 4565 durata
3328 4510 3562 4566 formam

288 4605 373 4658 vis
430 4602 681 4671 ahjicitur
711 4623 725 4658 :
758 4605 884 4675 quia
940 4620 1036 4659 sua
1079 4604 1298 4660 levitate
1350 4606 1417 4660 ad
1471 4606 1871 4660 ﬁrmamentum

290 4693 668 4748 mandatorum
695 4709 754 4750 se
776 4701 961 4751 tenere
993 4709 1098 4750 non
1135 4695 1329 4764 potuit.
1355 4695 1542 4749 Limus
1563 4704 1740 4750 autem
1772 4703 1876 4750 ter-

291 4798 479 4838 renam
518 4784 801 4840 materiam
833 4786 1052 4840 humani
1100 4785 1342 4855 corporis
1367 4785 1657 4856 signiﬁcat,
1685 4794 1746 4839 ut
1792 4793 1877 4840 est

290 4871 422 4927 illud
473 4890 488 4926 :
534 4870 805 4928 Formavit
855 4889 977 4944 ergo
1027 4874 1286 4928 hominem
1341 4873 1600 4929 Dominus
1643 4875 1707 4929 de
1750 4874 1876 4928 limo

289 4971 467 5027 terrm,
489 4972 536 5016 et
567 4963 836 5034 inspiravit
858 4964 913 5018 in
939 4963 1129 5034 faciem
1163 4965 1278 5034 ejus
1307 4964 1628 5034 spiraculum
1660 4966 1795 5030 vitm,
1829 4973 1878 5020 et

291 5051 465 5122 factus
491 5061 566 5107 est
599 5055 753 5108 homo
791 5055 849 5108 in
879 5056 1112 5109 animam
1140 5057 1386 5110 viventem
1429 5056 1584 5128 (Gen.
1608 5059 1704 5130 tt);
1755 5075 1877 5114 cum

291 5141 344 5198 ei
389 5143 750 5199 substantiam
787 5145 982 5201 anima:
1009 5160 1074 5200 ac
1110 5146 1351 5216 spiritus,
1402 5147 1458 5202 in
1506 5163 1612 5217 qua
1651 5149 1878 5214 viveret,

293 5236 520 5292 creavit.
541 5236 710 5292 Aliter
733 5237 894 5292 limus
911 5251 1124 5291 caenum
1154 5245 1210 5291 et
1233 5237 1421 5291 sordes
1440 5238 1698 5306 exprimit
1720 5239 1880 5293 vitio-

293 5340 416 5380 rum
441 5366 456 5388 ,
485 5325 540 5379 in
569 5327 766 5396 quibus
792 5325 1049 5396 polluitur
1091 5325 1268 5380 homo.
1315 5324 1580 5381 Similiter
1619 5335 1674 5382 ct
1708 5327 1878 5382 lutum

294 5418 563 5488 duplicem
599 5417 1045 5489 signiﬁcationem
1073 5418 1271 5483 habet;
1304 5417 1406 5472 hoc
1447 5427 1549 5483 est,
1575 5419 1755 5474 carnis
1782 5421 1882 5475 hu-

294 5523 491 5572 manm,
525 5515 580 5562 et
606 5507 952 5577 pollutionem
977 5507 1251 5563 vitiorum.
1284 5505 1438 5563 Unde
1461 5509 1722 5563 Dominus
1746 5509 1877 5579 legi-

259 5669 266 5674 .
297 5606 387 5652 tur
409 5599 461 5652 in
489 5598 777 5670 Evangelio
806 5600 980 5655 lutum
1013 5616 1079 5656 ex
1104 5609 1260 5672 sputo
1286 5599 1498 5668 fecisse,
1529 5611 1586 5657 et
1613 5603 1742 5658 (εεοί
1769 5603 1879 5658 nati

297 5691 482 5745 oculos
516 5692 788 5760 aperuisse
822 5709 835 5744 :
877 5691 1098 5762 Exspuit
1119 5693 1254 5747 enim
1281 5694 1335 5747 in
1359 5703 1573 5758 terram,
1598 5703 1647 5749 et
1670 5694 1790 5764 fecit
1819 5696 1882 5749 de

299 5778 463 5833 saliva
513 5779 680 5837 lutum
733 5779 914 5848 (Joan.
939 5783 1038 5847 ix),
1061 5782 1188 5851 quia
1219 5781 1452 5838 Verbum
1499 5797 1627 5840 caro
1679 5784 1879 5841 factum

743 5872 1021 5934 ΡΑτιιοι..
1057 5869 1222 5932 CXI.

1979 4597 2123 4651 vasis
2150 4597 2379 4662 Domini,
2403 4607 2601 4666 quanta
2624 4606 2680 4652 et
2705 4599 2882 4666 qualia
2910 4599 3025 4653 ﬁeri
3051 4601 3284 4655 debeant
3324 4599 3562 4660 exhibet.

1977 4703 2101 4743 cum
2132 4687 2286 4743 nobis
2300 4687 2634 4757 Scripturam
2659 4689 2896 4759 regulam
2913 4689 3158 4759 justitiaz,
3184 4706 3347 4759 quam
3370 4704 3565 4758 sequa-

1980 4796 2121 4844 mur,
2164 4780 2401 4855 ostendit
2428 4797 2443 4834 :
2476 4788 2894 4851 sanctorumque
2927 4782 3080 4836 nobis
3099 4781 3367 4849 exempla,
3394 4780 3485 4848 qui
3508 4780 3563 4835 in

1980 4875 2102 4946 igne
2127 4873 2534 4929 tribulationum
2559 4874 2898 4930 invincibiles
2918 4881 3355 4944 perseverarunt,
3370 4872 3426 4927 in
3449 4886 3565 4927 om-

1981 4965 2139 5019 nibus
2150 4966 2418 5034 sequenda
2437 4963 2998 5035 praemonstrat.Creta
3012 4965 3080 5020 ab
3099 4962 3274 5019 insula
3288 4961 3565 5028 Creta,ubi

1982 5059 2174 5113 melior
2197 5067 2300 5120 est,
2319 5073 2512 5114 nomen
2547 5061 2732 5114 traxit.
2757 5059 2916 5115 Creta
2939 5058 3167 5114 Cimolia
3188 5059 3416 5114 candida
3436 5066 3521 5115 est
3547 5076 3562 5113 :

1980 5165 2009 5205 a
2036 5149 2231 5204 Cimaea
2255 5149 2418 5203 Italia:
2442 5149 2615 5204 insula
2637 5150 2798 5213 dicta,
2827 5163 3056 5217 quarum
3079 5149 3248 5203 altera
3273 5148 3568 5204 vestimen-

1982 5250 2159 5295 torum
2181 5241 2448 5312 pretiosos
2488 5241 2697 5296 colores
2721 5239 3032 5306 emolliens,
3063 5241 3418 5296 contristatos
3448 5238 3564 5294 sul-

1982 5331 2175 5399 plmre,
2203 5331 2438 5400 quodam
2474 5331 2650 5385 nitore
2680 5329 2980 5396 cxhilarat;
3013 5331 3184 5386 altera
3223 5330 3452 5402 gemmis
3478 5330 3567 5382 ni-

1984 5429 2152 5474 torem
2183 5428 2420 5490 prmstat.
2443 5420 2602 5475 Creta
2639 5421 2965 5489 argentaria,
2988 5429 3044 5475 et
3072 5421 3186 5491 ipsa
3217 5418 3445 5476 candida
3471 5434 3567 5489 ap-

1981 5512 2176 5582 pellata
2199 5527 2264 5567 eo
2286 5513 2428 5581 quod
2453 5513 2685 5568 nitorem
2711 5522 2934 5585 argento
2956 5515 3165 5572 reddat.
3197 5513 3363 5570 Terra
3381 5513 3565 5569 Samia

1982 5619 2013 5659 a
2031 5603 2195 5659 Samo
2217 5604 2389 5658 insula
2406 5604 2572 5668 dicta,
2585 5605 2850 5676 glutinosa
2868 5614 2923 5661 et
2942 5606 3190 5671 candida,
3207 5612 3256 5659 et
3279 5605 3476 5676 lingua:
3495 5604 3567 5660 le-

1985 5693 2091 5760 nis,
2108 5695 2517 5750 medicamentis
2546 5697 2848 5752 etvasculis
2873 5698 3200 5752 necessaria.
3220 5696 3568 5767 Sulphurvo-

1985 5795 2188 5854 catum,
2211 5785 2336 5857 quia
2363 5787 2486 5859 igne
2506 5788 2849 5844 accenditur:
2869 5797 2926 5842 ut
2949 5787 3134 5859 [Forte
3149 5787 3235 5858 ur)
3264 5789 3405 5843 enim
3428 5786 3566 5855 ignis

3055 5881 3130 5939 15
