4038 6324
485 379 590 436 459

1152 378 1212 432 Β.
1253 377 1504 433 llABANl
1543 377 1762 434 MAURI
1796 376 2110 431 ARCIIIEP.
2153 376 2460 433 MOGUNT.
2503 376 2789 434 OPERUbI
2827 376 3005 431 PARS
3039 376 3104 431 ll.

3635 375 3744 431 460

483 506 734 552 est:nam
749 493 832 548 vis
849 491 964 562 ejus
983 493 1036 546 in
1063 505 1130 546 ex
1154 492 1310 563 aquis
1332 492 1662 548 ferventibus
1677 493 1935 558 sentitur;
1961 507 2054 546 ne.
2081 495 2132 554 Λ
2159 492 2248 545 Sal
2275 492 2494 561 quidam
2538 493 2741 546 dictum
2790 499 3009 561 putant,
3049 494 3192 562 quod
3218 491 3271 548 in
3303 493 3426 564 igne
3469 490 3690 547 exsiliat
3720 511 3737 550 :

483 603 588 659 que
603 587 706 640 alia
723 601 810 641 res
824 585 1032 640 facilius
1045 586 1387 640 accenditur:
1404 585 1644 640 nascitur
1659 585 1711 638 in
1729 584 1917 639 insulis
1930 583 2055 638 1E0-

481 679 590 742 liis,
619 679 760 733 inter
790 675 1029 732 Siciliam
1077 683 1132 731 et
1174 675 1402 739 italiam,
1433 691 1571 745 quas
1605 675 1797 729 ardere
1848 675 2051 729 dicunt.

478 768 756 825 Invenitur
800 773 856 822 et
895 766 949 820 in
984 765 1102 820 aliis
1143 765 1277 820 locis
1317 765 1592 820 effossum.
1640 763 1810 833 Hujus
1859 777 2054 834 genera

480 869 747 930 quatuor:
770 873 958 922 unum,
976 857 1117 925 quod
1145 855 1349 910 foditur
1383 855 1782 923 translucetque
1809 862 1864 908 et
1894 855 2052 919 viret,

478 968 585 1021 quo
612 951 726 1005 solo
746 965 813 1004 ex
838 944 1086 1004 omnibus
1121 947 1406 1018 generibus
1440 947 1631 1000 medici
1675 955 1934 1014 utuntur;
1979 945 2056 999 al-

478 1054 676 1108 terum,
723 1042 868 1113 quod
911 1040 1182 1112 appellant
1209 1040 1439 1110 glebam,
1489 1039 1674 1093 usibus
1713 1046 1918 1092 tantum
1953 1036 2055 1090 ful-

476 1133 660 1188 lonum
691 1133 958 1187 familiare
986 1148 1002 1197 ;
1055 1131 1271 1186 tertium
1311 1129 1489 1199 liquor
1521 1137 1626 1193 est,
1672 1143 1802 1183 usus
1834 1128 1950 1198 ejus
1986 1127 2072 1181 ad-

475 1223 630 1279 lanas
659 1221 934 1286 suflindas,
950 1221 1074 1291 quia
1093 1221 1380 1276 candorem
1403 1220 1786 1288 mollitiemque
1812 1229 2048 1290 praastat.

477 1313 738 1381 Quartum
756 1311 822 1365 ad
840 1311 1085 1381 elychnia
1108 1311 1340 1364 maxime
1359 1309 1691 1364 conficienda
1713 1318 1916 1378 aptum.
1933 1307 2054 1362 Sul-

473 1405 662 1474 phuris
691 1411 838 1457 tanta
860 1402 942 1456 vis
969 1409 1073 1464 est,
1096 1410 1155 1454 ut
1186 1401 1403 1456 morbos
1431 1399 1728 1454 comitiales
1752 1399 2050 1468 deprehen-

473 1495 562 1549 dat
596 1493 784 1548 nidore
813 1507 911 1546 suo
954 1491 1234 1560 impositus
1274 1490 1486 1561 ignibus
1505 1488 1800 1543 Anaxilaus
1825 1488 2051 1543 calicem

474 1587 610 1651 vini,
658 1598 940 1656 prunaque
977 1584 1214 1645 subdita,
1263 1581 1649 1638 circumferens
1697 1583 2052 1638 exardescen-

469 1679 542 1735 tis
555 1693 894 1748 repercussu,
910 1676 1168 1748 pallorem
1183 1676 1360 1730 dirum
1375 1673 1518 1729 velut
1530 1673 1904 1729 defunctorum
1919 1689 2051 1728 con-

471 1771 611 1826 vivis
633 1770 880 1824 offundit.
910 1769 1048 1834 Quid
1075 1768 1126 1821 in
1157 1767 1429 1836 sulphure,
1456 1767 1559 1821 nisi
1585 1766 1724 1820 fetor
1751 1765 1966 1820 carnis?
1995 1773 2049 1820 et

2157 583 2294 653 fugit
2317 584 2458 639 enim
2481 583 2682 653 ignem,
2709 583 2834 637 dum
2862 583 2933 638 sit
2957 583 3174 652 igneum
3205 597 3220 637 :
3249 584 3342 638 sed
3368 593 3618 638 naturam
3651 600 3739 640 se-

2155 674 2360 742 quitur,
2389 674 2517 743 quia
2559 673 2700 744 ignis
2734 681 2790 728 et
2820 689 2958 742 aqua
2984 689 3198 743 semper
3223 673 3364 730 inter
3408 689 3467 730 se
3513 674 3736 731 inimica

2155 775 2298 822 sunt.
2328 767 2430 821 Alii
2461 767 2539 822 sal
2570 782 2600 820 a
2621 766 2737 822 salo
2755 775 2806 820 et
2829 765 2940 822 sole
2963 774 3214 822 vocatum
3235 767 3582 832 existimant;
3607 783 3733 822 nam

2153 874 2219 914 ex
2246 861 2401 930 aquis
2422 859 2592 914 maris
2630 868 2820 928 sponte
2857 860 3116 930 gignitur,
3149 875 3336 938 spuma
3377 859 3431 913 in
3474 861 3736 914 extremis

2156 951 2428 1007 littoribus
2444 951 2527 1006 vel
2550 951 2784 1020 scopulis
2811 950 3064 1006 derelicta
3089 959 3142 1005 et
3169 951 3282 1006 sole
3306 951 3533 1006 decocta
3559 967 3574 1005 :
3604 960 3735 1008 sunt

2153 1050 2209 1096 ct
2239 1041 2408 1108 lacus,
2432 1048 2488 1097 et
2511 1040 2754 1107 flumina,
2785 1047 2839 1096 et
2863 1041 3078 1110 putei,e
3106 1041 3301 1110 quibus
3337 1041 3733 1105 hauritur,'de-

2153 1132 2281 1187 hinc
2327 1133 2380 1186 in
2413 1132 2600 1187 salinis
2648 1133 2886 1203 ingestus
2916 1132 3028 1187 sole
3073 1132 3347 1200 siccatur;
3395 1134 3489 1187 sed
3535 1142 3591 1188 et
3630 1133 3732 1188 flu-

2153 1223 2300 1278 mina
2345 1224 2639 1279 densantur
2677 1224 2732 1277 in
2779 1223 2966 1286 salem,
3013 1238 3172 1278 amne
3217 1223 3426 1293 reliquo
3464 1225 3565 1279 sub
3603 1225 3728 1296 gelu

2151 1313 2370 1368 fluente.
2422 1313 2564 1368 Alibi
2617 1328 2830 1383 quoque
2885 1314 3144 1368 detractis
3211 1315 3391 1367 arenis
3437 1314 3730 1385 colligitur,

2151 1420 2404 1461 crescens
2434 1419 2556 1458 cum
2597 1403 2737 1457 inme
2766 1403 3034 1457 noctibus.
3075 1401 3207 1456 Nam
3237 1403 3291 1456 in
3325 1403 3581 1472 Cyrenaaa
3613 1419 3733 1458 am-

2151 1495 2430 1550 moniacus
2455 1493 2554 1547 sub
2589 1493 2772 1547 arenis
2817 1492 3124 1546 invenitur:
3155 1501 3355 1547 suntet
3383 1502 3596 1548 montes
3631 1510 3734 1547 na-

2151 1585 2244 1638 tivi
2276 1584 2424 1645 salis,
2453 1583 2506 1636 in
2535 1582 2732 1652 quibus
2755 1580 2900 1636 ferro
2920 1582 3146 1637 cmditur
3175 1591 3235 1636 ut
3271 1582 3410 1651 lapis
3435 1598 3731 1638 renascens

2149 1673 2326 1742 majus
2382 1680 2531 1726 tanta
2577 1671 2774 1726 alicubi
2811 1671 3040 1737 duritie,
3090 1679 3150 1726 ut
3196 1688 3381 1727 muros
3426 1673 3728 1742 domusque

2150 1764 2344 1818 massis
2367 1761 2495 1817 salis
2527 1761 2748 1827 faciant,
2772 1762 2910 1816 sicut
2939 1762 2991 1815 in
3021 1763 3240 1817 Arabia.
3271 1763 3326 1816 ln
3367 1771 3556 1817 natura
3592 1780 3729 1833 quo-

471 1861 600 1930 quid
629 1875 726 1929 per
755 1860 954 1928 ignem,
1003 1857 1103 1911 nisi
1126 1857 1287 1912 ardor
1307 1856 1556 1911 desiderii
1583 1856 1837 1920 carnalis,
1863 1855 2045 1924 expri—
2072 1855 2121 1914 B
2150 1869 2254 1923 que
2301 1853 2430 1907 salis
2469 1850 2781 1906 differentiae
2819 1859 2964 1905 sunt.
3006 1851 3138 1904 Nam
3183 1851 3307 1905 alibi
3356 1854 3556 1915 suavis,
3595 1852 3725 1906 alibi

368 1948 373 1954 ’
467 1949 816 2006 mitur?Cum
839 1963 969 2018 ergo
989 1949 1346 2002 habitantium
1370 1947 1619 2002 Sodomis
1633 1946 2046 2002 velGomorrhaa

466 2041 649 2097 carnis
683 2039 888 2096 scelera
926 2040 1116 2109 punire
1150 2039 1406 2093 Dominus
1441 2038 1782 2101 decrevisset,
1834 2038 1887 2092 in
1931 2038 2046 2107 ipsa

467 2131 724 2202 qualitate
745 2129 967 2184 ultionis
1007 2129 1240 2183 innotuit
1287 2129 1554 2184 maculam
1598 2128 1883 2193 criminis;
1932 2129 2044 2182 sul-

467 2221 608 2294 phur
635 2221 830 2291 quippe
859 2219 1083 2274 fetorem
1124 2219 1306 2283 habet,
1337 2220 1478 2289 ignis
1501 2219 1772 2274 ardorem.
1815 2217 1913 2284 Qui
1945 2218 2046 2272 ita-

465 2327 570 2383 que
599 2315 664 2368 ad
690 2327 944 2384 perversa
967 2311 1232 2366 desideria
1259 2327 1325 2365 ex
1353 2312 1532 2366 carnis
1573 2311 1746 2366 fetore
1775 2319 2043 2376 arserant,

463 2404 684 2473 dignum
741 2402 843 2458 fuit
887 2410 947 2457 ut
983 2403 1140 2457 simul
1183 2402 1437 2470 sulphure
1480 2403 1721 2470 perirent
1773 2410 1828 2457 et
1869 2403 1990 2472 igne
2028 2419 2042 2454 :

463 2502 731 2562 quatenus
755 2508 820 2548 ex
843 2492 995 2564 juxta
1024 2506 1186 2562 paena
1222 2492 1515 2558 discerent,
1555 2503 1622 2545 ex
1669 2490 1869 2562 injuste
1905 2490 2046 2545 desi-

463 2583 616 2637 derio
640 2583 769 2652 quid
796 2581 1072 2638 fecissent.

1078 2669 1306 2725 CAPUT
1347 2670 1411 2724 ll.

992 2760 1070 2815 De
1095 2761 1256 2831 glebis
1280 2777 1345 2814 ex.
1373 2761 1541 2831 aquis.

530 2853 781 2910 Bitumen
810 2853 862 2907 in
894 2851 1090 2907 Judaeae
1128 2853 1248 2907 lacu
1270 2851 1573 2922 Asphaltite
1607 2851 1856 2923 emergit,
1889 2848 2044 2920 cujus

463 2947 651 3018 glebas
675 2953 1093 3016 supernatantes
1115 2954 1292 3000 nauta:
1314 2945 1530 3014 scaphis
1549 2945 2044 3016 appropinquantes

462 3037 739 3106 colligunt.
783 3035 840 3089 in
886 3033 1043 3122 Syria
1083 3041 1264 3088 autem
1300 3033 1459 3088 limus
1491 3043 1574 3088 est
1608 3034 1808 3104 passim
1843 3049 1874 3087 a
1899 3041 2045 3088 terra

462 3134 806 3190 exazstuans;
842 3125 1144 3193 spissantur
1190 3130 1370 3179 autem
1403 3133 1632 3195 utraque
1678 3134 1733 3180 et
1776 3125 2047 3180 densitate

2148 1943 2507 2006 salsissimus;
2538 1957 2827 1996 commune
2866 1943 2945 1996 sal
2995 1943 3050 1996 in
3079 1944 3201 2013 igne
3237 1945 3484 2013 crepitat.
3521 1945 3727 2016 Traga-

2145 2049 2310 2088 sagum
2341 2049 2441 2087 nec
2467 2033 2696 2102 crepitat
2722 2033 2778 2086 in
2809 2033 2946 2102 igne,
2968 2048 3069 2087 nec
3093 2033 3293 2088 exsilit.
3310 2034 3726 2105 Agrigentinum

2147 2123 2342 2178 Siciliae
2363 2121 2590 2176 flammae
2621 2122 2853 2192 patiens,
2880 2122 2934 2175 in
2961 2138 3100 2193 aqua
3128 2123 3326 2185 exsilit,
3346 2124 3397 2176 in
3428 2124 3550 2194 igne
3584 2124 3724 2180 ﬂuit.

2147 2211 2240 2264 Sal
2263 2211 2489 2281 mystice
2519 2209 2787 2280 signiﬁcat
2807 2210 3211 2264 condimentum
3236 2212 3547 2280 sapientiae;
3578 2211 3728 2268 unde

2147 2302 2405 2366 Dominus
2452 2302 2518 2355 ad
2541 2299 2826 2370 Apostolos
2866 2300 2919 2354 in
2967 2301 3256 2372 Evangelio
3299 2303 3418 2356 ait:
3453 2302 3554 2357 Vos
3598 2305 3730 2358 estis

2144 2391 2225 2445 sal
2256 2401 2408 2446 terra:
2429 2407 2447 2445 :
2468 2391 2605 2461 quod
2640 2392 2685 2444 si
2725 2391 2805 2445 sal
2835 2393 3123 2457 evanuerit,
3163 2393 3217 2446 in
3239 2411 3341 2463 quo
3369 2393 3627 2447 satietur?
3651 2396 3729 2448 ad

2146 2482 2365 2536 nihilum
2391 2481 2522 2536 valet
2568 2482 2709 2536 ultra
2749 2482 2848 2534 nisi
2882 2490 2937 2534 ut
2959 2483 3195 2535 mittatur
3231 2483 3397 2551 foras,
3427 2493 3474 2535 et
3509 2483 3730 2536 concul-

2145 2583 2292 2628 cetur
2313 2573 2376 2626 ab
2409 2572 2705 2626 hominibus
2733 2571 2949 2643 (Matth.
2975 2571 3052 2642 v).
3101 2573 3192 2628 Sic
3230 2574 3565 2644 appellantur
3594 2591 3732 2645 apo-

2145 2663 2290 2728 stoli,
2323 2662 2447 2732 quia
2489 2677 2586 2730 per
2615 2662 2760 2730 ipsos
2803 2662 3114 2716 universum
3154 2664 3435 2718 hominum
3471 2666 3734 2719 conditur

2147 2770 2353 2826 genus:
2385 2763 2541 2834 terra:
2577 2754 2727 2824 enim
2769 2754 2985 2810 nomine
3021 2755 3254 2809 humana
3285 2765 3477 2810 natura
3519 2757 3730 2828 signifi-

2147 2854 2318 2899 catur.
2369 2843 2430 2897 ln
2473 2843 2600 2898 salis
2647 2858 2776 2898 vero
2822 2843 2972 2898 verbi
3011 2845 3276 2914 sapientia
3307 2861 3321 2898 :
3350 2847 3494 2915 quod
3540 2856 3730 2902 autem

2147 2934 2420 3004 apostolos
2459 2950 2586 2990 suos
2629 2935 2837 2990 caelesti
2882 2950 2947 2989 ac
2985 2935 3166 2990 divina
3209 2937 3468 3006 sapientia
3510 2937 3729 3006 plenos,

2148 3024 2227 3078 sal
2256 3033 2414 3079 terra:
2443 3023 2692 3078 Salvator
2716 3025 2981 3092 nominat,
3029 3027 3264 3082 ostendit
3292 3027 3468 3083 fatuos
3495 3043 3613 3083 esse
3630 3027 3728 3096 ju-

2148 3115 2423 3181 dicandos,
2459 3116 2548 3184 qui
2578 3123 2791 3170 terrena
2815 3124 3023 3172 tantum
3052 3119 3290 3188 sapiunt,
3326 3121 3417 3190 qui
3454 3129 3731 3190 tempora-

463 3224 684 3281 coeunt,
733 3224 788 3271 et
817 3225 1046 3284 utraque
1074 3214 1247 3270 Graeci
1282 3215 1682 3284 pissasphalton
1732 3215 2044 3284 appellant;
2072 3205 2117 3268 C
2148 3205 2278 3259 lium
2304 3206 2565 3260 bonorum
2609 3205 2754 3260 velut
2781 3207 2990 3276 copiam
3033 3212 3325 3273 seetantes,
3373 3209 3456 3264 vel
3490 3211 3729 3279 inopiam

462 3315 659 3362 natura
686 3306 806 3376 ejus
833 3307 1110 3361 ardens'et
1139 3306 1323 3376 ignum
1368 3305 1549 3378 [igni]
1593 3315 1844 3377 cognata,
1873 3313 1929 3360 et
1956 3319 2048 3360 ne-

462 3415 570 3469 que
592 3414 730 3468 aqua
760 3412 860 3451 nec
893 3396 1037 3451 ferro
1062 3397 1330 3467 rumpitur
1362 3416 1374 3451 :
1407 3397 1509 3452 nisi
1541 3397 1669 3453 solis
1694 3397 2046 3453 muliebribus

464 3489 911 3560 inquinamentis,
942 3487 1088 3542 utilis
1123 3489 1193 3541 ad
1232 3503 1521 3560 compages
1560 3489 1797 3544 navium.
1821 3489 2045 3560 Mystice

463 3588 646 3633 autem
692 3579 931 3632 bitumen
952 3618 967 3642 ,
990 3578 1132 3648 quod
1158 3586 1242 3632 est
1267 3579 1722 3633 ferventissimum
1744 3588 1805 3632 et
1834 3579 2041 3634 violen-

463 3669 732 3723 tissimum
781 3667 981 3738 gluten,
1025 3667 1296 3738 significat
1338 3668 1640 3722 dilectionis
1679 3669 1952 3734 ardorem,
1987 3670 2042 3723 vi

461 3775 659 3830 magna
699 3759 1032 3815 fortitudinis
1059 3759 1129 3812 ad
1155 3761 1437 3815 tenendam
1464 3761 1775 3814 societatem
1821 3761 2042 3831 spirita-

463 3850 570 3905 lem
620 3851 802 3906 omnia
848 3849 1215 3905 tolerantem:
1264 3851 1405 3906 unde
1446 3852 1511 3906 de
1555 3866 1694 3906 arcae
1744 3860 2039 3917 structura,

463 3957 650 4012 quam,
682 3941 911 3997 Domino
949 3941 1192 4010 jubente,
1241 3941 1527 3997 aadilicavit
1565 3941 1698 4006 Noe,
1733 3943 1804 3996 ita
1847 3943 2043 4013 legitur

461 4034 517 4087 in
545 4033 682 4088 libro
711 4030 938 4088 Genesis
969 4049 982 4085 :
1015 4030 1129 4086 Fac
1160 4032 1252 4086 tibi
1285 4050 1463 4086 arcam
1495 4033 1560 4086 de
1592 4033 1748 4103 lignis
1785 4033 2040 4103 levigatis,

459 4122 860 4178 mansiunculas
902 4124 958 4176 in
988 4139 1114 4176 arca
1153 4125 1346 4192 facies,
1381 4133 1428 4177 et
1463 4123 1712 4177 bitumine
1751 4123 1901 4176 finies
1928 4140 2043 4176 eam

460 4213 776 4266 intrinsecus
811 4222 858 4266 et
883 4213 1225 4276 extrinsecus,
1243 4221 1290 4265 et
1311 4213 1386 4264 sic
1415 4213 1576 4281 facies
1597 4229 1713 4266 eam
1747 4209 1912 4282 (Gen.
1943 4213 2042 4284 vn).

461 4297 659 4351 Arcam
693 4299 950 4352 instruxit
993 4297 1107 4351 Noe
1135 4297 1206 4352 de
1237 4297 1394 4366 lignis
1437 4313 1541 4352 non
1568 4298 2001 4367 putrescentibus
2031 4317 2044 4352 :

463 4395 520 4440 et
543 4386 785 4440 Ecclesia
808 4386 1145 4440 construitur
1166 4401 1196 4438 a
1217 4386 1435 4441 Christo
1454 4402 1520 4441 ex
1549 4388 1857 4442 hominibus
1881 4390 2050 4445 victu-

466 4475 544 4529 ris
581 4475 636 4528 in
665 4483 948 4529 aeternum.
974 4474 1111 4529 Area
1133 4475 1276 4530 enim
1305 4475 1599 4530 Ecclesiam
1621 4477 2048 4544 demonstrabat,

2146 3303 2470 3358 metuentes,
2501 3295 2757 3348 amittunt
2783 3303 3004 3362 aeterna,
3054 3311 3173 3366 qua:
3211 3313 3310 3352 nec
3341 3297 3456 3352 dari
3497 3307 3732 3368 possunt

2143 3385 2212 3440 ab
2241 3385 2567 3449 hominibus,
2615 3400 2716 3440 nec
2741 3385 2962 3441 auferri.
3008 3385 3311 3441 Notandum
3338 3398 3538 3453 autem,
3573 3390 3726 3456 quod

2144 3478 2273 3533 salis
2311 3486 2505 3531 natura
2551 3477 2994 3533 infecunditatem
3026 3487 3186 3534 terra:
3221 3478 3381 3544 facit;
3413 3480 3554 3534 unde
3581 3489 3636 3534 et
3669 3480 3728 3534 in

2141 3567 2356 3622 Psalmo
2376 3577 2458 3623 est
2481 3584 2496 3620 :
2522 3567 2707 3622 Posuit
2731 3578 2925 3622 terram
2947 3570 3277 3639 fructiferam
3309 3571 3362 3624 in
3400 3570 3728 3641 salsuginem

2142 3662 2161 3730 (
2194 3658 2344 3713 Psal.
2382 3660 2538 3731 cvr);
2588 3667 2642 3713 et
2677 3660 2938 3728 quasdam
2974 3663 3137 3716 urbes
3167 3661 3393 3732 legimus
3429 3663 3508 3716 ira
3546 3663 3725 3718 victo-

2144 3765 2264 3804 rum
2292 3749 2404 3804 sale
2430 3749 2745 3813 seminatas,
2776 3758 2835 3802 ut
2869 3749 3072 3805 nullum
3103 3751 3155 3805 in
3179 3752 3258 3806 eis
3286 3767 3507 3821 germen
3547 3753 3729 3806 orire-

2147 3852 2256 3900 tur.
2287 3843 2587 3913 Allegorice
2608 3851 2787 3896 autem
2820 3842 2923 3896 hoc
2944 3851 2999 3896 et
3027 3843 3278 3897 convenit
3313 3843 3573 3898 doctrina:
3595 3859 3727 3913 apo-

2143 3935 2369 3999 stolicae,
2415 3944 2475 3988 ut
2501 3934 2790 3988 destructis
2828 3933 3262 3988 adversariorum
3311 3933 3725 3999 munitionibus,

2142 4034 2198 4081 et
2225 4024 2434 4095 peccati
2473 4039 2640 4092 regno
2675 4021 2916 4091 dejecto,
2962 4023 3074 4078 sale
3098 4024 3374 4092 sapientia:
3410 4035 3729 4094 compescat

2143 4114 2281 4168 ultra
2312 4114 2364 4167 in
2401 4113 2579 4167 carnis
2608 4113 2878 4177 humanm,
2911 4121 3068 4166 terrae
3103 4113 3283 4168 saeculi
3326 4114 3511 4167 luxum
3561 4125 3728 4183 atque

2146 4203 2440 4258 fmditatem
2468 4202 2772 4272 germinare
2797 4202 3070 4257 vitiorum.
3100 4201 3231 4256 item
3254 4202 3383 4272 quia
3401 4202 3482 4257 sal
3509 4203 3576 4255 ad
3603 4219 3731 4257 eon-

2147 4293 2370 4348 diendos
2397 4292 2566 4358 cibos,
2609 4308 2912 4362 carnesque
2940 4293 3221 4348 siccandas
3264 4302 3446 4363 aptum
3475 4302 3594 4347 est:
3625 4295 3731 4348 rite

2150 4384 2518 4448 demonstrat,
2575 4384 2715 4452 quod
2783 4398 2878 4453 per
2947 4383 3380 4452 praedicationem
3450 4384 3726 4454 Evangelii

2153 4476 2331 4530 fluxus
2362 4475 2705 4546 restringitur
2729 4476 3063 4545 voluptatum
3097 4494 3108 4528 :
3143 4483 3197 4531 et
3242 4476 3475 4529 humana
3513 4484 3726 4537 natum,

466 4578 588 4634 qua
610 4572 762 4617 natat
792 4564 847 4617 in
870 4561 1122 4618 fluctibus
1149 4565 1335 4619 mundi
1363 4563 1541 4632 hujus.
1569 4567 1722 4633 Quod
1749 4577 1930 4623 autem
1961 4584 2045 4624 ea-
2073 4559 2122 4618 D
2149 4567 2383 4625 exclusis
2413 4566 2690 4620 vermibus
2731 4573 2785 4619 et
2830 4565 3114 4634 putredine
3141 4573 3508 4634 peccatorum,
3562 4564 3728 4617 illaesa

466 4654 588 4709 dem
618 4668 743 4708 arca
779 4653 846 4708 de
877 4653 1036 4724 lignis
1060 4655 1338 4723 quadratis
1381 4654 1500 4711 fieri
1525 4657 1750 4726 jubetur
1786 4660 2042 4729 undique,

391 4758 397 4763 ‘
464 4743 712 4799 stabilem
744 4743 912 4797 vitam
961 4753 1273 4798 sanctorum
1306 4745 1602 4816 significat,
1631 4747 1696 4801 ad
1722 4763 1882 4802 omne
1911 4764 2048 4818 opus

465 4836 665 4890 bonum
695 4843 978 4903 paratam:
1003 4851 1326 4904 quacunque
1367 4839 1510 4890 enim
1541 4838 1774 4892 verteris
1814 4839 2045 4907 quadra-

467 4933 607 4988 tum,
661 4923 889 4978 firmiter
936 4925 1120 4980 stabit.
1179 4926 1332 4992 Quod
1386 4927 1648 4982 bitumine
1709 4927 2044 4998 glutinantur

468 5029 610 5068 arca:
641 5013 782 5084 ligna
833 5015 1154 5071 intrinsecus
1181 5026 1235 5070 et
1261 5017 1598 5072 extrinsecus
1635 5025 1694 5070 ut
1737 5021 1790 5070 in
1827 5035 2040 5088 compa-

467 5103 592 5175 gine
640 5103 886 5168 unitatis,
916 5106 1252 5176 significatur
1281 5107 1594 5160 ‘tolerantia
1623 5109 1906 5164 charitatis
1933 5150 1948 5175 ,
1977 5127 2044 5164 ne

468 5192 738 5250 scandalis
771 5194 1065 5250 Ecclesiam
1092 5197 1444 5261 tentantibus,
1481 5197 1597 5251 sive
1631 5199 1698 5253 ab
1725 5199 1808 5254 his
1833 5201 1923 5269 qui
1959 5202 2044 5254 in-

468 5294 557 5339 tus
587 5294 731 5351 sunt,
761 5287 873 5341 sive
904 5289 972 5342 ab
1002 5288 1087 5341 his
1133 5288 1224 5354 qui
1257 5287 1388 5342 foris
1425 5298 1577 5354 sunt,
1605 5292 1762 5345 cedat
1802 5291 2044 5346 fraterna

463 5377 742 5448 junctura,
771 5386 826 5432 et
862 5378 1103 5450 solvatur
1131 5377 1402 5432 vinculum
1427 5380 1594 5449 pacis.
1625 5380 1851 5437 Alumen
1883 5397 2046 5437 voca-

469 5476 643 5523 tuma
671 5467 904 5532 lumine,
937 5471 1080 5536 quod
1126 5468 1306 5524 lumen
1355 5471 1626 5526 coloribus
1671 5481 1891 5542 prmstat
1936 5474 2044 5528 tin-

469 5560 695 5630 guendis
736 5577 749 5613 :
786 5571 870 5614 est
932 5568 1110 5616 autem
1170 5562 1384 5634 salsugo
1449 5571 1607 5620 terra:
1633 5605 1647 5631 ,
1711 5564 2046 5636 efliciturque

473 5649 649 5704 hieme
675 5665 741 5704 ex
781 5665 919 5720 aqua
960 5660 1017 5704 et
1056 5651 1204 5716 limo,
1243 5661 1300 5706 et
1338 5654 1540 5729 astivis
1574 5654 1775 5710 solibus
1807 5663 2048 5710 matura-

476 5747 582 5793 tur.
627 5738 795 5811 Hujus
823 5741 1030 5811 species
1061 5741 1180 5798 dua:
1204 5752 1329 5799 sunt
1354 5758 1369 5797 :
1400 5743 1662 5814 liquidum
1689 5753 1745 5802 et
1788 5745 2043 5816 spissum.

2147 4668 2397 4714 servatur
2431 4673 2532 4712 suo
2557 4658 2820 4712 conditori
2851 4671 2948 4726 per
2974 4656 3089 4724 ejus
3115 4657 3414 4710 custodiam
3443 4655 3728 4710 mandato-

2148 4771 2288 4808 rum.
2318 4754 2523 4808 Bonum
2552 4753 2750 4822 quippe
2776 4761 2857 4806 est
2892 4752 2983 4805 Dei
3005 4753 3228 4806 verbum
3255 4752 3441 4806 audire
3472 4750 3729 4820 frequen-

2149 4847 2277 4906 tius.
2309 4844 2418 4900 sale
2439 4843 2715 4914 sapientia:
2758 4843 3015 4912 spiritalis
3040 4843 3220 4897 cordis
3258 4857 3461 4897 arcana
3493 4842 3725 4904 condiri,

2150 4935 2260 4990 imo
2292 4935 2464 5003 ipsum
2499 4950 2620 4988 cum
2651 4932 2908 5002 apostolis
2937 4933 3012 4986 sal
3061 4945 3219 4986 teri-te
3249 4931 3387 4996 ﬁeri,
3418 4931 3469 4985 id
3499 4939 3603 4994 est,
3637 4945 3729 4983 co-

2154 5039 2272 5078 rum
2303 5038 2515 5092 quoque
2555 5024 2644 5091 qui
2674 5024 2846 5077 adhuc
2884 5031 3095 5074 terrena
3143 5022 3381 5090 sapiunt,
3427 5018 3728 5073 imbuendis

2151 5115 2421 5167 mentibus
2450 5111 2710 5166 suflicere.
2742 5111 2811 5164 At
2842 5111 2886 5164 si
2919 5111 3040 5179 quis
3076 5111 3241 5165 semel
3270 5110 3612 5163 condimento
3640 5121 3731 5160 ve-

2153 5205 2326 5259 ritatis
2356 5204 2684 5258 illuminatns
2717 5203 2783 5256 ad
2829 5203 3152 5272 apostasiam
3187 5201 3430 5265 redierit,
3475 5215 3581 5268 quo
3625 5199 3729 5252 alio

2154 5297 2373 5350 doctore
2405 5294 2714 5364 corrigitur,
2751 5293 2842 5363 qui
2870 5307 2988 5346 eam
3033 5307 3196 5361 quam
3229 5293 3342 5361 ipse
3371 5291 3606 5359 gustavit
3644 5305 3730 5343 sa-

2150 5387 2365 5456 pientia:
2389 5385 2748 5449 dulcedinem,
2774 5383 2859 5437 vel
2889 5383 3131 5437 adversis
3170 5382 3352 5437 smculi
3381 5380 3727 5451 perterritus,

2154 5477 2237 5532 vel
2284 5475 2548 5531 illecebris
2579 5475 2789 5530 illectus
2837 5472 3067 5541 abjecit?
3117 5473 3268 5528 Sicut
3307 5487 3436 5542 ergo
3471 5469 3550 5524 sal
3592 5468 3730 5524 infa-

2154 5576 2358 5624 tuatum
2387 5582 2511 5621 cum
2543 5566 2611 5621 ad
2636 5565 2968 5626 condiendos
2997 5565 3148 5618 cibos
3187 5577 3486 5633 carnesque
3523 5561 3731 5616 siccan-

2153 5659 2249 5712 das
2269 5656 2447 5712 valere
2493 5657 2737 5722 desierit,
2768 5655 2914 5710 nullo
2951 5655 3064 5726 jam
3097 5657 3215 5710 usui
3260 5663 3442 5724 aptum
3469 5654 3602 5718 erit;
3630 5666 3728 5723 ne-

2153 5761 2256 5818 que
2275 5747 2416 5804 enim
2449 5748 2538 5819 (ut
2566 5747 2703 5804 alius
2724 5754 2977 5821 _teslatur
3004 5746 3338 5817 Evangelista
3361 5746 3380 5817 )
3428 5747 3482 5801 in
3527 5756 3728 5821 terrain
