4038 6324
277 415 379 472 ιει

1236 405 1325 462 DE
1363 401 1712 462 UNIVERSO
1750 399 1929 457 LIBRI
1966 397 2130 455 XXII.
2166 427 2241 440 —-
2279 397 2407 453 LIB.
2446 396 2608 453 XVII.

3432 395 3540 451 469

278 529 412 586 utile
439 533 544 592 εει,
594 520 748 592 cujus
790 521 989 592 injecta
1031 517 1337 590 germinare
1370 516 1685 587 prohibetur
1716 531 1729 570 :
1759 529 1856 568 ne-
1884 517 1935 573 Α
1961 511 2216 566 scientias
2268 506 2621 582 singulorum.
2667 508 3055 569 Aphronitrum
3094 509 3302 575 Graece,
3345 510 3539 568 Latine

279 635 387 691 que
415 617 472 672 in
498 611 896 682 stcrquilinium
943 608 1284 680 agricultura:
1329 605 1674 678 profuturum
1715 604 1858 674 quod

277 705 559 765 vivacibus
584 702 712 757 licet
762 701 933 772 glebis
972 699 1268 755 immistum
1297 712 1403 753 non
1448 696 1619 752 fetare
1654 695 1859 750 semina

279 797 520 868 frugum,
546 793 640 849 sed
684 791 1027 862 exstinguere
1071 788 1398 844 naturaliter
1428 787 1582 842 solet.
1634 784 1725 840 Sic
1761 785 1859 839 ho-

278 888 466 951 minis,
500 885 591 956 qui
631 892 756 955 post
793 882 1125 955 agnitionem
1153 881 1398 936 veritatis
1437 889 1585 936 retro
1617 879 1857 945 redierit,

278 994 456 1051 neque
499 978 613 1048 ipse
640 975 873 1031 fructum
908 975 1031 1030 boni
1070 974 1250 1045 operis
1291 972 1454 1038 ferre,
1507 985 1682 1042 neque
1729 969 1863 1026 alios

280 1070 530 1128 excolere
552 1066 716 1132 valet,
747 1065 841 1122 sed
881 1063 1027 1120 foras
1052 1064 1366 1128 mittendus,
1395 1065 1498 1118 hoc
1523 1070 1624 1124 est,
1661 1063 1728 1117 ab
1764 1061 1864 1117 Ec-

279 1160 461 1219 clesia:
490 1166 576 1214 est
610 1155 816 1211 unitate
857 1155 1243 1220 secernendus,
1269 1162 1332 1208 ut
1343 1153 1497 1224 juxta
1523 1153 1683 1208 aliam
1709 1167 1864 1224 para-

279 1251 461 1307 bolam
493 1247 783 1304 irridentes
811 1260 934 1301 eum
959 1245 1160 1301 inimici
1189 1245 1409 1300 dicant:
1435 1243 1573 1310 Quia
1599 1245 1683 1298 hic
1710 1245 1863 1298 homo

280 1342 429 1413 erepit
457 1339 740 1409 wdiﬁcare,
765 1347 814 1392 et
836 1355 940 1392 non
963 1337 1128 1408 potuit
1151 1353 1513 1392 consummare
1543 1335 1703 1408 (Luc.
1727 1335 1860 1407 xw).

280 1432 496 1487 Nitrum
530 1446 560 1483 a
592 1429 711 1484 loco
746 1427 977 1496 sumpsit
1022 1426 1343 1482 vocabulum
1383 1440 1399 1480 :
1439 1425 1679 1481 nascitur
1721 1424 1865 1479 enim

278 1525 335 1579 in
359 1523 557 1592 oppido
581 1519 667 1576 vel
700 1519 920 1590 regione
941 1517 1183 1590 IEgypti,
1216 1509 1412 1583 Nitria,
1449 1532 1516 1573 ex
1545 1532 1652 1587 quo
1679 1526 1735 1572 ει
1757 1531 1867 1571 me-

278 1613 474 1668 dicinae
504 1609 657 1673 ﬁunt,
688 1618 742 1665 et
762 1611 953 1666 sordes
981 1623 1266 1680 corporum
1310 1608 1647 1678 vestiumque
1675 1607 1864 1661 lavan-

279 1710 389 1757 tur.
418 1700 590 1769 Hujus
633 1708 825 1754 natura
872 1715 977 1755 non
1009 1699 1236 1754 multum
1267 1714 1298 1753 a
1333 1698 1446 1754 sale
1486 1699 1670 1755 distat.
1695 1697 1867 1752 Habet

277 1793 424 1847 enim
467 1792 720 1846 virtutem
750 1791 903 1856 salis,
931 1798 986 1844 et
1023 1789 1273 1845 similiter
1310 1789 1486 1844 oritur
1529 1788 1866 1844 canesccnti-

1959 615 2149 670 spuma
2179 599 2308 654 nitri
2334 609 2418 655 est
2442 619 2455 654 :
2488 601 2556 655 de
2577 614 2686 670 quo
2707 600 2925 670 quidam
2957 598 3294 671 [Martialis]
3319 599 3432 656 ait:

1958 707 2184 772 Bustirus
2205 722 2279 768 es,
2303 711 2468 758 nescis
2487 709 2602 772 quid
2627 707 2798 760 Graeco
2819 710 3016 772 nomine
3047 707 3196 772 dicar.

1958 771 2136 832 Spuma
2161 783 2305 821 vocor
2329 773 2481 821 nitri:
2507 771 2708 822 Graecus
2727 783 2804 832 es,
2828 771 3084 833 aphronito
3117 771 3535 835 (Aphronitrum).

1960 870 2242 941 Colligitur
2267 871 2322 925 in
2349 869 2478 926 Asia
2503 886 2533 926 a
2570 870 2841 941 speluncis
2875 870 3162 937 distillans,
3192 871 3388 928 dehinc
3436 874 3542 930 sier

1961 971 2118 1017 catur
2157 962 2272 1019 sole
2302 980 2316 1017 :
2349 964 2611 1033 optimum
2633 972 2874 1034 putatur,
2900 965 2946 1019 si
2971 965 3194 1022 minime
3222 964 3385 1021 fuerit
3409 981 3542 1037 pon-

1963 1055 2254 1122 derosum,
2299 1065 2355 1113 et
2404 1057 2642 1112 maxime
2698 1055 2942 1122 friabile,
2997 1057 3180 1114 colore
3228 1071 3366 1128 pene
3411 1073 3542 1129 pur-

1962 1162 2149 1218 pureo.

2572 1238 2798 1296 CAPUT
2835 1238 2919 1294 Ill.

2389 1328 2468 1385 De
2509 1329 2770 1400 lapidibus
2802 1329 3118 1400 vulgaribus.

2035 1421 2266 1493 Lapides
2295 1429 2553 1493 tanquam
2594 1427 2738 1478 terra
2778 1423 2997 1478 densior
3030 1423 3194 1479 etiam
3231 1424 3393 1494 vulgo
3435 1424 3545 1479 dis-

1965 1521 2284 1568 cernuntur.
2331 1511 2494 1581 Lapis
2521 1521 2704 1567 autem
2736 1511 2914 1567 dictus
2935 1513 3080 1582 quod
3109 1512 3268 1568 lmdat
3303 1515 3494 1583 pedem
3527 1530 3539 1566 :

1964 1604 2102 1676 lapis
2128 1603 2346 1659 mobilis
2364 1612 2450 1658 est
2471 1611 2527 1658 et
2551 1617 2804 1673 sparsus:
2831 1618 2959 1658 saxa
2982 1604 3188 1658 hazrcnt
3211 1612 3266 1658 ει
3291 1619 3322 1658 a
3346 1604 3547 1658 monti-

1965 1695 2068 1751 bus
2109 1695 2454 1750 exciduntur.
2494 1694 2653 1749 Petra
2679 1693 2926 1750 Graecum
2953 1703 3056 1750 est.
3091 1694 3239 1750 Silex
3265 1706 3349 1751 est
3377 1696 3544 1751 durus

1966 1784 2121 1856 lapis,
2138 1799 2204 1840 eo
2225 1783 2368 1855 quod
2395 1783 2772 1854 exsiliatoiguis
2797 1785 2866 1839 ab
2892 1799 2976 1849 eo,
3002 1785 3194 1841 dictus.
3223 1784 3487 1855 Scopulus
3516 1802 3548 1840 a

279 1881 384 1936 bus
415 1880 660 1936 siccitate
706 1878 997 1933 littoribus.
1034 1876 1167 1932 Nam
1199 1876 1340 1932 sicut
1375 1877 1543 1932 salem
1585 1876 1639 1930 in
1684 1876 1864 1931 littore
1890 1865 1938 1924 Β
1964 1891 2098 1932 saxo
2119 1875 2400 1940 eminenti,
2423 1875 2578 1945 quasi
2601 1889 2631 1928 a
2655 1875 3004 1945 speculando,
3027 1875 3224 1941 dictus,
3257 1875 3372 1931 sive
3399 1891 3430 1930 a
3470 1884 3548 1931 te-

279 1971 448 2026 maris
479 1970 659 2027 fervor
683 1968 903 2026 conﬁcit
924 1968 1073 2034 solis,
1106 1968 1352 2023 durando
1377 1967 1431 2022 in
1456 1975 1663 2037 petram
1693 1983 1864 2038 aquas

279 2061 544 2126 marinas,
573 2075 710 2130 quas
738 2057 908 2127 major
940 2058 1024 2113 vis
1065 2066 1349 2113 ventorum
1383 2056 1466 2112 vel
1500 2057 1667 2127 ipsius
1698 2057 1864 2113 maris

279 2151 463 2209 fervor
504 2151 558 2205 in
583 2150 766 2204 littora
810 2147 1063 2203 ulteriora
1099 2145 1389 2216 proiecerit
1414 2164 1428 2200 :
1454 2146 1528 2200 ita
1569 2146 1623 2199 in
1666 2144 1863 2211 Nitria,

279 2240 374 2298 ubi
420 2247 609 2296 :estatc
655 2238 851 2309 pluviae
903 2236 1224 2308 prolixiores
1268 2234 1513 2290 tellurem
1557 2232 1862 2298 infundunt,

279 2333 458 2390 aderit
485 2331 647 2386 ardor
671 2329 866 2386 sideris
895 2336 1097 2393 tantus,
1129 2327 1224 2398 qui
1248 2327 1394 2398 ipsas
1416 2341 1583 2396 aquas
1604 2323 1867 2396 pluviales

278 2439 379 2495 per
423 2423 763 2479 latitudinem
828 2433 1118 2475 arenarum
1189 2425 1498 2488 concoquat
1545 2416 1599 2470 in
1655 2423 1865 2486 petram

279 2517 382 2572 sali
410 2515 628 2587 quidem
660 2511 745 2569 vel
786 2510 978 2583 glaciei
999 2508 1242 2580 aspectui
1269 2507 1597 2564 simillimam
1628 2525 1640 2560 :
1670 2505 1766 2562 sed
1791 2504 1866 2559 nil

280 2604 438 2678 gelidi
473 2603 698 2674 rigoris,
753 2601 830 2656 nil
857 2599 986 2656 salis
1031 2599 1240 2670 saporis
1286 2597 1596 2662 habentem,
1636 2611 1758 2666 quae
1784 2603 1868 2650 ta-

281 2711 403 2751 men
426 2694 580 2764 juxta
610 2702 861 2748 naturam
889 2692 1021 2748 salis
1048 2691 1102 2746 in
1136 2698 1383 2746 caumate
1409 2689 1640 2754 durare,
1683 2696 1778 2743 aut
1808 2688 1866 2743 in

281 2784 527 2840 nubiloso
557 2798 684 2838 aere
731 2781 897 2837 ﬂuere
939 2797 1004 2838 ac
1044 2781 1311 2851 liqueﬁeri
1351 2781 1506 2836 solet.
1543 2780 1694 2836 Hane
1726 2779 1866 2835 indi-

281 2890 432 2946 genae
467 2880 742 2930 sumentes
765 2881 1008 2938 servant,
1034 2881 1089 2928 et
1125 2872 1216 2927 ubi
1251 2888 1389 2945 opus
1432 2871 1722 2938 exstiterit,
1769 2886 1868 2941 pro

281 2969 518 3021 tomento
554 2973 796 3021 utuntur.
844 2963 996 3020 Unde
1023 2964 1221 3021 Iudaeae
1258 2965 1507 3035 peccanti
1551 2964 1683 3020 dicit
1727 2963 1866 3020 Pro-

280 3055 446 3128 pheta
482 3074 494 3110 :
535 3053 593 3110 Si
644 3054 832 3110 laveris
889 3063 938 3109 te
985 3055 1158 3121 nitro,
1205 3063 1253 3109 et
1293 3052 1724 3136 multiplicaveris
1773 3053 1868 3108 tibi

281 3148 493 3203 herbam
522 3148 689 3202 boritlt
717 3161 735 3200 :
758 3146 1023 3202 maculata
1051 3163 1104 3201 es
1124 3146 1465 3218 ininiquitate
1487 3154 1596 3208 tua,
1616 3144 1743 3198 dicit
1757 3143 1865 3199 Do-

281 3226 455 3292 minus
488 3237 629 3292 Deus
657 3237 811 3310 (Jer.
844 3236 947 3308 ιι).
979 3236 1223 3308 Crepitat
1247 3207 1428 3291 autem
1454 3235 1507 3289 in
1538 3250 1698 3305 aqua,
1731 3249 1866 3304 quo-
1892 3207 1938 3270 (ἶ

281 3329 443 3384 modo
473 3328 591 3384 calx
612 3329 766 3383 viva:
791 3335 846 3384 et
865 3327 980 3398 ipsa
1005 3327 1221 3397 quidem
1255 3326 1519 3398 disperit;
1545 3327 1640 3382 sed
1662 3340 1863 3395 aquam

281 3419 540 3474 lavationi
582 3419 815 3475 habilem
859 3418 1057 3474 reddit.
1084 3415 1250 3486 Cujus
1283 3426 1476 3472 natura
1514 3417 1602 3472 cui
1639 3415 1713 3471 sit
1741 3424 1867 3485 apta

282 3509 491 3582 ﬁgurtc,
542 3524 771 3566 cernens
810 3509 1068 3565 Salomon
1104 3509 1224 3563 ait:
1255 3508 1476 3562 Acetum
1521 3507 1579 3562 in
1623 3506 1782 3572 nitro,
1820 3516 1868 3560 et

280 3601 373 3672 qui
399 3609 575 3654 cantat
598 3600 834 3654 carmina
865 3599 1019 3653 corde
1039 3600 1263 3668 pessimo
1287 3600 1305 3669 (
1330 3597 1490 3652 Prov.
1538 3596 1709 3668 xxv).
1737 3597 1870 3652 Ace-

282 3697 401 3746 tum
429 3691 628 3759 quippe
665 3688 712 3742 si
760 3687 1005 3743 mittatur
1029 3688 1085 3742 in
1110 3689 1337 3754 nitrum,
1364 3685 1621 3742 fervescit
1663 3687 1870 3742 nitrum

280 3781 556 3854 protinus,
602 3786 654 3834 et
685 3777 878 3834 ebullit
905 3796 917 3832 :
943 3787 999 3833 et
1037 3793 1293 3849 perversa
1334 3793 1488 3833 mens
1527 3779 1744 3848 quando
1776 3793 1874 3848 per

285 3871 713 3942 increpationem
753 3870 1079 3940 corripitur;
1120 3870 1189 3925 de
1224 3869 1568 3939 correptione
1619 3869 1679 3923 ﬁt
1720 3869 1873 3924 dete-

288 3965 422 4030 rior,
461 3971 516 4017 et
547 3963 669 4018 inde
698 3964 750 4018 in
773 3962 1220 4018 murmurationis
1257 3961 1600 4032 iniquitatem
1645 3978 1870 4018 succcn-

287 4055 452 4116 ditur,
485 4053 628 4108 unde
655 4053 842 4109 debuit
869 4054 936 4108 ab
965 4053 1248 4128 iniquitate
1272 4053 1563 4125 compesci.
1593 4051 1745 4121 Quod
1769 4069 1871 4108 au-

288 4154 398 4200 tem
436 4145 502 4199 de
542 4146 858 4215 prophetica
905 4155 1176 4201 sententia
1219 4162 1382 4218 supra
1425 4146 1868 4210 commemoravi,

289 4237 382 4292 ubi
409 4237 666 4306 scriptum
697 4245 782 4292 est
808 4253 822 4292 :
857 4236 916 4292 Si
945 4236 1131 4292 laveris
1157 4249 1206 4292 te
1234 4239 1390 4304 nitro,
1421 4248 1468 4294 et
1497 4237 1872 4308 multiplicave-

291 4329 366 4382 ris
393 4328 486 4381 tibi
513 4328 728 4382 herbam
751 4328 941 4393 borith,
959 4336 1065 4384 etc.
1091 4328 1228 4400 (Jer.
1258 4329 1342 4402 lt);
1365 4345 1464 4400 pro
1495 4331 1660 4386 herba
1688 4331 1869 4386 borith

290 4421 645 4492 Septuaginta
687 4421 1078 4476 transtulerunt
1098 4421 1280 4492 poiau,
1303 4430 1362 4477 ut
1386 4421 1721 4492 signiﬁcaret
1747 4424 1872 4478 her-

290 4517 414 4570 bam
445 4514 727 4581 fullonum,
745 4531 865 4586 qua:
885 4513 1042 4584 juxta
1067 4515 1230 4570 ritum
1252 4516 1546 4585 provincia:
1570 4515 1872 4570 Paltestinae

292 4606 348 4660 in
378 4605 678 4660 virentibus
706 4613 762 4661 et
797 4605 1064 4660 humectis
1111 4605 1354 4659 nascitur
1400 4605 1557 4669 locis,
1603 4613 1660 4660 et
1689 4606 1754 4660 ad
1798 4605 1875 4658 la-

291 4694 499 4748 vandas
523 4695 713 4749 sordes
749 4694 993 4748 eamdem
1020 4693 1129 4746 vim
1170 4692 1350 4757 habet,
1380 4707 1541 4761 quam
1568 4702 1623 4747 et
1651 4694 1871 4748 nitrum.

291 4785 508 4841 Nitrum
535 4795 715 4841 autem
742 4795 986 4840 nostrum
1010 4793 1068 4839 et
1103 4784 1271 4838 herba
1315 4782 1530 4838 fullonis
1559 4783 1876 4853 pmnitentia

292 4887 380 4934 est
410 4897 422 4932 :
449 4878 849 4935 ecclesiasticus
876 4892 1091 4947 quoque
1133 4889 1335 4941 sermo,
1387 4876 1479 4945 qui
1511 4876 1692 4946 arguit
1716 4883 1770 4930 et
1797 4877 1878 4930 in-

295 4980 481 5042 crepat
507 4979 560 5026 et
599 4970 824 5040 corripit
862 4970 1288 5040 delinquentem,
1334 4967 1714 5024 moderatioris
1750 4967 1879 5022 nitri

297 5063 461 5118 habet
483 5061 890 5116 similitudinem
917 5079 929 5115 :
952 5061 1044 5131 qui
1067 5075 1195 5115 vero
1220 5061 1323 5114 levi
1347 5067 1692 5129 peccatorum
1720 5061 1881 5116 sorde

297 5154 602 5210 maculatus
641 5162 744 5219 est,
796 5152 1089 5207 levioribus
1117 5163 1381 5223 purgatur
1425 5153 1664 5208 monitis.
1711 5153 1882 5210 Porro

295 5254 518 5317 peccata
546 5245 753 5317 gravia,
781 5261 900 5314 quae
931 5245 998 5299 ad
1041 5253 1270 5300 mortem
1302 5247 1544 5311 trahunt,
1587 5261 1687 5301 nec
1716 5246 1880 5314 nitro,

299 5355 400 5394 nec
432 5339 600 5393 herba
624 5337 804 5392 borith
845 5337 973 5391 dilui
1001 5344 1250 5407 possunt,
1282 5337 1374 5391 sed
1405 5337 1741 5406 gravioribus
1768 5345 1882 5392 tor-

298 5431 501 5488 mentis
530 5431 808 5502 indigent:
833 5427 1258 5500 Uniuscujusque
1281 5429 1419 5484 enim
1449 5445 1576 5498 opus
1612 5429 1766 5500 quale
1793 5431 1884 5495 sit,

298 5521 438 5592 ignis
481 5520 720 5590 probabit
741 5529 788 5574 et
819 5519 935 5591 igne
974 5518 1288 5573 revelabitur
1330 5515 1400 5591 (1
1435 5515 1558 5572 Cor.
1598 5534 1658 5572 ιιι
1686 5517 1726 5588 ).
1758 5517 1882 5572 Pul-

299 5614 545 5682 chreque
589 5612 832 5667 addidit:
867 5610 1140 5666 Maculata
1189 5627 1243 5667 es
1292 5612 1348 5664 in
1385 5611 1660 5682 iniquitate
1698 5619 1792 5664 tua
1832 5611 1887 5665 in

303 5711 583 5773 conspectu
620 5717 732 5756 meo
763 5702 906 5772 (Jer.
957 5701 1068 5773 u);
1097 5702 1240 5772 quod
1265 5700 1430 5756 etiam
1482 5700 1529 5756 si
1578 5700 1889 5756 hominibus

305 5795 508 5852 munda
536 5791 794 5861 videaris,
840 5793 968 5848 mihi
1013 5791 1210 5848 munda
1231 5805 1338 5850 non
1359 5805 1442 5858 es,
1473 5790 1564 5863 qui
1595 5791 1720 5848 novi
1761 5805 1888 5846 con-

1962 1975 2220 2038 gumento
2235 1967 2473 2032 navium,
2490 1981 2593 2036 apo
2607 1975 2696 2022 tou
2713 1965 2954 2037 skepein.
2975 1967 3133 2036 Lapis
3149 1967 3231 2022 vel
3249 1971 3402 2038 petra
3415 1967 3550 2022 mul-

1964 2057 2202 2126 tiplicem
2218 2056 2672 2128 signiﬁcationem
2688 2057 2872 2113 habet.
2891 2057 3196 2128 Aliquando
3211 2059 3356 2114 enim
3377 2059 3546 2129 signi-

1965 2149 2090 2204 ﬁcat
2108 2147 2383 2203 Christum
2413 2159 2635 2218 propter
2659 2147 2970 2203 ﬁrmitatem
3004 2148 3314 2219 ﬁdci'atque
3358 2149 3547 2204 solidi-

1965 2246 2133 2294 tatem
2178 2238 2444 2302 veritatis,
2492 2246 2554 2292 ut
2598 2245 2683 2292 est
2729 2238 2860 2292 illud
2906 2238 2958 2292 in
3009 2238 3214 2308 psalmo
3253 2237 3551 2310 :Lapidem

1963 2345 2117 2400 quem
2164 2328 2569 2398 reprobaverunt
2615 2327 2932 2397 wdiﬁcantes
2957 2369 2972 2394 ,
3023 2329 3105 2382 hic
3157 2328 3327 2398 factus
3372 2338 3447 2384 est
3494 2331 3551 2382 in

1966 2430 2123 2492 caput
2168 2420 2388 2492 anguli:
2414 2437 2446 2474 a
2479 2419 2701 2474 Domino
2729 2420 2927 2490 factum
2963 2429 3058 2485 est,
3087 2428 3136 2474 et
3181 2429 3255 2474 est
3308 2409 3549 2474 mirabile

1965 2513 2022 2566 in
2053 2511 2220 2566 oculis
2262 2513 2454 2566 nostris
2495 2509 2682 2583 (Psal.
2707 2510 2906 2582 cxvii).
2941 2510 3007 2564 Et
3036 2509 3326 2579 Apostolus
3355 2525 3370 2563 :
3396 2509 3552 2563 Bibe-

1967 2603 2114 2667 bant,
2137 2600 2325 2672 inquit,
2351 2601 2416 2655 de
2442 2600 2705 2672 spirituali
2729 2600 3061 2671 consequenti
3088 2615 3175 2654 eos
3197 2610 3383 2669 petra:
3404 2610 3554 2668 petra

1969 2701 2144 2746 autem
2181 2701 2292 2746 erat
2331 2689 2571 2745 Christus
2599 2691 2619 2763 (
2646 2689 2677 2744 I
2715 2689 2838 2745 Cor.
2877 2689 2954 2761 x).
2983 2689 3288 2759 Aliquando
3317 2704 3446 2743 vero
3469 2689 3550 2743 la-

1967 2784 2110 2854 pidis
2151 2784 2369 2839 nomine
2405 2782 2780 2855 signiﬁcantur
2813 2780 3039 2853 apostoli
3077 2789 3172 2836 aut
3211 2780 3384 2836 sancti
3423 2780 3550 2845 viri,

1968 2875 2082 2930 sive
2128 2874 2243 2944 ipsa
2293 2888 2457 2944 opera
2507 2874 2802 2939 virtutum;
2857 2873 2999 2928 unde
3056 2873 3318 2942 scriptum
3366 2879 3450 2927 est
3496 2871 3548 2925 in

1968 2963 2293 3036 Apocalypsi
2321 2982 2334 3018 :
2367 2963 2736 3019 Fundamenta
2764 2964 2904 3018 muri
2932 2963 3155 3018 civitatis
3177 2963 3353 3016 omnia
3379 2960 3554 3032 lapide

1969 3054 2192 3125 pretioso
2222 3063 2411 3108 ornata
2439 3052 2642 3126 (Apoc.
2672 3053 2820 3126 xxi).
2847 3053 2914 3108 Et
2934 3054 2991 3108 in
3017 3053 3225 3123 psalmo
3251 3052 3318 3108 de
3347 3051 3554 3107 sanctis

1971 3145 2233 3216 scriptum
2262 3152 2346 3201 εει
2372 3162 2386 3198 :
2430 3143 2824 3215 Beneplacitum
2851 3144 3145 3198 habuerunt
3177 3143 3312 3198 servi
3342 3142 3439 3207 tui,
3470 3140 3552 3196 la-

1967 3239 2113 3310 pides
2152 3225 2266 3310 ejus
2291 3247 2339 3294 et
2368 3248 2522 3294 terra:
2556 3238 2671 3309 ejus
2699 3237 3076 3293 miserebantur
3111 3238 3129 3308 (
3155 3237 3302 3293 Psal.
3337 3253 3388 3293 Cl
3412 3236 3452 3308 ).
3483 3236 3553 3292 Et

1968 3329 2134 3386 alibi:
2159 3329 2403 3403 Lapides,
2434 3330 2629 3401 inquit,
2661 3331 2828 3386 sancti
2848 3329 3122 3384 volvuntur
3147 3346 3304 3400 super
3329 3338 3547 3385 terram.

1969 3422 2101 3478 ltem
2128 3422 2336 3493 lapides
2371 3422 2664 3494 aliquando
2689 3421 2996 3493 signiﬁcant
3027 3421 3274 3478 ordinem
3300 3421 3558 3492 praeposi-

1972 3523 2148 3570 torum
2173 3515 2226 3569 in
2239 3514 2500 3580 Ecclesia,
2527 3515 2592 3570 dc
2611 3514 2808 3585 quibus
2822 3512 3081 3568 Jeremias
3107 3530 3118 3566 :
3148 3511 3379 3582 Dispersi
3406 3520 3551 3576 sunt,

1972 3604 2164 3675 inquit,
2206 3604 2405 3676 lapides
2446 3604 2737 3659 sanctuarii
2778 3603 2832 3658 in
2876 3603 3044 3673 capite
3075 3602 3307 3656 omnium
3350 3600 3553 3672 platea—

1972 3711 2089 3748 rum
2115 3693 2343 3764 (Tliren.
2396 3693 2503 3762 tv),
2546 3693 2600 3748 id
2628 3701 2712 3748 εει
2741 3693 2798 3748 in
2823 3692 3050 3747 latarum
3083 3691 3554 3762 spatiosarumque

1973 3785 2201 3848 viarum,
2233 3800 2355 3855 quae
2382 3783 2586 3838 ducunt
2621 3783 2690 3837 ad
2714 3782 3092 3852 perditionem.
3119 3779 3421 3850 Aliquando
3455 3793 3556 3849 po-

1973 3876 2156 3947 pulum
2202 3873 2534 3939 Judzeorum,
2575 3875 2642 3930 de
2671 3875 2870 3944 quibus
2909 3874 2964 3928 in
3007 3872 3268 3944 propheta
3308 3871 3552 3927 dicitur:

1977 3965 2162 4020 Tollite
2187 3963 2385 4036 lapides
2411 3964 2476 4018 de
2507 3963 2610 4030 via,
2640 3973 2688 4018 et
2717 3963 2932 4033 redigite
2958 3964 3012 4016 in
3050 3977 3257 4017 acervos
3288 3961 3438 4031 (Jer.
3462 3977 3492 4016 ι.
3513 3961 3558 4031 ).

1976 4055 2236 4112 Similiter
2263 4063 2443 4110 autem
2488 4053 2693 4124 lapides
2731 4051 3037 4122 signiﬁcant
3079 4050 3335 4106 duritiam
3376 4050 3557 4105 cordis

1973 4145 2274 4217 gentilium,
2305 4147 2373 4201 de
2403 4144 2601 4214 quibus
2636 4143 2894 4198 Dominus
2931 4141 3043 4196 ait:
3075 4140 3269 4196 Potens
3298 4151 3372 4198 cst
3412 4141 3555 4196 Deus

1974 4237 2038 4290 de
2062 4235 2322 4304 lapidibus
2353 4237 2466 4290 istis
2505 4236 2758 4290 suscitare
2787 4234 2926 4304 ﬁlios
2947 4233 3172 4288 Abiu/tm
3203 4233 3221 4305 (
3247 4232 3375 4288 Luc.
3409 4233 3512 4305 ιιι)
3541 4251 3557 4288 :

1974 4325 2246 4397 signiﬁcat
2275 4333 2456 4382 autem
2477 4335 2532 4382 ει
2545 4334 2760 4397 petrosa
2775 4333 2921 4380 terra
2947 4325 3285 4381 sterilitatem
3309 4326 3556 4381 cordium

1976 4418 2351 4488 reproborum,
2381 4417 2525 4472 unde
2551 4417 2606 4472 in
2643 4417 2933 4488 Evangelio
2961 4417 3218 4486 scriptum
3266 4424 3350 4471 est
3381 4415 3399 4487 (
3424 4414 3556 4470 Luc.

1977 4507 2134 4578 vm),
2177 4507 2322 4579 quod
2371 4522 2555 4563 semen
2605 4508 2754 4571 illud,
2788 4507 2931 4577 quod
2957 4508 3008 4562 in
3041 4515 3237 4562 terram
3285 4515 3556 4576 petrosam

1980 4596 2201 4661 cecidit,
2251 4596 2489 4651 radicem
2529 4611 2634 4650 non
2685 4595 2942 4660 haberet;
2989 4597 3339 4664 reproborum
3391 4595 3556 4649 corda

1981 4695 2344 4756 opportunum
2390 4672 2624 4740 fructum
2660 4685 2854 4740 afferre
2881 4701 2986 4740 non
3015 4693 3238 4755 possunt
3267 4703 3280 4737 :
3317 4699 3380 4739 eo
3416 4685 3559 4754 quod

1981 4776 2050 4829 ad
2081 4784 2294 4844 tempus
2322 4775 2551 4830 credunt
2575 4784 2631 4830 et
2659 4775 2712 4829 in
2740 4785 2982 4845 tempore
3014 4775 3324 4829 tentationis
3354 4791 3383 4828 a
3413 4784 3556 4830 statu

1977 4866 2202 4935 iustitiae
2252 4865 2528 4922 recedunt.
2563 4865 2694 4920 Item
2738 4865 2806 4921 de
2851 4866 3049 4921 duritia
3097 4865 3292 4920 diaboli
3323 4866 3376 4920 in
3423 4865 3562 4922 libro

1982 4954 2082 5012 Job
2112 4956 2373 5027 scriptum
2409 4964 2529 5012 est:
2565 4954 2670 5011 Cor
2695 4956 2810 5027 ejus
2838 4955 3174 5010 indurabitur
3200 4963 3448 5026 tanquam
3473 4955 3559 5010 la-

1984 5047 2064 5115 pis
2103 5045 2262 5117 (Job.
2317 5046 2447 5118 xu)
2479 5060 2494 5100 :
2527 5047 2667 5119 quia
2709 5046 2852 5101 nulla
2903 5060 3141 5116 unquam
3189 5045 3558 5102 conversionis

1986 5139 2301 5209 paenitentia
2327 5139 2583 5194 mollitur.
2610 5139 2849 5210 Gypsum
2880 5147 3163 5209 cognatum
3203 5137 3337 5194 calci
3371 5148 3472 5204 est,
3504 5148 3560 5194 et

1988 5239 2071 5286 est
2105 5229 2352 5287 Graecum
2405 5247 2639 5286 nomen:
2675 5232 2826 5301 plura
2875 5231 2992 5302 ejus
3042 5247 3266 5303 genera;
3317 5232 3561 5286 omnium

1991 5331 2168 5378 autem
2195 5322 2456 5394 optimum
2479 5324 2546 5377 de
2574 5321 2748 5391 lapide
2772 5321 3056 5392 speculari.
3087 5320 3216 5376 Calx
3247 5321 3366 5376 viva
3394 5321 3563 5387 dicta,

1990 5414 2117 5486 quia
2148 5414 2273 5469 dum
2305 5412 2376 5467 sit
2420 5419 2562 5467 tactu
2606 5411 2822 5480 frigida,
2861 5413 3008 5466 intus
3031 5411 3299 5467 occultum
3325 5412 3567 5466 continet

1991 5507 2190 5578 ignem.
2242 5503 2444 5559 Natura
2477 5505 2595 5574 ejus
2620 5504 2814 5560 mirum
2843 5504 3045 5575 aliquid
3087 5503 3254 5558 facit:
3280 5511 3566 5572 postquam

1989 5599 2135 5655 enim
2175 5597 2393 5663 arserit,
2445 5597 2603 5668 aquis
2654 5597 2975 5662 incenditur,
3019 5596 3212 5666 quibus
3253 5594 3388 5650 solet
3431 5594 3568 5664 ignis

1989 5691 2256 5764 exstingui
2273 5709 2285 5746 :
2301 5690 2430 5746 olco-
2445 5691 2949 5762 exstinguitur,quo
2978 5689 3114 5746 solet
3141 5687 3280 5761 ignis
3308 5685 3529 5741 accendi
3547 5700 3563 5737 :

1992 5799 2122 5842 usus
2149 5781 2266 5855 ejus
2294 5781 2585 5842 structuris
2617 5781 2834 5841 fabrica:
2875 5780 3230 5839 necessarius.
3265 5777 3399 5831 Nam
3430 5773 3570 5845 lapis
