4038 6324
469 380 570 435 .2153
1135 377 1197 433 Β.
1236 376 1490 433 RABAN‘I
1531 377 1746 434 MAURI
1785 369 2099 430 ARCIIIEP.
2145 368 2450 426 MUGUNT.
2491 367 2774 424 OPERUM
2813 368 2991 422 PARS
3029 367 3092 422 ll.

3620 365 3728 420 461»

464 491 629 565 lapidi
651 505 757 548 non
781 497 964 562 potest
989 488 1266 544 adharere
1292 489 1506 556 fortius,
1531 490 1634 544 nisi
1665 489 1730 544 ad
1757 486 1873 560 [sit]
1895 486 2046 541 calce
2071 491 2121 549 Α
2150 494 2291 538 terra
2339 497 2529 554 sparsa
2575 491 2721 546 sunt,
2771 490 2827 538 et
2878 479 3255 551 pretiosissimi
3299 479 3537 551 generis,
3587 479 3731 535 sicut

463 584 802 655 conjunctus.
827 579 955 636 Calx
985 595 1018 634 e
1040 579 1217 650 lapide
1241 579 1364 636 albo
1400 590 1454 635 et
1475 581 1614 636 duro
1646 579 1836 635 melior
1863 593 1878 631 :
1902 577 2048 647 quod

463 674 769 744 signiﬁcare
798 678 980 742 potest
1011 671 1278 741 glutinum
1311 671 1620 736 charitatis,
1652 683 1759 740 quo
1791 667 2048 739 c0pulan-

463 780 552 826 tur
581 767 815 822 invicem
841 765 996 820 electi
1032 765 1366 833 pertinentes
1396 765 1462 820 ad
1491 764 1734 835 spiritale
1759 763 2046 819 aediﬁcium

462 855 578 920 Dei,
620 855 748 924 quia
796 853 1027 908 candore
1073 852 1335 907 virtutum
1380 854 1572 918 nitent,
1613 864 1668 908 et
1698 851 2050 924 pulchritudi-

463 962 584 1000 nem
639 945 906 1000 bonorum
945 960 1170 1016 operum
1212 945 1266 1000 in
1312 961 1371 1000 se
1412 946 1726 1001 ostendunt.
1759 945 1938 1000 Arena
1979 944 2048 998 ab

462 1035 717 1090 ariditate
751 1034 914 1100 dicta,
964 1049 1071 1089 non
1117 1034 1186 1089 ab
1235 1035 1561 1091 adhaerendo
1605 1036 1661 1090 in
1705 1033 1943 1098 fabricis,
1988 1041 2050 1087 ut

461 1125 681 1193 quidam
721 1124 929 1178 volunt.
990 1124 1160 1195 Hujus
1204 1125 1450 1195 probatio
1491 1133 1596 1190 est,
1648 1124 1694 1179 si
1742 1139 1902 1178 manu
1949 1123 2052 1177 im-

461 1231 648 1284 pressa
697 1215 914 1280 stridat,
969 1224 1061 1269 aut
1108 1217 1152 1270 si
1194 1216 1248 1269 in
1279 1224 1484 1270 vestem
1527 1215 1812 1270 candidam
1859 1229 2048 1284 sparsa

463 1306 595 1361 nihil
627 1306 804 1361 sordis
840 1305 1127 1374 relinquat.
1167 1305 1345 1360 Arena
1376 1312 1554 1360 autem
1585 1303 1811 1375 mystice
1839 1301 2046 1372 signiﬁ-

461 1407 550 1454 cat
581 1397 990 1454 instabilitatem
1021 1397 1300 1452 hominum
1343 1406 1704 1461 terrenorum,
1731 1395 1815 1451 vel
1840 1393 2050 1448 inferti-

460 1487 671 1544 litatem
703 1487 911 1543 Judaici
942 1486 1146 1558 populi,
1187 1488 1280 1556 qui
1321 1487 1552 1542 terrenis
1597 1485 2051 1556 concupiscentiis

460 1581 752 1645 inhiantes,
782 1580 1053 1651 spiritales
1081 1579 1288 1634 fructus
1315 1580 1534 1650 gignere
1557 1578 1910 1649 neglexerunt
1939 1591 1954 1630 :
1984 1578 2050 1632 de

461 1673 659 1744 quibus
692 1675 957 1742 scriptum
989 1681 1070 1726 est
1100 1687 1113 1723 :
1143 1669 1496 1725 Dinumerabo
1533 1686 1637 1732 eos,
1669 1677 1717 1722 et
1747 1685 1904 1738 super
1932 1684 2049 1722 are-

461 1779 584 1816 nam
619 1759 1112 1832 multiplicabuntur
1137 1759 1156 1831 (
1180 1757 1330 1813 Psal.
1360 1756 1658 1828 cxxxvm).
1690 1757 1757 1812 Et
1783 1757 1839 1812 in
1876 1757 2051 1811 Evan-

2145 572 2607 628 Lacedaamouium
2623 572 2793 626 viride
2805 572 3016 626 cunctis
3030 570 3274 635 hilarius,
3292 578 3564 640 repertum
3579 569 3730 639 prius

2146 664 2288 733 apud
2339 662 2809 728 Lacedaemonios,
2858 663 3001 717 unde
3051 669 3106 717 et
3147 661 3468 716 vocabulum
3511 663 3725 716 traxit:

2148 751 2337 807 Parius
2377 752 2628 808 candoris
2665 752 2871 818 eximii,
2903 752 3191 824 Lychnites
3216 762 3594 822 cognomento.
3631 753 3730 809 llic

2147 844 2289 912 apud
2320 843 2498 899 Paron
2534 842 2770 897 insulam
2809 843 3052 898 nascitur
3079 858 3094 896 :
3121 843 3262 897 unde
3285 850 3341 897 et
3370 840 3565 897 Parius
3591 859 3731 896 nun-

2147 944 2406 1005 cupatur;
2435 935 2708 1006 Lygdinus
2729 934 3114 1006 magnitudine,
3132 950 3250 1004 qua:
3269 935 3451 990 lances
3465 947 3731 990 crateras-

2147 1039 2252 1093 que
2286 1040 2391 1079 non
2429 1024 2687 1087 excedat,
2713 1025 3001 1096 unguentis
3026 1025 3142 1094 ipse
3165 1033 3343 1095 aptus.
3366 1024 3559 1080 Parius
3581 1026 3732 1080 enim

2147 1129 2388 1168 marmor
2413 1113 2611 1168 coloris
2641 1114 2853 1169 candidi
2877 1123 2980 1177 est,
3005 1124 3060 1170 et
3103 1115 3374 1187 signiﬁcat
3407 1116 3729 1172 munditiam

2148 1205 2462 1260 electorum.
2491 1204 2642 1261 Unde
2659 1206 2712 1260 in
2750 1207 2947 1276 templo
2985 1204 3290 1262 Salomonis
3319 1223 3384 1261 ex
3415 1207 3534 1277 ipso
3555 1207 3734 1278 lapide

2147 1294 2344 1365 legitur
2365 1295 2600 1366 parietes
2631 1296 2811 1366 templi
2837 1295 3133 1352 :ediﬁcatos
3160 1311 3281 1351 esse
3306 1314 3318 1349 τ
3347 1297 3492 1366 quod
3522 1295 3731 1364 signiﬁ-

2147 1398 2254 1454 cat,
2283 1404 2348 1444 ex
2372 1389 2569 1443 munda
2606 1398 2918 1444 sanctorum
2947 1390 3054 1443 vita
3079 1396 3134 1443 et
3159 1388 3571 1444 conversatione
3608 1405 3736 1460 pro-

2146 1480 2427 1536 batissima
2467 1488 2713 1536 sanctam
2745 1481 3041 1536 Ecclesiam
3075 1481 3393 1536 aediﬁcatam
3422 1494 3564 1536 esse.
3613 1481 3738 1534 Ala-

2147 1573 2406 1628 bastrites
2434 1571 2572 1642 lapis
2593 1573 2854 1628 candidus
2881 1573 3314 1628 interdistinctus
3345 1573 3516 1628 variis
3543 1573 3737 1628 colori-

2147 1663 2282 1730 bus;
2329 1679 2398 1719 ex
2446 1681 2554 1734 quo
2603 1665 2897 1735 evangelici
2954 1665 3094 1720 illius
3145 1667 3403 1736 unguenti
3455 1665 3736 1720 vasculum

2149 1753 2253 1810 fuit
2283 1756 2300 1827 (
2329 1754 2517 1810 Matth.
2578 1773 2702 1812 xxvr
2726 1755 2766 1828 ).
2795 1757 3004 1813 Cavant
3026 1759 3171 1814 enim
3201 1759 3345 1814 hunc
3375 1760 3442 1814 ad
3467 1774 3597 1814 vasa
3630 1776 3736 1813 un-

460 1855 602 1926 gelio
635 1853 834 1924 legitur
874 1851 1102 1922 (Matth.
1132 1849 1274 1921 vn),
1323 1850 1497 1904 virum
1538 1849 1836 1918 sapientem
1883 1847 2051 1902 mdiﬁ-
2079 1843 2125 1904 B
2153 1845 2466 1915 guentaria,
2520 1847 2774 1916 quoniam
2817 1848 3022 1917 optime
3067 1862 3292 1912 servare
3315 1864 3380 1903 ea
3421 1850 3737 1920 incorrupta

461 1964 589 2003 care
616 1948 834 2002 domum
866 1961 1018 2001 suam
1057 1961 1220 2015 super
1266 1953 1509 2013 petram;
1541 1942 1764 1996 stultum
1793 1955 1924 1995 vero
1955 1955 2051 1995 su-

460 2053 559 2109 per
588 2052 810 2092 arenam
839 2051 1062 2108 ponere.
1097 2035 1557 2100 Fundamentum,
1587 2034 1731 2103 quod
1772 2032 2050 2103 apos:olus

460 2127 663 2183 Paulus
693 2128 1024 2183 architectus
1048 2126 1246 2197 posuit,
1292 2141 1432 2180 unus
1460 2132 1543 2178 est
1584 2122 1844 2178 Dominus
1870 2131 2054 2177 noster

461 2219 623 2277 Iesus
660 2220 928 2275 Christus.
975 2217 1150 2287 Super
1177 2217 1282 2271 hoc
1330 2215 1738 2269 fundamentum
1777 2212 1969 2268 stabile
1995 2220 2052 2268 et

463 2313 679 2366 ﬁrmum
709 2319 766 2366 et
802 2325 899 2380 per
924 2325 983 2364 se
1010 2308 1227 2364 robusta
1265 2305 1405 2362 mole
1444 2304 1726 2359 fundatum
1756 2304 2052 2358 aediﬁcatur

454 2402 659 2459 Christi
690 2401 932 2457 Ecclesia
968 2417 980 2453 :
1013 2415 1176 2470 super
1203 2413 1426 2454 arenam
1454 2411 1601 2460 vero,
1636 2410 1755 2465 quae
1779 2393 1941 2448 ﬁuida
1967 2401 2054 2449 est

459 2501 517 2548 et
559 2491 926 2564 coagmentari
954 2505 1060 2545 non
1108 2497 1307 2559 potest,
1358 2503 1460 2544 nec
1504 2487 1556 2542 in
1595 2501 1758 2542 unam
1804 2485 2050 2557 c0pulam

458 2584 652 2654 redigi,
691 2582 1273 2638 omnis-hmrcticorum
1309 2593 1491 2636 sermo
1539 2585 1645 2644 est,
1695 2575 1789 2648 qui
1835 2575 1901 2631 ad
1947 2575 2053 2631 hoc

459 2675 782 2740 aediﬁcatur,
813 2682 876 2728 ut
903 2681 1140 2730 corruat.

1071 2765 1300 2821 CAPUT
1355 2764 1444 2820 lV.

846 2855 925 2910 De
955 2855 1218 2926 lapidibus
1257 2854 1651 2925 insignioribus.

529 2945 750 3018 Magnes
790 2947 927 3017 lapis
958 2947 1174 3002 Indicus
1213 2948 1281 3002 ab
1325 2949 1603 3002 inventore
1645 2951 1888 3000 vocatus.
1924 2943 2051 2998 Fuit

465 3047 645 3093 autem
673 3039 727 3092 in
751 3037 898 3092 India
929 3038 1002 3092 ita
1028 3039 1262 3107 primum
1295 3045 1542 3107 repertus
1568 3055 1580 3090 :
1607 3035 1772 3090 clavis
1800 3035 2045 3104 crepida-

467 3145 588 3184 rum
623 3128 909 3198 baculique
959 3128 1164 3199 cnspidi
1198 3129 1440 3192 haerens,
1471 3143 1595 3182 cum
1627 3132 1874 3181 armenta
1904 3124 2045 3180 idem

458 3219 680 3290 Magnes
701 3193 945 3290 pasceret
974 3237 986 3272 :
1010 3193 1196 3289 postea
1222 3227 1277 3275 et
1306 3219 1507 3290 passim
1531 3219 1798 3273 inventus.
1826 3217 1924 3271 Est
1946 3231 2044 3270 au-
2074 3193 2121 3258 (ἶ

458 3318 569 3366 tem
598 3311 781 3366 colore
809 3310 1177 3381 ferrugineus,
1220 3310 1314 3365 sed
1345 3310 1607 3379 probatur
1636 3323 1758 3363 cum
1785 3307 1929 3362 ferro
1952 3307 2046 3362 ad-

454 3406 697 3476 junctus,
719 3403 836 3473 ejus
857 3405 1047 3460 fecerit
1077 3414 1287 3475 raptum
1317 3424 1329 3459 :
1365 3421 1488 3459 nam
1528 3406 1664 3460 adeo
1689 3405 2048 3475 apprehendit

457 3495 698 3561 ferrum,
752 3507 810 3550 ut
869 3506 1119 3552 catenam
1170 3497 1334 3552 faciat
1387 3495 1750 3560 annulorum,
1795 3497 1938 3551 unde
1991 3506 2046 3551 et

455 3603 580 3642 eum
631 3589 822 3660 vulgus
869 3588 1072 3643 ferrum
1124 3589 1306 3642 vivum
1351 3587 1602 3657 appellat.
1644 3587 1879 3658 Gagates
1909 3587 2045 3656 lapis

453 3677 688 3747 primum
740 3680 989 3731 inventus
1035 3684 1119 3731 est
1166 3677 1220 3731 in
1273 3675 1481 3742 Cicilia,
1532 3675 1753 3746 Cagatis
1806 3675 2046 3730 ﬂuminis

454 3764 627 3820 ﬂuore
657 3766 910 3836 reiectus,
939 3765 1083 3820 unde
1111 3773 1166 3820 et
1192 3765 1506 3820 nominatur
1536 3781 1551 3818 :
1582 3764 1705 3820 licet
1745 3765 1798 3819 in
1831 3765 2046 3820 Britan-

454 3857 544 3913 nia
568 3857 637 3911 sit
663 3857 944 3926 plurimus.
979 3856 1075 3910 Est
1101 3864 1280 3910 autem
1311 3856 1486 3927 niger,
1529 3855 1746 3926 planus,
1784 3856 1940 3922 lenis,
1989 3862 2047 3910 et

455 3948 656 4004 ardens
688 3949 797 4020 igni
841 3949 1112 4004 admotus.
1145 3947 1356 4004 Fictilia
1389 3965 1456 4004 ex
1482 3965 1548 4005 eo
1570 3951 1769 4020 scripta
1805 3967 1912 4005 non
1944 3951 2040 4004 de-

452 4035 635 4093 lentur
664 4056 676 4092 :
710 4039 965 4094 incensus
993 4047 1278 4109 serpentes
1317 4038 1489 4110 fugat,
1529 4041 1888 4096 daemoniacos
1916 4055 2042 4110 pro-

453 4128 564 4196 dit,
601 4130 967 4200 virginitatem
1032 4132 1402 4200 deprehendit,
1443 4133 1639 4186 mirum
1677 4134 1802 4202 quia
1851 4149 2045 4188 accen-

455 4223 605 4278 ditur
645 4238 808 4293 aqua,
837 4223 957 4278 oleo
989 4224 1374 4293 exstinguitur.
1394 4223 1654 4278 Asbestos
1681 4223 1927 4278 Arcadia:
1958 4225 2041 4278 la-

453 4315 542 4384 pis
567 4312 733 4367 ferrei
780 4314 1002 4379 coloris,
1029 4315 1097 4368 ab
1125 4315 1247 4384 igne
1287 4309 1482 4368 nomen
1513 4315 1759 4380 sortitus,
1789 4330 1854 4370 eo
1899 4317 2041 4384 quod

456 4405 925 4459 accensus-semel
971 4420 1249 4474 nunquam
1278 4405 1683 4475 exstinguitur:
1723 4405 1789 4460 de
1813 4421 1921 4475 quo
1958 4405 2039 4460 la-

452 4494 581 4566 pide
623 4493 997 4549 mechanicum
1040 4493 1246 4564 aliquid
1285 4509 1378 4549 ars
1427 4495 1661 4549 humana
1700 4494 1884 4549 molita
1915 4503 2037 4561 est,

2154 1936 2354 1990 dicitur
2379 1954 2390 1990 :
2420 1937 2664 1992 nascitur
2688 1939 2830 1994 circa
2863 1939 3079 1994 Thebas
3117 1939 3402 2012 Egyptias
3429 1949 3486 1994 ct
3512 1941 3738 1994 Damas-

2154 2042 2276 2082 cum
2315 2026 2516 2098 Syrim,
2566 2031 2777 2086 ueteris
2814 2031 3094 2086 candidior
3123 2049 3136 2085 :
3164 2032 3578 2101 probatissimus
3605 2049 3742 2089 vero

2154 2116 2208 2171 in
2268 2117 2436 2171 lndia.
2499 2118 2842 2175 Alabastrum
2905 2122 3133 2192 mystice
3174 2131 3368 2192 .potest
3429 2123 3741 2194 signiﬁcare

2159 2217 2400 2262 sanctam
2455 2206 2810 2278 Scripturam,
2835 2225 2956 2280 quae
2995 2213 3238 2268 continuet
3262 2225 3592 2284 unguentum
3617 2232 3743 2285 pre-

2158 2296 2374 2362 tiosum,
2425 2297 2530 2354 hoc
2570 2307 2654 2354 est
2679 2339 2694 2364 ,
2736 2301 3018 2357 scientiam
3066 2303 3398 2372 spiritalem,
3423 2321 3543 2375 quae
3573 2308 3748 2363 o-Jore

2154 2399 2252 2440 suo
2283 2395 2452 2441 totum
2502 2389 2762 2444 mundum
2797 2391 2988 2459 replet.
3030 2391 3182 2448 Unde
3225 2393 3423 2464 legitur
3473 2396 3528 2450 in
3569 2397 3747 2453 Evan-

2155 2476 2295 2546 gelio
2336 2477 2530 2533 mulier
2570 2479 2777 2536 habens
2815 2481 3149 2538 alabastrum
3191 2486 3452 2556 unguenti
3487 2487 3748 2556 pretiosi,

2154 2567 2410 2624 eﬁ‘udisse
2433 2569 2609 2639 ipsum
2638 2580 2972 2642 unguentum
3004 2589 3165 2643 super
3186 2583 3346 2645 caput
3375 2574 3504 2631 Jesu
3533 2592 3754 2632 recum-

2153 2657 2371 2714 bentis:
2405 2659 2549 2728 quod
2589 2659 2861 2730 signiﬁcat
2890 2661 3178 2717 ecclesiam
3208 2663 3544 2719 divinitatem
3583 2665 3752 2720 Chri-

2153 2748 2223 2804 sti
2252 2750 2548 2820 prtedicare
2583 2751 2636 2805 in
2667 2759 2781 2807 toto
2828 2753 3048 2809 mundo.
3100 2753 3262 2809 Unxit
3301 2763 3357 2810 et
3395 2757 3509 2826 ipsa
3545 2757 3751 2812 mulier

2151 2843 2314 2914 pedes
2357 2843 2572 2899 Domini
2611 2859 2680 2898 ex
2731 2845 2919 2900 eodem
2965 2855 3240 2916 unguento
3274 2863 3286 2899 :
3319 2848 3446 2917 quia
3495 2834 3582 2902 illa
3624 2847 3751 2917 cjus

2154 2941 2426 3000 naturam,
2455 2949 2561 3004 qua
2603 2942 2804 2988 terram
2828 2934 3169 3008 contingere,
3198 2937 3302 2992 hoc
3323 2946 3428 3004 est,
3475 2938 3616 2993 inter
3642 2939 3751 2993 ho-

2153 3027 2329 3082 mines
2373 3029 2686 3084 conversari
2737 3029 2989 3097 dignatus
3038 3036 3160 3094 est,
3217 3029 3303 3100 pia
3350 3031 3749 3100 praedicatione

2156 3122 2499 3176 commendat
2524 3135 2591 3176 ac
2615 3113 2822 3177 devotis
2854 3131 3146 3176 veneratur
3170 3121 3465 3192 obsequiis.

2775 3231 3001 3290 CAPUT
3043 3234 3128 3289 Vl.

2804 3304 2881 3358 De
2911 3307 3082 3359 ebore.

2219 3393 2366 3448 Ebur
2392 3409 2422 3448 a
2443 3393 2629 3461 barro,
2655 3395 2709 3450 id
2733 3403 2836 3461 est,
2863 3396 3148 3466 elephanto
3167 3395 3370 3452 dictum
3399 3411 3414 3451 :
3447 3395 3701 3453 Horatius
3727 3416 3744 3452 :

2150 3484 2292 3550 Quid
2324 3485 2417 3538 tibi
2448 3486 2544 3552 vis,
2571 3485 2778 3550 mulier,
2811 3487 2973 3556 nigris
2998 3487 3303 3556 dignissima
3330 3487 3498 3542 barris
3515 3490 3540 3542 .9
3560 3488 3748 3559 Signi-

2148 3575 2276 3630 ﬁcat
2330 3583 2512 3630 autem
2567 3577 2703 3630 ebur
2758 3577 3030 3647 pudicitiae
3084 3579 3477 3633 continentiam
3531 3597 3545 3633 :
3595 3580 3746 3634 unde

2147 3668 2408 3739 scriptum
2454 3677 2540 3724 est
2591 3669 2646 3722 in
2689 3668 2905 3723 Psalmo
2963 3671 3028 3725 de
3083 3670 3322 3726 Ecclesia
3369 3689 3382 3724 :
3419 3672 3636 3742 Myrrha
3687 3683 3744 3726 et

2145 3766 2294 3828 gutta
2333 3767 2380 3812 et
2416 3759 2561 3811 casia
2613 3774 2646 3811 a
2689 3759 3000 3813 vestimentis
3048 3761 3176 3825 tuis,
3232 3777 3263 3814 a
3297 3760 3537 3814 domibus
3585 3761 3746 3814 ebur—

2147 3847 2275 3910 neis,
2330 3855 2436 3902 etc.
2468 3845 2643 3919 (Psal.
2672 3848 2843 3919 xuv).
2879 3848 3025 3902 Dixit
3068 3849 3212 3902 enim
3255 3851 3542 3920 propheta,
3593 3851 3742 3905 unde

2145 3938 2327 3994 veniat
2353 3953 2565 4009 sponsae
2589 3931 2974 4009 gloriosissima
3005 3940 3366 4011 pulchritudo,
3399 3957 3519 4012 qua:
3554 3959 3583 3996 a
3633 3942 3743 3995 Do-

2146 4029 2280 4084 mini
2309 4031 2516 4086 dextris
2540 4031 2715 4087 locata
2737 4033 3000 4096 consistit,
3033 4035 3088 4088 id
3115 4043 3216 4100 est,
3244 4049 3274 4088 a
3300 4034 3550 4089 domibus
3570 4037 3737 4090 chur-

2144 4124 2285 4190 neis,
2349 4126 2493 4195 quod
2537 4127 2810 4198 signiﬁcat
2857 4137 3175 4183 ornamenta
3223 4128 3579 4198 palatiorum,
3617 4144 3742 4197 qiuc

2143 4219 2364 4286 copioso
2397 4220 2561 4274 ebore
2605 4221 2931 4274 vestiuntur.
2991 4220 3096 4276 Sed
3137 4220 3273 4276 ebur
3329 4238 3435 4276 non
3488 4223 3556 4275 ad
3595 4221 3739 4275 solas

2144 4310 2361 4365 divitias
2385 4310 2746 4380 intelligamus
2771 4320 3010 4380 aptatum
3047 4329 3059 4366 :
3093 4313 3186 4367 sed
3216 4313 3471 4382 quoniam
3493 4313 3736 4381 elephas,

2144 4399 2298 4468 cujus
2323 4400 2438 4454 haec
2460 4417 2583 4456 ossa
2615 4410 2761 4467 sunt,
2795 4402 2976 4456 nimia:
3017 4403 3284 4458 castitatis
3321 4403 3612 4466 asscritur;
3643 4404 3736 4473 qui

2145 4491 2287 4545 inter
2323 4492 2689 4562 quadrupedia
2730 4504 2783 4548 et
2817 4508 2977 4548 sensu
3004 4494 3292 4564 plurimum
3323 4495 3484 4559 valet,
3514 4505 3568 4548 et
3597 4505 3736 4549 tem-

455 4589 600 4658 quod
619 4588 847 4658 gentiles
863 4587 1006 4656 capti
1044 4586 1329 4658 sacrilegio
1350 4586 1706 4640 mirarentur:
1733 4587 1964 4656 denique
1986 4587 2038 4640 in
2067 4559 2120 4618 D
2145 4588 2399 4649 peranter
2434 4582 2692 4636 miscetur
2718 4582 2932 4637 femina:
2969 4599 3098 4647 suae,
3132 4593 3186 4638 et
3229 4584 3457 4654 conjuge
3497 4585 3735 4638 secunda

452 4680 655 4750 templo
685 4680 918 4750 quodam
954 4677 1122 4734 fuisse
1145 4677 1373 4733 Veneris
1395 4678 1580 4732 fanum
1623 4679 1832 4744 dicunt,
1860 4679 2042 4749 ibique

450 4772 860 4836 candelabrum,
891 4770 1024 4825 etin
1065 4785 1133 4827 eo
1177 4770 1456 4827 lucernam
1484 4771 1584 4826 sub
1613 4771 1703 4825 dio
1731 4771 1811 4826 sic
1840 4773 2041 4826 arden—

450 4872 659 4927 tem,ut
680 4877 800 4916 eam
829 4860 973 4915 nulla
997 4870 1310 4931 tempestas,
1333 4862 1513 4917 nullus
1539 4863 1714 4917 imber
1733 4863 2044 4934 exstingue-

450 4962 554 5009 ret.
590 4953 892 5018 Selenites,
935 4954 1029 5024 qui
1057 4953 1224 5008 latine
1260 4954 1467 5010 lunaris
1509 4955 1929 5024 interpretatur,
1973 4971 2040 5010 eo

451 5044 595 5113 quod
640 5044 956 5098 interiorem
997 5044 1115 5114 ejus
1144 5045 1431 5102 candorem
1475 5061 1599 5102 cum
1645 5046 1770 5100 luna
1797 5061 2043 5103 crescere

451 5143 616 5200 atque
642 5131 875 5187 deﬁcere
896 5132 1049 5188 aiunt
1081 5150 1097 5188 .
1125 5135 1364 5206 gignitur
1392 5136 1444 5191 in
1480 5135 1721 5191 Perside.

1083 5245 1311 5303 CAPUT
1342 5246 1407 5301 V.

1016 5315 1092 5369 De
1115 5317 1480 5371 marmoribus.

523 5403 757 5457 Marmor
800 5417 1052 5459 sermone
1076 5404 1264 5461 Graeco
1293 5421 1324 5460 a
1365 5405 1639 5462 viriditate
1685 5417 1906 5463 vocatus
1939 5425 1953 5461 :
1985 5417 2041 5463 et

453 5497 700 5567 quamvis
743 5505 929 5566 postea
965 5505 1018 5552 et
1041 5496 1129 5552 alii
1169 5499 1378 5554 colores
1420 5500 1784 5564 inveniantur,
1839 5515 2035 5556 nomen

453 5597 631 5663 tamen
670 5587 954 5657 pristinum
1000 5603 1030 5642 a
1072 5589 1348 5644 viriditate
1391 5589 1750 5643 retinuerunt.
1798 5587 2036 5644 Marmo-

452 5695 571 5734 rqu
593 5679 802 5735 colores
827 5688 883 5748 et
919 5697 1115 5752 genera
1163 5681 1573 5736 innumerabilia
1612 5692 1738 5736 sunt
1769 5700 1782 5736 :
1811 5699 1915 5737 non
1951 5692 2034 5738 ta-

451 5783 582 5827 men
621 5772 800 5827 omnia
843 5787 874 5827 c
917 5772 1137 5842 rupibus
1178 5772 1545 5827 exciduntur:
1578 5775 1674 5832 sed
1721 5775 1884 5830 multa
1935 5778 2034 5832 sub

2145 4685 2251 4726 non
2292 4671 2479 4726 utitur.
2512 4671 2628 4727 Hoc
2665 4673 2877 4742 pudicis
2928 4673 3145 4731 feminis
3194 4676 3450 4731 decenter
3490 4684 3733 4745 aptatum

2144 4770 2228 4818 est
2255 4781 2268 4816 :
2302 4764 2428 4833 quia
2453 4764 2556 4820 illte
2579 4765 2634 4820 in
2656 4767 2903 4821 domibus
2927 4769 3184 4824 clmrneis
3210 4769 3474 4823 mansisse
3505 4783 3736 4822 noscan-

2147 4863 2254 4919 tur,
2304 4869 2423 4923 qua:
2470 4871 2569 4925 per
2609 4858 2916 4912 castitatem
2963 4857 3162 4912 Christi
3214 4859 3424 4914 Domini
3462 4867 3734 4928 pra-cepta

2143 4954 2342 5001 secuta:
2384 4955 2530 5001 sunt.
2569 4946 2719 5003 llanc
2747 4949 2890 5003 enim
2925 4949 3330 5004 translationem
3369 4951 3734 5020 probaverunt

2145 5034 2444 5090 doetissimi
2473 5035 2664 5093 Patres
2694 5037 3026 5106 Augustinus
3054 5049 3218 5111 atque
3252 5039 3632 5112 Hieronymus.

2749 5151 2976 5207 CAPUT
3013 5151 3118 5207 Vll.

2766 5222 2844 5276 De
2867 5223 3101 5292 gemmis.

2212 5311 2342 5367 Post
2379 5327 2711 5367 marmorum
2753 5328 2951 5382 genera
2994 5330 3220 5384 gemmae
3256 5324 3578 5385 sequuntur,
3609 5330 3732 5384 qua:

2142 5405 2370 5459 multum
2415 5419 2549 5458 auro
2587 5405 2837 5459 decorem
2882 5405 3125 5460 tribuunt
3151 5413 3434 5462 venustate
3461 5405 3730 5462 colorum.

2140 5494 2350 5548 Genera
2390 5510 2720 5564 gemmarum
2758 5495 3170 5553 innumerabilia
3211 5514 3332 5555 esse
3359 5498 3668 5562 traduntur,
3699 5513 3730 5553 e

2139 5591 2336 5660 quibus
2367 5607 2466 5646 nos
2487 5606 2550 5646 ea
2571 5600 2802 5658 tantum,
2837 5608 2957 5662 qua:
2987 5594 3303 5663 principalia
3327 5603 3453 5649 sunt
3482 5594 3597 5649 sive
3625 5608 3724 5646 no-

2142 5685 2370 5747 tissima,
2403 5685 2803 5740 annotabimus.
2834 5684 3074 5740 Gemma:
3105 5694 3330 5750 vocatae,
3360 5685 3504 5755 quod
3550 5684 3743 5751 instar.

2139 5778 2286 5847 gumi
2326 5777 2694 5834 transluceant
2718 5794 2730 5834 :
2755 5777 2975 5848 pretiosi
3016 5777 3218 5850 lapides
3260 5777 3381 5836 ideo
3411 5777 3540 5836 dicti
3575 5783 3724 5843 sunt,
