4038 6324
75 1719 131 1810 β
271 1731 346 1784 ἁμέ,

92 1945 378 2052 dic-{lii}:
427 2028 442 2036 ο

467 365 570 422 ιω
647 353 650 355 ’

1136 365 1199 419 Β.
1240 363 1495 420 RABANI
1532 364 1749 422 MAURI
1783 361 2102 420 ARCHlEP.
2137 361 2449 426 MOGUNT.
2488 364 2772 423 OPERUM
2808 363 2998 422 PARS.
3022 363 3086 420 ll.

3625 361 3738 418 468

467 492 591 534 cum
623 489 758 531 auro
793 484 850 530 ct
885 474 1112 547 gemmis
1156 474 1374 540 afﬁuat;
1421 474 1653 544 Griphes
1697 482 1882 530 tenent
1923 472 2049 528 uni-
2075 473 2130 534 Α
2152 476 2308 546 cxv);
2333 476 2527 531 merito
2547 486 2698 533 sexto
2720 476 2838 532 loco
2861 476 3091 546 positus,
3119 491 3241 532 cum
3270 474 3531 534 Dominus
3547 488 3744 539 noster

465 583 643 632 versa,
690 567 846 621 alites
889 565 1256 630 ferocissimae,
1290 566 1375 621 vel
1408 567 1587 637 potius
1617 566 1744 622 fetae
1785 557 2048 622 volantes.

465 660 606 718 Sunt
634 658 778 714 enim
796 658 1194 728 quadrupedes,
1221 665 1274 711 et
1291 671 1520 727 corpore
1544 657 1761 728 quidem
1785 656 2050 722 leonibus,

2151 572 2208 621 et
2249 574 2402 621 sexta
2448 575 2606 622 :ntate
2633 566 2816 621 saaculi
2845 568 3175 637 incarnatus,
3209 576 3263 622 et
3294 577 3450 622 sexta
3497 567 3632 623 feria
3663 570 3744 625 sit

2151 671 2250 726 pro
2276 657 2441 712 totius
2462 658 2645 712 mundi
2672 656 2844 712 salute
2863 657 3172 712 cruciﬁxus.
3201 656 3460 728 Septimus
3485 659 3743 730 chrysoli-

465 751 645 820 capite
676 763 804 804 vero
833 757 889 804 et
917 748 1017 803 alis
1059 748 1253 818 aquilis
1293 747 1600 802 simillima.
1647 747 1894 816 ArmaSpi
1927 737 2291 821 cum‘jnhus.
2323 748 2694 821 Chrysolithus
2722 749 2876 819 lapis,
2920 749 3074 818 quasi
3119 764 3332 814 aurum,
3380 737 3760 819 rotamur:

464 839 550 895 bis
579 839 859 904 dimicant,
884 838 974 908 qui
1005 853 1112 893 uno
1139 837 1294 893 oculo
1318 837 1372 892 in
1401 836 1580 892 fronte
1601 837 1775 892 media
1804 836 2054 891 feruntur

464 931 726 1002 insignes,
765 939 825 986 ut
864 931 1132 1001 accipiant
1179 931 1278 987 hos
1317 930 1544 1001 lapides,
1587 931 1723 996 mira
1761 929 2052 1002 cupiditate

462 1030 520 1078 et
560 1021 693 1078 feris
737 1021 1116 1094 capientibus,
1166 1031 1222 1076 et
1271 1019 1550 1090 Armaspis
1604 1018 2048 1076 custodientibus.

461 1110 618 1167 Hanc
659 1111 806 1167 enim
847 1121 1051 1168 terram
1090 1111 1348 1167 virtutum
1389 1110 1660 1166 thesauris
1692 1109 2051 1164 abundantem

440 1204 710 1263 .audierat
759 1203 1079 1270 Psalmista,
1137 1219 1259 1259 cum
1312 1203 1525 1260 dicebat
1567 1221 1580 1257 :
1629 1202 1766 1256 Ecce
1817 1200 2052 1271 elongavi

461 1301 686 1372 fugiens,
734 1311 784 1356 et
827 1301 1000 1356 mansi
1037 1301 1092 1354 in
1133 1299 1417 1355 solitudine
1441 1297 1612 1370 (Psal.
1645 1295 1774 1367 Liv),
1807 1296 1858 1350 id
1888 1303 1994 1360 est,
2019 1309 2051 1348 a

462 1393 651 1447 mundi
693 1392 962 1447 illecebris
997 1391 1208 1448 animos
1238 1390 1538 1461 elongando
1566 1388 1827 1444 subtraxi.
1863 1388 1920 1442 ln
1949 1387 2049 1441 hac

461 1484 767 1539 contrarias
787 1483 889 1538 sibi
912 1484 1114 1538 bestias
1137 1481 1452 1547 offenderat,
1477 1496 1597 1536 cum
1623 1481 1908 1550 increpans
1933 1479 2010 1534 ait
2033 1497 2046 1533 :

460 1572 616 1629 Muta
639 1575 928 1645 efﬁciantur
955 1573 1096 1628 labia
1119 1573 1326 1638 dolosa,
1353 1589 1470 1643 quae
1497 1573 1781 1643 loquuntur
1801 1574 2049 1626 adversus

383 1686 422 1749 τὶ
455 1665 658 1738 justum
704 1667 1031 1738 iniquitatem
1069 1667 1125 1719 in
1166 1665 1411 1737 superbia
1447 1675 1495 1719 et
1538 1674 1830 1735 contemptu
1865 1662 2046 1735 (Psal.

398 1776 409 1793 κ
457 1756 610 1826 xxx).
641 1755 698 1829 ln_
731 1756 832 1810 hac
862 1771 1076 1827 quoque
1107 1755 1281 1810 Gazas
1306 1755 1692 1828 desiderabiles
1723 1755 1962 1811 invenire
1991 1769 2051 1810 se

2100 840 2108 856 '
2150 817 2296 894 iiﬁas
2329 817 2537 894 habens
2578 817 2852 895 ardentes.
2894 817 3059 910 Cujus
3101 839 3282 910 specie
3326 817 3626 911 ﬁgurantur
3653 842 3742 908 hi,

2152 930 2244 997 qui
2300 929 2573 986 intellectu
2632 946 2877 1000 superna:
2927 945 3070 985 verte
3104 930 3384 999 sapientia:
3441 930 3741 1001 fulgentes,

2151 1021 2316 1076 verba
2341 1021 2734 1076 exhortationis
2759 1021 2810 1074 in
2839 1019 3130 1090 proximos,
3160 1019 3245 1074 vel
3274 1020 3440 1074 etiam
3471 1021 3739 1074 virtutum

2151 1111 2324 1182 signa,
2371 1111 2528 1181 quasi
2574 1110 2834 1167 scintillas
2874 1110 3014 1180 ignis
3066 1107 3366 1164 effundunt.
3399 1107 3640 1176 Quorum
3680 1117 3742 1164 et

2151 1203 2349 1258 Arator
2376 1203 2452 1258 ait
2481 1221 2494 1257 :

2273 1301 2524 1352 ﬂentibus
2545 1302 2691 1352 instat
2716 1313 2869 1360 amor,
2892 1300 3201 1350 sermonibus
3221 1305 3399 1350 aestuat
3419 1299 3580 1350 ardor.

2151 1383 2304 1454 Quod
2325 1386 2450 1454 quia
2483 1385 2596 1441 solo
2624 1385 2883 1455 spiritalis
2916 1384 3106 1455 gratia:
3132 1398 3357 1438 munere
3385 1383 3608 1454 geritur,
3639 1382 3738 1438 de-

2151 1478 2459 1532 centissime
2503 1477 2730 1546 septimo
2789 1476 3140 1532 fundamento
3192 1476 3556 1548 chrysolithus
3605 1493 3619 1530 :
3678 1476 3738 1531 in

2151 1567 2448 1637 septiformi
2481 1569 2625 1622 enim
2660 1583 2886 1622 numero
2916 1567 3054 1622 solet
3085 1567 3318 1638 Spiritus
3351 1568 3523 1624 sancti
3559 1567 3740 1639 gratia

2151 1659 2392 1731 ﬁgurari.
2417 1660 2492 1715 De
2512 1675 2619 1729 quo
2639 1675 2798 1731 supra
2821 1659 2924 1714 dici
2934 1668 3018 1714 tur
3041 1677 3055 1712 :
3084 1658 3152 1712 Et
3179 1676 3210 1712 a
3230 1671 3420 1728 septem
3441 1657 3733 1728 spiritibus,

2150 1752 2239 1822 qui
2265 1753 2319 1805 in
2349 1760 2622 1822 conspectu
2661 1751 2835 1805 throni
2859 1751 2972 1820 ejus
3018 1760 3138 1804 sunt
3175 1749 3360 1820 (Apoc.
3391 1749 3452 1820 ι).
3481 1748 3578 1804 Cui
3605 1764 3736 1804 sen-

458 1835 868 1912 ιιιτηιὶΐὲεειειῑηιιΧ
887 1861 1011 1900 cum
1067 1847 1422 1902 admiratione
1474 1847 1775 1902 delectabili
1830 1857 2049 1902 secutus
2076 1838 2123 1896 B
2151 1845 2234 1900 sui
2260 1853 2522 1900 consonat
2549 1844 2714 1899 etiam
2742 1843 2866 1906 hoc,
2896 1843 3038 1912 quod
3068 1841 3308 1910 ejusdem
3339 1841 3532 1910 lapidis
3561 1856 3734 1912 genus

459 1925 761 2003 adjungere
783 1887 968 1990 digeris
1001 1953 1012 1988 :
1049 1935 1220 2001 Quam
1244 1887 1452 2006 2:10;];11
1475 1887 1775 1990 ‘iiiul‘lituudo

459 2025 543 2078 nis
595 2037 719 2090 tum,
775 2025 1016 2092 Domine,
1075 2043 1234 2098 quam
1283 2027 1599 2082 abscondisti
1651 2028 1951 2082 timentibus
1999 2037 2048 2081 te

166 2123 200 2198 t3
217 2143 250 2192 ί,
268 2137 294 2196 xi
459 2114 674 2185 (Ibid.),
694 2124 748 2169 ct
773 2127 968 2172 czctcra
996 2097 1166 2188 usque
1191 2119 1258 2174 ad
1286 2117 1446 2173 ﬁnem
1481 2118 1692 2187 psalmi.
1723 2118 1922 2174 Contra
1949 2119 2048 2172 hu-

283 2187 369 2285 ’ἦ

454 2203 690 2273 jusmodi
729 2206 904 2272 alites,
956 2222 1138 2262 semen
1189 2207 1355 2262 divini
1389 2208 1540 2263 verbi
1573 2209 1727 2264 nobis
1755 2209 2048 2278 prmripere

336 2319 354 2329 -
456 2294 790 2366 anhelantes,
843 2297 1042 2366 quique
1085 2305 1396 2354 sanctorum
1446 2297 1757 2369 invigilant,
1818 2297 2048 2366 simplici

453 2396 554 2452 per
594 2384 812 2439 caeleste
853 2385 1176 2441 desiderium
1217 2387 1540 2454 intentione,
1573 2388 1730 2464 quasi
1759 2402 1866 2441 uno
1892 2387 2050 2442 oculo

453 2474 776 2539 admirandi,
794 2483 852 2530 ut
879 2491 1143 2547 gemmam
1172 2478 1316 2544 ﬁdei,
1340 2487 1767 2548 caeterarumque
1788 2479 2050 2533 virtutum

453 2563 784 2638 investigare
831 2575 885 2624 et
933 2567 1169 2626 effodere
1210 2579 1428 2640 queant.
1468 2569 1586 2638 Quo
1632 2571 1776 2625 enim
1823 2584 2050 2640 quaeque

2147 1936 2416 2004 quoddam
2471 1935 2704 1990 caerulzei
2757 1934 3148 2003 viridantisque
3195 1933 3393 1988 coloris
3442 1931 3734 1986 invenitur.

2149 2025 2301 2080 Unde
2329 2034 2383 2084 et
2410 2027 2550 2096 apud
2589 2025 2844 2080 Hebraeos
2873 2039 2903 2078 a
2929 2023 3124 2078 marini
3159 2023 3357 2078 coloris
3385 2021 3738 2077 similitudine

2147 2117 2347 2173 tharsis
2403 2118 2720 2188 appellatur.
2780 2116 2942 2172 Viror
2997 2117 3194 2188 quippe
3243 2116 3312 2170 ad
3364 2115 3737 2186 integritatem

2147 2209 2292 2276 ﬁdei,
2323 2226 2443 2280 qum
2479 2211 2690 2266 initium
2718 2209 2993 2278 sapientia:
3027 2208 3227 2263 dicitur
3253 2221 3268 2262 :
3297 2221 3436 2275 aqua
3472 2218 3600 2259 vero
3626 2213 3740 2259 tro-

2147 2301 2266 2371 pice
2317 2301 2384 2355 ad
2437 2300 2697 2370 Spiritum
2745 2307 2990 2355 sanctum
3039 2299 3294 2369 pertinet,
3332 2298 3560 2353 Domino
3598 2306 3728 2352 attev

2148 2399 2348 2456 stante,
2377 2390 2470 2460 qui
2505 2390 2583 2444 ait
2614 2408 2627 2444 :
2658 2389 2762 2454 Qui
2790 2389 2952 2443 credit
2982 2390 3037 2442 in
3066 2405 3168 2455 me,
3197 2389 3419 2458 ﬂumina
3458 2388 3523 2442 de
3563 2397 3740 2442 ventre

2149 2483 2261 2553 ejus
2290 2484 2452 2552 ﬂuent
2483 2498 2632 2552 aqua:
2670 2481 2816 2536 nime.
2847 2480 2965 2535 Hoc
2998 2492 3173 2535 autent
3199 2481 3400 2535 dicebat
3430 2480 3495 2534 de
3523 2480 3738 2550 spiritu,

2149 2593 2300 2650 quem
2341 2575 2603 2646 accepturi
2647 2584 2798 2630 erant
2845 2561 3109 2630 credentes
3143 2575 3198 2628 in
3244 2590 3362 2627 eum
3399 2572 3580 2645 (loan.
3611 2571 3736 2644 vn).

453 2657 628 2713 virtus
646 2659 844 2715 celsior
865 2635 1358 2730 est,eopauciores
1377 2635 1540 2716 habet
1562 2635 2380 2765 cultores,gravio-lgkbctavus
2437 2635 2686 2738 beryllus.
2745 2666 2986 2738 Beryllus
3038 2677 3155 2732 est,
3208 2665 3363 2735 quasi
3406 2635 3739 2721 ‘considet'e's

455 2765 680 2822 remque
694 2753 761 2807 ab
776 2753 1068 2808 immundis
1083 2753 1360 2824 Spiritibus
1372 2754 1804 2824 persecutionem
1831 2752 2046 2817 tolerat,

453 2843 546 2914 qui
571 2844 718 2900 velut
738 2845 958 2916 griphes
979 2845 1235 2901 horrendi
1268 2845 1588 2900 meritorum
1618 2829 1919 2912 dejectione
1941 2850 2050 2922 ter.-

453 2944 679 3001 restres,
707 2935 802 2990 sed
827 2935 1059 3005 superba
1087 2935 1283 2990 mentis
1305 2934 1591 2989 altitudine
1621 2932 1887 2995 volucres,
1911 2930 2050 2985 divi-

455 3026 561 3080 tias
607 3026 878 3096 spiritales
920 3041 1025 3081 non
1058 3025 1159 3081 sibi
1187 3027 1252 3079 ad
1283 3041 1438 3080 usum
1478 3025 1776 3096 possidere,
1809 3022 1906 3079 sed
1944 3023 2046 3099 ho-.

454 3119 691 3175 minibus
717 3118 932 3175 auferre
974 3117 1242 3174 indefesso
1274 3118 1458 3174 labore
1498 3118 1795 3173 decertant.
1829 3116 1896 3170 Et
1918 3114 2042 3187 quia

454 3220 605 3267 tanta
643 3213 770 3267 ﬁdei
816 3213 1120 3270 sublimitas
1159 3229 1257 3283 per
1289 3211 1635 3282 Evangelium
1657 3210 1866 3266 .mundo
1891 3181 2045 3263 in'no-
2070 3181 2116 3246 Β

452 3301 558 3356 tuit
586 3316 601 3355 :
633 3312 756 3372 apte
792 3311 1013 3373 propter
1051 3312 1284 3373 quatuor
1329 3303 1606 3374 Evangelii
1653 3302 1821 3357 libros
1851 3307 2044 3371 quarto

323 3411 350 3436 -·
383 3428 400 3448 ι
453 3392 578 3449 loco
609 3396 928 3466 smaragdus
961 3396 1197 3466 ponitur.
1243 3396 1468 3470 Quintus
1507 3396 1794 3477 gurdonyx:
1841 3394 1940 3450 Hic
1975 3407 2044 3448 ex

455 3484 670 3554 onychc
718 3487 1026 3551 candorem,
1074 3473 1366 3542 ex‘sardio
1408 3473 1936 3552 ruborem-trahens,
1975 3486 2044 3542 ab

453 3582 687 3645 utraque
733 3577 1016 3648 sardonyci
1066 3592 1260 3632 nomen
1307 3577 1515 3647 accepit
1546 3597 1558 3632 :
1591 3586 1716 3634 sunt
1750 3579 1895 3634 enim
1927 3576 2046 3648 ejus

453 3681 656 3738 genera
682 3668 934 3736 plurima.
976 3669 1127 3725 Alius
1151 3671 1294 3725 enim
1329 3679 1485 3726 terra:
1516 3673 1694 3727 rubrae
1730 3672 2042 3729 similitudi-

452 3775 579 3814 nem
611 3768 775 3816 tenet.
809 3761 984 3827 Alius,
1015 3763 1168 3832 quasi
1197 3779 1295 3833 per
1331 3765 1624 3817 humanum
1666 3779 1899 3834 unguem
1927 3779 2045 3820 san-

452 3850 576 3924 guis
603 3853 823 3917 enitcat,
851 3853 1057 3909 bicolor
1081 3862 1325 3924 apparet.
1358 3853 1511 3909 Alius
1543 3854 1715 3909 tribus
1749 3855 2042 3922 coloribus,

452 3942 728 4000 subterius
755 3943 928 4013 nigro,
961 3945 1137 4000 medio
1167 3945 1418 4011 candido,
1449 3947 1697 4016 superius
1726 3947 1884 4003 niveo
1909 3964 2044 4002 con-

451 4031 616 4088 sistit.
662 4030 760 4086 Cui
790 4042 1178 4102 comparantur
1218 4033 1465 4089 homines
1506 4035 1752 4104 corporis
1793 4036 2046 4105 passione

2148 2749 2344 2829 aquam
2374 2754 2503 2814 solis
2529 2756 2734 2829 fulgore
2755 2772 3068 2828 percussam
3098 2755 3454 2811 rubicundum
3485 2769 3549 2808 ac
3575 2754 3736 2809 deco—

2148 2864 2269 2904 rum
2300 2848 2524 2904 reddere
2552 2847 2786 2903 colorem
2819 2863 2833 2900 :
2865 2845 2958 2901 sed
2988 2860 3094 2900 non
3126 2843 3294 2914 fulget
3321 2843 3423 2898 nisi
3455 2843 3509 2896 in
3539 2855 3742 2898 sexan-

2148 2940 2330 3011 gulam
2366 2939 2598 2995 formam
2633 2939 2880 3009 poliendo
2907 2939 3186 3008 ﬁguretur.
3219 2937 3558 3006 Repercussu
3587 2935 3737 2990 enim

2147 3031 2464 3104 angulorum
2511 3031 2765 3101 splendor
2803 3030 2945 3086 illius
2978 3030 3209 3086 acuitur.
3243 3027 3525 3100 Signiﬁcat
3551 3034 3736 3080 autem

2149 3123 2397 3179 homines
2441 3123 2661 3192 quidem
2703 3121 2919 3192 ingenio
2954 3135 3196 3191 sagaces,
3247 3121 3343 3174 sed
3385 3117 3617 3189 amplius
3641 3132 3736 3171 su-

2146 3229 2328 3284 perna:
2369 3213 2556 3284 gratiae
2596 3212 2797 3268 lumine
2846 3211 3195 3283 refulgentes.
3243 3209 3379 3265 Nam
3419 3209 3562 3280 quod
3592 3222 3732 3276 aqua

2147 3321 2338 3361 sensus
2376 3305 2711 3360 altitudinem
2739 3303 3005 3376 designet,
3037 3302 3291 3364 Salomon
3323 3303 3477 3356 testis
3501 3309 3606 3365 est,
3638 3299 3737 3368 qui

2147 3397 2224 3452 ait
2250 3415 2262 3450 :
2295 3399 2442 3465 Aqua
2469 3395 2733 3466 profunda
2759 3396 2912 3451 verba
2940 3411 3004 3450 ex
3039 3411 3128 3449 ore
3155 3395 3253 3450 viri
3280 3391 3465 3464 (Prov.
3504 3391 3734 3460 xxvm);

2147 3487 2242 3542 sed
2267 3496 2350 3542 est
2372 3485 2596 3556 perfecti
2629 3486 2852 3557 fulgoris
2875 3485 2961 3541 vel
2989 3487 3223 3542 humana
3251 3483 3334 3538 vel
3361 3484 3526 3538 etiam
3549 3482 3736 3539 divina

2146 3581 2430 3651 sapientia,
2469 3579 2572 3634 nisi
2603 3594 2825 3651 operum
2863 3593 3078 3648 quoque
3107 3575 3572 3634 consummatione
3601 3574 3732 3629 sub-

2145 3679 2408 3728 vertatur.
2441 3669 2578 3725 Nam
2627 3669 2844 3724 senario
2870 3684 3011 3739 smpe
3049 3682 3277 3723 numero
3304 3664 3565 3736 perfectio
3592 3661 3738 3720 desi-

2145 3773 2340 3836 gnatur
2365 3763 2627 3828 actionis;
2657 3762 2916 3826 maxime,
2938 3777 3060 3816 cum
3088 3761 3141 3814 in
3168 3761 3271 3816 hoc
3294 3774 3522 3815 numero
3549 3757 3737 3813 mundi

2145 3855 2305 3925 hujus
2330 3856 2400 3911 sit
2428 3869 2565 3925 opus
2590 3861 3044 3910 consummatum.
3070 3850 3330 3919 Quodque
3358 3847 3593 3903 tenentis
3620 3860 3737 3901 ma-

2145 3961 2274 4004 num
2320 3946 2550 4002 adurere
2584 3943 2802 4006 dicitun,
2835 3939 3022 4009 procul
3055 3939 3218 3994 dubio
3243 3946 3409 4007 patet,
3435 3937 3562 4008 quia
3585 3935 3736 4006 quis-

2144 4035 2266 4106 quis
2308 4041 2497 4090 sancto
2545 4033 2662 4087 viro
2707 4028 3069 4098 coniungitur,
3115 4029 3233 4098 ejus
3274 4027 3530 4081 nimirum
3579 4024 3738 4078 bona:

455 4123 765 4187 rubicundi,
799 4123 1026 4194 spiritus
1068 4125 1304 4193 puritate
1332 4125 1544 4180 candidi
1577 4143 1590 4178 :
1623 4125 1718 4180 scd
1745 4127 1942 4182 mentis
1971 4115 2106 4202 si-
2143 4124 2571 4180 conversationis
2591 4123 2713 4194 igne
2738 4127 3034 4182 recreatur.
3053 4117 3250 4196 (Nonus
3273 4116 3530 4196 topazius.
3556 4113 3736 4186 Topa-

452 4212 622 4266 bimet
668 4212 970 4266 humilitate
1010 4213 1272 4283 despecti,
1309 4229 1432 4268 cum
1468 4214 1724 4283 Apostolo
1750 4215 2086 4285 protestan-I'

455 4311 539 4358 tes
573 4321 585 4357 :
627 4303 694 4356 Et
735 4304 782 4356 si
832 4305 1060 4359 exterior
1105 4305 1260 4358 homo
1298 4317 1474 4359 noster
1523 4309 1900 4378 corrumpitur,
1952 4310 2044 4364 sed

455 4404 631 4448 tamen
671 4394 889 4448 interior
932 4404 1213 4448 renovatur
1247 4396 1311 4449 de
1339 4396 1422 4450 die
1457 4397 1508 4450 in
1543 4398 1680 4451 diem
1712 4397 1763 4469 (I
1795 4397 1915 4453 Cor.
1944 4400 2039 4471 tv).

455 4484 523 4538 Et
551 4485 747 4540 iterum
778 4502 791 4538 :
825 4483 977 4538 Nihil
1004 4485 1131 4539 mihi
1160 4487 1397 4541 conscius
1425 4504 1561 4553 sum,
1592 4489 1684 4544 sed
1715 4507 1818 4546 non
1848 4491 1901 4545 in
1929 4494 2040 4546 lucc

452 4573 774 4642 justi/icatus
823 4591 940 4630 sum
995 4577 1090 4649 (ΙΙ
1119 4579 1239 4636 Cor.
1273 4582 1376 4651 iv).
1427 4582 1664 4652 Itemque
1709 4585 2038 4641 Psalmista:

457 4666 778 4738 Quanquam
824 4671 882 4724 in
931 4672 1156 4744 imagine
1209 4673 1308 4728 Dei
1353 4676 1507 4729 homo
1565 4676 1791 4731 ambulet
1853 4675 2038 4748 (Psal.

456 4760 712 4832 xxxviii),
747 4760 798 4816 id
829 4772 930 4828 est,
973 4763 1039 4819 de
1081 4765 1278 4821 virtute
1307 4767 1524 4832 mentis,
1555 4777 1727 4823 tamen
1757 4785 1886 4824 vane
1913 4787 2039 4825 con-

454 4849 770 4918 turbabitur,
817 4853 870 4908 id
907 4863 1012 4921 est,
1058 4855 1126 4910 de
1169 4855 1480 4911 inﬁrmitate
1508 4858 1704 4912 carnis.
1745 4858 1876 4925 Qua:
1904 4875 2038 4929 quo—

456 4941 602 4998 niam
626 4946 804 5014 passio
828 4945 880 5001 in
902 4947 1144 5016 corporis
1167 4947 1478 5002 inﬁrmitate
1499 4956 1749 5003 versatur
1766 4949 1876 5020 (qui
1895 4952 2040 5005 cnim

455 5035 696 5089 occidunt
721 5054 933 5104 corpus,
955 5037 1185 5090 animum
1209 5053 1311 5090 non
1336 5049 1549 5108 possunt
1571 5041 1804 5094 occidere
1826 5040 2040 5113 [Matt/1.

460 5122 564 5194 x]),
593 5133 648 5179 et
678 5126 958 5180 humilitas
991 5127 1058 5181 de
1089 5127 1328 5196 ejusdem
1358 5130 1604 5200 corporis
1631 5131 1922 5202 fragilitate
1953 5133 2047 5188 de-

459 5215 690 5279 scendit,
719 5230 840 5269 cum
863 5218 1059 5272 dicitur
1088 5235 1100 5272 :
1134 5217 1331 5286 Infelix
1354 5236 1446 5289 ego
1471 5221 1648 5286 homo,
1669 5221 1785 5292 quis
1812 5239 1892 5276 me
1920 5222 2044 5278 libe-

459 5304 598 5358 rabit
625 5304 688 5358 de
717 5321 932 5374 corpore
966 5308 1146 5360 mortis
1180 5307 1340 5377 hujus
1371 5308 1550 5380 (Rom.
1582 5310 1710 5380 vn);
1742 5319 1889 5368 recte
1923 5327 2043 5367 sar-

460 5397 640 5466 donyx
696 5397 885 5466 quinto
937 5397 1285 5456 fundamento
1331 5401 1606 5456 inseritur.
1656 5403 1790 5457 Nam
1847 5419 2044 5474 corpus

463 5496 705 5544 nostrum
754 5491 990 5562 quinque
1034 5493 1282 5550 sensibus
1329 5495 1634 5552 subsistere
1680 5506 1888 5552 certum
1938 5508 2041 5554 est.

463 5579 656 5635 Sextus
695 5583 924 5648 sat-dius,
955 5584 1045 5654 qui
1077 5598 1143 5639 ex
1175 5585 1384 5654 integro
1410 5585 1687 5655 sanguinei
1714 5586 1912 5642 coloris
1938 5598 2044 5655 est,

461 5681 758 5742 martyrum
806 5677 1029 5748 gloriam
1068 5676 1339 5748 signiﬁcat
1372 5693 1383 5729 :
1415 5677 1479 5731 de
1509 5693 1614 5747 qua
1645 5677 1843 5733 dicitur
1869 5697 1883 5733 :
1915 5677 2047 5734 Pre-

462 5762 594 5818 tiosa
627 5765 679 5821 in
703 5778 973 5840 conspectu
1009 5769 1218 5825 Domini
1241 5785 1377 5823 mors
1407 5779 1708 5826 sanctorum
1732 5771 1844 5841 ejus
1869 5769 2041 5840 (Psal.

2115 4213 2262 4280 'zius
2305 4213 2440 4284 lapis
2480 4221 2740 4284 quantum
2784 4211 3095 4268 inventione
3133 4215 3559 4284 rarus,_tantum
3584 4220 3734 4260 mer-

2144 4312 2288 4368 cium
2316 4311 2618 4382 quantitate
2639 4309 2910 4380 pretiosus
2931 4315 3037 4382 est,
3065 4305 3157 4376 qui
3181 4305 3316 4360 duos
3335 4303 3508 4357 fertur
3531 4301 3737 4356 habere

2145 4403 2351 4459 colores
2380 4421 2393 4457 :
2424 4416 2588 4456 unum
2637 4399 2756 4456 auri
2799 4397 3096 4476 purissimi,
3142 4405 3198 4452 et
3236 4395 3466 4450 alterum
3494 4392 3734 4465 azthcrea

2147 4495 2391 4555 claritate
2439 4493 2769 4549 relucentem
2801 4510 2814 4546 :
2846 4489 3113 4562 pinguedo
3160 4502 3347 4550 rosea,
3398 4483 3738 4540 verecunda-

2147 4601 2252 4656 que
2301 4585 2538 4656 puritas;
2589 4583 2798 4639 vicinus
2843 4579 3006 4652 lapidi
3041 4579 3430 4650 chrysoprasso
3459 4571 3734 4643 magnitu-

2146 4680 2273 4735 dine
2310 4678 2394 4734 vel
2439 4676 2643 4740 colore,
2689 4675 2815 4744 quia
2862 4671 3097 4733 maxime
3154 4669 3374 4740 lampat,
3431 4681 3554 4721 cum
3603 4662 3738 4718 solis

2148 4769 2432 4840 splendore
2463 4765 2766 4837 percutitur
2785 4804 2799 4829 ,
2827 4762 3067 4817 omnium
3103 4774 3436 4831 gemmarum
3469 4771 3736 4826 superans

2145 4857 2567 4930 pretiosissimas
2592 4855 2887 4917 claritates,
2922 4852 2976 4906 in
3003 4859 3282 4921 aspectum
3308 4865 3467 4916 suum
3492 4845 3734 4917 singula-

2147 4951 2282 5006 riter
2309 4963 2607 5020 provocans
2637 4947 2914 5002 oculorum
2943 4943 3346 5014 cupidissimum
3381 4941 3730 5013 voluptatem.

2151 5040 2320 5107 Quem
2370 5041 2414 5094 si
2463 5039 2634 5110 polire
2665 5038 2818 5102 velis,
2853 5037 3156 5092 obscuras:
3187 5033 3233 5098 si.
3267 5041 3474 5091 natura:
3501 5029 3735 5101 propriae

2149 5130 2444 5200 relinquas.
2475 5129 2716 5184 irradiat.
2753 5117 2849 5184 Hic
2890 5127 3105 5198 regibus
3134 5125 3264 5195 ipsis
3294 5123 3461 5178 fertur
3485 5137 3604 5177 esse
3631 5121 3734 5177 mi—

2151 5223 2357 5289 rabilis,
2388 5231 2447 5278 ιιι
2471 5223 2615 5280 inter
2633 5221 2849 5277 divitias
2869 5235 2994 5275 suas
3023 5218 3155 5273 nihil
3181 5233 3238 5274 se
3259 5217 3434 5272 simile
3455 5215 3736 5286 possidere

2149 5323 2494 5384 cognoscant.
2521 5310 2686 5380 Cujus
2713 5310 3073 5383 pulcherrima
3103 5317 3310 5364 natum
3340 5307 3574 5378 qualitas
3598 5320 3731 5362 con-

2151 5408 2476 5478 templativaa
2499 5408 2623 5462 vita:
2649 5405 2828 5462 decori
2850 5404 3162 5475 dignissime
3190 5410 3553 5472 comparatur.
3580 5398 3730 5454 lianc

2150 5497 2293 5552 enim
2341 5513 2496 5568 reges
2543 5497 2736 5563 sancti,
2780 5510 3012 5565 quorum
3057 5509 3153 5549 cor
3202 5501 3286 5549 est
3324 5493 3378 5548 in
3419 5508 3580 5547 manu
3609 5490 3726 5554 Dei,

2151 5589 2360 5664 cunctis
2388 5589 2648 5642 bonorum
2675 5601 2898 5657 operum
2933 5585 3138 5641 divitiis
3163 5585 3532 5654 universisque
3562 5583 3728 5638 virtue

2152 5690 2262 5735 tum
2285 5681 2513 5751 gemmis
2539 5679 2729 5734 merito
2751 5678 3060 5749 praeferunt,
3096 5679 3149 5732 in
3175 5692 3295 5735 eam
3325 5677 3559 5731 maxime
3581 5689 3729 5745 pura

2152 5786 2260 5827 sua!
2289 5771 2486 5829 mentis
2517 5771 2764 5826 intuitum
2794 5769 3076 5842 aciemque
3100 5769 3414 5842 dirigentes,
3447 5776 3598 5825 tanto
3631 5781 3726 5824 ar-
