4038 6324
966 268 985 295 ν

356 358 464 419 469

1321 358 1410 415 DE
1449 326 1793 415 umvsnso
1825 357 2004 415 unm
2042 358 2205 415 χχιι.
2243 389 2312 401 -
2349 359 2476 417 LIB.
2517 361 2677 419 xvu.

3518 369 3629 428 470

355 474 574 535 dentius
596 471 834 530 ctelestis
856 472 979 529 vita:
1001 472 1338 530 dulcedinem
1367 475 1547 529 animo
1571 474 1932 546 complecten-
1964 483 2012 540 Α
2040 483 2202 545 atque
2245 475 2501 546 angelica:
2546 476 2940 547 quodammodo
2974 479 3269 551 (quantum
3307 482 3631 543 mortalibus

357 576 476 633 tes,
529 572 736 635 quanto
787 562 1122 633 frequentius
1172 576 1421 634 superna:
1473 564 1660 635 gratim
1722 564 1941 621 fuerunt

357 656 639 730 splendore
674 655 935 726 percussi.
984 654 1195 711 Habent
1240 670 1370 725 ergo
1395 658 1565 712 sancti
1594 658 1694 712 viri
1716 673 1940 714 aureum

359 750 596 806 colorem
622 762 687 803 ex
714 746 929 802 ﬂamma
959 747 1185 802 internae
1216 747 1520 813 charitatis,
1550 748 1752 804 habent
1776 750 1943 805 azthe-

360 842 500 895 rium
522 854 586 894 ex
607 853 855 908 superum
871 836 1320 907 contemplatione
1339 832 1656 903 dulcedinis,
1681 838 1774 908 qui
1795 853 1939 909 saepe

354 927 637 1000 prtesentis
666 925 848 982 szeculi
881 926 1093 982 turbine
1131 925 1277 980 velut
1316 926 1531 981 attritus
1568 925 1797 983 vilescit.
1821 926 1939 983 Non

358 1018 505 1073 enim
544 1016 701 1073 facile
744 1025 923 1088 potest
962 1016 1174 1071 animus
1204 1031 1311 1071 uno
1344 1017 1640 1088 eodemque
1666 1028 1941 1076 momento

357 1108 591 1164 terrenis
633 1106 932 1173 laboribus,
976 1106 1233 1162 :erumnis
1272 1107 1525 1177 curisque
1574 1116 1628 1163 et
1668 1109 1941 1166 doloribus

354 1199 467 1269 agi,
494 1208 551 1255 et
593 1198 685 1254 illa
731 1197 970 1255 cmlestis
1014 1195 1140 1253 vita:
1184 1197 1378 1269 gaudia
1409 1199 1713 1268 tranquillae
1743 1201 1940 1256 mentis

353 1299 497 1348 statu
548 1290 845 1347 delectatus
891 1291 1107 1346 intueri.
1151 1290 1290 1358 Quin
1328 1291 1509 1361 potius
1538 1292 1939 1365 ingemiscendo

352 1383 695 1455 proclamat:
729 1381 991 1437 Turbatus
1032 1392 1126 1449 est,
1172 1384 1441 1455 inquiens,
1479 1403 1590 1457 pra:
1633 1388 1715 1441 ira
1757 1387 1938 1444 oculus

352 1489 498 1527 meus
533 1488 552 1527 :
582 1473 864 1528 inveteravi
891 1473 946 1528 in
980 1489 1155 1529 omnes
1193 1476 1432 1531 inimicos
1460 1494 1601 1533 meos
1633 1476 1807 1549 (Psal.
1837 1477 1935 1551 vt).

351 1563 750 1641 Q'ugdgvﬁeroiin
774 1564 953 1643 insula
983 1565 1279 1634 Thebaide,
1314 1582 1433 1639 quae
1459 1568 1939 1647 Iopgﬁoppppel-

340 1655 497 1735 19W
537 1658 1111 1741 mimicae"
1146 1661 1391 1743 ,θορερὶυ
1439 1662 1932 1745 immisisse”:

388 1630 589 1641 Μ

2042 564 2129 622 fas
2158 566 2271 638 est)
2319 567 2715 622 conversationi
2752 569 3176 639 prapinquantes
3204 588 3217 623 :
3248 572 3443 645 quibus
3475 576 3625 631 omni

2044 661 2285 717 custodia
2328 662 2501 717 virtus
2536 661 2880 718 discretionis
2921 677 3139 718 servare
3174 665 3484 735 praecipitur
3516 686 3528 721 :
3557 683 3627 725 ne

2041 753 2128 809 vel
2175 754 2356 817 omnia
2400 768 2592 810 sensus
2641 753 2937 810 subtilitate
2981 754 3273 821 callentes,
3322 756 3512 812 altiora
3567 774 3627 813 se

2041 859 2305 914 quaerere,
2338 853 2397 901 et
2416 843 2636 902 fortiora
2661 861 2720 902 se
2744 846 2975 901 scrutari
2998 848 3232 903 audeant
3259 845 3464 920 (Gloria
3486 850 3624 904 enim

2041 940 2254 996 Domini
2291 942 2462 997 celare
2500 943 2708 997 verbum
2753 941 2934 1012 (Prov.
2964 942 3114 1016 xxv),
3145 943 3198 998 id
3232 953 3332 1009 est,
3369 951 3529 1000 caute
3558 944 3624 999 de

2040 1032 2152 1090 Deo
2192 1032 2278 1089 vel
2313 1034 2530 1089 homine
2558 1032 2776 1089 Christo
2805 1033 3207 1106 milosophari:
3233 1033 3378 1107 ),vel
3407 1051 3627 1091 rursum

2041 1125 2245 1180 desidia
2290 1132 2563 1194 torpentes
2601 1123 2669 1180 ad
2713 1124 2928 1180 inﬁrma
2970 1124 3092 1181 ﬁdei
3142 1125 3296 1180 initia
3325 1133 3486 1195 atque
3511 1125 3623 1182 cleo

2039 1225 2221 1274 menta
2246 1219 2452 1274 exordii
2491 1232 2803 1275 sermonum
2843 1218 2936 1273 Dei
2982 1217 3311 1273 relabantur.
3357 1217 3497 1286 Quin
3522 1231 3627 1288 po-

2039 1307 2145 1363 tius
2178 1308 2266 1362 via
2294 1308 2439 1378 regia
2470 1307 2796 1380 gradientes,
2822 1322 2853 1361 a
2882 1308 3089 1363 dextris
3118 1317 3172 1363 et
3210 1324 3239 1361 a
3265 1307 3499 1363 sinistris
3526 1322 3628 1377 per

2039 1414 2188 1453 arma
2207 1397 2434 1467 iustitia:
2454 1399 2727 1469 procurati
2750 1398 3082 1468 procedant:
3107 1407 3338 1470 aptaque
3363 1397 3625 1469 temporis

2037 1489 2379 1547 observantia
2400 1505 2522 1545 cum
2540 1490 2676 1545 cmlo
2703 1488 2898 1546 faciem
2924 1498 3199 1544 mutantes
3225 1489 3337 1545 suis
3360 1490 3626 1560 inspecto-

2038 1580 2188 1636 ribus
2213 1579 2397 1635 dicant
2422 1598 2436 1637 :
2470 1579 2586 1636 Sive
2613 1581 2750 1634 enim
2777 1589 2946 1635 mente
2974 1581 3271 1635 excedimus
3289 1622 3303 1647 ,
3330 1580 3439 1635 Deo
3474 1596 3492 1635 :
3519 1582 3625 1635 sive

2035 1672 2199 1727 sobrii
2244 1688 2449 1737 sumus,
2475 1672 2616 1726 vobis
2641 1670 2728 1744 (11
2755 1670 2879 1726 Cor.
2911 1669 2987 1742 v).
3017 1670 3177 1739 Quasi
3224 1672 3370 1727 enim
3397 1670 3622 1742 hyacin-

349 1738 1062 1837 dupligiferiptglliggudgm
1098 1738 1371 1834 ﬁliifilii;
1398 1738 1931 1837 θῑδίυξῖὗῖτὲἑῖρῖξιφ,
1967 1828 2006 1837 _
2038 1770 2127 1818 tus
2173 1762 2355 1818 nubilo
2399 1738 2786 1827 circumdatus,
2831 1738 3103 1831 loquitur:
3143 1760 3213 1814 Et
3252 1777 3315 1815 ne
3352 1738 3625 1830 angustia-

347 1845 402 1901 ίά
433 1828 944 1933 simum
988 1828 1175 1929 regis".
1180 1829 1927 1933 οὲωρρςψὲοτιι.ωξᾶδάε

2040 1854 2167 1908 mini
2195 1855 2251 1908 in
2279 1852 2448 1920 nobis,
2470 1853 2847 1926 angustiamini
2868 1862 3041 1907 autent
3068 1853 3121 1906 in
3144 1851 3421 1907 visceribus
3442 1852 3623 1906 vestris

1222 1924 1267 1929 α...
1284 1926 1291 1929 .
1326 1918 1499 1929 -η-..ρμ-ι-η

348 1940 643 2029 abundent,
683 1950 738 1997 et
772 1935 1079 2013 quicunque
1105 1941 1699 2087 viafﬂﬂstit‘i:_e__viei,r,uts
1729 1935 1939 1999 habita:

348 2032 510 2087 verit.
554 2033 776 2087 mtherei
816 2032 1074 2087 nimirum
1141 2034 1340 2087 uminis
1371 2034 1580 2087 fulgore
1624 2042 1933 2087 coronetur.

363 2017 603 2029 ..μα-κ--εμ

346 2032 510 2098 verit,
554 2033 776 2089 aetherei
816 2032 1074 2088 nimirum
1119 2032 1340 2089 luminis
1371 2034 1580 2105 fulgore
1624 2042 1933 2091 coronetur.

346 2121 844 2205 Et‘pul‘chreisicut
872 2123 939 2201 i_n_
965 2131 1157 2201 octavo
1192 2124 1381 2201 ordine
1426 2124 1616 2178 activae
1649 2124 1774 2180 vitae
1816 2139 1939 2205 per-

936 1922 1217 1937 Ma

344 2198 1252 2294 1⁵εὲῑίοξξξρῌξξιέῃῲιοιέρέευιίιιίνω
1286 2198 1569 2293 suavitatis
1594 2229 1809 2285 gemma
1960 2272 1971 2277 _

345 2301 527 2377 nitur;
556 2294 669 2359 sive
696 2304 825 2374 quia
868 2296 1061 2359 novem
1088 2304 1308 2360 ordines
1337 2304 1672 2376 angelorum,
1704 2319 1937 2377 quorum

344 2368 796 2461 ιῖῖῖόἷιῖῐὶωἰιαιῖιν,
828 2394 883 2449 in
911 2392 1190 2464 Scriptura
1215 2368 1789 2466 sanetareperiantur,
1817 2369 1933 2452 sive

344 2486 470 2555 quia
494 2501 524 2541 a
553 2487 806 2557 perfecte
832 2487 1185 2545 beatitudinis
1212 2489 1436 2559 denario
1462 2506 1572 2545 uno
1600 2498 1808 2546 tantum
1839 2492 1934 2565 (ut

344 2575 418 2630 ita
449 2575 647 2648 dicam)
676 2578 846 2649 gradu
876 2578 1068 2633 mortis
1106 2579 1278 2644 abest,
1318 2579 1403 2634 cui
1430 2594 1642 2636 summo
1666 2581 1934 2659 desiderio

343 2670 603 2739 propheta
643 2671 923 2740 suspirans
958 2671 1141 2726 aiebat
1170 2689 1185 2725 :
1212 2670 1342 2726 Ideo
1373 2670 1533 2727 dilexi
1558 2673 1811 2728 mandata
1836 2684 1931 2730 tua

341 2775 500 2829 super
524 2776 713 2813 aurum
744 2770 792 2814 et
823 2761 1066 2832 topazion
1096 2759 1278 2835 ((Psal.
1307 2763 1520 2836 cxvm),
1558 2763 1612 2817 id
1640 2771 1744 2829 est,
1769 2779 1935 2835 super

342 2865 559 2906 omnem
601 2840 841 2922 probatae
881 2853 1109 2908 actionis
1148 2848 1469 2919 claritatem,
1509 2870 1778 2926 superque
1810 2872 1930 2913 om-

342 2958 466 2999 nem
516 2960 637 3015 quaa
682 2946 735 3000 in
784 2944 888 3000 hoc
924 2946 1120 3001 saeculo
1143 2946 1259 3001 ﬁeri
1298 2955 1497 3017 potest,
1528 2950 1930 3020 contemplativi

343 3034 521 3104 gaudii
543 3034 929 3091 sublimitatem
961 3036 1270 3092 dulcissimo
1309 3039 1688 3095 mandatorum
1712 3048 1928 3096 tuorum

340 3123 648 3181 delectabar
671 3142 875 3191 amore,
900 3143 1128 3197 quorum
1151 3130 1385 3199 primum
1406 3140 1463 3186 et
1481 3132 1778 3188 maximum
1802 3142 1925 3189 est:

340 3214 536 3288 Diliges
564 3217 844 3273 Dominum
870 3219 1037 3275 Deum
1060 3230 1207 3275 tuum
1235 3238 1300 3277 ea:
1328 3231 1436 3277 toto
1465 3224 1643 3291 corde,
1674 3234 1782 3279 tota
1808 3227 1926 3280 ani-

337 3323 449 3376 ma,
491 3319 599 3363 tota
650 3312 835 3365 virtute
879 3310 1056 3382 (Deut.
1083 3312 1180 3384 vi).
1227 3312 1379 3382 Quod
1423 3331 1551 3382 non,
1595 3317 1699 3371 nisi
1745 3317 1800 3372 in
1834 3317 1927 3374 illo

338 3397 574 3454 caelestis
602 3401 753 3472 regni
785 3401 1041 3467 culmine,
1086 3401 1154 3458 ad
1204 3404 1477 3476 integrum
1522 3406 1708 3476 perﬁci
1740 3422 1922 3476 posse,

270 3544 287 3563 ,
337 3490 700 3546 certissimum
723 3500 825 3547 est.
854 3481 1107 3575 Dieim£_
1124 3487 1545 3575 cltjrgsoprassus.
1570 3497 1927 3579 Cll_ry_ts'_op_r_a_s-

335 3590 431 3633 sns
473 3587 557 3633 est
607 3580 815 3645 viridis,
862 3596 1149 3652 aureaeque
1190 3585 1440 3639 mixtura:
1470 3602 1483 3639 :
1513 3587 1733 3656 quidam
1761 3589 1925 3644 etiam

332 3682 667 3743 purpureum
711 3670 875 3740 jubar
924 3673 1164 3740 trahens,
1210 3675 1392 3731 aureis
1438 3676 1926 3736 intervenientibus

332 3760 531 3831 guttis;
564 3761 806 3815 nascitur
850 3770 1032 3817 autem
1080 3762 1135 3818 in
1178 3763 1346 3818 India.
1378 3764 1479 3831 Qui
1513 3767 1783 3835 signiﬁcat
1830 3784 1925 3825 eos

334 3850 449 3920 qui,
479 3851 809 3906 viriditatem
853 3860 1070 3908 mteruse
1112 3853 1301 3924 patriae
1345 3854 1600 3924 perfecta:
1646 3856 1926 3912 eharitatis

333 3940 543 4013 fulgore
585 3950 980 4012 promerentes,
1024 3957 1146 3998 eam
1196 3944 1359 3999 etiam
1400 3946 1613 4001 caeteris
1653 3963 1922 4017 purpurea

335 4032 581 4104 martyrii
620 4034 703 4088 sui
736 4032 854 4089 luce
901 4032 1255 4104 patefaciunt.
1305 4034 1408 4103 Qui
1458 4037 1713 4106 quoniam
1750 4038 1802 4094 in
1833 4054 1919 4106 eo,

336 4124 479 4195 quod
507 4135 827 4196 praesentem
857 4126 1022 4181 vitam
1051 4126 1378 4198 despiciunt,
1407 4135 1667 4185 aeternam
1695 4129 1922 4200 gloriam

334 4216 649 4288 praeferunt,
680 4218 891 4274 Domini
918 4219 971 4274 in
1002 4234 1167 4275 carne
1204 4220 1513 4292 apparentis
1553 4222 1797 4294 exempla
1836 4236 1923 4279 se—

335 4316 594 4378 quuntur,
616 4308 729 4379 jam
754 4308 921 4364 veluti
949 4308 1119 4375 India,
1151 4309 1207 4364 id
1235 4318 1341 4377 est,
1371 4325 1539 4383 prope
1567 4311 1696 4367 solis
1717 4318 1931 4381 ortum,

335 4402 654 4456 meritorum
695 4417 916 4458 suorum
961 4401 1142 4474 fulgur
1184 4404 1511 4471 ostendunt;
1552 4411 1607 4459 et
1630 4405 1743 4478 qui,
1773 4406 1921 4461 velut

334 4491 434 4559 sol,
481 4493 536 4548 in
577 4506 745 4564 regno
788 4492 966 4548 Patris
1006 4492 1211 4565 fulgere
1250 4494 1473 4564 regique
1509 4508 1631 4557 suo,
1656 4494 1743 4549 cui
1774 4510 1917 4550 nunc

332 4582 749 4653 compatiuntur,
801 4591 930 4639 tunc
957 4598 1288 4654 conregnare
1325 4583 1699 4639 desiderantes
1724 4599 1916 4657 exspe-

332 4680 505 4739 ctant,
523 4671 648 4742 jure
672 4674 724 4728 in
752 4673 961 4731 decimo
988 4672 1108 4731 loco
1142 4681 1265 4728 sunt
1294 4673 1475 4743 positi.
1505 4672 1611 4728 Per
1630 4672 1911 4729 denarium

330 4765 509 4831 enim,
544 4779 653 4834 quo
690 4764 985 4820 Dominicae
1018 4764 1186 4819 vinea:
1214 4762 1448 4819 cultores
1475 4772 1912 4830 remunerantur,

329 4856 518 4911 aeterni
556 4855 700 4926 regis
735 4855 1075 4926 percipienda
1109 4854 1286 4925 imago
1313 4853 1618 4928 ﬁguratur;
1650 4854 1741 4909 ubi
1769 4855 1914 4924 quod

242 4940 257 4949 “
334 4950 385 5005 in
410 4963 551 5004 novo
570 4949 740 5019 gradu
760 4963 868 5004 non
902 4956 1137 5019 poterat,
1160 4947 1400 5019 perfecta
1429 4945 1717 5003 dilectione
1742 4945 1837 5001 Dei
1856 4953 1914 5001 et

301 5036 561 5113 proximi
589 5058 687 5113 per-
710 5042 892 5099 omnia
919 5041 1208 5112 decalogus
1231 5040 1561 5111 implebitur.
1592 5036 1911 5113 Undecimus

229 5181 245 5196 .
330 5134 1021 5219 Mhagﬂyacinthus
1040 5136 1094 5190 in
1120 5134 1395 5205 [Ethiopia
1426 5134 1715 5205 reperitur,
1741 5148 1912 5189 caeru-

1549 5108 1827 5127 *ηρ-..μμ

327 5218 746 5283 Ιθιιιιῖῧῐὸἐὸηι
791 5227 1017 5282 habens.
1051 5226 1323 5297 Optimus,
1349 5226 1441 5299 qui
1473 5240 1574 5283 nec
1620 5240 1777 5280 rarus
1801 5233 1904 5288 est,

328 5331 430 5371 nec
456 5318 723 5381 densitate
743 5317 987 5383 obtusus,
1015 5316 1109 5372 sed
1133 5332 1200 5370 ex
1223 5324 1451 5387 utroque
1475 5322 1909 5386 temperamento

327 5396 611 5483 lucet,,’et
656 5408 999 5480 puriﬁcatum
1048 5408 1288 5464 suaviter
1329 5406 1517 5464 ﬂorem
1570 5398 1781 5477 trahit.‘
1809 5404 1910 5462 llic

326 5496 666 5557 autem‘non
705 5500 893 5557 rutilat
934 5500 1216 5571 :equaliter
1246 5517 1258 5553 :
1291 5498 1386 5555 sed
1432 5514 1558 5555 cum
1605 5497 1728 5554 cmli
1774 5497 1914 5553 facie

326 5600 572 5647 mutatur
595 5611 609 5646 :
635 5608 828 5649 sereno
848 5602 1026 5648 autem
1046 5592 1366 5664 perspicuus
1387 5600 1550 5661 atque
1577 5597 1764 5661 gratus
1786 5597 1869 5645 est
1895 5607 1910 5644 :

326 5682 514 5738 nubilo
542 5699 728 5739 curam
758 5684 930 5738 oculis
950 5660 1226 5743 evanescit
1250 5691 1412 5752 atque
1437 5660 1743 5737 marcescit.
1772 5681 1912 5736 Ludi-

327 5784 420 5836 cat
447 5786 627 5836 autem
653 5779 861 5836 animas
889 5776 1095 5836 cmlesti
1121 5791 1336 5850 semper
1364 5772 1651 5833 intentioni
1681 5773 1911 5842 deditas,

1944 4547 1995 4606 D

2039 1943 2127 2016 (Il
2148 1943 2272 2000 Cor.
2293 1944 2393 2017 vi).
2433 1945 2499 2000 Et
2521 1945 2717 2001 iterum
2744 1963 2757 1999 :
2790 1942 2941 1998 Nihil
2965 1944 3102 1999 enim
3117 1942 3357 2014 judicavi
3383 1958 3464 1996 me
3490 1942 3624 1996 scire

2037 2036 2175 2089 inter
2198 2052 2309 2102 vos,
2348 2036 2452 2089 nisi
2476 2036 2660 2090 Iesum
2688 2033 2988 2100 Christum,
3036 2043 3084 2088 et
3127 2034 3268 2087 hunc
3310 2031 3623 2101 cruci/imum

2039 2127 2090 2202 (I
2114 2126 2239 2184 Cor.
2265 2127 2350 2201 ιι),
2377 2137 2435 2184 et
2458 2129 2614 2199 quasi
2643 2129 2699 2183 in
2725 2143 2916 2200 serena
2940 2126 3059 2182 luce
3080 2126 3230 2181 visus
3258 2125 3370 2179 ait:
3398 2122 3623 2195 Sapien—

2037 2221 2168 2275 tiam
2199 2230 2375 2275 autem
2400 2220 2669 2292 loquimur
2692 2220 2828 2273 inter
2852 2219 3108 2289 perfectos
3137 2217 3325 2291 (lbid.)
3352 2216 3619 2301 Duodeci-

2035 2327 2154 2364 mus
2176 2311 2513 2381 amethystus.
2544 2309 2899 2381 Amethystus
2923 2324 3226 2378 purpureus
3247 2317 3330 2364 est
3350 2292 3622 2378 ﬁéhiiiito

2035 2400 2276 2473 violaceo
2315 2384 2514 2466 colore,
2536 2408 2592 2455 et
2636 2400 2790 2470 quasi
2835 2414 2972 2454 rosa:
3018 2398 3214 2463 nitore,
3246 2398 3620 2469 quasdamquc

2033 2492 2229 2549 leviter
2254 2491 2559 2548 flammulas
2586 2491 2834 2547 fundens.
2874 2490 2982 2546 Sed
3005 2498 3062 2546 et
3088 2491 3304 2560 quidam
3335 2490 3479 2546 illius
3505 2503 3617 2545 non

2034 2596 2103 2640 ex
2133 2590 2247 2639 toto
2283 2584 2339 2639 in
2373 2598 2612 2653 purpura
2649 2582 2858 2653 igneus,
2893 2580 2988 2636 sed
3017 2581 3172 2652 quasi
3198 2580 3383 2635 vinum
3414 2580 3620 2636 rubens

2034 2679 2278 2742 apparet.
2300 2669 2630 2742 [Purpureus
2658 2684 2787 2742 ergo
2814 2670 2978 2726 decor
3006 2670 3248 2726 cmlestis
3279 2671 3431 2741 regni
3462 2669 3619 2725 habi-

2035 2768 2173 2828 tum,
2191 2746 2381 2818 rose‘us
2398 2776 2529 2818 vero
2546 2769 2709 2831 atque
2726 2760 3000 2818 violaceus
3025 2746 3281 2817 humilem
3304 2768 3617 2817 sanctorum

2031 2853 2412 2908 verecundiam
2430 2894 2445 2920 ,
2473 2854 2873 2925 pretiosamque
2917 2863 3146 2909 mortem
3172 2853 3454 2925 designat:
3484 2868 3620 2923 quo-

2030 2958 2154 2997 rum
2202 2941 2327 2999 ﬁdei
2377 2958 2531 2999 mens
2577 2942 2947 3014 principaliter
2993 2943 3047 2998 in
3095 2942 3321 2998 summis
3364 2941 3613 3012 erigitur,

2028 3035 2228 3098 etiam,.
2247 3050 2371 3091 cum
2402 3036 2662 3092 extremis
2691 3035 2898 3108 perpeti
2927 3034 3137 3106 abjecta
3164 3044 3481 3100 cernuntur,
3509 3036 3615 3091 Do—

2029 3123 2213 3180 minici
2243 3138 2457 3195 semper
2483 3124 2626 3181 inter
2645 3126 2869 3181 adversa
2894 3140 3103 3181 memor
3122 3124 3407 3195 promissi:
3434 3122 3615 3179 Nolite

2028 3216 2213 3270 timere
2255 3214 2479 3285 pusillus
2520 3232 2667 3288 grex,
2711 3217 2836 3290 quia
2882 3216 3197 3288 complacuit
3234 3215 3388 3271 Patri
3424 3225 3611 3282 vestro,

2028 3307 2158 3362 dare
2186 3307 2326 3363 vobis
2352 3325 2566 3379 regnum
2594 3308 2745 3380 (Luc.
2777 3308 2909 3380 xu);
2947 3308 3148 3379 quique
3174 3307 3444 3363 ﬂammam
3474 3308 3609 3363 cha-

2029 3396 2209 3453 ritatis
2235 3412 2342 3453 non
2367 3398 2436 3454 ad
2459 3413 2518 3455 se
2544 3406 2754 3453 tantum
2779 3398 3031 3466 invicem,
3059 3400 3153 3455 sed
3182 3399 3249 3454 ad
3274 3399 3420 3468 ipsos
3443 3399 3610 3454 etiam

2028 3497 2404 3558 persecutores
2447 3498 2763 3560 spargentes
2804 3489 2994 3560 positis
3024 3489 3249 3560 genibus
3278 3487 3605 3559 implorant:

2027 3577 2271 3644 Domine,
2300 3594 2362 3632 ne
2383 3587 2585 3633 statuas
2606 3578 2711 3633 illis
2732 3579 2828 3633 hoc
2850 3589 3118 3654 peccatum
3145 3577 3283 3650 (Act.
3301 3579 3398 3649 vn)
3416 3595 3430 3644 ;
3448 3585 3612 3648 atque

2028 3668 2173 3724 inter
2199 3668 2423 3725 calicem
2450 3671 2722 3741 passionis
2753 3671 3067 3738 bibendum,
3100 3670 3241 3725 illius
3270 3672 3450 3742 potius
3473 3671 3610 3739 vini,

2027 3759 2172 3830 quod
2217 3757 2455 3815 lartiﬁcat
2514 3776 2609 3817 cor
2641 3761 2898 3829 hominis,
2942 3761 3058 3835 jugi
3104 3762 3479 3819 recordatione
3522 3762 3610 3829 in-

2026 3850 2326 3917 ebriantur,
2356 3851 2499 3922 quod
2523 3852 2783 3909 Dominus
2828 3869 2887 3909 se
2932 3868 3133 3909 novum
3179 3869 3301 3909 cum
3331 3853 3610 3924 discipulis

2025 3943 2138 3998 suis
2181 3943 2237 3998 in
2281 3958 2451 4015 regno
2479 3942 2657 4000 Patris
2685 3944 2983 3999 bibiturum
3013 3960 3132 4002 esse
3159 3942 3471 4016 promisitJ
3484 3944 3606 4001 Sic-
3702 3944 3708 3951 ’

2024 4046 2131 4101 que
2153 4030 2234 4098 ﬁt,
2257 4040 2317 4087 ut
2343 4032 2397 4086 in
2420 4032 2632 4103 jaspide
2655 4031 2782 4088 ﬁdei
2809 4033 3055 4089 viriditas
3080 4052 3093 4064 ο
3122 4034 3177 4088 iu
3205 4030 3461 4105 sapphir’o
3488 4033 3605 4104 spei

2023 4125 2261 4183 caelestis
2292 4126 2559 4183 altitudo:
2605 4126 2660 4181 in
2699 4125 3029 4181 chalcedone
3070 4116 3288 4181 ﬂamma
3323 4126 3605 4184 charitatis

2023 4219 2249 4275 interna:
2277 4218 2539 4292 ﬁguretur
2564 4235 2578 4272 :
2610 4219 2665 4276 in
2696 4220 2981 4289 smaragdo
3005 4229 3188 4275 autem
3213 4216 3453 4288 ejusdem
3478 4218 3603 4275 ﬁdei

2021 4310 2179 4367 fortis
2203 4310 2256 4366 in
2278 4311 2503 4366 adversa
2524 4309 2844 4366 conversio:
2870 4308 2927 4364 in
2961 4309 3265 4383 sardOnyce
3291 4317 3608 4366 sanctorum
3634 4300 3643 4319 ί
3674 4298 3683 4317 ⁸
3722 4344 3729 4351 ς
3764 4344 3771 4351 -
3816 4328 3825 4337 ι

2023 4403 2168 4458 inter
2196 4404 2426 4459 virtutes
2455 4388 2733 4458 humilitas
2764 4408 2780 4460 ':
2806 4402 2868 4457 in
2899 4402 3075 4459 sardis
3102 4402 3431 4459 reverendus
3459 4416 3604 4457 mar-

2024 4506 2200 4569 tyrum
2238 4512 2401 4553 cruor
2430 4496 2783 4568 exprimitur,
2828 4495 2882 4551 in
2920 4495 3255 4568 chrysolitho
3283 4512 3413 4552 vero
3442 4495 3606 4566 spiri-

2023 4588 2144 4644 talis
2175 4588 2316 4643 inter
2341 4587 2603 4645 miracula
2644 4586 2958 4657 prmdicatio
2994 4601 3010 4642 :
3057 4587 3113 4642 in
3155 4586 3361 4658 beryllo
3403 4586 3602 4657 praedi-

2022 4678 2267 4733 cautium
2310 4676 2553 4748 perfecta
2596 4676 2843 4746 operatio
2878 4693 2894 4743 ;
2948 4676 3002 4731 in
3044 4674 3258 4747 t0pazio
3285 4674 3598 4729 earumdem

2021 4766 2217 4829 ardens
2243 4765 2626 4836 contemplatio
2659 4772 3014 4820 monstratur.
3063 4763 3234 4819 Porro
3274 4762 3329 4817 in
3371 4761 3597 4833 chryso-

2019 4873 2209 4930 prasso
2256 4857 2541 4913 beatorum
2586 4864 2887 4929 martyrum
2929 4870 3065 4925 opus
3113 4854 3319 4925 pariter
3362 4862 3420 4910 et
3458 4869 3599 4925 pra:-

2018 4949 2186 5006 mium
2217 4968 2230 5004 :
2262 4950 2318 5005 in
2345 4948 2639 5022 hyacintho
2661 4947 2943 5003 doctorum
2971 4946 3211 5003 caelestis
3239 4945 3307 5000 ad
3335 4943 3443 5000 alta
3471 4946 3600 5001 sub—-

2015 5040 2257 5108 levatio,
2314 5048 2370 5096 et
2422 5048 2645 5112 propter
2687 5039 2934 5097 inﬁrmos
2977 5036 3200 5093 hunﬁlis
3247 5037 3317 5091 ad
3362 5036 3600 5092 humana

2013 5131 2337 5187 des'censio:
2382 5130 2439 5187 in
2478 5129 2782 5202 amethysto
2818 5126 3057 5185 cmlestis
3092 5142 3308 5202 semper
3342 5125 3493 5195 regni
3537 5124 3593 5180 in

2014 5143 2337 5187 uescensno:
2382 5143 2439 5187 in
2478 5143 2782 5202 amemySto
2818 5143 3057 5185 emtesus
3092 5143 3203 5182 sem
3245 5143 3308 5183 er
3342 5143 3493 5195 regni
3537 5143 3593 5180 in

2014 5224 2299 5283 humilium
2329 5224 2510 5279 animo
2539 5222 2803 5278 memoria
2833 5200 3399 5367 desipaturZQnyL
3414 5217 3601 5288 appelv

2014 5318 2120 5367 lata
2145 5357 2162 5367 .
2210 5314 2354 5367 quod
2397 5316 2593 5367 habeat
2632 5314 2689 5367 in
2733 5328 2794 5367 se
2836 5313 3042 5367 nermix
3204 5310 3494 5366 candorem
3542 5310 3597 5364 in

2013 5318 2120 5373 lata
2145 5357 2162 5382 ,
2210 5314 2354 5386 quod
2397 5316 2593 5371 habeat
2632 5314 2689 5369 in
2733 5328 2794 5369 se
2836 5310 3178 5383 permixtum
3204 5310 3494 5366 candorem
3542 5310 3597 5364 in

2012 5407 2420 5463 similitudinem
2449 5406 2644 5477 unguis
2670 5404 2892 5460 humani
2916 5420 2932 5471 ;
2966 5404 3154 5460 Graece
3182 5403 3329 5459 enim
3358 5417 3595 5471 unguem

2011 5496 2222 5567 onycha
2237 5495 2454 5550 dicunt:
2472 5495 2775 5551 hanelndia
2796 5493 2879 5550 vel
2900 5494 3098 5549 Arabia
3118 5494 3361 5565 gignunt.
3380 5491 3598 5547 Distant

2011 5597 2192 5645 autem
2233 5588 2502 5654 invicem;
2554 5604 2679 5643 nam
2719 5588 2900 5644 Indica
2931 5588 3193 5659 igniculos
3240 5587 3406 5643 habet
3454 5585 3594 5641 albis

2012 5682 2355 5753 cingentibus
2401 5680 2595 5736 zonis:
2643 5668 2873 5735 Arabica
2920 5689 3098 5735 autem
3145 5679 3297 5749 nigra
3343 5686 3427 5731 est
3468 5690 3591 5731 cum

2011 5771 2256 5830 candidis
2303 5770 2500 5828 zonis:
2547 5774 2743 5842 ge’ﬁc‘r‘a
2778 5769 2904 5843 ‘cjus
2946 5770 3204 5842 quinque.
3234 5762 3491 5837 iLegitur
3534 5762 3593 5820 in

3754 5754 3777 5782 ιι
