4038 6324
423 259 520 316 471
867 317 876 321 _
1055 256 1118 311 Β.
1161 254 1414 311 ΒΑΒΑΝΙ
1452 253 1670 312 MAURI
1706 252 2024 310 ARCHIEP.
2065 252 2376 312 MOGUNT.
2415 252 2700 311 OPERUM
2738 251 2917 309 PARS
2953 251 3020 309 ll.
3565 251 3694 310 472

428 375 644 456 Exodo,
671 373 814 444 quod
833 413 848 437 ,
879 371 1107 426 Domino
1121 370 1350 450 jubente
1377 371 1574 444 (Exod.
1603 367 1819 450 xxvtu),
1849 368 1996 450 Moyf
2021 373 2074 434 Α
2099 376 2262 438 atque
2310 368 2366 424 in
2410 383 2569 424 usum
2594 368 2718 423 vitri
2748 367 3006 433 funditur,
3041 367 3196 438 cuius
3221 368 3374 426 color
3400 381 3568 441 prope
3604 371 3692 425 ad

425 483 512 523 ses
539 465 746 521 faceret
767 463 945 519 Aaron
978 463 1132 518 fratri
1162 478 1259 534 suo
1289 463 1725 536 superhumerale
1751 477 1816 516 ex
1842 475 1992 527 auro,

426 539 720 628 hyacintho
745 563 800 610 et
819 546 1093 625 purpura,
1123 541 1392 624 coccoque
1420 550 1508 609 bis
1536 551 1722 618 tincto,
1752 561 1805 608 et
1834 551 1996 624 bySso

426 655 628 704 retorta
649 685 664 710 ,
705 644 1181 724 duosquelapides
1208 644 1505 716 onychinos
1541 643 1789 720 scalpens
1817 643 1995 706 nomi-

427 736 586 792 nibus
615 724 846 791 ﬁliorum
880 735 1067 801 lsrael,
1103 735 1366 814 insereret
1397 735 1541 804 ipsos
1571 733 1997 806 superhumerali

335 817 346 870 ἦ
428 822 668 881 inclusos
699 839 830 879 auro
861 831 1022 894 atque
1052 811 1433 878 'circumdatos.
1483 822 1647 894 Cujus
1674 822 1998 893 signiﬁcatio

430 915 656 986 mystica
707 914 761 990 in
808 923 1057 985 promptu
1087 922 1225 984 esg:
1279 913 1484 982 lapides
1535 913 1729 984 quippe
1763 913 1996 983 pretiosa

428 1021 604 1080 Opera
623 1015 750 1080 sunt
771 1006 1032 1060 virtutum
1061 1005 1376 1076 spiritalium
1406 1024 1418 1058 ;
1453 1003 1720 1073 habetque
1747 997 2000 1058 sacerdos

429 1096 483 1152 iu
509 1097 746 1154 humeris
765 1095 969 1167 lapides
996 1094 1280 1166 pretiosos,
1296 1102 1349 1148 et
1374 1093 1427 1148 in
1449 1093 1527 1148 eis
1546 1093 1764 1148 nomina
1779 1091 1999 1148 Patrum

432 1187 689 1257 inscripta
715 1225 731 1252 ,
783 1202 906 1244 cum
956 1194 1009 1243 et
1059 1187 1172 1257 ipse
1206 1186 1454 1241 claritate
1484 1185 1746 1240 bonorum
1776 1199 2000 1254 Operam

429 1278 641 1333 cunctis
671 1277 1011 1332 admirandus
1035 1276 1324 1341 exstiterit,
1353 1284 1405 1332 et
1432 1276 1676 1334 eamdem
1700 1275 2000 1329 claritatem

430 1383 535 1420 non
564 1382 592 1420 a
622 1381 680 1419 se
711 1366 919 1422 noviter
946 1365 1240 1432 inventam,
1271 1365 1364 1420 sed
1396 1366 1612 1436 antiqua
1649 1363 1750 1420 sibi
1781 1353 2002 1418 Patrum

429 1456 749 1512 auctoritate
793 1457 1046 1511 traditam
1087 1472 1209 1512 esse
1249 1456 1511 1518 docuerit.
1569 1455 1775 1526 Duplici
1822 1462 2001 1509 autem

430 1548 640 1603 ratione
664 1546 780 1607 hmc
811 1547 862 1602 in
893 1547 1132 1601 humeris
1164 1555 1382 1616 portat:
1415 1555 1474 1602 ut
1501 1557 1555 1603 et
1582 1547 1696 1617 ipse
1720 1546 2004 1617 prmceptis

429 1637 716 1693 dominicis
743 1637 1016 1696 humiliter
1044 1639 1289 1692 subditus
1318 1637 1552 1704 incedat,
1585 1646 1640 1693 et
1667 1637 2004 1692 auditoribus

430 1727 544 1785 suis
571 1742 784 1800 semper
807 1727 1078 1792 cmlestia,
1114 1729 1225 1782 sive
1257 1744 1352 1783 sua

430 1769 544 1785 ...ην
571 1769 773 1800 Wa...“
809 1769 1078 1792 “mw...”
1114 1769 1225 1782 ...ω
1257 1769 1352 1783 υς...
1433 1769 1546 1783 νυν
1574 1769 1595 1782 .
1617 1769 1793 1782 .........
1823 1769 1976 1782 νην...

429 1819 539 1889 pla,
572 1833 691 1890 qua:
725 1825 1038 1887 sequantur,
1067 1827 1350 1888 proponat.
1374 1769 1773 1960 lCarbunculus
1806 1817 2004 1881 dictus,

431 1909 574 1960 uuod
604 1908 674 1960 sit
701 1908 920 1960 ianitus.
955 1915 1014 1960 ut
1054 1911 1238 1960 carbo.
1289 1907 1371 1960 cui
1416 1924 1442 1960 s
1485 1908 1660 1960 fulgor
1702 1923 1802 1960 nec
1847 1918 2004 1960 nocte

431 1909 574 1986 quod
604 1908 674 1962 sit
701 1908 920 1982 ignitus,
955 1915 1014 1962 ut
1054 1911 1238 1972 carbo,
1289 1907 1442 1976 eujlis
1485 1908 1660 1978 fulgor
1702 1923 1802 1964 nec
1847 1918 2008 1964 nocte

2096 458 2514 515 Chalcedonium
2544 458 2832 514 simulatur
2856 479 2869 514 :
2911 462 3006 516 sed
3041 461 3218 533 magis,
3244 462 3444 519 rubens
3468 471 3550 519 est
3572 480 3592 518 :
3620 470 3696 519 et

2097 549 2416 620 sanguinem
2443 558 2741 620 martyrum
2769 565 2866 620 per
2889 551 3120 621 ﬁguram
3144 553 3404 613 ostendit.

2687 659 2914 716 CAPUT
2948 661 3079 717 Vill.

2645 728 2724 784 De
2793 733 3114 801 margaritis.

2171 819 2489 890 Margarita,
2517 818 2692 890 prima
2719 821 3066 876 candidarum
3096 838 3431 894 gemmarum
3450 865 3465 891 ,
3511 840 3692 896 quam

2099 909 2213 971 lndi
2252 912 2602 983 margaritam
2641 911 2792 966 aiunt
2820 920 3062 968 vocatam
3089 953 3105 979 ,
3151 916 3293 985 quod
3341 915 3396 970 in
3439 917 3696 973 conculis

2101 1001 2267 1059 maris
2297 1002 2400 1056 hoc
2427 1017 2595 1073 genus
2622 1001 2857 1072 lapidum
2890 1002 3212 1058 inveniatur.
3275 1005 3422 1061 Inest
3447 1007 3592 1076 enim
3626 1008 3692 1062 in

2102 1109 2265 1152 carne
2290 1095 2523 1151 cochleae
2550 1095 2786 1152 calculus
2811 1105 2995 1161 natus,
3013 1096 3154 1152 sicut
3183 1097 3237 1151 in
3265 1099 3493 1152 cerebro
3515 1098 3698 1169 piscis

2102 1184 2314 1254 lapillus
2339 1204 2352 1240 :
2386 1187 2625 1258 gignitur
2645 1195 2822 1242 autem
2849 1187 2916 1242 de
2939 1187 3147 1242 caelesti
3177 1204 3506 1260 rore,__qu__em
3521 1197 3697 1260 certo

2105 1275 2229 1331 anni
2246 1283 2487 1345 tempore
2510 1276 2744 1350 cochleae
2764 1266 3022 1340 hauriunt
3040 1296 3052 1332 :
3072 1259 3704 1350 exiqnibuﬂsjmargatjti;

2105 1359 2325 1435 quidam
2356 1367 2582 1421 uniones
2611 1375 2910 1422 vocantur:
2949 1377 3131 1438 aptum
3170 1371 3695 1442 nomen/laws,

2105 1445 2245 1534 quod
2281 1464 2494 1534 tantum
2518 1473 2678 1524 unus,
2714 1473 2989 1527 nunquam
3031 1458 3139 1513 duo
3178 1443 3264 1514 vel
3299 1460 3486 1530 plures
3523 1457 3698 1528 simul

2107 1533 2494 1616 reperiantur.’
2529 1545 2778 1602 Mcliores
2825 1555 3008 1602 autem
3055 1549 3295 1602 candida:
3345 1548 3701 1619 margaritae,

2107 1652 2266 1705 quam
2295 1653 2412 1706 quae
2441 1635 2755 1692 ﬂavescunt.
2787 1637 2909 1693 lllas
2938 1639 3081 1693 enim
3107 1639 3364 1708 juventus
3389 1648 3484 1694 aut
3511 1648 3704 1694 matu—

1432 1728 1546 1783 sive
1573 1727 1793 1782 Patrum
1823 1743 2004 1782 exem-
2033 1727 2078 1786 B
2109 1725 2205 1779 tini
2241 1726 2378 1780 roris
2405 1727 2690 1796 conceptio
2735 1727 2911 1781 reddit
2957 1727 3230 1782 candidas.
3270 1726 3402 1788 .Has
3439 1736 3703 1783 senectus

2106 1819 2191 1873 vel
2238 1820 2578 1889 vespertinus
2627 1833 2722 1874 aer
2767 1819 2938 1890 gignit
2985 1819 3265 1874 obscuras.
3339 1819 3704 1891 Margaritum

2108 1911 2335 1982 mystice
2367 1910 2636 1982 signiﬁcat
2664 1910 3031 1982 evangelicam
3059 1910 3362 1965 doctrinam
3394 1909 3507 1964 sive
3534 1924 3701 1979 spem

433 1997 706 2054 vincitur:
741 1998 886 2053 lucet
914 1999 1058 2054 enim
1088 1998 1143 2052 in
1180 1999 1420 2053 tenebris
1455 1999 1610 2064 adeo,
1658 2007 1719 2054 ut
1763 1999 2008 2055 flammas
2108 2003 2260 2073 regni
2301 2001 2594 2068 coelorum,
2636 2001 2721 2056 vel
2759 2002 3084 2057 charitatem
3120 2011 3175 2056 et
3208 2001 3544 2056 dulcedinem
3573 2015 3702 2054 cae-

433 2087 502 2142 ad
533 2087 718 2144 oculos
752 2088 968 2160 juberet
1009 2087 1248 2166 [vibret].
1306 2082 1514 2156 Genera
1562 2089 1680 2160 ejus
1725 2089 2008 2146 duodecim
2108 2091 2262 2147 lestis
2307 2091 2450 2146 vitre.
2521 2090 2674 2146 Unde
2723 2091 2921 2160 legitur
2968 2091 3020 2145 in
3077 2089 3384 2165 evangelica
3435 2088 3704 2162 parabola

434 2186 612 2250 sunt;
635 2178 728 2234 sed
757 2180 1164 2250 prmstantiores
1216 2188 1341 2242 sunt
1382 2169 1472 2251 qui
1501 2181 1752 2236 videntur
1781 2181 2007 2255 fulgere,
2111 2179 2326 2260 (Matth.
2354 2179 2476 2252 ιιιιι)
2515 2166 2580 2234 de
2609 2169 2826 2235 homine
2854 2189 3128 2249 quaerente
3147 2181 3315 2260 bonas
3347 2179 3700 2260 margaritas.

433 2277 488 2323 et
513 2269 660 2324 velut
689 2270 865 2340 ignem
895 2268 1140 2328 fundere.
1174 2269 1275 2326 llic
1302 2271 1444 2326 enim
1473 2271 1609 2342 lapis
1635 2279 1816 2343 potest
1843 2251 2011 2342 signi-

2123 2251 2552 2342 juodf‘tnventa
2598 2267 2703 2324 una
2748 2270 2982 2340 pretiosa
3032 2251 3705 2346 margarita[alim-itit
3771 2339 3780 2344 _

432 2359 598 2418 ﬂcare
627 2359 850 2418 verbum
883 2360 1012 2426 Dei,
1055 2361 1198 2430 quod
1236 2375 1333 2430 per
1365 2361 1732 2430 Apostolieum
1766 2361 2011 2420 ordinem
2050 2351 2086 2418 ὅ.
2111 2362 2416 2443 vepdiderit
2464 2362 2642 2415 omnia
2685 2377 2804 2430 quae
2834 2361 3128 2424 habuerat,
3171 2371 3225 2415 et
3269 2363 3464 2442 emerit
3503 2375 3711 2443 agrum
3761 2399 3774 2438 ί

432 2457 489 2506 et
513 2451 896 2522 praedicatores
921 2449 1194 2522 Evangelii
1226 2451 1489 2506 illucescit
1516 2451 1669 2507 nobis
1700 2451 1754 2505 in
1780 2452 2014 2508 obscuro
2044 2469 2056 2488 ι
2112 2429 2298 2535 illim;
2341 2453 2465 2522 quia
2505 2451 2596 2522 qui
2635 2410 2872 2507 etelestis
2897 2433 3388 2505 vitardulcedincm
3416 2410 3708 2520 (magna..-
3753 2410 3810 2498 ι’κ

432 2542 592 2612 hujus
618 2543 825 2609 mundi,
856 2552 911 2598 et
939 2543 1140 2614 efl‘ugat
1167 2543 1343 2598 noctis
1373 2543 1622 2598 tenebras
1648 2552 1700 2598 et
1727 2543 2013 2614 caliginem

433 2641 814 2704 peccatorum;
844 2634 988 2688 unde
1019 2634 1279 2704 scriptum
1309 2642 1429 2688 est:
1459 2633 1574 2686 Lua:
1603 2633 1655 2688 in
1686 2634 1908 2688 tenebris
1937 2633 2026 2704 luo:

435 2732 537 2789 cet,
579 2733 628 2778 et
660 2723 881 2787 tenebrae
911 2741 1026 2781 eam
1065 2741 1168 2779 non
1210 2725 1705 2796 comprehenderunt
1742 2725 1921 2795 (Joan.
1949 2697 2036 2806 1).;

209 2855 218 2874 ς
271 2835 278 2866 .=
309 2835 348 2870 ia
372 2857 384 2881 ,
437 2814 742 2886 Lyncurius
769 2823 1010 2880 vocatus,
1044 2816 1189 2890 quod
1215 2815 1308 2882 fiat
1335 2832 1398 2871 ex
1430 2817 1586 2872 urina
1617 2816 1793 2890 lyncis
1828 2811 2034 2896 bestiae

439 2899 682 2977 tempore
697 2907 943 2968 indurata
963 2903 1291 2972 ;"estautem,
1309 2908 1446 2970 sicut
1459 2915 1514 2972 et
1529 2909 1829 2972 succinum,
1848 2892 2016 2972 fuﬁlva,

443 2999 719 3054 attrahens
757 2999 952 3076 spiritu
987 2997 1115 3052 folia
1153 2998 1590 3070 propinquantia.
1625 2997 1752 3054 llaec
1781 3012 2012 3067 gemma,

2114 2550 2227 2596 tum
2258 2541 2588 2612 possibilitas
2632 2540 2890 2610 admittit)
2939 2537 3178 2608 perfecte
3218 2539 3559 2610 cognoverit,
3604 2551 3708 2606 ea,

2115 2649 2234 2702 qua:
2260 2633 2312 2687 in
2338 2631 2502 2690 terris
2530 2640 2828 2697 amaverat,
2859 2630 3094 2687 libenter
3121 2639 3320 2686 cuncta
3351 2627 3705 2698 derelinquit.

2115 2723 2173 2778 ln
2203 2723 2610 2795 comparatione
2649 2723 2764 2792 ejus
2799 2721 3068 2784 vilescunt
3099 2721 3301 2775 omnia.
3354 2719 3566 2774 Deserit
3601 2719 3710 2775 ha-

2115 2815 2248 2878 bita,
2281 2821 2603 2884 congregata
2635 2811 2926 2881 dispergit,
2975 2809 3267 2868 inardescit
3299 2808 3354 2863 in
3385 2807 3709 2862 caelestibus

2118 2905 2359 2968 animus;
2413 2901 2488 2966 nil
2534 2902 2586 2964 in
2637 2900 2866 2955 terrenis
2911 2899 3075 2963 libet;
3114 2896 3354 2952 deforme
3381 2895 3703 2964 despicitur,

2120 2994 2376 3066 quidquid
2407 2993 2470 3047 de
2502 3002 2713 3046 terrena
2744 2991 2990 3066 placebat
3025 2989 3237 3060 specie;
3287 2988 3411 3064 quia
3438 2985 3546 3042 sola
3572 3001 3707 3055 pre-

441 3089 570 3162 quia
601 3090 667 3145 de
702 3065 879 3146 rubris
905 3089 1130 3162 gemmis
1155 3065 1290 3155 est;
1336 3065 1516 3161 potest
1545 3065 1847 3162 martyrum
1895 3104 2017 3159 pas-
2044 3071 2088 3133 (ἶ
2123 3065 2258 3147 tiosa
2286 3089 2524 3145 cbaritas
2549 3087 2713 3157 fulget
2742 3065 2794 3140 in
2824 3095 3023 3141 mente.

440 3183 649 3240 sionem
680 3182 1008 3254 signiﬁcare,
1035 3184 1124 3258 qui
1173 3183 1315 3256 quod
1353 3183 1543 3255 spiritu
1575 3181 1756 3237 divino
1785 3181 2014 3248 incitati,

441 3274 569 3331 folia
611 3274 893 3329 verborum
932 3275 1238 3341 attrahunt,
1269 3289 1366 3346 per
1395 3289 1459 3329 ca
1489 3270 1862 3346 persecutores
1891 3288 2019 3327 suos

444 3366 649 3424 orando
686 3366 799 3421 sive
827 3366 1164 3448 praedicapdo
1195 3347 1295 3422 sibi
1328 3365 1637 3428 conciliant,
1663 3372 1718 3418 et
1745 3364 1812 3418 ad
1843 3364 2020 3418 unita-

444 3467 554 3516 tem
583 3457 705 3512 fidei
727 3445 1569 3546 perducunt.{Acbatesnamque
1598 3458 1732 3526 lapis
1755 3459 1820 3513 de
1847 3457 2022 3528 nigris

441 3551 669 3622 gemmis
712 3565 817 3605 una
859 3560 972 3616 est,
1016 3561 1230 3619 reperta
1263 3549 1494 3620 primum
1544 3550 1595 3604 in
1641 3549 1822 3605 Sicilia
1865 3550 2020 3620 juxta

335 3710 343 3720 .
441 3642 643 3698 flumen
673 3642 914 3714 ejusdem
951 3643 1208 3708 nominis,
1239 3651 1425 3713 postea
1456 3641 1702 3712 plurimis
1731 3643 1782 3696 in
1814 3641 1975 3697 terris
2005 3659 2018 3695 :

444 3744 530 3792 est
566 3746 747 3796 autem
787 3736 977 3806 nigra,
1019 3735 1225 3793 habens
1261 3735 1317 3789 in
1347 3733 1526 3788 medio
1552 3732 1786 3788 circulos
1816 3733 2018 3802 nigros,

443 3837 496 3886 et
530 3825 680 3880 albos
715 3825 935 3896 junctus
981 3833 1039 3888 et,
1079 3825 1336 3890 variatos,
1387 3824 1578 3880 similis
1621 3824 1925 3879 lucmatiti:
1978 3822 2024 3877 si

444 3917 707 3982 creditur,
763 3922 1111 3986 tempestates
1159 3915 1395 3983 avertit,
1444 3915 1662 3970 flumina
1709 3897 2024 4010 sistit.jllic

445 4006 610 4060 etiam
660 4005 780 4062 illos
828 4005 1136 4076 signiﬁcare
1164 4015 1382 4079 potest,
1415 4007 1505 4076 qui
1538 4015 1761 4079 propter
1790 4005 2024 4062 cmlestis

443 4096 571 4150 vita:
597 4095 927 4158 desiderium
955 4097 1266 4168 despectum
1314 4098 1498 4161 mundi
1536 4097 1780 4164 habent,
1827 4105 1884 4152 et
1935 4112 2027 4152 co-

387 4227 390 4232 .
445 4201 632 4239 ronam
675 4186 799 4240 vitae
843 4196 1157 4257 exspectant
1185 4197 1418 4242 reterns.
1475 4187 1741 4244 Corallius
1790 4189 2028 4258 gignitur

446 4275 501 4328 in
533 4276 691 4338 mari,
723 4274 895 4331 forma
928 4292 1196 4340 ramosas,
1233 4277 1414 4335 colore
1444 4267 1755 4344 viridisf'é‘t
1793 4278 2026 4336 maxime

447 4366 667 4430 rubens,
697 4381 850 4420 vente
877 4367 994 4438 ejus
1021 4368 1261 4423 candidae
1289 4371 1388 4425 sub
1417 4385 1554 4440 aqua
1582 4379 1637 4428 et
1676 4371 1900 4426 molles:
1933 4386 2025 4424 ex-

449 4465 657 4510 tractus
702 4455 986 4514 confestim
1035 4459 1260 4512 duratur
1309 4469 1364 4515 et
1409 4461 1684 4525 rubescit;
1741 4470 2026 4531 tactusque

446 4546 696 4618 protinus
731 4546 1035 4618 lapidescit.
1087 4547 1272 4624 Itaque
1311 4550 1561 4624 occupari
1602 4548 1864 4623 evellique
1899 4550 2028 4604 retia

448 4639 550 4694 bus
577 4638 732 4704 solet,
757 4647 851 4694 aut
872 4639 982 4694 acri
1007 4639 1337 4697 ferramento
1359 4641 1575 4711 prtecidi
1602 4655 1616 4694 :
1649 4657 1754 4712 qua
1777 4642 1843 4696 de
1865 4657 2028 4697 causa

447 4730 703 4787 corallius
730 4741 973 4787 vocatus.
1032 4730 1302 4805 Quantum
1350 4733 1490 4806 apud
1534 4748 1632 4787 nos
1674 4732 2028 4810 margaritum

448 4821 691 4877 Indicum
719 4824 1015 4892 pretiosum
1047 4832 1131 4877 est
1155 4864 1169 4889 ,
1225 4830 1433 4877 tantum
1471 4823 1609 4893 apud
1656 4823 1814 4876 ludos
1849 4821 2027 4876 coral-

448 4911 603 4966 lium.
646 4911 801 4986 liunc
830 4913 990 4984 magii
1021 4912 1337 4974 fulminibus
1366 4912 1617 4965 resistere
1646 4910 1912 4964 aﬁirmant
1931 4951 1944 4973 ,
1981 4911 2025 4968 si

451 4989 846 5080 creditur.",llic
882 5019 1012 5075 ergo
1047 5003 1184 5075 lapis
1211 5017 1398 5057 eorum
1441 5001 1664 5077 figuram
1708 5002 1902 5057 merito
1928 5017 2025 5056 cx-

450 5095 670 5166 primit,
697 5081 789 5165 qui
819 5095 884 5150 de
920 5097 1089 5150 maris
1125 5095 1406 5162 ﬂuctibus,
1436 5097 1539 5151 hoc
1565 5103 1679 5162 est,
1711 5097 1775 5150 de
1803 5097 2028 5154 mollitie

448 5185 728 5244 mularis
757 5187 1184 5242 conversationis
1215 5187 1506 5253 abstracti,
1535 5205 1633 5264 per
1659 5189 1825 5243 robur
1850 5189 2028 5244 couti-

451 5278 653 5339 tientia:
692 5279 1022 5344 durescunt,
1069 5287 1124 5334 et
1168 5279 1492 5337 soliditatem
1539 5289 1702 5335 rectae
1750 5278 1913 5345 fidei,
1964 5294 2030 5335 ac

450 5372 716 5429 bonorum
746 5386 970 5441 operum
1008 5371 1260 5430 decorem
1299 5371 1353 5425 in
1392 5385 1450 5426 se
1483 5371 1814 5428 ostendunt:
1856 5370 1929 5424 ita
1969 5378 2044 5446 ut.

455 5463 816 5518 sanctissimis
840 5463 972 5517 viris
1007 5461 1200 5516 merito
1237 5462 1361 5517 inde
1401 5462 1739 5532 complacere
1781 5449 2042 5532 possunt;

453 5554 791 5632 Alabandina
829 5553 968 5609 dicta
1012 5553 1080 5607 ab
1118 5552 1393 5607 Alabanda
1425 5552 1564 5606 Asia:
1610 5552 1849 5623 regione,
1901 5539 2044 5622 puri

454 5629 604 5721 put-ie
631 5629 847 5720 aspectu
878 5643 1089 5703 similis.
1143 5643 1249 5700 lste
1279 5642 1331 5698 in
1361 5641 1577 5699 Oriente
1613 5643 1735 5716 igne
1767 5641 2028 5712 liquatur,

2675 3197 2970 3257 CAPUT
3035 3196 3145 3252 IX.

2719 3271 2794 3324 De
2816 3267 3097 3340 crystallis.

2194 3367 2516 3446 Crystallus
2539 3362 2889 3436 resplendens
2926 3368 3270 3428 et.aquosus
3313 3353 3495 3411 colore
3532 3351 3712 3446 tradi-

2125 3444 2232 3524 tur,
2263 3441 2410 3537 quod
2439 3456 2529 3510 nix
2578 3455 2651 3510 sit
2694 3451 2864 3537 glacie
2904 3451 3097 3506 durata
3129 3462 3223 3518 per
3254 3459 3446 3509 annos,
3479 3441 3624 3496 unde
3650 3449 3711 3506 et

2125 3527 2320 3606 nomen
2351 3527 2410 3604 ei
2433 3547 2606 3603 αι·ποί
2637 3527 2919 3600 dederunt.
2969 3540 3218 3614 Giguitur
3247 3545 3428 3590 autem
3476 3533 3530 3588 in
3573 3532 3708 3586 Asia

2125 3640 2373 3712 etCypro
2397 3657 2409 3692 :
2439 3636 2672 3692 maxime
2699 3636 2751 3691 in
2778 3631 3202 3703 septentrionum
3219 3627 3462 3696 Alpibus,
3485 3623 3575 3678 ubi
3604 3637 3708 3676 nec

2129 3741 2316 3788 aestate
2357 3729 2437 3784 sol
2477 3725 2907 3782 ferventissimus
2953 3721 3262 3776 invenitur:
3315 3717 3542 3784 ideoque
3588 3714 3706 3782 ipsa

2128 3825 2380 3879 diuturna
2405 3828 2460 3876 ct
2485 3833 2688 3872 annosa
2714 3815 2909 3869 duritia
2935 3806 3560 3906 reddiphanespeciem.
3587 3819 3709 3906 qtae

2127 3914 2417 3986 crystallus
2461 3912 2678 3967 dicitur.
2717 3907 2814 3962 llic
2858 3896 3136 3976 oppositus
3182 3900 3348 3959 radiis
3397 3896 3527 3952 solis
3573 3896 3710 3948 adeo

2128 4008 2270 4078 rapit
2299 4004 2600 4067 flammam,
2635 4008 2695 4054 ut
2725 3998 2889 4052 aridis
2927 3995 3165 4066 spongiis
3212 3989 3293 4046 vel
3341 3988 3482 4042 foliis
3529 3986 3709 4078 ignem

2128 4073 2384 4173 praebeat.
2411 4095 2553 4151 Usus
2577 4093 2693 4164 ejus
2717 4090 2880 4146 etiam
2905 4088 2970 4143 ad
2994 4085 3183 4156 pocula
3206 4082 3510 4173 destinat—ur
3533 4095 3546 4130 :
3576 4073 3714 4173 nihil

2132 4165 2310 4248 autem
2341 4184 2484 4243 aliud
2537 4198 2696 4255 quam
2743 4178 2996 4250 frigidum
3027 4175 3138 4248 pati
3176 4179 3374 4244 potest.
3411 4165 3724 4240 Crystallus

2129 4276 2416 4348 aliquando
2440 4271 2705 4344 significat
2723 4269 2972 4346 baptismi
2991 4270 3407 4345 sacramentum,
3423 4257 3717 4328 aliquando

2132 4355 2446 4422 ﬁrmitatem
2498 4371 2808 4418 sanctorum
2849 4358 3181 4429 angelorum,
3229 4350 3518 4423 aliquando
3546 4348 3717 4402 etiam

2130 4459 2555 4516 incarnationem
2592 4454 2948 4509 Dominicam.
2997 4449 3329 4517 Baptismum
3362 4442 3507 4497 enim
3546 4437 3720 4508 signi—

2126 4555 2251 4608 ﬁcat
2291 4551 2345 4608 in
2386 4549 2498 4613 illo,
2535 4545 2677 4616 quod
2719 4545 2771 4599 in
2810 4539 3130 4613 Apocalypsi
3175 4535 3435 4604 scriptum
3479 4539 3606 4584 est:
3647 4527 3719 4581 In

2125 4649 2399 4715 conspectu
2429 4638 2564 4692 sedis
2591 4645 2839 4706 tanquam
2865 4646 3008 4689 mare
3029 4629 3247 4681 ritrcum
3269 4620 3438 4715 simile
3462 4617 3718 4715 crystallo
3781 4634 3784 4635 '

2127 4707 2310 4804 (Apoc.
2342 4731 2437 4802 tv).
2477 4729 2704 4797 Propter
2732 4723 2887 4778 fidem
2913 4719 3155 4774 veritatis
3177 4713 3452 4804 Baptisma
3481 4707 3723 4763 refertur

2134 4801 2199 4876 ad
2231 4801 2448 4884 vitrum,
2491 4819 2542 4875 in
2579 4832 2687 4886 quo
2718 4830 2824 4868 non
2855 4811 2999 4866 aliud
3027 4809 3240 4863 videtur
3284 4801 3525 4858 exterius
3550 4813 3721 4868 quam

2135 4913 2276 4986 quod
2323 4917 2498 4982 gestat
2545 4905 2790 4962 interius.
2843 4900 3110 4974 Crystallo
3157 4909 3406 4966 quoque,
3459 4890 3602 4986 quod
3649 4888 3722 4942 de

2134 4980 2273 5075 aqua
2329 4980 2381 5056 in
2433 4999 2657 5070 glaciem
2708 5005 2764 5051 et
2806 4995 3036 5065 lapidem
3096 4989 3389 5058 pretiosum
3442 4980 3719 5075 elﬁcitur)

2133 5069 2384 5162 baptismi
2415 5069 2586 5160 gratia
2625 5086 2905 5157 ﬁguratur.
2944 5081 3096 5148 Quod
3125 5088 3302 5132 autem
3330 5072 3619 5145 crystallus
3643 5069 3730 5124 si-.

2135 5187 2354 5259 gniﬁcet
2402 5183 2727 5239 soliditatem
2777 5175 3121 5247 angelorum,
3170 5170 3254 5224 vel
3289 5165 3719 5259 incarnationem

2136 5256 2469 5337 Dominicam
2493 5315 2508 5340 ,
2557 5273 2611 5328 in
2653 5272 2743 5326 illo
2773 5266 3084 5323 testimonio
3110 5261 3409 5317 Ezechielis
3438 5256 3720 5330 propheta

2132 5371 2414 5442 probatur,
2461 5381 2567 5442 quo
2608 5363 2722 5417 ait:
2758 5359 2828 5414 Et
2869 5356 3158 5412 similitudo
3202 5371 3357 5424 super
3386 5344 3721 5442 capita

2133 5436 2350 5515 inalium
2381 5440 2715 5524 ﬁrmamenti,
2746 5450 2897 5523 quasi
2921 5459 3160 5519 aspectus
3188 5444 3422 5515 crystalli
3452 5436 3719 5495 horribilis

2133 5561 2181 5605 et
2227 5549 2422 5604 extenti
2474 5563 2630 5618 super
2673 5545 2846 5615 capita
2895 5557 3076 5596 eorum
3129 5539 3350 5608 desuper
3391 5533 3609 5605 (Ezech.
3651 5531 3715 5602 ι).

2131 5641 2364 5696 Possunt
2384 5639 2526 5694 enim
2557 5633 2882 5691 ﬁrmamenti
2905 5631 3122 5689 nomine
3149 5628 3397 5686 cmlestes
3419 5632 3718 5698 potestates
