4038 6324
254 366 368 426 475

1208 362 1297 420 DE
1336 359 1682 422 UNIVERSO
1715 360 1895 419 LIBRI
1931 360 2095 453 XXII.
2133 392 2201 404 —
2228 362 2569 422 LIB.‘X\’li.

3416 362 3525 421 474

261 476 511 552 intelligi.
553 474 710 547 Quod
745 477 1143 534 ﬁrmamentum
1188 486 1334 535 recte
1381 478 1536 549 quasi
1586 486 1839 549 aspectus
1864 485 1915 545 Α
1941 478 2035 535 Dei
2096 482 2418 537 sententiam
2473 482 2525 537 in
2585 480 2692 536 ﬁne
2735 489 2985 537 servatur
3025 479 3280 537 inﬁnito:
3329 479 3423 550 qui
3466 477 3524 535 in

261 572 464 631 dicitur
483 568 725 640 crystalli
749 586 763 623 :
793 568 919 639 quia
947 566 1196 623 videlicet
1217 568 1531 638 crystallum
1557 568 1698 624 forte
1721 568 1841 639 qui,

262 663 388 721 dem
413 660 574 717 nimis
600 669 683 716 est
706 699 723 726 ,
773 658 869 714 sed
916 671 985 713 ex
1018 671 1158 728 aqua
1193 657 1481 714 solidatam
1508 675 1523 713 :
1563 666 1619 715 et
1646 665 1839 713 natura

262 753 511 825 angelica
535 752 751 824 quando
778 761 964 809 creata
1002 752 1232 808 liberum
1270 751 1552 807 arbitrium
1589 752 1836 822 accepit:

260 851 326 899 ut
350 853 530 898 utrum
550 843 711 899 vellet
738 842 792 898 in
820 842 1122 899 humilitate
1146 842 1439 913 persistere
1479 851 1533 898 et
1559 844 1615 899 in
1661 843 1840 899 omni;

259 933 498 1005 potentis
523 933 620 989 Dei
661 941 882 1004 aspectu
911 946 1263 1005 permanere,
1309 948 1379 987 an
1421 932 1488 988 ad
1531 932 1840 1004 superbiam

261 1024 562 1090 laberetur,
592 1030 651 1079 et
687 1039 718 1078 a
752 1022 1087 1079 beatitudine
1115 1024 1366 1089 caderet,
1406 1038 1504 1094 per
1527 1023 1840 1080 similitudi-

261 1132 386 1173 nem
427 1131 569 1186 aqua
600 1114 723 1171 fuit.
779 1114 885 1173 Sed
916 1116 1076 1186 quia,
1122 1116 1442 1172 cadentibus
1469 1115 1623 1183 aliis,
1663 1118 1841 1188 angeli

258 1209 434 1265 sancti
483 1210 537 1265 in
582 1225 680 1266 sua
725 1210 1063 1266 beatitudine
1092 1210 1486 1280 perstiterunt,
1534 1220 1695 1280 atque
1737 1211 1843 1266 hoc

258 1312 587 1373 acceperunt
618 1303 675 1359 in
711 1317 964 1369 munere,
1008 1312 1072 1359 ut
1097 1303 1212 1375 jam
1248 1304 1445 1359 cadere
1479 1302 1703 1360 omnino
1732 1318 1839 1358 non

256 1394 499 1464 possint:
525 1394 580 1448 in
603 1394 686 1450 eis
710 1402 905 1449 natura
932 1409 1053 1459 sua,
1075 1395 1201 1464 quia
1221 1392 1338 1462 jam
1364 1394 1486 1449 duci
1513 1393 1843 1449 mutabiliter

258 1500 367 1539 non
397 1492 604 1555 potest,
638 1484 796 1555 quasi
827 1484 895 1539 ad
923 1484 1211 1555 imaginem
1241 1484 1481 1556 crystalli
1509 1484 1707 1540 durata
1735 1491 1838 1539 est.

257 1574 393 1630 Item
423 1576 658 1631 humana
687 1584 881 1631 natura
908 1575 1224 1645 priusquam
1251 1590 1282 1630 a
1309 1574 1566 1631 Creatore
1598 1574 1839 1630 omnium

256 1666 655 1737 susciperetur,
703 1675 873 1723 terra.
899 1674 1034 1722 erat.
1098 1666 1255 1745 Nam_
1285 1665 1683 1723 ﬁrmamentum
1730 1681 1837 1721 non

254 1769 413 1814 erat:
450 1761 694 1831 peccanti
720 1761 918 1831 quippe
947 1760 1151 1815 homini
1175 1758 1382 1814 dictum
1410 1764 1533 1814 est:
1568 1757 1732 1812 Terra
1761 1773 1838 1821 es,

1941 573 2193 643 passione
2238 571 2533 627 Salvator-is
2580 571 2868 626 dixerunt:
2918 570 3151 641 Sanguis
3202 570 3319 640 ejus
3368 584 3528 640 super

1942 680 2037 718 nos
2072 674 2121 719 et
2153 680 2310 729 super
2343 662 2483 732 ﬁlios
2520 671 2725 718 nostros
2755 660 2968 733 (Matth.
3000 659 3193 733 xxv").
3237 659 3409 714 Aliter
3454 661 3523 715 de
3567 652 3573 657 ’

1941 750 2077 807 Juda
2122 753 2401 824 proditore
2446 761 2503 824 et
2548 752 2892 807 consortibus
2934 751 3052 821 ejus
3098 751 3299 805 dictum
3345 751 3522 820 accipi

1940 853 2147 916 potest,
2196 845 2262 901 de
2301 860 2408 915 quo
2436 844 2652 900 Veritas
2691 844 2804 898 ait:
2850 840 3026 897 Filius
3070 843 3297 898 hominis
3340 843 3525 909 vadit,

1940 934 2075 989 sicut
2120 935 2368 1005 scriptum
2400 925 2480 989 est
2507 935 2572 988 de
2602 933 2692 987 illa
2714 947 2733 985 :
2765 950 2841 988 me
2868 944 3042 987 autem
3072 933 3274 987 homini
3308 932 3391 988 illi
3434 950 3528 1004 per

1939 1043 2090 1097 quant
2119 1026 2395 1080 tradetur:
2436 1025 2623 1080 melius
2665 1025 2866 1080 crat‘ei
2911 1025 2956 1079 si
3000 1033 3155 1078 natus
3202 1040 3306 1078 non
3341 1023 3526 1094 fuisset

1940 1120 2094 1175 homo
2121 1119 2208 1176 ille
2237 1119 2452 1192 (Matth.
2481 1117 2655 1184 xxvn).

2526 1231 2807 1289 CAPUT
2863 1230 2912 1287 Χ

2593 1303 2673 1357 De
2708 1304 2862 1358 vitro.

2011 1393 2226 1450 Vitrum
2281 1393 2511 1459 dictum,
2559 1393 2707 1464 quod
2746 1392 2887 1447 visui
2928 1389 3317 1463 perspicuitate
3351 1399 3527 1447 trans-

1942 1486 2137 1542 luceat.
2187 1486 2245 1542 ln
2281 1485 2402 1541 aliis
2441 1484 2587 1541 enim
2625 1482 2876 1548 metallis,
2907 1482 3168 1554 quidquid
3196 1482 3528 1537 intrinsecus

1942 1578 2268 1645 continetur,
2308 1576 2687 1641 absconditur;
2735 1576 2790 1630 in
2833 1574 2975 1629 vitm
3013 1589 3145 1629 vero
3190 1573 3419 1644 quilibet
3455 1572 3526 1627 ii-

1942 1688 2080 1743 quor
2110 1673 2195 1727 vel
2234 1670 2463 1741 species,
2510 1667 2685 1739 qualis
2722 1675 2807 1723 est
2840 1668 3091 1734 interius,
3126 1666 3249 1722 talis
3284 1665 3528 1721 exterius

1943 1766 2249 1822 declaratur
2303 1772 2358 1818 et
2414 1761 2812 1832 quodammodo
2854 1759 3069 1815 clausus
3112 1768 3308 1829 patet;
3371 1754 3526 1825 cujus

256 1859 307 1902 ct
342 1851 397 1903 in
426 1859 620 1904 terram
648 1850 748 1906 ibis
777 1848 928 1922 (Cen.
955 1848 1060 1921 ιιι).
1118 1848 1190 1904 At
1235 1857 1521 1920 postquam
1565 1855 1837 1916 assumpta
1868 1860 1915 1918 Β
1941 1856 2092 1926 origo
2132 1856 2249 1910 hmc
2287 1852 2406 1908 fuit.
2452 1852 2508 1907 ln
2541 1860 2696 1922 parte
2733 1842 2927 1922 Syrte,
2968 1864 3087 1919 quae
3126 1846 3405 1903 thnicis
3427 1862 3526 1901 vo-

257 1949 343 1995 est
371 1941 440 1995 ab
471 1950 695 1997 auctore
723 1941 967 1997 omnium
989 1981 1003 2006 ,
1049 1948 1214 2010 atque
1243 1940 1298 1994 in
1326 1939 1481 1995 eteiis
1520 1937 1797 1994 sublevata
1818 1979 1835 2004 ,

256 2039 316 2087 et
357 2047 521 2102 super
552 2032 771 2105 angelos
819 2033 1019 2088 ducta:
1071 2031 1471 2086 ﬁrmamentum
1521 2028 1665 2085 facta
1712 2038 1836 2095 est,

258 2137 380 2192 qua:
405 2130 547 2177 terra
579 2120 700 2177 fuit.
762 2120 869 2177 Sed
897 2122 1333 2186 ﬁrmamentum,
1377 2120 1518 2191 quod
1554 2120 1838 2190 aspicitur,

257 2209 416 2279 cujus
449 2212 685 2268 habebat
711 2211 1153 2277 similitudinem,
1205 2210 1558 2278 subinl'ertur,
1597 2225 1717 2267 cum
1755 2210 1838 2265 di-

257 2303 437 2357 citur:
472 2303 640 2370 Quasi
681 2314 921 2374 aspectus
957 2303 1194 2375 crystalli
1233 2303 1497 2358 horribilis
1528 2303 1744 2376 (Ezech.
1776 2300 1835 2374 l).

257 2394 584 2465 Crystailum
615 2394 776 2466 (sicut
805 2396 1010 2451 dictum
1058 2395 1165 2467 est)
1211 2411 1279 2450 ex
1326 2411 1467 2466 aqua
1511 2394 1840 2467 congelascit

257 2493 315 2539 et
344 2486 622 2541 robustum
652 2486 732 2541 ﬁt.
786 2486 1002 2543 Scimus
1050 2501 1180 2556 ergo
1208 2494 1411 2558 quanta
1440 2487 1511 2542 sit
1547 2501 1700 2557 aquae
1726 2500 1845 2540 mo-

256 2575 462 2632 hiiitas.
492 2576 701 2649 Corpus
721 2587 902 2634 autem
926 2579 1305 2651 Redemptoris
1329 2579 1498 2635 nostri
1521 2579 1647 2650 quia
1672 2591 1841 2647 usque

259 2667 329 2721 ad
369 2676 596 2722 mortem
644 2669 882 2738 passioni
932 2668 1238 2739 subiacuit,
1289 2685 1445 2741 aqua:
1484 2669 1659 2725 simile
1683 2667 1841 2737 juxta

258 2755 463 2827 aliquid
493 2756 594 2812 luit
620 2777 634 2812 :
670 2759 794 2828 quia
824 2760 1117 2823 nascendo,
1149 2761 1465 2826 crescendo,
1498 2756 1841 2816 lassescendo

254 2855 315 2904 et
352 2849 661 2917 esuriendo,
691 2851 946 2918 sitiendo,
975 2852 1279 2918 moriendo,
1312 2866 1485 2922 usque
1524 2851 1595 2906 ad
1628 2851 1840 2922 passio-

258 2953 389 2993 nem
429 2954 526 3012 per
562 2950 836 2996 momenta
875 2950 1182 3013 temporum
1219 2940 1554 2997 mutabiliter
1580 2940 1838 2997 decurrit.

254 3028 415 3100 Aqua
446 3046 574 3102 ergo
608 3032 661 3087 in
692 3032 1008 3104 crystallum
1034 3048 1192 3089 versa
1230 3042 1355 3099 est;
1401 3031 1619 3103 quando
1652 3048 1844 3088 corru-

1941 1956 2098 2003 catur
2125 1945 2350 2001 ﬁnitima
2371 1929 2760 2007 Judzeze,circa
2792 1940 3030 1995 radicem
3049 1940 3248 1995 montis
3260 1937 3522 2004 Carmeli,

1938 2037 2096 2107 palus
2135 2043 2255 2101 est,
2303 2050 2371 2090 ex
2408 2048 2515 2103 qua
2556 2032 2795 2088 nascitur
2832 2029 2990 2085 Belus
3030 2029 3236 2094 amnis,
3283 2027 3527 2098 quinq‘uc
3609 2102 3612 2105 Δ

1940 2128 2169 2184 millium
2212 2141 2470 2197 passuum
2503 2124 2681 2195 spatio
2722 2124 2774 2178 in
2812 2136 2964 2176 mare
3001 2120 3175 2176 ﬁuens
3209 2121 3363 2192 juxta
3401 2119 3529 2174 Pto-

1940 2218 2251 2282 lemaidem,
2294 2217 2449 2287 cujus
2491 2230 2692 2278 arenze,
2740 2214 3063 2269 dccurrente
3102 2211 3287 2277 ﬁuctu,
3334 2226 3365 2264 a
3406 2225 3527 2264 sor-

1940 2309 2098 2366 dibus
2134 2308 2406 2364 eluuntur.
2454 2304 2593 2360 Hinc
2633 2302 2781 2358 fama
2820 2311 2924 2365 est,
2950 2302 3106 2374 pulsa
3143 2316 3285 2356 nave
3320 2313 3530 2355 merca-

1941 2411 2120 2458 torum
2143 2400 2292 2468 nitri,
2328 2414 2453 2455 cum
2488 2396 2721 2468 sparsim
2760 2410 2860 2465 per
2885 2395 3014 2449 litus
3036 2393 3226 2465 epulas
3246 2397 3527 2463 pararent,

1942 2507 2043 2548 nec
2078 2498 2264 2548 essent
2296 2505 2393 2561 pro
2422 2486 2731 2544 attollendis
2755 2486 2902 2541 vasis
2934 2472 3163 2555 lapides,
3192 2483 3375 2556 glebas
3400 2482 3531 2537 vitri

1942 2588 2067 2645 navi
2111 2582 2677 2653 subdidisse:quibus
2721 2580 2998 2647 accensis,
3055 2578 3316 2649 permista
3364 2591 3531 2632 arena

1941 2678 2161 2742 littoris,
2210 2676 2607 2749 transluceutcs
2649 2672 2775 2728 novi
2815 2670 3045 2741 liquoris
3086 2669 3310 2724 ﬁnxisse
3352 2667 3531 2733 rivos,

1942 2778 2000 2825 et
2022 2771 2163 2825 hanc
2188 2767 2353 2823 fuisse
2391 2766 2655 2837 originem
2680 2762 2828 2818 vitri.
2876 2761 3019 2827 Mox,
3047 2769 3108 2815 ut
3133 2767 3220 2816 est
3245 2758 3531 2829 ingeniosa

1941 2857 2161 2915 solertia
2188 2898 2205 2923 ,
2255 2871 2364 2912 non
2408 2855 2510 2910 fuit
2555 2860 2811 2910 contenta
2867 2851 2983 2907 solo
3024 2851 3172 2905 nitro
3200 2891 3214 2915 ,
3266 2850 3360 2905 sed
3406 2849 3532 2905 aliis

1942 2952 2196 3010 mixturis
2219 2951 2360 3005 hanc
2381 2956 2555 3005 artem
2579 2945 2818 3011 studuit;
2849 2944 3059 3001 levibus
3084 2943 3231 2999 enim
3257 2942 3533 3012 aridisque

1940 3043 2102 3114 lignis
2146 3040 2419 3111 coquitur,
2466 3036 2679 3106 adjecto
2720 3050 2888 3107 cypro
2926 3048 2992 3089 ac
3027 3033 3194 3096 nitro,
3236 3030 3533 3086 continuis-

255 3122 465 3196 ptionis
497 3123 614 3194 ejus
651 3123 938 3205 inﬁrmitas
973 3139 1071 3194 per
1098 3124 1549 3180 resurrectionem
1588 3111 1740 3178 su'am
1771 3122 1838 3178 ad
1876 3199 1909 3205 _
1945 3111 2050 3205 que
2104 3132 2413 3188 fornacibus
2467 3136 2528 3184 ut
2579 3142 2656 3183 aes
2717 3127 2961 3197 liquatur
3015 3138 3317 3192 massmque
3374 3122 3529 3177 ﬁant.

257 3213 680 3284 incorruptionis
729 3202 1044 3269 ﬁrmitatem
1096 3222 1181 3269 est
1233 3214 1542 3270 immutata.
1599 3213 1837 3268 Adamas
1865 3199 1911 3263 C
1941 3199 2136 3284 postea
2181 3241 2250 3281 εχ
2293 3222 2491 3280 massis
2537 3236 2729 3277 rursus
2770 3218 3018 3274 funditur
3058 3217 3113 3273 in
3156 3215 3422 3278 oﬁicinis,
3477 3225 3534 3270 et

255 3300 473 3358 lndicus
501 3304 634 3374 lapis
662 3312 719 3359 et
750 3305 1036 3360 indecorus
1054 3345 1070 3371 ,
1121 3303 1490 3376 ferrugineum
1516 3303 1724 3361 habens
1749 3320 1841 3361 co-

254 3391 428 3447 lorem
494 3401 550 3449 et
609 3394 953 3465 splendorem
997 3393 1261 3466 crystalli.
1325 3393 1610 3466 Nunquam
1657 3403 1838 3450 autem

256 3481 400 3537 ultra
447 3484 874 3555 magnitudinem
920 3484 1096 3541 nuclei
1139 3484 1370 3541 avellani
1416 3495 1683 3556 repertus.
1740 3484 1842 3542 ilic

256 3572 389 3631 nulli
427 3574 571 3629 cedit
608 3574 873 3640 materia‘,
923 3589 1024 3630 nec
1066 3576 1211 3631 ferro
1250 3576 1491 3645 quidem,
1539 3592 1639 3632 nec
1685 3577 1836 3648 igni;

254 3681 360 3721 nec
403 3682 644 3737 unquam
686 3667 986 3722 incalescit.
1046 3668 1201 3724 Unde
1242 3677 1299 3723 et
1336 3685 1534 3725 nomen
1576 3671 1843 3740 interpre-

251 3755 462 3810 talione
489 3753 676 3810 Grmca
713 3755 997 3811 indomita,
1016 3755 1106 3824 jus
1133 3756 1261 3829 [vis]
1305 3759 1531 3827 accepit.
1578 3759 1685 3814 Sed
1711 3760 1839 3814 dura

253 3845 326 3901 sit
356 3844 611 3910 invictus,
639 3844 769 3901 ferri
796 3846 1041 3917 ignisque
1066 3855 1432 3919 contemptor,
1460 3850 1669 3905 hircino
1695 3868 1842 3907 rusu-

252 3941 403 4010 pitur
441 3939 704 4010 sanguine
748 3941 990 4008 recenti,
1017 3948 1072 3995 et
1099 3940 1276 3997 calido
1303 3951 1625 4007 maceratur,
1656 3944 1843 4014 sicque

256 4030 442 4088 multis
483 4029 681 4087 ictibus
720 4028 853 4087 ferri
895 4030 1293 4103 pet-frangitur.
1336 4031 1502 4102 Cujus
1536 4018 1838 4105 fragmenta

256 4121 559 4193 sculptores
598 4136 698 4194 pro
732 4122 962 4192 gemmis
996 4123 1355 4193 insigniendis
1394 4123 1840 4196 perlorandisqae

254 4220 501 4267 utuntur.
553 4210 655 4268 llic
696 4220 880 4268 autem
925 4213 1153 4270 dissidet
1195 4230 1318 4270 cum
1368 4225 1618 4288 magnete
1662 4217 1841 4289 lapile

254 4303 312 4359 in
361 4311 567 4359 tantum
592 4344 608 4369 ,
656 4312 718 4359 ut
749 4304 907 4376 juxta
947 4305 1159 4376 positus
1200 4305 1405 4362 ferrum
1447 4323 1555 4364 non
1598 4310 1841 4379 patiatur

252 4396 496 4452 abstrahi
534 4413 566 4463 β
602 4407 888 4469 magnete:
935 4407 1029 4454 aut
1066 4400 1112 4456 si
1155 4401 1405 4457 admotus
1444 4417 1667 4474 magnes
1693 4419 1838 4459 com-

251 4493 637 4565 prehenderit,
680 4495 823 4564 rapit
859 4502 1022 4565 atque
1059 4493 1252 4550 aufert.
1303 4494 1502 4551 Fertur
1532 4512 1746 4567 quoque
1784 4498 1836 4552 in

202 4656 207 4659 _
253 4582 443 4638 electri
476 4583 829 4640 similitudine
852 4599 1062 4640 venena
1088 4585 1518 4655 deprehendere,
1545 4597 1722 4643 metus
1746 4605 1837 4642 va-

252 4689 357 4751 nos
402 4674 694 4749 expellere,
742 4674 1006 4732 maleﬁcis
1050 4678 1309 4732 resistere
1350 4677 1579 4733 artibus.
1627 4677 1836 4734 Genera

251 4764 373 4835 ejus
403 4780 520 4823 sex.
567 4764 850 4837 Signiﬁcat
875 4776 1055 4822 autem
1084 4767 1186 4823 iste
1212 4766 1352 4838 lapis
1376 4767 1632 4823 duritiam
1659 4770 1838 4825 cordis

247 4854 583 4924 Iudaeorum,
620 4858 715 4928 qui
758 4857 1099 4914 indomabilis
1145 4868 1199 4916 et
1241 4859 1599 4916 intractabilis
1625 4875 1838 4932 semper

251 4950 732 5020 ad.pmnitentiam
768 4958 903 5006 erat.
953 4950 1106 5007 Unde
1152 4951 1224 5007 ita
1268 4951 1467 5024 legitur
1502 4952 1556 5007 in
1599 4951 1835 5008 Jeremia

249 5043 557 5113 propheta:
601 5039 886 5098 Peccatum
916 5042 1039 5097 inde
1075 5044 1325 5114 scriptum
1365 5052 1440 5098 est
1478 5043 1614 5115 ston
1646 5044 1837 5115 ferreo,

250 5136 310 5189 in
334 5150 508 5205 ungue
532 5133 874 5189 adamantina
895 5144 1166 5188 exaratum
1192 5149 1348 5203 super
1368 5132 1698 5190 latitudinem
1723 5153 1840 5191 cor-

251 5224 336 5279 dis
364 5241 547 5279 eorum
570 5223 705 5297 (Jcr.
733 5224 892 5296 xvu).
944 5223 1234 5279 Peccatum
1277 5232 1459 5280 autem
1492 5223 1584 5292 jus
1629 5225 1835 5282 indele-

188 5363 202 5373 .
249 5315 364 5372 bile
401 5324 565 5387 atque
605 5316 689 5390 (ut
724 5317 801 5372 ita
834 5314 1033 5388 dicam)
1059 5315 1201 5370 nulla
1239 5316 1451 5373 ratione
1489 5318 1834 5385 abolendum,

249 5405 515 5476 scriptum
550 5414 637 5461 est
671 5404 813 5478 stylo
853 5405 1050 5471 ferreo,
1097 5418 1277 5477 ungue
1318 5406 1686 5464 adamantina.
1732 5407 1837 5463 Per

247 5498 454 5571 stylum
492 5513 623 5569 ergo
666 5499 904 5554 ferreum
942 5495 1101 5555 fortis
1140 5500 1432 5565 sententia,
1470 5514 1569 5569 per
1603 5515 1836 5572 unguem

245 5601 385 5645 vero
424 5590 829 5645 adamantinum
872 5589 1118 5660 signatur
1160 5588 1282 5644 linis
1323 5598 1584 5645 mternus.
1631 5590 1836 5647 Pecca-

248 5691 367 5739 tum
396 5699 544 5740 vero
586 5685 710 5741 inde
753 5683 894 5755 stylo
940 5681 1116 5739 ferreo
1164 5682 1219 5736 in
1263 5697 1440 5754 ungue
1484 5683 1836 5740 adamantino

1867 4551 1916 4611 υ

1941 3320 2087 3375 aliud
2138 3318 2267 3372 ﬁatu
2336 3316 2641 3388 ﬁguratur,
2708 3312 2856 3369 aliud
2908 3320 3068 3367 torno
3119 3310 3329 3373 teritur,
3387 3307 3533 3362 aliud

1940 3411 2151 3485 argenti
2176 3410 2333 3466 modo
2355 3408 2607 3464 caelatur:
2638 3405 2903 3477 tinguitur
2924 3403 3089 3459 etiam
3114 3402 3300 3457 multis
3331 3399 3530 3465 modis,

1942 3504 2016 3559 ita
2042 3513 2100 3557 ut
2124 3501 2445 3573 hyacinthos
2467 3497 2864 3569 sapphirosque
2886 3502 2942 3551 et
2960 3492 3164 3549 vnrides
3186 3492 3452 3554 imitetur,
3473 3498 3533 3546 et

1941 3595 2197 3666 anyches,
2222 3591 2306 3647 vel
2334 3590 2561 3646 aliarum
2589 3601 2927 3660 gemmarum
2960 3585 3174 3642 colores
3198 3599 3213 3637 :
3245 3598 3420 3652 neque
3449 3591 3533 3637 est

1941 3688 2045 3742 alia
2063 3684 2296 3755 speculis
2311 3682 2488 3753 aptior
2510 3678 2758 3735 materia.
2776 3677 3041 3733 Maximus
3068 3686 3248 3730 tamen
3272 3674 3447 3727 honor
3476 3671 3531 3729 in

1941 3777 2173 3834 candido
2217 3775 2359 3830 vitro
2379 3815 2393 3840 ,
2420 3773 2776 3845 proximoque
2801 3772 2855 3828 in
2881 3770 3125 3842 crystalli
3150 3766 3531 3824 similitudine.

1945 3868 2096 3924 Unde
2115 3876 2170 3922 et
2193 3867 2259 3920 ad
2282 3864 2575 3936 potandum
2611 3863 2818 3934 argenti
2841 3861 3059 3917 metalla
3091 3869 3146 3916 ct
3178 3860 3298 3914 auri
3334 3857 3533 3926 repulit

1940 3960 2163 4014 vitrum.
2186 3957 2326 4013 Olim
2349 3957 2511 4011 ﬁebat
2551 3963 2605 4009 et
2650 3955 2702 4009 in
2742 3954 2893 4008 italia
2919 3994 2936 4018 ,
2986 3962 3044 4008 ct
3085 3968 3184 4022 per
3222 3949 3425 4005 Gallias
3472 3958 3531 4005 et

1942 4051 2299 4122 Hispaniam,
2348 4062 2513 4103 arena
2578 4046 2717 4110 alba,
2757 4044 3076 4101 mollissima
3126 4042 3233 4114 pila
3284 4040 3534 4110 malaque

1943 4143 2239 4198 terebatur.
2283 4140 2495 4195 Vitrum
2538 4145 2720 4193 autem
2761 4136 2905 4207 quod
2962 4133 3303 4206 baptismatis
3344 4147 3534 4188 sacra-

1940 4241 2183 4289 mentum
2216 4229 2504 4303 signiﬁcet,
2541 4230 2595 4284 in
2637 4243 2747 4298 quo
2778 4226 3053 4282 abiuimur
3088 4226 3156 4280 ab
3188 4224 3334 4279 onmi
3372 4223 3534 4278 sorde

1938 4332 2314 4397 peccatorum,
2364 4330 2420 4378 et
2462 4321 2683 4392 puritati
2730 4320 3093 4383 restituimur,
3132 4318 3247 4389 jam
3281 4316 3534 4388 superius

1940 4420 2142 4475 dictum
2182 4427 2284 4473 est.
2350 4414 2506 4471 Unde
2550 4414 2604 4468 in
2649 4411 2973 4484 Apocalypsi
3027 4410 3105 4466 ita
3158 4410 3421 4480 scriptum
3464 4406 3535 4464 de

1940 4516 2212 4565 structura
2238 4506 2476 4562 civitatis
2507 4518 2787 4575 supernae;
2822 4501 2949 4573 Ipsa
2974 4518 3095 4556 vero
3127 4501 3306 4556 civitas
3336 4515 3531 4553 aurum

1945 4582 2198 4652 mundum
2226 4595 2412 4652 similis
2440 4595 2574 4649 vitro
2601 4592 2798 4647 mundo
2819 4592 3004 4664 (Apoc.
3026 4590 3163 4664 XXI).
3207 4590 3449 4645 Ecclesia
3477 4589 3532 4643 in

1944 4703 2079 4743 auro
2112 4686 2395 4760 ﬁguratur,
2423 4698 2544 4754 qua:
2581 4683 2637 4737 in
2670 4680 3009 4738 candelabris
3034 4680 3215 4735 aureis
3248 4687 3304 4733 et
3334 4677 3540 4748 phialis

1943 4785 2166 4850 propter
2195 4774 2473 4845 sapientiae
2505 4772 2711 4828 cultum
2744 4786 2887 4841 stupe
2917 4779 3129 4839 compta
3163 4766 3535 4823 describitur:

1943 4871 2145 4925 vitrum
2186 4875 2366 4922 autem
2408 4865 2475 4921 ad
2522 4863 2681 4919 ﬁdem
2718 4878 2902 4917 veram
2945 4861 3167 4924 retulit;
3217 4858 3343 4928 quia
3387 4858 3531 4929 quod

1944 4959 2078 5016 foris
2100 4960 2334 5023 videtur,
2374 4957 2476 5012 hoc
2515 4964 2600 5012 est
2637 4964 2695 5010 et
2734 4954 2914 5020 intus;
2958 4961 3015 5008 et
3048 4951 3180 5008 nihil
3216 4950 3533 5006 simulatum

1946 5060 2032 5108 est
2070 5060 2124 5106 et
2168 5066 2275 5106 non
2316 5049 2661 5121 perspicuum
2706 5047 2761 5101 in
2798 5045 3005 5101 sanctis
3038 5044 3299 5100 ecclesiae.
3345 5041 3528 5099 Potest

1945 5151 2001 5198 et
2043 5139 2111 5195 ad
2153 5140 2283 5195 illud
2326 5148 2540 5209 tempus
2590 5136 2812 5200 referri,
2856 5150 2964 5204 quo
3022 5133 3127 5189 sibi
3169 5133 3399 5188 invicem
3439 5147 3531 5188 co-

1945 5231 2235 5305 gitationes
2291 5229 2345 5284 in
2399 5228 2718 5284 alterutrum
2771 5225 3177 5297 perspiciuntur
3227 5232 3285 5281 et
3342 5223 3531 5280 decla-
3628 5263 3637 5271 .

1945 5331 2155 5378 rantur.

2509 5405 2796 5463 CAPUT
2850 5405 2957 5462 XI.

2544 5494 2623 5550 De
2651 5494 2899 5551 metallis.

2006 5588 2279 5646 Metallum
2301 5588 2504 5667 dictum
2528 5586 2717 5643 Graece
2737 5602 2840 5658 apo
2863 5598 2953 5643 ton
2978 5584 3258 5653 metallan,
3273 5585 3417 5659 quod
3431 5601 3531 5644 na-

1934 5690 2056 5737 tura
2096 5677 2213 5748 ejus
2254 5694 2319 5735 ea
2361 5679 2455 5747 sit,
2499 5688 2561 5735 ut
2598 5679 2691 5735 ubi
2736 5694 2840 5735 una
2883 5694 3022 5745 vena
3068 5679 3402 5749 apparuerit,
3448 5678 3527 5734 ibi

249 5778 521 5849 scriptum
549 5775 782 5833 dicitur:
819 5774 946 5846 quia
980 5772 1135 5846 culpa
1168 5771 1478 5833 iudicarunt
1516 5789 1612 5847 per
1639 5775 1833 5833 l'ortctn
1932 5786 2057 5846 spes
2099 5772 2172 5830 sit
2211 5771 2436 5830 alterius
2488 5772 2816 5863 inquirendi.
2882 5770 3103 5845 Septem
3137 5782 3339 5845 autem
3394 5776 3526 5827 sunt
