4038 6324
541 333 649 391 ‘75

1180 329 1240 384 Β.
1282 324 1536 382 RABANI
1575 325 1792 382 MAURI
1833 319 2153 379 ARCIIIEP.
2198 317 2504 375 MOGUNT.
2546 318 2832 377 OPERUM
2871 321 3052 378 PARS
3088 322 3152 379 II.

3702 325 3821 382 476

541 456 746 519 genera
781 441 1152 506 metallorum;
1202 455 1394 494 aurum
1416 479 1432 504 ,
1477 446 1760 508 argentum
1781 479 1794 498 .
1847 453 1953 500 aes,
2002 435 2117 490 ele-
2146 433 2193 494 A
2223 430 2428 484 Aurum
2448 472 2462 495 ,
2501 433 2708 497 sancti,
2745 433 2812 487 de
2839 449 2946 504 quo
2977 435 3030 488 in
3055 433 3155 490 Job
3186 433 3418 506 legitur:
3452 436 3530 491 Ab
3563 439 3822 508 aquilone

541 542 740 599 ctrum,
773 541 1044 596 stannum,
1078 531 1377 601 plumbum,
1422 537 1496 593 et,
1533 529 1673 596 quod
1706 528 1889 582 domat
1919 525 2122 590 omnia,

541 624 770 679 ferrum.

1142 709 1370 768 CAPUT
1406 710 1516 765 XII.

1205 802 1281 857 De
1311 819 1462 856 auro.

614 895 816 949 Aurum
866 893 934 949 ab
960 892 1113 949 'aura
1162 893 1388 956 dictum,
1419 894 1470 948 id
1520 900 1601 946 est
1650 908 1680 946 a
1725 891 2029 962 splendore,
2060 907 2125 946 eo

541 985 686 1054 quod
732 1000 1050 1054 repercusso
1073 999 1199 1039 aere
1224 983 1342 1053 plus
1369 982 1591 1054 fulgeat.
1651 983 1804 1038 Unde
1851 991 1905 1038 et
1942 982 2124 1054 Virgi-

541 1079 644 1132 lius
672 1096 684 1131 :

665 1167 888 1220 Discolor
910 1169 1024 1218 inde
1051 1170 1158 1218 auri
1181 1181 1271 1230 per
1297 1182 1455 1218 ramos
1478 1181 1593 1217 aura
1620 1167 1830 1219 refulsit.

542 1260 656 1316 Hoc
699 1269 804 1327 est,
831 1257 1086 1331 splendor
1129 1263 1279 1327 auri;
1328 1261 1574 1316 naturale
1611 1262 1754 1316 enim
1797 1269 1903 1324 est,
1928 1270 1989 1314 ut
2015 1278 2127 1317 me-

542 1353 790 1406 tallorum
815 1353 1067 1423 splendor
1087 1354 1208 1425 plus
1231 1353 1434 1425 fulgeat
1467 1353 1585 1407 luce
1618 1351 1720 1406 alia
1755 1367 2122 1422 repercussus.

542 1444 681 1502 Ilinc
724 1453 779 1501 et
823 1446 1026 1500 aurarii
1087 1446 1215 1500 dicti
1241 1485 1256 1510 ,
1319 1460 1550 1514 quorum
1593 1443 1771 1515 fulgor
1817 1445 2126 1514 splendidos

541 1535 738 1592 reddit.
796 1537 1004 1591 Aurum
1046 1537 1392 1608 splendorem
1439 1536 1748 1605 sapientiae,
1791 1535 1874 1592 vel
1916 1535 2127 1592 intelle-

540 1635 684 1682 ctum
728 1628 1028 1698 spiritalem
1071 1643 1351 1682 sacrarum
1389 1627 1828 1697 Scripturarum,
1877 1628 1958 1682 vel
1999 1629 2128 1684 cha-

544 1721 732 1776 ritatis,
763 1723 1111 1778 eminentiam
1155 1724 1461 1794 signiﬁcare
1505 1733 1722 1793 potest;
1771 1735 1830 1780 ut
1871 1734 1955 1781 est
1999 1725 2127 1779 illud

2228 538 2417 575 aurum
2448 523 2612 576 veniet
2642 521 2785 594 (Job.
2816 525 2996 596 xxxr),
3041 525 3094 580 id
3122 533 3234 591 est,
3271 525 3528 596 Apostolo
3567 532 3818 600 gentium

2230 610 2413 683 [Forte
2435 614 2603 666 omitt.
2629 614 2978 687 prmdicantc]
3005 617 3289 672 credentes
3313 619 3367 672 in
3389 619 3625 676 Christo.
3661 622 3729 677 Et
3759 626 3817 679 in

2226 701 2431 772 psalmo
2474 721 2486 756 :
2521 703 2685 770 Vivet,
2711 715 2757 758 et
2801 705 3013 760 dabitur
3035 707 3084 760 ei
3119 717 3184 760 ae
3221 725 3352 763 auro
3390 709 3601 765 Arabia:
3632 711 3813 784 (Psal.

2226 786 2354 848 ω’κι
2382 795 2421 865 ).
2479 795 2682 851 Aurum
2732 799 3014 868 sapientia,
3060 800 3200 855 sicut
3232 801 3285 855 in
3317 801 3534 868 Exedo,
3565 804 3616 859 in
3649 821 3816 860 orna-

2227 895 2408 940 mento
2433 888 2733 942 sacerdotis
2771 888 2870 944 hoc
2909 891 3084 959 ipsum
3124 891 3304 962 priore
3344 893 3397 948 in
3439 893 3558 949 loco
3607 896 3820 952 habere

2225 976 2552 1045 przccipitur.
2593 978 2822 1044 Aurum,
2856 981 3069 1050 reprobi
3108 983 3305 1052 quique
3351 985 3490 1055 apud
3518 985 3819 1040 Dominum

2227 1067 2438 1136 rejecti,
2472 1076 2526 1122 et
2552 1068 2692 1139 apud
2720 1072 2965 1127 homines
2994 1072 3248 1139 electi,de
3278 1075 3472 1144 quibus
3495 1077 3548 1130 in
3573 1076 3675 1132 Job
3713 1093 3824 1148 pro

2226 1157 2440 1214 diabolo
2492 1159 2690 1214 dicitur
2741 1175 2755 1214 :
2802 1160 3007 1217 Sternet
3043 1163 3141 1217 sibi
3194 1181 3384 1219 aurum
3443 1168 3596 1236 quasi
3638 1165 3819 1222 lutum

2227 1245 2534 1318 (Job.th);
2566 1258 2623 1304 et
2649 1252 2701 1304 in
2731 1250 2979 1307 IIabacuc
3007 1271 3020 1306 :
3049 1252 3186 1308 Esca
3215 1255 3329 1326 ejus
3357 1255 3518 1312 electa
3547 1256 3716 1330 (Hab.
3744 1259 3818 1332 ι).

2827 1405 3054 1464 CAPUT
3092 1408 3232 1464 XIII.

2845 1497 2918 1554 De
2962 1511 3202 1570 argento.

2296 1605 2590 1676 Argentum
2620 1623 2726 1662 non
2773 1608 2928 1682 longe
2957 1627 2986 1664 a
3011 1611 3196 1668 Gneca
3225 1614 3585 1685 appeliatione
3606 1617 3776 1672 distat
3800 1633 3818 1672 :

2227 1695 2330 1750 boc
2355 1698 2501 1751 enim
2531 1698 2604 1752 illi
2634 1715 2889 1770 argyrum
2914 1711 3132 1756 vocant.
3165 1703 3262 1758 Cui
3294 1705 3492 1760 mirum
3513 1707 3568 1760 in
3590 1708 3816 1762 modum

540 1805 618 1867 in"
639 1812 849 1882 psalmo
883 1831 896 1867 :
942 1815 1120 1868 Astitit
1170 1784 1349 1884 regina
1390 1833 1422 1869 a
1463 1784 1662 1871 dextris
1704 1784 1808 1872 tuis
1850 1817 1904 1872 in
1941 1819 2126 1872 vestitu
2156 1812 2202 1871 Β
2229 1784 2359 1884 ΨΜ
2383 1786 2541 1884 me?“
2572 1797 2629 1842 ω
2657 1789 2782 1884 du}?
2805 1791 3090 1884 Ca'ldidu'“
3119 1793 3210 1858 Sil’
3243 1794 3565 1864 impressum
3597 1797 3820 1866 corpori

541 1903 796 1957 deaurato
824 1903 997 1974 (Psal.
1029 1904 1199 1978 κων).
1245 1905 1369 1961 Ideo
1402 1923 1564 1977 supra
1588 1910 1818 1964 virtutes
1841 1909 1976 1964 alias
2003 1924 2126 1980 gra-

542 1993 619 2046 tia
657 1995 939 2054 charitatis
977 1998 1254 2066 apparuit;
1301 1998 1427 2068 quia
1463 1998 1642 2053 omnia
1680 1999 1798 2070 ejus
1830 1998 2006 2069 fulgor
2032 2014 2127 2054 ex-

543 2081 709 2148 cellit,
737 2093 791 2139 et
814 2085 1094 2154 sapientia:
1119 2087 1300 2143 lumen
1325 2087 1818 2156 splendidissimum
1848 2098 1950 2156 est,
1981 2089 2125 2158 quod

543 2176 783 2231 maxime
830 2177 882 2231 in
923 2176 1324 2248 Scripturarum
1373 2181 1728 2237 meditatione
1771 2183 2122 2252 percipietur.

509 2325 512 2328 ξ
544 2264 802 2321 Obrizum
841 2283 1034 2322 aurum
1075 2269 1297 2335 dictum,
1341 2272 1484 2340 quod
1524 2272 1772 2328 obradiet
1797 2274 2121 2342 splendore:

542 2364 630 2412 est
668 2357 812 2412 enim
851 2357 1052 2413 coloris
1093 2359 1299 2429 Optimi,
1331 2362 1475 2430 quod
1502 2360 1714 2416 Hebrzei
1737 2363 2126 2432 opbaz,Gr:eci

543 2450 726 2506 cirron
770 2460 986 2507 vocant.
1034 2453 1110 2507 De
1151 2468 1285 2530 auro
1325 2463 1504 2508 autem
1549 2455 1735 2510 obrizo
1780 2456 1834 2510 in
1874 2454 1994 2520 Job,
2035 2456 2126 2511 ubi

545 2544 613 2600 de
671 2546 936 2616 sapientia
992 2547 1172 2602 divina
1217 2547 1498 2618 Scriptura
1555 2558 1987 2616 commemorat,
2049 2550 2126 2606 ita

542 2634 776 2704 legitur:
822 2635 946 2691 Non
987 2637 1200 2692 dabitur
1235 2656 1424 2693 aurum
1467 2640 1704 2694 obrizum
1745 2659 1838 2712 pro
1877 2659 1938 2696 ea
1981 2641 2123 2714 (Job.

543 2728 775 2798 xxvm);
839 2730 968 2798 quid
1016 2745 1254 2800 namque
1296 2747 1394 2802 per
1436 2747 1628 2787 aurqu
1674 2735 1959 2798 obrizum,
2022 2735 2127 2790 nisi

541 2821 716 2874 sancti
759 2821 934 2890 angeli
973 2821 1365 2893 designantur?
1408 2825 1501 2892 qui
1540 2836 1688 2881 recte
1726 2834 1780 2880 et
1816 2842 2007 2882 aurum
2033 2841 2130 2883 vo-

541 2922 735 2968 cantur
789 2915 1076 2980 obrizum;
1139 2931 1371 2979 aurum,
1431 2917 1557 2986 quia
1622 2917 1825 2988 fulgent
1880 2918 2127 2974 claritate

534 3002 794 3072 justitize;
846 3007 1116 3073 obrizum,
1146 3008 1272 3076 quia
1302 3007 1504 3062 nullum
1545 3010 1843 3066 habuerunt
1886 3028 2125 3081 unquam

542 3095 849 3166 contagium
888 3096 1078 3166 culpa}.
1133 3096 1390 3153 Ilomines
1431 3114 1561 3154 vero
1591 3099 1745 3168 justi,
1793 3103 2028 3172 quandiu
2073 3103 2125 3158 in

545 3186 651 3241 hac
685 3196 868 3241 ‘carne
917 3188 1253 3258 corruptibili
1307 3190 1607 3245 mortaliter
1651 3191 1881 3258 vivunt,
1932 3209 2124 3248 aurum

541 3276 759 3344 quidem
815 3293 935 3333 esse
993 3287 1237 3349 possunt,
1305 3280 1550 3335 obrizum
1595 3297 1718 3337 esse
1761 3283 1980 3338 omnino
2026 3301 2131 3340 non

542 3376 809 3436 possunt,
863 3370 989 3438 quia
1042 3387 1271 3441 corpus,
1321 3372 1462 3442 quod
1506 3375 1891 3444 corrumpitur,
1943 3393 2131 3446 aggra-

542 3469 626 3512 t'at
664 3461 892 3514 animum
917 3475 935 3512 .'
967 3471 1015 3516 et
1053 3463 1293 3533 deprimit
1331 3473 1538 3518 terrena
1577 3465 1886 3520 inltabitatio
1924 3483 2131 3520 sensum

543 3553 709 3607 multa
735 3555 1042 3624 cogitantem
1069 3557 1224 3629 (Sap.
1250 3558 1347 3626 rx).
1378 3557 1511 3612 Nam
1538 3560 1786 3629 quamvis
1815 3561 1865 3614 in
1898 3561 1998 3616 bac
2020 3561 2130 3614 vita

540 3657 612 3700 ex
658 3661 849 3716 magna
885 3645 1109 3714 iustitia:
1147 3649 1390 3704 claritate
1429 3650 1884 3721 resplendebant:
1935 3667 2134 3722 nequa-

542 3751 708 3808 quam
738 3747 916 3793 tamen
952 3741 1019 3794 ad
1050 3757 1240 3810 purum
1269 3750 1614 3811 peccatorum
1645 3742 1894 3797 sordibus
1919 3752 2126 3797 carent.

543 3827 674 3884 Item
714 3829 768 3884 in
803 3834 991 3886 eodem
1020 3833 1157 3888 libro
1183 3833 1414 3904 legitur:
1457 3835 1516 3890 Si
1545 3835 1724 3904 putavi
1752 3851 1941 3888 aurum
1974 3835 2133 3888 robur

542 3937 735 3987 meum,
768 3933 816 3977 et
845 3923 1022 3978 obrizo
1052 3926 1182 3991 dixi,
1214 3926 1412 3994 ﬁducia
1441 3943 1557 3980 mea
1589 3925 1732 3997 (Job.
1760 3925 1936 3997 xxxr).
1991 3925 2131 3992 Quid

515 4011 596 4066 .in
642 4011 744 4068 hoc
790 4012 908 4068 loco
954 4031 1141 4068 aurum
1179 4016 1498 4086 accipimus,
1541 4017 1645 4070 nisi
1687 4016 1929 4085 praeclari
1973 4014 2131 4069 intel-

541 4102 714 4158 lectus
752 4106 1067 4176 ingenium?
1115 4108 1254 4174 Quid
1297 4109 1565 4172 obrizum,
1593 4108 1693 4163 nisi
1724 4117 1982 4172 mentem,
2008 4124 2128 4178 qua:

543 4195 671 4249 dum
721 4196 840 4266 igne
884 4197 1087 4251 amoris
1126 4199 1467 4266 excoquitur,
1512 4214 1727 4268 semper
1763 4199 1817 4252 in
1855 4213 1913 4254 se
1949 4206 2132 4253 servat

542 4286 850 4340 claritatem
919 4287 1338 4356 pulchritudinis
1405 4289 1718 4357 quotidiana
1782 4289 2130 4344 innovatione

544 4375 795 4431 fervoris.
847 4377 1031 4432 Nescit
1073 4379 1218 4432 enim
1265 4378 1417 4433 mens
1458 4394 1556 4448 per
1597 4387 1866 4449 torporem
1913 4388 2126 4435 vetere-

542 4481 716 4529 scere,
745 4482 866 4536 qua:
913 4468 1095 4524 studet
1119 4483 1217 4537 per
1245 4468 1568 4523 desiderium
1603 4484 1817 4538 semper
1852 4469 2124 4525 inchoare.

544 4557 732 4614 Sancti
767 4568 948 4614 autem
973 4558 1070 4614 viri
1107 4560 1272 4615 robur
1297 4575 1454 4614 suum
1487 4574 1677 4614 aurum
1705 4575 1811 4614 non
1837 4559 2124 4629 deputant:

539 4649 669 4720 quia
713 4650 1048 4720 quantolibet
1087 4650 1300 4722 ingenio
1343 4649 1600 4720 fulgeant,
1630 4650 1763 4704 nibil
1803 4666 1861 4706 se
1898 4665 2018 4706 esse
2059 4666 2127 4706 ex

541 4741 656 4797 suis
678 4741 886 4797 viribus
910 4751 1136 4814 pensant
1163 4761 1176 4797 :
1214 4749 1270 4797 et
1299 4757 1423 4797 cum
1456 4741 1659 4796 sentire
1685 4742 1864 4798 omnia
1887 4742 2129 4818 valenter

538 4835 768 4905 possint,
797 4836 949 4906 prius
992 4836 1291 4907 intelligere
1333 4836 1653 4906 semetipsos
1690 4836 1948 4906 cupiunt:
1988 4850 2126 4905 qua-

540 4934 700 4981 tenus
751 4927 928 4982 lumen
976 4928 1214 4998 ingenii,
1269 4943 1419 4984 more
1465 4927 1638 4993 solis,
1691 4929 1843 4998 prius
1894 4928 2129 4985 illustret

540 5017 738 5081 locum,
768 5018 820 5072 in
846 5036 955 5089 quo
995 5021 1190 5084 oritur,
1217 5027 1272 5074 et
1300 5020 1641 5089 postmodum
1664 5027 1882 5081 cratera,
1911 5021 1977 5075 ad
2005 5037 2126 5090 qua:

540 5107 882 5177 procedendo
915 5109 1205 5164 dilatatur:
1253 5125 1320 5164 ne
1355 5109 1400 5165 si
1438 5108 1764 5164 iutendendo
1797 5124 2127 5179 cognoscen-

541 5202 626 5257 dis
667 5201 787 5258 aliis
831 5203 1148 5271 semetipsos
1194 5204 1477 5268 nesciant,
1525 5202 1598 5258 ibi
1641 5203 1770 5258 solis
1808 5203 1990 5258 radius
2034 5202 2124 5258 ubi

541 5292 737 5356 oritur,
765 5291 1119 5346 tenebrescat.
1165 5292 1295 5347 Item
1332 5294 1384 5347 in
1420 5309 1555 5348 auro
1592 5292 1734 5347 Deus
1772 5291 2119 5362 intelligitur:

541 5384 683 5438 sicut
727 5385 780 5439 in
820 5384 1056 5441 Cantieis
1100 5387 1434 5443 canticorum
1484 5403 1584 5457 pro
1627 5385 1844 5442 Christo
1887 5386 2122 5441 dicitur:

542 5472 711 5543 Caput
740 5486 914 5530 autent
942 5477 1057 5547 ejus
1087 5495 1276 5532 aurum
1306 5479 1557 5547 optimum
1589 5475 1762 5547 (Cant.
1791 5475 1866 5545 γ).
1905 5475 1961 5529 In
1988 5474 2130 5544 Apo-

543 5566 720 5620 stolo:
754 5567 920 5641 Caput
951 5581 1125 5625 autem
1155 5568 1352 5625 Christi
1382 5569 1522 5623 Deus
1553 5568 1604 5638 (I
1634 5568 1757 5624 Cor.
1785 5569 1884 5640 xl).
1920 5566 2126 5622 Aurum

542 5661 836 5728 spiritualis
858 5672 942 5719 est
967 5680 1159 5719 sensus
1200 5665 1254 5718 in
1291 5663 1571 5733 Scriptura
1614 5663 1794 5719 divina
1821 5671 1881 5716 ut
1907 5662 1958 5716 in
1989 5661 2128 5732 psal-

543 5767 667 5808 mo:
703 5749 1006 5812 Posteriora
1036 5756 1180 5811 dorsi
1209 5756 1322 5826 ejus
1354 5756 1406 5810 in
1437 5756 1602 5812 virore
1642 5755 1761 5811 auri
1787 5752 1959 5828 (Psal.
1992 5754 2122 5828 LXI).

2229 1874 2401 1930 lineas
2427 1877 2609 1948 nigras
2635 1881 2845 1934 reddat.
2869 1880 3166 1952 Argentum
3207 1884 3387 1938 vivum
3411 1885 3636 1953 dictum,
3667 1887 3817 1958 quod

2227 1968 2430 2023 excitat
2446 1972 2704 2026 materias
2743 1971 2796 2026 in
2818 1973 3013 2042 quibus
3036 1973 3304 2042 injicitur:
3325 1977 3428 2032 hoc
3451 1988 3507 2032 et
3523 1977 3816 2048 liquidum,

2230 2059 2356 2128 quia
2387 2061 2676 2130 percurrit.
2705 2061 2982 2117 Invenitur
3011 2065 3320 2134 specialiter
3349 2067 3403 2120 in
3435 2066 3667 2122 metallis
3698 2069 3819 2122 sive

2231 2149 2284 2204 in
2307 2151 2630 2221 argentariis
2654 2151 2967 2208 fornacibus
2987 2163 3265 2224 guttarum
3287 2156 3630 2227 concretione
3657 2157 3820 2212 tectis

2229 2239 2499 2294 inhaarens
2539 2259 2551 2294 :
2592 2257 2732 2311 saepe
2781 2243 2945 2297 etiam
2976 2251 3032 2298 et
3083 2243 3134 2297 in
3163 2254 3404 2300 stercore
3450 2246 3820 2301 vetustissimo

2229 2331 2553 2396 cloacarum,
2583 2333 2666 2388 vel
2691 2342 2977 2402 puteorum
3011 2335 3159 2391 limo.
3212 2335 3437 2406 Mystice
3482 2337 3538 2390 in
3588 2344 3818 2408 argento

2229 2421 2437 2492 eloquia
2487 2423 2666 2479 divina
2705 2425 2818 2480 sive
2848 2425 3152 2482 intellectus
3207 2425 3402 2481 littene
3429 2426 3512 2481 vel
3573 2427 3819 2482 historia:

2229 2511 2574 2580 exprimitur,
2607 2521 2666 2568 ut
2687 2522 2772 2569 est
2816 2514 2946 2569 illud
2992 2515 3047 2569 in
3086 2515 3347 2586 propheta
3379 2524 3566 2570 contra
3589 2517 3814 2571 lucreti-

2229 2619 2322 2659 cos
2353 2621 2365 2658 :
2402 2605 2686 2676 Argentum
2710 2624 2881 2662 meum
2919 2617 2966 2661 et
2996 2625 3185 2662 aurum
3216 2625 3388 2663 meum
3413 2609 3606 2663 tulistis
3638 2619 3686 2662 et
3713 2627 3810 2678 po—

2227 2697 2407 2751 suistis
2455 2698 2509 2750 in
2556 2697 2787 2752 delubris
2837 2699 3015 2753 vestris
3063 2698 3220 2770 (Joel.
3250 2700 3368 2772 in);
3397 2709 3451 2755 et
3481 2701 3535 2754 in
3564 2699 3815 2770 psalmo:

2229 2785 2478 2858 Eloquia,
2510 2789 2705 2859 inquit,
2734 2788 2946 2843 Domini
2974 2788 3179 2861 eloquia
3211 2803 3371 2854 casta,
3399 2802 3671 2862 argentum
3699 2792 3818 2861 igne

2227 2881 2585 2934 examinatum
2635 2891 2808 2946 terrm,
2839 2891 3118 2952 purgatum
3167 2882 3460 2952 septuplum
3491 2882 3665 2946 (Psal.
3696 2884 3814 2953 xl);

2231 2969 2472 3025 deﬁnivit
2496 2986 2592 3041 per
2618 2971 3026 3027 similitudinem
3052 2971 3249 3026 metalli
3277 2973 3516 3038 candidi,
3537 2973 3679 3042 quod
3708 2974 3818 3030 sint

2229 3063 2442 3133 eloquia
2464 3073 2610 3119 casta
2634 3073 2913 3135 argentum
2938 3071 3094 3118 terrae
3119 3064 3239 3134 igne
3260 3065 3649 3128 examinatum,
3674 3065 3820 3134 quod

2153 3171 2198 3234 ρ
2230 3153 2368 3208 solet
2395 3169 2516 3209 esse
2560 3153 2930 3223 purissimum,
2961 3155 3177 3224 quando
3208 3153 3473 3224 frequenti
3511 3154 3672 3209 fuerit
3724 3155 3818 3210 de-

2235 3243 2478 3298 coctione
2527 3245 2843 3298 mundatum
2871 3261 2884 3296 :
2917 3243 3282 3297 examinatum
3310 3243 3507 3314 quippe
3526 3285 3540 3308 ,
3565 3242 3648 3298 vel
3687 3258 3818 3313 pur-

2232 3343 2413 3405 gatum
2464 3342 2653 3389 contra
2701 3333 2831 3388 illud
2869 3334 3117 3404 ponitur,
3156 3332 3297 3402 quod
3327 3333 3393 3387 de
3438 3332 3814 3403 peccatoribus

2233 3427 2309 3480 ait
2347 3444 2360 3480 :
2401 3423 2566 3480 Labia
2607 3425 2820 3490 dolosa,
2877 3425 2931 3478 in
2979 3424 3134 3479 corde
3180 3436 3227 3479 et
3272 3424 3428 3478 corde
3477 3425 3638 3478 locuti
3688 3435 3813 3478 sunt

2234 3516 2455 3586 (Ibid.);
2489 3526 2542 3571 et
2571 3525 2647 3582 ut,
2679 3531 2840 3586 quam
2877 3515 3169 3585 plurimum
3209 3515 3452 3578 distaret,
3475 3520 3815 3585 agnosceret,

2232 3605 2478 3660 addidit:
2516 3617 2798 3676 purgatum
2839 3598 3133 3676 septuplum
3157 3621 3175 3659 :
3202 3605 3292 3675 qui
3326 3619 3583 3658 numerus
3612 3604 3682 3658 ad
3725 3619 3815 3660 se-

2233 3695 2538 3766 ptiformem
2569 3697 2818 3766 spiritum
2868 3696 3080 3749 videtur
3114 3695 3404 3765 pertinere,
3435 3693 3487 3748 id
3515 3703 3620 3759 est,
3655 3695 3815 3750 timo-

2233 3803 2346 3842 rem
2397 3787 2512 3852 Dei,
2541 3787 2822 3856 pietatem,
2853 3787 3134 3842 scicutiam
3155 3827 3170 3852 ,
3201 3785 3597 3850 fortitudinem,
3633 3786 3815 3840 consi-

2231 3877 2393 3945 lium,
2433 3879 2875 3950 intelligentiam,
2907 3879 3249 3950 sapientiam.
3281 3880 3382 3934 Per
3425 3894 3546 3949 qua:
3587 3879 3814 3933 verbum

2232 3972 2470 4026 divinum
2512 3972 2566 4026 in
2605 3973 2886 4028 succensis
2929 3972 3258 4039 fornacibus,
3297 3988 3522 4028 manens
3569 3972 3817 4025 veritatis

2233 4063 2392 4116 rutila
2425 4063 2819 4118 coruscationc.
2865 4063 2996 4119 Item
3047 4072 3352 4134 argentum,
3383 4064 3494 4118 oris
3544 4061 3816 4117 confessio

2231 4153 2344 4208 sive
2373 4154 2630 4208 munditia
2656 4155 2943 4210 castitatis.
2967 4155 3024 4209 In
3050 4155 3231 4210 Exodo
3255 4173 3268 4209 :
3303 4154 3506 4220 Omnis,
3534 4155 3624 4225 qui
3652 4155 3817 4224 perci—

2187 4271 2196 4275 -
2228 4244 2302 4313 pit
2331 4243 2503 4310 corde,
2541 4245 2727 4314 o/ferat
2751 4246 2902 4300 initia
2946 4245 3171 4300 Domino
3199 4263 3391 4300 aurum
3440 4257 3488 4300 et
3539 4255 3815 4316 argentum

2228 4343 2275 4386 et
2301 4343 2641 4388 arramentum
2665 4335 2862 4403 (Exod.
2890 4336 3039 4408 xxv).
3071 4335 3304 4394 Rursum
3333 4345 3616 4410 argentum
3648 4352 3818 4406 popu-

2230 4426 2313 4480 lus
2342 4424 2649 4482 Judteorum
2685 4429 2738 4483 in
2767 4427 3002 4484 Ieremia
3029 4446 3046 4484 :
3084 4429 3368 4500 Argentum
3416 4428 3694 4500 rep‘robum
3724 4445 3817 4480 ro-

2153 4527 2206 4587 D
2232 4529 2344 4574 cate
2395 4536 2504 4585 eos,
2535 4521 2658 4591 quia
2695 4519 2950 4576 Dominus
2991 4521 3209 4591 projecit
3256 4537 3341 4574 eos
3372 4519 3505 4590 (Jer.
3555 4518 3652 4587 vi).
3685 4518 3818 4571 Item

2232 4620 2513 4681 argentum
2546 4627 2849 4668 sermonem
2891 4611 3294 4682 praedicationis
3335 4609 3624 4680 significat.
3661 4607 3820 4664 Unde

2232 4701 2285 4756 in
2312 4703 2496 4758 Exodo
2516 4702 2777 4758 columna:
2799 4701 3131 4772 tabernaculi
3149 4702 3517 4793 deargentaue
3545 4713 3666 4755 esse
3697 4714 3822 4770 pcr-

2232 4793 2507 4851 bibentur.

2817 4882 3044 4939 CAPUT
3083 4880 3223 4938 XIV.

2917 4995 2993 5049 De
3019 5011 3139 5050 tere.

2304 5108 2401 5164 Ais
2443 5123 2472 5162 a
2524 5107 2809 5178 splendore
2841 5106 2964 5160 acris
3012 5111 3295 5171 vocatum,
3341 5104 3483 5159 sicut
3512 5119 3708 5159 aurum
3760 5113 3822 5160 et

2231 5211 2533 5272 argentum.
2566 5199 2718 5270 Apud
2759 5199 3008 5268 antiquos
3043 5205 3222 5251 autem
3273 5196 3422 5267 prior
3463 5197 3590 5252 teris
3651 5211 3820 5266 quam

2233 5292 2362 5346 ferri
2405 5292 2656 5363 cognitus
2696 5305 2845 5345 usus.
2896 5287 3030 5350 Aire
3079 5289 3276 5359 quippe
3305 5289 3464 5360 'prius
3497 5288 3820 5357 proscinde-

2232 5385 2362 5439 bant
2394 5391 2617 5447 terram,
2641 5397 2748 5437 :ere
2772 5381 3068 5436 certamina
3089 5379 3219 5434 belli
3247 5379 3510 5450 gerebant
3534 5397 3548 5433 :
3591 5385 3821 5447 eratque

2231 5476 2286 5530 in
2319 5475 2494 5546 pretio
2521 5475 2694 5545 magis
2716 5489 2808 5528 aes.
2831 5473 3037 5527 Aurum
3059 5486 3187 5526 vero
3209 5481 3264 5526 et
3288 5479 3568 5540 argentum
3593 5477 3822 5539 propter

2230 5567 2574 5622 inutilitatem
2605 5565 3013 5637 rejiciebantur;
3039 5578 3184 5618 nunc
3211 5565 3368 5619 'versa
3397 5562 3512 5616 vice
3531 5561 3678 5631 jacet
3699 5573 3776 5615 tes
3800 5575 3825 5612 τ

2233 5675 2420 5714 aurum
2444 5659 2498 5712 in
2521 5673 2792 5713 summum
2813 5656 2978 5711 cessit
2996 5656 3279 5722 honorem,
3298 5655 3376 5710 sic
3396 5653 3657 5709 volvenda
3682 5659 3821 5706 :etas

2231 5737 2527 5812 commutat
2584 5761 2824 5824 tempora
2868 5757 3155 5818 rerum,et
3201 5747 3342 5820 quod
3373 5747 3474 5802 fuit
3517 5747 3567 5800 in
3615 5743 3822 5817 pretio,
