4038 6324
270 379 379 438 477

1199 365 1289 422 DE
1327 360 1673 422 UNIVERSO
1710 361 1892 418 LIBRI
1927 360 2092 418 XXII.
2130 390 2202 404 —
2238 359 2366 416 LIB.
2405 359 2564 415 XVII.

3433 352 3542 409 478

274 493 337 548 fit
359 487 506 546 nullo
542 486 775 556 denique
815 482 1029 539 honori.
1061 481 1206 537 Usus
1248 479 1373 534 aeris
1406 485 1594 548 postea
1643 474 1860 530 transiit
1887 477 1939 537 Α
1964 475 2234 548 signiﬁcat
2261 475 2316 529 in
2341 470 2550 538 Iudaea,
2575 469 2729 540 cujus
2765 469 3002 526 Libanus
3027 482 3184 524 mons
3227 473 3330 534 est,
3358 465 3546 523 Eccle-

273 585 330 640 in
378 578 720 643 simulacris,
765 577 820 631 in
858 575 1031 638 vasis,
1076 574 1132 628 in
1167 570 1521 627 aedificiorum
1571 565 1859 622 structuris

275 677 531 738 maxime,
558 659 703 726 et/ad
728 667 1143 739 perpetuitatem
1166 668 1660 718 monumentorum.
1683 657 1860 711 Etiam

273 769 507 842 publicae
535 767 590 822 in
619 764 700 820 eis
745 759 1159 818 constitutiones
1199 755 1417 824 scripta:
1468 758 1614 806 sunt.
1647 748 1706 803 In
1752 761 1861 802 :ere

277 874 462 919 autem
488 859 727 924 vanitas,
758 856 842 912 vel
870 854 1106 909 inanitas
1131 852 1252 906 ﬁdei
1282 847 1604 918 exprimitur
1636 862 1651 902 :
1689 852 1750 899 ut
1778 851 1863 900 est

276 953 411 1008 illud
431 951 485 1005 in
516 947 773 1019 Apostolo
799 964 812 1000 :
846 943 1042 999 Factus
1071 959 1188 998 sum
1220 940 1354 995 velut
1383 955 1454 994 ws
1474 955 1693 1002 sonans,
1719 951 1860 1006 cym-

276 1042 454 1098 balum
477 1040 704 1094 tinniens
735 1037 788 1109 (Ι
811 1035 933 1091 Cor.
959 1035 1102 1107 xui).
1151 1033 1283 1087 Item
1327 1031 1487 1084 aliam
1516 1028 1862 1099 significatio-

274 1149 400 1190 nem
447 1131 610 1187 habet
641 1131 694 1184 in
743 1129 836 1184 illo
864 1127 1164 1181 Psalniistze
1208 1143 1220 1177 :
1275 1121 1538 1186 Posuisti,
1568 1119 1772 1188 inquit,
1803 1126 1860 1172 ut

274 1240 460 1280 arcum
507 1238 726 1288 wreum,
757 1220 970 1275 brachia
1026 1235 1138 1272 mea
1173 1214 1345 1289 (Psal.
1391 1213 1549 1285 xvn).
1595 1212 1696 1266 llic
1731 1225 1861 1280 ergo

273 1314 540 1384 propheta
570 1313 904 1367 demonstrat
949 1307 1182 1378 qualiter
1202 1309 1389 1361 Contra
1418 1302 1689 1359 diabolum
1710 1316 1863 1371 opor—

275 1416 356 1462 tet
386 1405 654 1461 dimicari.
691 1402 916 1458 Brachia
957 1415 1086 1456 vero
1114 1398 1317 1455 Christi
1345 1396 1622 1467 prophetae
1643 1402 1767 1448 sunt
1808 1399 1863 1447 et

271 1496 542 1568 Apostoli,
574 1510 674 1566 per
697 1510 835 1564 quos
857 1492 1184 1549 desiderium
1215 1506 1326 1546 suae
1351 1486 1641 1544 voluntatis
1670 1500 1864 1555 opera-

276 1595 366 1642 tus
391 1595 493 1641 est.
528 1586 624 1640 llis
675 1595 953 1654 comparat
979 1597 1181 1638 aereum
1207 1594 1391 1634 arcum
1414 1618 1428 1641 ,
1460 1577 1588 1648 quia
1617 1575 1864 1630 nesciunt

274 1675 418 1730 servi
460 1674 554 1729 Dei
617 1673 957 1744 prtedicando
1012 1670 1330 1726 mollescere
1378 1667 1517 1722 :sed
1562 1666 1618 1720 in
1655 1663 1862 1720 cmlesti

273 1765 589 1820 fortitudine
619 1771 1017 1834 permanentes,
1046 1761 1225 1816 verbis
1270 1757 1596 1814 salutaribus
1623 1755 1855 1817 emissis,

1962 571 2100 626 siam
2149 582 2270 624 esse
2312 564 2741 638 persequendam
2786 561 3055 634 praecipue
3091 559 3398 615 novissimis
3426 559 3543 614 die-

1960 662 2081 718 bus.
2126 662 2186 717 In
2233 662 2411 716 scoria
2459 666 2641 714 autem
2694 664 2875 726 potest
2923 654 3144 722 intelligi
3194 654 3422 725 populus
3447 651 3543 708 Ju—

1961 755 2200 810 dscorum
2225 793 2240 818 ,
2292 751 2379 806 vel
2431 749 2649 821 reprobi
2707 761 2896 802 omnes
2951 762 2981 800 a
3027 743 3260 800 naturali
3321 741 3543 798 metallo

1960 860 2058 915 per
2104 845 2296 899 vitium
2349 842 2553 914 peccati
2605 839 2879 910 reprobati
2927 852 2992 892 ac
3042 833 3289 907 proiecti.
3318 833 3376 888 In
3413 847 3542 903 pro-

1959 938 2123 1008 pheta
2155 950 2170 990 :
2203 933 2396 990 Omnes
2433 934 2520 987 isti
2546 931 2779 987 conversi
2813 938 2937 984 sunt
2962 929 3017 982 in
3060 925 3287 982 scoriam
3313 924 3542 996 argenti,

1960 1037 2067 1085 etc.
2103 1028 2318 1102 (Ezech.
2341 1024 2498 1098 nu).

2554 1154 2781 1212 CAPUT
2815 1153 2940 1221 XV.

2600 1268 2674 1323 De
2705 1268 2915 1323 electro.

2033 1380 2307 1435 Electram
2359 1384 2609 1434 vacatum
2628 1419 2641 1441 ,
2691 1378 2832 1447 quod
2859 1377 2925 1432 ad
2953 1376 3163 1431 radium
3189 1374 3320 1431 solis
3342 1372 3546 1430 clarius

1963 1487 2095 1532 auro
2135 1479 2467 1542 argentoque
2507 1468 2763 1524 reluceat.
2798 1467 2890 1522 Sol
2919 1468 3062 1522 enim
3085 1484 3115 1521 a
3142 1467 3318 1536 poetis
3343 1465 3548 1521 elector

1962 1571 2207 1619 vocatur.
2237 1561 2558 1618 Defrecatius
2596 1569 2678 1616 est
2715 1561 2860 1616 enim
2909 1560 3011 1616 hoc
3052 1558 3330 1614 metallum
3370 1556 3548 1612 omni-

1961 1657 2065 1714 bus
2110 1655 2362 1712 metallis.
2416 1653 2584 1723 Hujus
2619 1654 2720 1707 tria
2754 1661 2880 1707 sunt
2929 1666 3146 1722 genera.
3173 1650 3373 1714 Unum,
3402 1647 3547 1719 quod

1963 1761 2031 1802 ex
2062 1746 2174 1817 pini
2202 1745 2490 1800 arboribus
2533 1742 2680 1810 fluit,
2718 1744 2861 1813 quod
2897 1743 3168 1797 succinum
3205 1741 3438 1804 dicitur;
3473 1738 3549 1793 al-

273 1865 534 1926 tanquam
565 1828 774 1926 sagittis
795 1853 1008 1908 eminus
1023 1851 1298 1922 jaculatis,
1329 1849 1649 1903 dcvotorum
1676 1845 1852 1900 homi—
1885 1832 1932 1892 Β
1960 1846 2137 1893 terum
2186 1835 2474 1898 metallum,
2507 1834 2651 1904 quod
2702 1833 3026 1888 naturaliter
3079 1829 3354 1886 invenitur
3401 1828 3546 1884 etin

273 1964 406 2002 num
458 1948 620 2002 corda
667 1955 1054 2016 compungunt.
1101 1944 1234 1998 Item
1281 1959 1358 1998 tes
1402 1948 1528 1996 sunt
1565 1939 1860 2010 Scriptura:

272 2037 473 2092 divina:
517 2055 531 2090 :
587 2037 730 2091 unde
782 2037 837 2090 in
882 2035 1060 2091 Isaia:
1103 2034 1206 2088 Pro
1257 2049 1382 2097 wre,
1410 2030 1611 2101 inquit,
1639 2031 1859 2099 a/feram

274 2145 468 2183 aurum
489 2169 504 2195 ,
533 2139 581 2182 et
613 2144 707 2197 pro
751 2127 892 2197 ferro
947 2127 1168 2195 alierum
1195 2133 1491 2194 argentum,
1519 2133 1566 2175 et
1591 2137 1685 2192 pro
1707 2118 1861 2191 lignis

275 2237 352 2275 ws
394 2218 530 2289 (Isa.
559 2219 685 2290 1.x);
726 2227 781 2273 et
822 2219 876 2272 in
927 2214 1346 2272 Deuteronomio
1399 2221 1618 2285 propter
1663 2219 1861 2266 terram

275 2309 741 2382 repromissionis,
773 2325 892 2380 qua:
912 2317 996 2364 est
1021 2308 1283 2372 Ecclesia,
1315 2306 1390 2360 ait
1429 2323 1442 2360 :
1478 2304 1641 2375 Cujus
1663 2302 1862 2372 lapides

275 2402 479 2472 ferrum
500 2411 640 2467 sunt,
661 2411 710 2455 et
737 2401 801 2455 de
828 2400 980 2470 cujus
1009 2399 1292 2462 montibus,
1326 2397 1379 2452 id
1400 2403 1503 2462 est,
1529 2393 1857 2457 doctoribus,

289 2492 416 2547 wris
441 2491 654 2545 metalla
695 2491 970 2560 fodiuntur
1019 2489 1199 2560 (Deut.
1230 2486 1370 2558 vm).
1403 2485 1504 2540 {Es
1531 2482 1864 2556 paenitentiae

263 2589 366 2636 est
392 2580 649 2636 fortitudo
694 2580 779 2635 vel
807 2595 972 2634 sonus
994 2577 1423 2649 praedicationis,
1453 2583 1513 2630 ut
1539 2575 1596 2629 in
1627 2574 1814 2630 Exodo
1845 2591 1859 2628 :

276 2669 484 2736 Omnis,
515 2671 703 2741 inquit,
727 2672 817 2742 qui
837 2671 1052 2741 percipit
1082 2670 1258 2734 corde,
1291 2669 1477 2737 o/j‘erat
1499 2666 1724 2720 Domino
1761 2681 1863 2718 au-

202 2771 214 2781 ‘
278 2776 404 2816 rum
433 2771 481 2816 et
508 2771 779 2832 argentum
831 2771 879 2816 et
924 2765 1264 2815 wramentum
1319 2756 1688 2830 (Exod.xxv).
1730 2755 1862 2810 Item

275 2866 358 2908 ωε
381 2851 752 2907 fortitudinem
778 2851 1034 2908 Ecclesiae
1061 2851 1114 2906 in
1142 2849 1550 2921 longanimitate
1591 2846 1865 2918 patientiae

282 2942 592 3014 significat:
627 2943 770 2998 unde
809 2952 892 2998 est
925 2941 1054 2997 illud
1086 2942 1138 2996 in
1169 2940 1270 2996 Job
1299 2957 1313 2994 :
1345 2939 1505 3011 Lapis
1539 2938 1739 2994 solutus
1778 2955 1866 2991 ca-

279 3034 395 3088 lore
425 3034 481 3088 in
509 3051 579 3088 ws
605 3035 820 3088 vertitur
850 3032 992 3103 (Job.
1026 3030 1244 3102 xxvrn).
1271 3031 1403 3085 Item
1433 3029 1499 3085 de
1531 3027 1866 3083 Antichristo

281 3125 342 3180 in
381 3125 569 3180 eodem
599 3125 736 3180 libro
764 3124 961 3196 legitur
985 3142 998 3178 :
1029 3123 1299 3194 Reputavit
1344 3122 1544 3192 ferrum
1573 3129 1630 3174 ut
1659 3118 1862 3191 paleas,

1946 1931 2138 2000 pretio
2169 1928 2416 1983 habetur.
2449 1927 2715 1992 Tertium,
2746 1924 2890 1995 quod
2917 1924 2976 1978 lit
3002 1923 3067 1979 de
3098 1923 3270 1977 tribus
3302 1921 3548 1992 partibus

1963 2019 2080 2074 auri
2135 2027 2191 2074 et
2225 2017 2434 2088 argenti
2464 2033 2600 2082 una;
2653 2031 2792 2086 quas
2819 2023 3023 2086 partes,
3055 2012 3267 2068 etiamsi
3299 2009 3549 2065 naturale

1962 2110 2158 2173 solvas,
2192 2108 2437 2163 invenies
2476 2108 2600 2162 inde
2651 2107 2788 2161 nihil
2825 2107 3093 2160 interesse
3141 2111 3330 2158 natum
3372 2117 3441 2156 an
3472 2100 3550 2155 fa-

1962 2205 2155 2254 ctum:
2193 2205 2485 2264 utrumque
2534 2193 2679 2248 enim
2729 2192 2971 2264 ejusdem
3020 2198 3232 2261 natura:
3275 2196 3378 2244 est.
3426 2187 3551 2242 Ele-

1962 2297 2159 2353 ctrum,
2191 2287 2332 2356 quod
2353 2293 2437 2341 est
2461 2283 2727 2348 naturale,
2757 2281 3024 2354 ejusmodi
3072 2289 3282 2336 naturae
3329 2286 3414 2335 est
3435 2319 3451 2344 ,
3491 2285 3553 2333 ut

1962 2379 2017 2434 in
2050 2378 2297 2434 convivio
2347 2383 2402 2432 et
2451 2375 2519 2430 ad
2565 2374 2769 2429 lumina
2817 2372 3018 2427 clarius
3060 2371 3270 2426 cunctis
3317 2368 3551 2424 metallis

1962 2469 2186 2541 fulgeat,
2214 2476 2268 2524 et
2293 2483 2560 2524 venenum
2604 2465 2818 2536 prodat.
2851 2463 2988 2518 Nam
3019 2462 3063 2517 si
3089 2477 3154 2517 eo
3177 2459 3432 2515 infundas
3456 2473 3550 2514 vc-

1962 2578 2186 2628 nenum,
2220 2561 2509 2625 stridorem
2544 2557 2677 2622 edit,
2699 2566 2755 2612 et
2778 2556 2989 2613 colores
3029 2555 3212 2610 varios
3238 2554 3292 2609 in
3331 2552 3550 2608 modum

1963 2668 2122 2708 arcus
2170 2651 2407 2708 ctelestis
2435 2650 2652 2706 emittit.
2685 2649 2763 2718 De
2787 2649 2993 2704 electro
3043 2655 3224 2702 autem
3257 2645 3310 2699 in
3342 2644 3553 2700 visione

1962 2743 2260 2800 Ezechielis
2282 2744 2561 2815 propheta:
2610 2743 2684 2796 ita
2723 2742 2984 2811 scriptum
3011 2747 3096 2794 est
3122 2757 3135 2792 :
3167 2738 3237 2791 Et
3267 2737 3370 2792 vidi
3400 2735 3556 2807 quasi

1962 2834 2180 2906 speciem
2229 2831 2428 2900 electri,
2453 2830 2594 2888 velut
2645 2831 2910 2902 aspectum
2939 2830 3075 2900 ignis
3097 2829 3417 2884 "intrinsecus
3463 2841 3557 2897 per

1963 2925 2238 2979 circuitum
2267 2942 2300 2978 a
2324 2913 2513 2978 lumbis
2563 2923 2679 2994 ejus
2704 2931 2751 2976 et
2788 2921 3042 2991 desuper;
3067 2929 3114 2973 et
3145 2935 3178 2972 a
3206 2917 3396 2971 lumbis
3442 2916 3556 2985 ejus

1964 3030 2127 3084 usque
2155 3013 2400 3068 deorsum
2428 3012 2532 3068 vidi
2552 3013 2704 3082 quasi
2729 3010 3115 3082 speciem-ignis
3144 3005 3462 3080 splendentis
3499 3005 3556 3059 in
3607 3041 3612 3045 -

1966 3105 2211 3170 circuitu,
2241 3105 2375 3160 velut
2403 3114 2666 3175 aspectum
2696 3119 2882 3168 arcus,
2911 3118 3029 3155 cum
3059 3101 3215 3172 fuerit
3243 3101 3294 3154 in
3324 3099 3458 3153 nube
3501 3097 3558 3151 in

281 3226 334 3272 et
373 3234 445 3271 tes
481 3218 536 3271 in
559 3217 758 3288 lignum
777 3181 1048 3288 putridum
1075 3181 1217 3289 (ἇοθ.
1254 3181 1388 3285 χιι).
1421 3214 1478 3268 In
1502 3228 1609 3282 quo
1638 3181 1860 3268 deuota;
1895 3181 1940 3243 Ο
1971 3195 2056 3289 die
2082 3195 2272 3289 ρζιιυίτε
2295 3194 2526 3289 (ἐξέτεξιι-⁷
2544 3195 2606 3284 1)·
2640 3194 2782 3289 Ωιιίᾲ
2808 3201 2891 3249 εει
2939 3192 3086 3289 (ιιιοᾲ
3110 3187 3560 3289 θερςεςιυξξιοηιίς

281 3314 376 3363 tur
404 3309 521 3380 ejus
558 3310 869 3380 pertinaciae
908 3310 1074 3381 rigor.
1129 3308 1362 3364 Rursum
1398 3323 1473 3363 aes
1511 3311 1873 3361 murmurato-

283 3400 457 3455 resin
501 3399 722 3471 ﬂagellis
758 3399 853 3455 Dei
883 3399 1181 3470 significat,
1211 3407 1269 3452 ut
1302 3399 1355 3452 in
1392 3397 1660 3467 propheta
1689 3414 1700 3449 :
1740 3393 1871 3448 Om-
1902 3439 1913 3450 .

285 3505 402 3555 nes,
440 3489 636 3560 inquit,
675 3490 762 3543 isti
793 3489 1025 3543 conversi
1068 3498 1186 3542 sunt
1216 3489 1270 3541 in
1297 3488 1526 3541 scoriam
1562 3485 1786 3556 argenti,
1818 3486 1874 3538 in

284 3580 459 3634 medio
484 3581 714 3650 fornacis
740 3597 834 3644 ws,
859 3589 1103 3633 stannum
1125 3588 1171 3633 et
1197 3578 1464 3649 plumbum
1480 3577 1872 3649 (Ezeclt.xxu).

285 3669 672 3733 Aurichalcum
722 3670 948 3734 dictum,
991 3669 1134 3738 quod
1179 3677 1232 3723 et
1263 3670 1603 3739 splendorem
1631 3668 1770 3733 auri,
1823 3675 1878 3722 et

285 3762 548 3822 duritiam
563 3761 685 3815 (eris
700 3762 1003 3832 possideat:
1020 3769 1102 3815 est
1115 3769 1294 3815 autem
1309 3777 1502 3816 nomen
1517 3761 1876 3831 compositum

289 3868 356 3910 es
387 3851 569 3922 lingua
595 3851 759 3910 latina
789 3859 842 3907 et
873 3866 1045 3922 graeca
1073 3870 1084 3904 :
1116 3867 1191 3906 aes
1223 3852 1366 3906 enim
1397 3867 1646 3906 sermone
1679 3867 1880 3922 graeco-

288 3959 427 4018 rum
442 3942 658 3997 chalcos
683 3950 937 3996 vocatur:
957 3940 1015 3994 fit
1045 3948 1224 3996 autem
1247 3957 1312 3995 ex
1336 3957 1442 3996 tere
1463 3949 1518 3995 et
1545 3941 1667 4012 igne
1688 3939 1878 4006 multo,

291 4047 362 4087 ac
411 4031 858 4086 medicaminibus
897 4031 1210 4102 perducitur
1251 4032 1318 4086 ad
1356 4047 1579 4086 aureum
1619 4030 1878 4085 colorem.

295 4119 632 4177 Corinthium
656 4130 738 4176 est
762 4121 1072 4176 commixtio
1094 4122 1335 4176 omnium
1357 4121 1717 4188 metallorum,
1737 4121 1882 4192 quod
1923 4129 1934 4138 '

297 4226 458 4266 casus
504 4211 738 4281 primum
791 4211 1028 4276 miscuit,
1077 4210 1372 4276 Corintho,
1404 4227 1525 4266 cum
1572 4219 1880 4282 caperetur,

297 4299 540 4356 incensa.
589 4297 721 4352 Nam
777 4298 903 4369 dum
936 4299 1077 4353 hanc
1128 4299 1400 4353 civitatem
1444 4298 1676 4354 Annibal
1708 4298 1882 4369 cepis-

300 4398 404 4454 set,
437 4404 625 4444 omnes
675 4395 884 4443 statuas
916 4403 1095 4444 teneas
1133 4389 1187 4442 in
1217 4404 1381 4443 unum
1417 4405 1605 4462 rogum
1655 4403 1881 4460 conges-

299 4484 393 4548 sit,
426 4490 481 4537 et
525 4497 616 4535 eas
648 4480 906 4535 incendit.
957 4480 1033 4535 Ita
1079 4496 1145 4535 ex
1190 4481 1292 4535 hac
1340 4480 1724 4535 commixtione
1745 4479 1881 4534 fabri

299 4571 640 4630 sustulerunt
688 4577 744 4623 et
801 4568 1044 4628 fecerunt
1084 4569 1446 4638 paropsides:
1492 4569 1572 4624 sic
1599 4567 1882 4624 Corinthia

300 4675 430 4721 nata
456 4672 580 4719 sunt
607 4678 676 4720 ex
709 4662 959 4718 omnibus
997 4661 1051 4716 in
1091 4678 1278 4726 unum,
1302 4676 1402 4716 nec
1430 4661 1555 4726 hoc,
1580 4675 1679 4715 nec
1732 4659 1882 4714 illud.

303 4755 462 4811 Unde
505 4763 560 4815 et
607 4768 778 4822 usque
806 4755 859 4806 in
886 4752 1206 4811 hodiernum
1254 4751 1397 4805 diem
1435 4769 1448 4804 :
1492 4751 1605 4806 sive
1633 4765 1696 4804 ex
1731 4750 1884 4819 ipso,

305 4846 422 4902 sive
456 4861 521 4906 ex
543 4846 842 4907 imitatione
871 4846 987 4920 ejus
1015 4860 1090 4900 ws
1115 4843 1458 4900 Corinthium
1496 4843 1580 4898 vel
1606 4841 1886 4897 Corinthia

304 4951 434 4990 vasa
461 4937 732 4991 dicuntur.
763 4935 986 5008 Legitur
1021 4936 1165 4991 enim
1198 4936 1252 4990 in
1280 4933 1600 5006 Apocalypsi
1632 4933 1816 5005 (Apoc.
1844 4930 1883 5005 ι)

307 5029 374 5084 de
423 5029 771 5086 similitudine
801 5028 921 5083 Filii
965 5027 1240 5083 hominis:
1270 5025 1413 5098 quod
1465 5033 1627 5096 caput
1673 5025 1789 5096 ejus
1834 5033 1890 5079 et

306 5121 485 5189 capilli
535 5132 691 5176 erant
743 5121 980 5186 candidi,
1014 5129 1271 5190 tanquam
1324 5121 1445 5174 lana
1481 5119 1600 5174 alba
1654 5129 1711 5173 et
1766 5126 1887 5172 tan-

307 5221 472 5282 quam
520 5213 611 5268 nix
647 5232 660 5266 :
701 5224 756 5268 et
793 5213 935 5269 oculi
985 5212 1103 5282 ejus
1152 5213 1295 5267 velut
1338 5211 1553 5266 ﬂamma
1607 5211 1747 5282 ignis
1779 5230 1790 5264 :
1826 5219 1883 5266 et

307 5305 475 5379 pedes
529 5303 645 5372 ejus
687 5305 888 5360 similes
915 5303 1226 5381 aurichalco
1260 5305 1404 5358 sicut
1429 5303 1484 5357 in
1512 5303 1722 5358 camino
1754 5303 1891 5372 ignis

309 5395 582 5452 ardentes.
607 5396 776 5452 Pedes
799 5397 995 5468 ignilos
1018 5395 1296 5450 novissimi
1319 5395 1576 5464 temporis
1594 5393 1890 5448 Ecclesiam

238 5508 242 5510 ·
312 5488 467 5553 dicit,
501 5504 619 5558 qua:
648 5489 1060 5543 vehementibus
1111 5495 1194 5541 cst
1247 5485 1603 5540 examinanda
1654 5493 1710 5538 et
1761 5500 1889 5554 pro-

312 5577 489 5630 bauda
521 5577 809 5647 pressuris.
837 5575 1222 5630 Anricbalcum
1275 5575 1472 5644 quippe
1502 5582 1585 5629 est
1612 5589 1687 5629 res
1724 5573 1893 5627 multo

311 5667 437 5737 igne
457 5676 509 5722 et
543 5667 894 5727 medicamine
937 5666 1254 5738 perductum
1287 5665 1353 5720 ad
1384 5680 1605 5719 aureum
1635 5665 1888 5719 colorem.

310 5756 432 5815 Alia
467 5759 770 5827 translatio,
806 5775 924 5832 quzc
955 5756 1083 5813 dicit
1108 5756 1313 5816 similes
1339 5756 1647 5814 aurichalco
1678 5757 1887 5824 Libani,

1975 3287 2060 3342 nis
2085 3288 2298 3342 videtur
2317 3277 2374 3341 in
2405 3278 2601 3341 throno
2632 3285 2786 3355 quasi
2806 3285 3018 3355 species
3039 3282 3261 3337 electri?
3287 3280 3389 3334 nisi
3415 3277 3563 3349 quad

1974 3378 2028 3432 in
2052 3376 2252 3433 electro
2269 3393 2456 3432 aurum
2480 3386 2536 3432 et
2564 3385 2846 3448 argentum
2869 3376 3146 3437 miscetur,
3167 3382 3227 3427 ut
3245 3386 3332 3427 res
3361 3384 3465 3424 una
3490 3383 3562 3425 ex

1975 3470 2208 3526 metallis
2241 3470 2450 3525 duobus
2487 3469 2602 3535 fiat,
2629 3469 2684 3522 in
2729 3484 2834 3538 qua
2877 3476 2932 3522 et
2959 3482 3057 3536 per
3103 3471 3390 3534 argentum
3441 3459 3564 3515 auri

1975 3562 2199 3617 claritas
2240 3551 2595 3629 temperatur,
2622 3568 2676 3614 et
2705 3575 2802 3629 per
2848 3557 3158 3613 claritatem
3195 3555 3311 3609 auri
3353 3552 3562 3622 species

1977 3659 2228 3715 clarescit
2252 3657 2481 3729 argenti.
2509 3657 2566 3710 In
2593 3656 2933 3725 redemptore
2974 3661 3154 3707 autem
3180 3657 3366 3705 nostro
3395 3654 3561 3701 utra:-

1978 3769 2083 3824 qne
2119 3761 2349 3815 naturai,
2391 3749 2443 3804 id
2487 3757 2572 3804 est
2613 3747 2912 3802 divinitatis
2963 3754 3018 3801 et
3063 3739 3450 3804 humanitatis,
3481 3739 3566 3793 in-

1979 3843 2202 3898 confuse
2235 3851 2398 3910 atque
2433 3839 2866 3909 inseparabiliter
2893 3838 3113 3894 sibimet
3143 3842 3268 3890 sunt
3296 3833 3479 3896 unitze,
3503 3838 3566 3884 ut

1977 3947 2076 4002 per
2099 3931 2488 3986 humanitatem
2509 3928 2808 3983 divinitatis
2829 3929 2946 3999 ejus
2971 3926 3191 3981 claritas
3218 3923 3416 3978 nostris
3438 3936 3562 3990 pos-

1981 4033 2063 4078 set
2084 4022 2258 4078 oculis
2285 4019 2600 4091 temperari,
2634 4027 2688 4075 et
2713 4034 2810 4088 per
2841 4018 3181 4073 divinitatem
3227 4015 3465 4068 humana
3508 4010 3563 4064 in

1980 4129 2045 4170 eo
2076 4124 2268 4168 natura
2295 4113 2614 4177 clarescere,
2643 4123 2808 4181 atque
2852 4110 3090 4166 exaltata
3118 4107 3380 4178 fulgorem
3424 4104 3564 4160 ultra

1982 4207 2084 4262 hoc
2109 4204 2250 4278 quod
2279 4211 2460 4260 creata
2487 4203 2663 4258 fuerat
2695 4203 2919 4258 habere.

2563 4316 2790 4374 CAPUT
2830 4315 2969 4371 XVI.

2602 4430 2684 4494 De
2723 4440 2932 4486 stanno.

1912 4530 1962 4588 Ῐ)
2058 4546 2248 4603 Stanni
2271 4545 2593 4618 etymologia
2624 4544 3003 4614 apochorizon,
3028 4542 3081 4597 id
3103 4549 3208 4607 est,
3231 4557 3490 4611 scparans
3513 4547 3572 4596 et

1989 4653 2300 4693 secernens.
2329 4637 2485 4691 Mista
2538 4636 2682 4690 enim
2738 4643 2793 4689 et
2839 4634 3140 4688 adulterata
3189 4633 3330 4686 inter
3375 4645 3432 4684 se
3468 4644 3568 4698 per

1991 4731 2170 4800 ignem
2199 4727 2415 4783 metalla
2451 4726 2723 4789 dissociat,
2755 4723 2905 4778 etab
2947 4739 3080 4778 auro
3125 4730 3179 4776 et
3221 4728 3446 4790 argento
3489 4735 3566 4773 tes

1987 4821 2369 4891 plumbumque
2393 4817 2646 4873 secernit.
2684 4816 2800 4871 Alia
2824 4831 3038 4887 quoque
3087 4813 3302 4869 metalla
3346 4811 3414 4866 ab
3443 4811 3565 4882 igne

1989 4911 2244 4977 defendit,
2291 4918 2489 4965 etcum
2513 4909 2583 4963 sit
2614 4915 2806 4961 natura
2837 4907 2963 4962 :eris
2985 4905 3223 4974 ferrique
3251 4903 3564 4968 durissima,

1990 5005 2036 5060 si
2063 5005 2263 5073 absque
2284 5011 2479 5058 stanno
2505 4999 2687 5066 fuerit,
2705 5001 2880 5054 uritur
2907 5007 2962 5054 et
2986 5007 3279 5053 crematur.
3305 4996 3569 5050 Stannum

1991 5099 2182 5154 illitum
2204 5096 2361 5152 :ereis
2390 5096 2533 5150 vasis
2560 5109 2806 5165 saporem
2837 5093 2966 5147 facit
3004 5089 3319 5161 gratiorem,
3348 5095 3402 5142 et
3423 5102 3570 5141 com-

1989 5191 2163 5262 pescit
2189 5189 2339 5243 virus
2377 5188 2650 5259 aeruginis.
2705 5174 3140 5254 Specula'etiam
3167 5197 3233 5235 ex
3259 5195 3324 5235 eo
3367 5187 3571 5248 tempe-

1992 5290 2201 5337 rantur.
2226 5280 2454 5335 Cerussa
2477 5292 2689 5349 quoque
2715 5292 2778 5331 ex
2812 5291 2896 5340 eo,
2926 5275 3065 5329 sicut
3089 5289 3155 5329 ex
3180 5272 3419 5344 plumbo,
3443 5284 3573 5326 con-

1994 5375 2191 5429 ficitur.
2221 5372 2484 5426 Stannum
2533 5368 2817 5440 allegorice
2847 5366 3194 5437 sophisticam
3249 5362 3574 5418 locutionem

1981 5473 2050 5519 .et
2109 5463 2485 5518 haereticorum
2557 5460 2954 5514 simulationem
3009 5458 3316 5530 significare
3374 5459 3571 5525 potest.

1998 5553 2152 5608 Unde
2172 5559 2225 5607 et
2252 5553 2303 5606 in
2333 5549 2634 5615 Ezechiele,
2663 5550 2753 5604 ubi
2789 5550 2854 5605 de
2882 5549 3008 5621 Tyri
3041 5547 3272 5619 negotiis
3307 5555 3577 5600 memora-

1998 5651 2106 5706 tur,
2133 5642 2202 5696 ita
2234 5641 2490 5709 scriptum
2516 5649 2599 5695 est
2627 5658 2639 5693 :
2670 5638 3106 5711 Carthaginenses
3135 5636 3478 5708 negotiatores
3499 5631 3576 5685 tui

1998 5751 2028 5786 a
2073 5731 2403 5787 multitudine
2456 5741 2762 5786 cunctarum
2794 5731 3094 5786 divitiarum
3125 5736 3336 5798 argento
3357 5766 3371 5793 ,
3396 5725 3536 5794 [erro
3557 5761 3572 5786 ,
