4038 6324
480 298 588 357 879

1139 294 1202 351 Β.
1242 292 1498 351 RABANI
1534 291 1755 350 MAURl
1791 287 2110 348 ARCHIEP.
2151 285 2460 346 MOGUNT.
2498 283 2791 345 OPERUM
2821 282 3002 340 PARS
3040 280 3104 339 Il.

481 423 695 477 stauno,
721 408 1034 482 plumboque
1063 406 1382 478 repleverunt
1411 403 1674 460 nundinas
1705 412 1823 457 tuas
1850 401 2068 474 (Ezech.
2098 404 2147 462 Α
2177 414 2333 455 terra:
2362 397 2582 454 condat.
2633 396 2777 451 Idem
2812 402 2870 450 et
2905 392 3132 465 chalybs
3160 407 3191 447 a
3226 390 3468 463 Chalyln
3504 389 3772 461 ﬂumine,

482 503 677 571 xxvii).
728 500 870 570 Ergo
920 498 1191 554 nundinas
1243 496 1370 568 Tyri
1412 510 1520 550 non
1564 509 1696 550 auro
1736 508 1838 548 nec
1891 492 2068 562 lapide

482 592 720 665 pretioso
743 630 759 657 ,
809 590 903 646 sed
963 597 1222 659 argento,
1271 587 1449 653 ferro,
1504 595 1701 641 stanno
1743 584 2087 655 plumboque-

485 680 865 751 multiplicant,
896 679 1159 734 habentes
1200 676 1403 746 eloquii
1453 684 1794 731 venustatem
1822 682 1879 729 et
1917 687 2069 727 arma

484 771 555 827 ad
575 772 1009 841 expugnandum,
1033 777 1089 824 et
1112 769 1167 823 in
1196 777 1392 824 stanno
1412 767 1615 837 eloquii
1640 766 2067 832 similitudinem,

485 863 631 931 quod
677 864 939 917 mentitur
985 871 1229 930 argento,
1281 868 1351 916 et'
1393 860 1447 914 in
1493 859 1712 929 plumbo
1740 860 2070 929 impietatem

484 953 860 1023 gravissimam
885 951 1039 1023 juxta
1083 951 1427 1015 Zachariam,
1456 951 1510 1005 in
1554 966 1662 1019 quo
1689 951 1886 1005 mulier
1933 950 2072 1005 sedit

486 1059 649 1113 super
678 1043 938 1098 talentum
969 1043 1207 1113 plumbi,
1236 1049 1293 1097 et
1329 1039 1569 1111 Egyptii
1597 1039 1829 1095 demersi
1860 1048 1986 1094 sunt
2014 1039 2072 1093 in

486 1134 843 1202 profundum,
874 1135 1013 1190 sicut
1040 1133 1337 1203 plumbum.
1369 1132 1552 1201 Longa
1579 1129 1916 1201 singulorum
1958 1129 2075 1184 dis-

488 1225 699 1293 putatio
749 1224 1120 1289 metallorum,
1154 1224 1248 1279 scd
1295 1222 1548 1279 brevitati
1593 1222 1915 1276 studendum
1965 1226 2070 1273 est.

485 1314 619 1370 Item
644 1323 896 1370 stannum
916 1324 1002 1370 est
1027 1314 1297 1370 simulatio
1317 1311 1645 1376 sanctitatis,
1679 1318 1742 1365 ut
1762 1311 1814 1364 in
1841 1310 2075 1379 prophe-

2169 489 2258 545 ubi
2288 488 2489 542 ferrum
2519 488 2726 558 optima
2775 493 2893 541 arte
2917 492 3272 553 temperatur.
3334 482 3487 540 Unde
3526 485 3774 542 abusive

2170 579 2366 635 dicitur
2397 576 2622 649 chalybs
2645 578 2758 646 ipsa
2786 575 3061 638 materies,
3086 583 3148 630 ut
3170 572 3595 647 :Vulni/icusque
3618 577 3770 632 clm-

2170 669 2305 740 lybs.
2328 669 2480 723 Ferri
2509 683 2640 722 usus
2664 676 2788 739 post
2807 667 2913 721 alia
2939 665 3155 722 metalla
3178 675 3426 737 repertus
3450 677 3569 723 est:
3596 668 3773 738 cuius

2168 770 2355 832 postea
2410 776 2569 816 versa
2617 761 2675 815 in
2729 759 3080 830 opprobrium
3111 760 3321 830 species
3372 777 3388 815 :
3444 775 3572 815 nam
3608 761 3773 817 unde

2169 858 2319 930 prius
2362 856 2518 913 tellus
2561 856 2915 922 tractabatur,
2946 855 3075 911 inde
3125 854 3287 910 modo
3319 868 3486 911 cruor
3514 855 3769 911 ell'undi-

2171 956 2280 1003 tur.
2309 946 2536 1003 Ferrum
2563 945 2795 1017 mystice
2832 945 3103 1017 signiﬁcat
3127 946 3532 1002 tribulationem
3562 956 3620 1002 et
3661 962 3774 1001 an-

2171 1038 2425 1108 gustiam,
2456 1044 2518 1091 ut
2540 1045 2625 1092 est
2650 1036 2780 1091 illud
2812 1038 2863 1091 in
2893 1035 3100 1107 psalmo
3130 1036 3199 1092 de
3241 1034 3443 1107 Ioseph
3478 1054 3494 1093 :
3521 1036 3772 1092 Ferrum

2170 1129 2499 1199 pertransivit
2557 1128 2790 1182 animam
2834 1128 2950 1199 ejus
2994 1126 3113 1199 (Ps.
3136 1128 3271 1199 etv).
3301 1128 3530 1184 Ferrum
3570 1136 3771 1184 autem

2172 1220 2262 1275 hic
2319 1215 2541 1275 indicat'
2573 1218 2972 1275 tribulationem
3022 1219 3171 1274 durae
3218 1219 3585 1284 necessitatis,
3633 1235 3773 1291 qtae

2173 1310 2411 1366 instante
2431 1310 2611 1364 anima
2648 1318 2996 1380 pervagatur,
3023 1311 3152 1365 dum
3184 1308 3253 1365 de
3282 1309 3483 1366 futuris
3519 1311 3771 1368 sollicite

488 1414 546 1460 ta
574 1423 588 1458 :
621 1404 813 1459 Omnes
843 1404 930 1458 isti
959 1405 1192 1459 conversi
1220 1413 1341 1458 sunt
1373 1403 1498 1457 mihi
1521 1403 1576 1455 in
1604 1401 1830 1455 scoriam
1850 1400 2071 1472 argenti,
2165 1400 2279 1471 jam
2310 1402 2451 1456 mala
2478 1402 2702 1472 patitur,
2723 1418 2844 1472 quae
2870 1403 3061 1457 timere
3086 1418 3193 1459 non
3218 1403 3436 1459 desinit.
3480 1402 3629 1459 Talis
3670 1402 3771 1459 illa
3816 1455 3825 1465 ,

487 1504 859 1561 a's,stannum
889 1503 937 1548 et
961 1492 1231 1564 plumbum
1260 1492 1477 1563 (Ezeclt.
1496 1492 1653 1562 xin).

1063 1604 1292 1660 CAPUT
1329 1603 1503 1658 ΧἮΙί

1109 1675 1189 1729 De
1216 1674 1447 1745 plumbo.

2174 1493 2230 1550 in
2252 1493 2543 1565 Evangelia
2567 1493 2768 1571 laetitia
2810 1501 2915 1557 est,
2948 1493 3038 1548 ubi
3070 1493 3289 1549 Simeon
3348 1494 3483 1549 dicit
3525 1494 3596 1548 ad
3646 1492 3775 1550 Ila-

2172 1580 2310 1637 riam
2340 1599 2353 1635 :
2380 1580 2449 1635 Et
2488 1590 2633 1635 tuam
2667 1582 2830 1652 ipsius
2875 1582 3106 1636 animam
3158 1582 3494 1652 pertransibit
3547 1582 3772 1654 gladius

2176 1669 2327 1744 (Luc.
2358 1671 2454 1743 u);
2503 1672 2835 1743 signiﬁcans,
2871 1673 3181 1729 habituram
3208 1682 3435 1729 matrem
3462 1674 3773 1746 gloriosam

557 1764 866 1830 Plumbum,
901 1765 1107 1822 dictum
1148 1765 1292 1836 quod
1324 1780 1389 1820 ex
1423 1780 1488 1820 eo
1508 1766 1745 1836 primum
1770 1765 1894 1836 pilis
1915 1765 2076 1823 factis
2101 1749 2151 1810 Β
2180 1761 2456 1816 tristitiam
2499 1762 2795 1818 Dominicze
2833 1763 3117 1834 passionis.
3153 1762 3309 1831 Quod
3336 1779 3508 1835 genus
3533 1765 3775 1821 locutio-

492 1854 664 1908 maris
715 1854 944 1910 altitudo
971 1862 1178 1910 tentata
1206 1863 1310 1909 est.
1368 1852 1538 1922 Hujus
1586 1869 1715 1909 vero
1742 1854 1850 1911 duo
1877 1870 2079 1926 genera

490 1952 645 2010 sunt,
664 1946 872 2015 nigrum
890 1954 946 2001 et
962 1945 1272 2010 candidum;
1290 1945 1385 2001 sed
1399 1945 1591 2000 melius
1607 1946 1917 2013 candidum,
1935 1947 2078 2016 quod

488 2035 644 2106 prius
671 2035 727 2091 in
754 2036 946 2092 insulis
975 2035 1243 2107 Atlantici
1288 2036 1459 2092 maris
1484 2037 1762 2092 inventum
1784 2047 1887 2093 est.
1906 2038 2081 2109 Siqui-

490 2126 614 2181 dem
658 2125 795 2181 etin
831 2126 1111 2184 Lusitania
1146 2134 1203 2182 et
1224 2126 1280 2182 in
1307 2126 1546 2183 Gallecia
1573 2128 1834 2199 gignitur,
1866 2144 2079 2185 summa

492 2226 637 2272 terra
658 2233 886 2274 arenosa
918 2227 976 2275 et
996 2219 1194 2276 coloris
1218 2220 1361 2292 nigri
1391 2229 1443 2276 et
1475 2221 1714 2292 pondere
1749 2222 1951 2293 gravis.
1990 2222 2079 2278 In-

491 2307 801 2362 terveniunt
828 2316 884 2363 et
922 2308 1117 2363 minuti
1161 2308 1393 2376 calculi,
1419 2310 1657 2366 maxime
1691 2326 1723 2366 e
1750 2311 2081 2367 torrentibus

487 2394 738 2462 siccatis;
768 2396 952 2451 lavant
970 2412 1064 2454 eas
1092 2407 1384 2464 arenas,et
1407 2399 1552 2469 quod
1572 2399 1825 2465 subsidit,
1841 2408 2083 2470 coquunt

488 2486 543 2540 in
565 2485 897 2542 fornacibus.
917 2487 1268 2544 Inveniuntur
1285 2500 1343 2544 et
1364 2488 1419 2545 in
1439 2490 1621 2546 aureis
1657 2490 1912 2557 metallis,
1938 2507 2079 2562 aqua

464 2634 469 2637 ν
490 2578 684 2643 missa,
711 2577 903 2634 calculi
929 2579 1067 2650 nigri
1094 2586 1151 2634 et
1177 2594 1395 2652 graves,
1420 2589 1479 2636 et
1500 2581 1627 2636 dum
1653 2596 1847 2637 aurum
1872 2582 2081 2654 colligi-

491 2675 602 2734 tur,
634 2683 758 2723 cum
811 2683 879 2725 eo
931 2680 1267 2728 remanent:
1318 2681 1506 2742 postea
1557 2673 1797 2743 separati
1840 2674 2103 2731 conﬁanr

490 2767 613 2823 tur,
665 2768 723 2814 et
777 2760 832 2816 in
880 2760 1159 2832 plumbum
1210 2762 1393 2818 album
1450 2763 1812 2820 resolvuntur.
1855 2765 1984 2822 Inde
2024 2773 2083 2822 et

489 2850 682 2906 eadem
732 2852 970 2922 gravitas
1024 2852 1253 2922 plumbi,
1306 2869 1427 2924 quae
1473 2855 1591 2910 auri
1637 2863 1740 2912 est.
1776 2855 1867 2912 Sic
1891 2864 1949 2912 et
1984 2871 2082 2911 eu-

495 2939 696 3007 piditas
742 2941 928 2997 mundi
956 2952 1014 2998 et
1040 2943 1265 2997 avaritia
1311 2944 1665 3014 pecuniarum
1696 2959 1928 3001 onerosa
1972 2952 2075 3006 est.

491 3041 550 3086 et
595 3032 917 3100 gravissima
962 3034 1252 3103 iniquitate
1280 3035 1539 3104 opprimit
1561 3044 1860 3093 amatorem
1883 3035 2076 3107 ipsius.

1061 3143 1290 3202 CAPUT
1329 3145 1516 3202 XVIII.

1145 3215 1226 3271 De
1259 3216 1421 3287 ferro.

563 3310 790 3367 Ferrum
810 3295 1206 3384 dictum,un
1226 3314 1395 3379 farra,
1415 3311 1471 3369 id
1491 3320 1574 3367 est
1587 3351 1605 3378 ,
1631 3312 1841 3369 semina
1866 3310 2081 3383 frugum

2178 1850 2265 1907 nis
2293 1851 2434 1906 inter
2460 1852 2678 1923 propria
2706 1852 3001 1925 Scriptum
3040 1853 3237 1908 divina:
3279 1854 3550 1909 credimus
3591 1870 3774 1910 anno-

2179 1940 2425 1996 tandum.
2458 1940 2590 1996 Item
2627 1940 2831 1996 ferrum
2878 1940 3043 1996 fortes
3067 1943 3270 2012 quique
3310 1943 3364 1997 in
3407 1943 3673 2010 Ecclesia,
3708 1953 3777 1999 ut

2168 2039 2264 2116 .est
2289 2030 2418 2085 illud
2446 2032 2497 2086 in
2525 2031 2664 2087 libro
2687 2032 2788 2088 Job
2816 2050 2830 2083 τ
2863 2030 3091 2087 Ferrum
3119 2033 3185 2088 de
3212 2043 3354 2088 terra
3383 2034 3588 2089 tollitur
3613 2034 3772 2105 (Job.

2178 2123 2403 2195 xxvm);
2454 2132 2509 2178 et
2545 2125 2598 2179 in
2636 2124 3057 2180 Deuteronomio
3086 2143 3099 2177 :
3134 2122 3301 2195 Cujus
3331 2124 3531 2196 lapides
3560 2126 3776 2195 ferrum

2176 2223 2298 2268 sunt
2327 2214 2506 2286 (Deut.
2540 2214 2679 2285 vui).
2711 2214 2843 2270 Item
2885 2214 2957 2270 ibi
2987 2215 3052 2271 de
3088 2214 3329 2270 Ecclesia
3355 2216 3551 2271 dicitur
3580 2234 3595 2270 :
3629 2213 3777 2271 Fer-

2178 2321 2297 2358 rum
2326 2316 2373 2358 et
2400 2322 2472 2360 res
2500 2304 2909 2361 calceamentum
2930 2305 3045 2376 ejus
3067 2305 3245 2376 (Deut.
3276 2306 3493 2377 sum).
3524 2306 3776 2363 Rursum

2177 2394 2381 2450 ferrum
2410 2410 2637 2450 acumen
2671 2395 2867 2451 mentis
2893 2395 3181 2466 signiﬁcat,
3212 2395 3354 2450 unde
3395 2411 3496 2465 per
3517 2394 3777 2451 Salomo-

2180 2501 2304 2541 nem
2339 2485 2576 2541 dicitur:
2608 2483 2836 2539 Ferrum
2884 2486 3024 2555 {erro
3046 2486 3344 2559 exacuitur,
3375 2494 3424 2540 et
3452 2486 3606 2539 homo
3633 2502 3774 2540 eu-

2178 2578 2287 2633 cuit
2329 2577 2521 2647 faciem
2565 2577 2723 2631 amici
2762 2576 2845 2631 sui
2875 2575 3059 2648 (Prov.
3095 2576 3289 2648 xxvn).
3318 2576 3519 2631 lterum
3558 2574 3776 2631 ferrum

2180 2679 2265 2727 est
2293 2686 2475 2727 sermo
2523 2669 2931 2741 increpationis,
2963 2678 3023 2725 ut
3055 2677 3141 2724 est
3167 2668 3300 2725 illud
3326 2669 3381 2724 in
3426 2668 3775 2725 Deuterono-

2179 2764 2290 2819 mio
2318 2779 2334 2818 :
2365 2760 2425 2818 Si
2450 2763 2566 2834 quis
2616 2763 2802 2817 abierit
2853 2777 2973 2816 cum
3003 2763 3172 2816 antica
3221 2778 3318 2816 sua
3364 2760 3672 2832 simpliciter
3708 2762 3777 2816 in

2177 2852 2363 2909 silvam
2390 2856 2459 2908 ad
2488 2852 2629 2924 ligna
2659 2851 2930 2917 credenda,
2954 2861 3000 2905 et
3035 2851 3233 2921 ferrum
3259 2851 3325 2905 de
3346 2851 3620 2905 manubrio
3646 2851 3776 2921 ejus

2179 2947 2386 3013 exierit,
2416 2956 2464 3000 et
2487 2947 2716 3000 amicum
2736 2944 2850 3015 ejus
2873 2943 3121 2998 occiderit
3146 2942 3328 3015 (Deut.
3360 2942 3498 3016 xu).
3528 2942 3777 2997 Rursum

2185 3038 2391 3093 ferrum
2442 3037 2651 3093 insidia:
2703 3045 2831 3092 sunt
2887 3036 3113 3102 inimici,
3166 3036 3310 3092 sicut
3361 3051 3461 3107 per
3523 3034 3779 3090 Salomo-

2109 3100 2154 3162 Ο
2185 3146 2308 3187 nem
2357 3130 2555 3186 dicitur
2594 3147 2608 3185 :
2650 3126 2799 3185 Sicut
2845 3127 3042 3200 ferrum
3098 3100 3377 3201 turugiuat'
3419 3126 3625 3182 malitia
3650 3125 3780 3198 ejus

2186 3222 2379 3295 (Eccli.
2416 3223 2535 3295 xu).

502 3424 3776 3451 W

1448 3518 1751 3599 LIBER
1802 3517 2274 3598 OCTAVUS
2338 3516 2819 3595 DECIMUS.

1952 3659 2331 3678 _—-_

1007 3707 1237 3763 CAPUT
1279 3706 1569 3765 PRIMUM.

1061 3796 1139 3850 De
1159 3797 1494 3868 ponderibus.

562 3885 867 3941 Pandarum
905 3901 971 3941 ac
991 3902 1369 3943 mensurarum
1392 3886 1547 3958 juvat
1585 3904 1915 3962 cognoscere
1960 3905 2079 3947 mo-

493 3977 660 4032 dum:
693 3992 819 4032 nam
865 3977 1046 4032 omnia
1090 3979 1455 4049 corporalium
1486 3977 1649 4052 (sicut
1678 3982 1943 4052 scriptum
1970 3980 2074 4053 est)
2108 4052 2117 4061 δ

493 4082 524 4121 a
549 4068 778 4123 summis
796 4083 968 4138 usque
993 4068 1060 4124 ad
1089 4070 1213 4125 vina
1237 4070 1417 4143 [ima],
1440 4072 1495 4125 in
1521 4088 1768 4127 mensura
1788 4082 1835 4127 et
1863 4088 2078 4128 numera

491 4167 542 4211 et
571 4158 799 4228 pondere
843 4159 1098 4230 disposita
1144 4170 1267 4215 sunt
1301 4171 1456 4232 atque
1500 4162 1733 4233 formata
1786 4162 1941 4234 (Sap.
1976 4162 2076 4235 χι).

492 4245 714 4302 Cunctis
732 4247 877 4302 enim
925 4249 1201 4318 corporeis
1239 4249 1403 4305 rebus
1435 4250 1646 4321 pondus
1674 4259 1867 4306 natura
1907 4252 2074 4308 dedit.

493 4336 664 4391 Suum
702 4351 918 4406 quoque
943 4339 1078 4409 regit
1102 4339 1285 4395 omnia
1313 4339 1541 4421 pondus.
1576 4340 1795 4398 Primus
1843 4343 2074 4416 Moyses,

494 4429 584 4499 qui
614 4443 805 4485 omnes
831 4432 1103 4486 antecedit
1129 4432 1409 4504 gentilium
1436 4435 1786 4507 philosophos
1812 4446 2074 4510 tempore,

493 4518 652 4575 nobis
696 4527 753 4575 et
780 4535 1034 4576 numeros
1088 4533 1143 4577 et
1171 4539 1456 4579 mensuras
1491 4534 1546 4579 et
1597 4529 1808 4597 pondus
1852 4529 2083 4586 diversis

490 4608 775 4679 scriptura:
802 4626 914 4667 suae
947 4611 1081 4668 locis
1106 4614 1364 4669 narravit.
1385 4614 1591 4672 Deinde
1617 4616 1825 4673 Phidon
1867 4621 2084 4691 argivus

488 4700 790 4773 ponderum
840 4702 1108 4757 rationem
1155 4703 1210 4758 in
1260 4702 1468 4760 Graecia
1519 4708 1821 4775 constituit,
1855 4720 1910 4764 et
1956 4709 2085 4765 licet

492 4792 581 4847 alii
620 4794 954 4865 antiquiores
982 4796 1313 4862 exstiterint,
1366 4800 1460 4853 sed
1502 4799 1604 4854 iste
1634 4801 1735 4855 hac
1768 4811 1886 4858 arte
1915 4819 2083 4874 expe-

494 4883 722 4937 rientiur
742 4883 859 4939 fuit.
878 4885 1093 4940 Pondus
1115 4886 1315 4942 dictum
1340 4903 1427 4955 eo,
1449 4891 1592 4960 quod
1618 4892 1670 4945 in
1695 4901 1895 4949 statera
1916 4893 2082 4950 libra-

496 4979 610 5051 tum
638 4972 901 5040 pendeat:
930 4975 1055 5029 hinc
1078 4985 1131 5031 et
1150 4991 1395 5047 pensum.
1421 4979 1656 5036 Abusive
1669 4992 1848 5038 autem
1872 4986 2084 5055 pondus

494 5061 633 5115 libra
684 5078 789 5116 una
837 5072 940 5118 est.
970 5064 1123 5121 Unde
1169 5068 1339 5124 etiam
1383 5071 1699 5141 dipondium
1747 5076 1949 5132 dictqu
1978 5087 2082 5145 est,

493 5155 653 5227 quasi
677 5154 785 5210 duo
812 5158 1050 5226 pondera
1080 5178 1092 5215 :
1124 5162 1267 5231 quod
1293 5178 1487 5220 nomen
1517 5167 1695 5223 adhuc
1727 5169 1781 5223 in
1814 5186 1913 5226 usu
1950 5173 2083 5227 reti—

493 5257 674 5306 netur.
706 5252 932 5308 'I'rutina
962 5264 1046 5310 est
1080 5258 1291 5327 gemina
1324 5260 1623 5329 ponderum
1669 5262 1850 5318 lances
1891 5264 2083 5333 requali

493 5342 745 5397 examine
769 5344 1034 5412 pendens,
1063 5346 1202 5402 facta
1227 5359 1446 5419 propter
1472 5352 1669 5406 talenta
1695 5362 1751 5406 et
1769 5354 2083 5408 eentcnaria

495 5434 865 5501 eppendcnda,
938 5436 1081 5491 sicut
1123 5449 1470 5494 nzomentaua
1507 5457 1605 5511 pro
1643 5457 1809 5512 parva
1850 5444 2088 5500 modica-

495 5536 602 5591 que
629 5526 871 5592 pecunia.
897 5526 1087 5583 Ηίθεοι
1110 5539 1325 5583 moneta
1349 5540 1556 5594 vocata,
1573 5534 1762 5591 eadem
1785 5544 1839 5589 et
1856 5543 2085 5602 statera,

498 5626 692 5667 nomen
719 5630 782 5668 cx
826 5632 1051 5671 numero
1092 5617 1318 5683 habens,
1352 5620 1495 5689 quod
1523 5621 1730 5679 duabus
1760 5624 2007 5681 lancibus
2028 5631 2086 5682 ct

501 5722 610 5763 uno
636 5707 692 5765 in
725 5711 903 5769 medio
940 5713 1080 5785 style
1122 5713 1322 5772 librata
1368 5714 1648 5795 aequaliter
1680 5726 1807 5775 stet.
1840 5716 2081 5774 Examcn

2109 4397 2158 4458 D

2183 3717 2265 3765 est
2314 3708 2464 3763 ﬁlum
2533 3705 2805 3772 medium,
2852 3719 2962 3776 quo
3013 3704 3232 3760 trutina:
3283 3713 3484 3760 statera
3540 3705 3774 3777 regitur,

2183 3812 2239 3860 et
2280 3803 2464 3859 lances
2514 3810 2799 3872 atquantur
2827 3815 2842 3853 :
2874 3801 3017 3855 unde
3065 3807 3121 3855 et
3167 3800 3221 3854 in
3272 3800 3445 3856 lancis
3493 3788 3777 3857 amentum

2184 3895 2401 3951 dicitur.
2430 3893 2487 3949 In
2518 3899 2721 3948 statera
2748 3891 3019 3962 aequitatis
3043 3890 3127 3961 vel
3149 3891 3343 3947 divina:
3363 3892 3779 3963 gubernationis

2181 3985 2421 4056 potentia
2449 3983 2807 4057 signiﬁcatur,
2841 3991 2900 4038 ut
2928 3983 2981 4037 in
3009 3982 3143 4038 Isaia
3180 4002 3193 4038 :
3227 3983 3297 4037 Et
3317 3982 3524 4037 libravit
3554 3984 3608 4038 in
3636 4001 3776 4055 pou.

2184 4077 2306 4131 dere
2328 4085 2525 4131 montes
2547 4117 2562 4141 ,
2586 4085 2632 4130 et
2668 4074 2826 4131 calles
2852 4076 2907 4129 in
2935 4083 3133 4128 statera
3181 4073 3319 4144 (Isa.
3378 4073 3471 4147 ιι)
3491 4115 3506 4139 ,
3540 4074 3646 4129 hoc
3677 4083 3764 4129 est

2177 4166 2387 4236 judicat
2417 4168 2470 4222 in
2502 4167 2713 4238 justitia
2760 4167 2997 4237 majores
3044 4173 3099 4220 et
3146 4166 3405 4231 minores,
3433 4174 3690 4236 potentes
3720 4173 3779 4220 et

2182 4258 2447 4325 inﬁrmos,
2498 4258 2706 4313 nobiles
2750 4266 2809 4313 et
2863 4257 3175 4329 ignobiles:
3208 4258 3472 4329 quiaipse
3504 4257 3776 4329 judicabit

2183 4349 2359 4403 orbem
2398 4359 2550 4405 terrm
2577 4351 2635 4403 in
2675 4349 2954 4420 (equitate,
2981 4357 3029 4403 et
3075 4346 3294 4419 papulas
3332 4348 3389 4402 in
3423 4348 3640 4403 veritate
3674 4364 3776 4403 sua

2185 4438 2356 4512 (Psal.
2390 4438 2489 4512 lx).
2534 4439 2671 4494 llinc
2712 4449 2768 4495 et
2804 4437 2907 4494 Joh
2933 4439 3011 4493 ait
3057 4456 3069 4491 :
3108 4436 3323 4492 Utinam
3353 4437 3778 4509 appenderentur

2181 4538 2394 4600 peccata
2437 4544 2576 4593 mea,
2609 4529 2797 4599 quibus
2827 4528 2965 4581 iram
2997 4527 3187 4591 merui,
3209 4536 3257 4581 et
3282 4526 3581 4605 calamitas,
3611 4544 3775 4596 quam

2183 4622 2376 4689 patior,
2408 4622 2463 4675 in
2488 4628 2685 4675 statera
2718 4618 2999 4708 (Job..v|).
3023 4617 3154 4686 Quis
3182 4619 3320 4675 alius
3342 4627 3561 4675 statera:
3598 4619 3775 4674 nomi-

2186 4727 2271 4777 ne,
2296 4712 2395 4766 nisi
2418 4711 2513 4768 Dei
2529 4720 2584 4766 et
2606 4711 2887 4765 hominum
2913 4710 3198 4775 mediator,
3218 4710 3577 4781 exprimitur?
3594 4711 3686 4782 qui
3704 4710 3773 4765 ad

2183 4802 2515 4874 pensandum
2537 4803 2661 4857 vita:
2684 4810 2882 4857 nostne
2903 4802 3157 4856 meritum
3178 4802 3347 4867 venit,
3374 4818 3440 4858 ac
3477 4817 3661 4858 secum
3685 4800 3774 4869 ju-

2184 4894 2387 4948 stitiam
2403 4893 2563 4948 simul
2583 4900 2638 4948 et
2654 4892 3082 4948 misericordiam
3104 4893 3323 4948 detulit:
3349 4894 3444 4949 sed
3466 4893 3775 4949 misericor-

2185 4984 2287 5040 dim
2314 4982 2467 5039 lance
2485 4985 2902 5054 praeponderans
2920 4983 3107 5053 culpas
3128 4993 3345 5039 nostras
3358 4984 3628 5054 parcendo
3645 4984 3776 5039 levio

2186 5075 2350 5144 gavit.
2383 5074 2545 5130 Libra
2589 5076 2734 5131 enim
2762 5074 3021 5148 ponderis
3059 5076 3287 5146 mystice
3318 5074 3542 5144 justitia:
3585 5077 3775 5131 obser-

2185 5157 2423 5221 vantiam
2456 5168 2767 5240 signiﬁcat:
2797 5168 2925 5237 quia
2978 5166 3051 5222 ibi
3091 5168 3356 5237 probatur
3401 5167 3528 5237 quid
3559 5184 3775 5237 :eqnuln

2185 5267 2242 5313 et
2285 5260 2415 5331 quid
2454 5260 2790 5315 contrarium
2838 5259 3081 5329 aequitati
3113 5258 3204 5314 sit.
3260 5258 3427 5330 Cujus
3471 5259 3550 5314 rei
3599 5257 3774 5328 pluri-

2187 5366 2273 5403 ma
2322 5350 2375 5404 in
2406 5349 2702 5419 Scripturis
2756 5350 3107 5406 inveniuntur
3139 5351 3537 5421 probamenta:
3582 5361 3633 5405 et
3672 5364 3775 5406 ne-

2187 5455 2339 5496 cesse
2366 5449 2473 5505 est,
2504 5440 2629 5495 inde
2656 5441 2835 5514 aliqua
2866 5441 2953 5496 hic
2982 5442 3277 5496 numerari.
3311 5441 3579 5511 Propheta
3609 5440 3779 5511 igitur

2188 5539 2435 5594 testante,
2455 5530 2638 5600 justus
2670 5531 2923 5586 Dominus
2957 5540 3005 5585 et
3016 5531 3285 5601 justitiam
3320 5529 3511 5602 diligit,
3545 5532 3773 5600 «quita.

2187 5634 2289 5678 tem
2322 5623 2445 5681 cidit
2482 5624 2653 5679 cultus
2692 5625 2807 5696 ejus
2855 5624 3029 5696 (Psal.
3065 5625 3141 5694 Χ).
3175 5623 3386 5680 Iustum
3434 5624 3568 5679 dicit
3603 5624 3773 5678 [leum

2189 5730 2375 5771 amare
2417 5712 2729 5785 justitiam:
2769 5718 2895 5788 quia
2942 5718 3114 5775 nescit
3150 5718 3294 5775 alios
3327 5717 3596 5788 respicere
3666 5716 3771 5771 nisi
