4038 6324
287 337 386 395 481

1207 339 1296 396 es
1337 311 1901 398 UNtvenso‘Ltent
1940 337 2100 394 xxu.
2134 371 2204 381 —
2240 338 2366 396 un.
2410 339 2593 398 xvtu.

3449 352 3560 411 482

285 459 380 531 qui
414 465 615 514 norunt
652 456 928 512 custodire
949 454 1238 526 justitiam.
1287 458 1496 528 Adjecit
1528 477 1541 513 :
1573 461 1868 528 wquitatcm
1899 465 1945 522 Α
1977 474 2089 512 ram
2114 457 2368 514 Chanaan
2398 461 2607 531 primus
2646 461 2787 516 hanc
2818 459 3100 516 advexerit
3133 461 3386 520 formam.
3415 467 3558 526 Soli-

283 548 411 605 vidit
450 546 623 602 vultus
650 546 786 616 ejus,
820 545 965 599 illam
1005 545 1213 601 scilicet
1256 548 1566 617 :equitatem
1597 564 1756 618 quam
1789 555 1870 601 ta-

284 655 410 694 men
449 636 714 708 propitius
762 636 877 706 ipse
920 637 1187 693 concedit.
1238 635 1355 692 Non
1401 639 1545 693 enim
1575 640 1867 709 quidquam

282 745 352 786 ex
389 745 449 785 se
494 728 646 799 probi
684 728 996 784 humanitas
1047 729 1230 794 habet,
1271 729 1374 784 nisi
1407 729 1549 798 quod
1583 745 1614 783 a
1643 729 1868 784 Domino

281 822 550 877 bonorum
598 821 838 877 omnium
875 820 1179 891 susceperit
1227 819 1506 892 largitore.
1557 820 1696 875 Hine
1725 831 1780 874 et
1815 821 1867 875 in

279 911 594 968 Proverbiis
633 912 706 966 ita
747 912 1008 982 scriptum
1036 919 1160 965 est:
1187 909 1292 976 Qui
1329 911 1561 981 sequitur
1581 912 1864 980 justitiam,

281 1003 523 1072 diligitur
553 1019 586 1055 a
625 1001 849 1056 Domino
898 1000 1081 1072 (Prov.
1117 1000 1262 1071 xxx);
1314 1009 1370 1056 et
1397 1001 1524 1056 alibi
1554 1003 1620 1057 de
1649 1001 1864 1070 sapien-

282 1095 356 1149 tia
399 1094 602 1148 dictum
637 1092 892 1157 estzoui
932 1093 1201 1146 continens
1242 1102 1337 1155 est,
1380 1092 1576 1162 inquit,
1613 1092 1861 1162 justitia',

277 1184 628 1255 apprehendet
651 1182 798 1238 illam
823 1180 953 1254 (Sir.
978 1184 1090 1249 xv).
1119 1182 1418 1251 Unicuique
1445 1192 1624 1237 autem
1638 1180 1862 1252 ponderi

276 1285 461 1332 certus
504 1283 589 1330 est
642 1274 835 1329 modus
879 1273 1188 1328 nominibus
1239 1273 1474 1343 propriis
1529 1273 1858 1344 designatus.

274 1365 510 1422 Chalcus
530 1363 753 1419 minima
781 1379 908 1433 pars
927 1364 1408 1438 ponderis,quarta
1435 1380 1560 1434 pars
1589 1365 1731 1420 oboli
1755 1371 1858 1428 est,

275 1466 537 1513 constans
561 1455 724 1510 lentis
753 1455 1015 1526 germinis
1053 1456 1267 1526 granis.
1320 1455 1634 1526 Appellatur
1679 1465 1858 1511 autem

275 1548 517 1612 chalcus,
552 1547 698 1617 quod
744 1547 816 1601 sit
862 1546 1142 1616 parvulus,
1165 1548 1307 1603 sicut
1344 1560 1400 1602 et
1429 1548 1566 1619 lapis
1597 1549 1856 1616 ealculus,

241 1695 246 1699 ,
273 1639 368 1709 qui
400 1639 534 1693 adeo
563 1637 817 1692 minimus
845 1645 948 1702 est,
981 1647 1040 1692 ut
1069 1638 1186 1693 sine
1216 1639 1463 1694 molestia
1490 1641 1572 1695 sui
1597 1641 1855 1696 calcetur.

274 1730 485 1799 Siliqua
510 1729 768 1785 vicesima
807 1737 1002 1800 quarta
1034 1745 1161 1800 pars
1207 1730 1363 1786 solidi
1393 1741 1498 1796 est,
1543 1733 1611 1787 ab
1639 1735 1854 1799 arbore,

1972 550 2073 604 dus
2103 552 2242 620 apud
2290 551 2488 606 latinos
2516 552 2622 606 alio
2652 553 2871 608 nomine
2905 553 3112 608 seXtula
3158 554 3378 623 dicitur,
3409 560 3556 629 quod

1970 641 2056 696 his
2085 643 2341 697 sexuncia
2374 643 2730 714 compleatur.
2785 643 2939 700 llunc
2969 645 3050 717 (ut
3078 645 3336 719 diximus)
3365 650 3556 721 vulgus

1969 750 2194 790 aureum
2226 737 2459 791 solidum
2487 744 2644 792 vocat
2674 755 2686 791 :
2720 735 2876 805 cujus
2927 738 3143 793 tertiam
3188 749 3399 808 partem
3432 743 3556 800 ideo

1969 825 2220 880 dixerunt
2246 828 2568 890 tremissem,
2598 843 2662 883 eo
2687 829 2833 897 quod
2861 828 3091 883 solidum
3125 829 3288 885 faciat
3313 840 3393 886 ter
3422 833 3554 888 mis-

1967 931 2078 971 sus.
2115 917 2404 988 Expressio
2433 920 2576 974 enim
2607 921 2948 975 numismatis
2999 922 3051 976 in
3082 937 3247 978 censu
3285 925 3554 995 signiﬁcat

1966 1007 2254 1078 imaginem
2283 1008 2591 1065 Conditoris
2620 1011 2672 1065 in
2703 1011 2939 1066 humana
2966 1013 3164 1076 anima,
3199 1015 3288 1084 qui
3316 1016 3384 1070 ab
3411 1031 3550 1072 uno-

1964 1114 2176 1169 quoque
2201 1109 2447 1155 nostrum
2473 1102 2763 1172 expetitur,
2792 1104 3008 1173 quando
3053 1105 3346 1161 credulitas
3388 1118 3552 1164 recta:

1965 1189 2086 1244 ﬁdei
2133 1208 2255 1246 eum
2299 1193 2454 1248 bonis
2501 1195 2758 1264 operibus
2791 1210 2821 1248 a
2850 1196 3005 1250 nobis
3029 1197 3352 1266 exquiritur.
3397 1185 3552 1256 Unde

1965 1281 2221 1337 Dominus
2258 1285 2468 1367 ad‘eos,
2499 1285 2592 1354 qui
2635 1299 2760 1340 eum
2792 1287 3090 1350 tentabant,
3149 1288 3201 1342 in
3259 1289 3550 1360 Evangelio

1961 1372 2038 1425 ait
2064 1389 2077 1426 :
2111 1371 2331 1427 Reddite
2351 1391 2472 1446 ergo
2513 1391 2631 1445 qme
2657 1385 2776 1429 sunt
2803 1373 3053 1440 Ca'saris,
3073 1376 3271 1432 Caesari
3306 1396 3324 1432 :
3362 1390 3409 1433 et
3431 1396 3551 1451 qua:

1959 1473 2077 1516 sunt
2112 1461 2230 1527 Dei,
2261 1464 2366 1518 Deo
2399 1464 2614 1535 (Matth.
2646 1468 2806 1537 χχιι).
2847 1465 3110 1523 Nummus
3148 1477 3328 1523 autem
3373 1479 3552 1524 osten-

1959 1570 2052 1611 sus
2094 1556 2382 1627 imaginem
2416 1557 2644 1613 Ca-saris
2677 1558 2966 1614 tenuit;et
3011 1560 3130 1615 ideo
3175 1561 3374 1616 Caesari
3428 1563 3552 1617 red-

1959 1648 2086 1704 dere
2145 1665 2448 1715 nummum,
2499 1651 2782 1711 tributum,
2848 1652 3152 1720 pecuniam,
3207 1661 3264 1708 et
3312 1655 3548 1709 honores

1960 1745 2208 1794 terrenos
2255 1738 2436 1808 jussit.
2487 1740 2628 1794 Deus
2677 1748 2857 1794 autem
2903 1743 3287 1812 nosmetipsos,
3339 1743 3390 1797 id
3439 1753 3548 1809 est,
3635 1773 3644 1780 -

272 1821 432 1891 cujus
460 1835 645 1875 semen
669 1829 771 1883 est,
803 1820 1128 1875 vocabulum
1179 1828 1386 1877 tenens.
1417 1822 1673 1878 Ceratum
1711 1825 1854 1880 oboli
1883 1807 1931 1866 Β
1961 1807 2269 1902 imaginem
2299 1831 2438 1898 Dei,
2491 1832 2606 1901 ipse
2653 1831 2894 1886 condidit
2941 1831 2995 1885 in
3045 1807 3220 1897 nobis,
3271 1848 3392 1901 qua:
3440 1807 3548 1888 non

269 1926 403 1982 pars
445 1911 616 1966 media
668 1920 772 1976 est,
824 1912 1032 1968 habens
1077 1913 1330 1983 siliquam
1362 1930 1523 1968 unam
1554 1922 1610 1970 et
1657 1916 1853 1972 semis:

269 2003 420 2057 hunc
452 2001 694 2057 latinitas
728 2003 1080 2058 semiobolum
1127 2012 1286 2059 vocat
1330 2022 1343 2058 :
1389 2014 1632 2060 ceratum
1675 2017 1854 2061 autem

269 2093 482 2161 Graec,
510 2093 704 2149 Latine
751 2094 944 2164 siliqua
1002 2111 1173 2149 cornu
1218 2096 1624 2166 interpretatur.
1656 2097 1856 2153 Oholus

269 2186 484 2257 siliquis
534 2185 706 2242 tribus
758 2187 1113 2256 appenditur,
1169 2189 1376 2242 habens
1451 2190 1652 2243 ecratia
1726 2190 1854 2255 duo,

267 2281 490 2336 chalcos
515 2291 785 2351 quatuor:
819 2280 979 2334 ﬁebat
1018 2282 1161 2335 enim
1192 2281 1318 2336 olim
1358 2297 1423 2336 ex
1465 2298 1574 2338 acre
1616 2282 1858 2338 adinstar

267 2371 486 2442 sagitta:
517 2388 532 2428 :
563 2372 706 2426 unde
741 2381 796 2426 et
833 2388 1030 2427 nomen
1061 2388 1092 2427 a
1120 2372 1326 2428 Grzecis
1351 2375 1580 2444 accepit,
1624 2376 1726 2430 hoc
1751 2383 1854 2441 est,

266 2465 488 2534 sagitta.
524 2462 821 2534 Scrupulns
858 2478 954 2518 sex
994 2464 1311 2535 siliquarum
1342 2467 1580 2535 pondere
1608 2475 1852 2522 constat:

266 2555 362 2610 hic
397 2554 536 2625 apud
549 2553 767 2610 Grzeeos
796 2571 1039 2626 gramma
1071 2564 1334 2611 vocatur:
1364 2557 1648 2628 scrupulus
1673 2569 1854 2613 autem

266 2648 448 2703 dictus
484 2663 580 2718 per
606 2647 1018 2703 diminutionem
1045 2665 1074 2703 a
1102 2648 1280 2719 lapillo
1307 2649 1480 2715 brevi,
1509 2651 1598 2719 qui
1628 2666 1856 2720 scrupus

265 2751 514 2796 vocatur.
541 2740 807 2796 Dracbma
835 2749 1016 2797 autem
1047 2751 1238 2797 octava
1282 2759 1408 2813 pars
1453 2744 1625 2798 uncia:
1668 2753 1769 2808 est,
1802 2751 1857 2798 et

264 2831 479 2886 denarii
522 2832 732 2901 pondus
780 2831 1010 2900 argenti,
1061 2833 1233 2887 tribus
1275 2842 1529 2887 constans
1565 2833 1852 2904 scrupulis,

264 2923 323 2979 id
349 2933 454 2989 est,
482 2924 668 2980 decem
689 2934 745 2980 et
768 2933 890 2980 oclo
919 2925 1148 2995 siliquis.
1187 2927 1468 2980 Draehma:
1497 2926 1638 2980 enim
1665 2926 1855 2980 simili-

263 3018 402 3071 tudo
423 3018 491 3071 ad
507 3016 782 3072 hominem
806 3016 1040 3072 refertur
1059 3017 1110 3071 in
1131 3033 1196 3087 pa
1207 3017 1387 3070 rabula
1413 3017 1740 3088 evangelica,
1761 3017 1851 3072 ubi

265 3107 532 3163 Dominus
552 3107 657 3162 ait:
676 3107 780 3162 Aut
801 3124 918 3180 quae
943 3107 1132 3162 mulier
1153 3109 1346 3163 habens
1361 3109 1639 3164 drachmas
1653 3110 1849 3176 decem,

259 3210 316 3255 et
344 3201 390 3254 si
417 3201 700 3270 perdiderit
732 3201 1039 3254 drachmam
1069 3217 1250 3268 unum,
1283 3218 1453 3257 nonne
1483 3203 1718 3257 accendit
1769 3202 1851 3257 lu-

263 3307 498 3356 cernam,
539 3300 587 3344 et
627 3293 812 3346 ererrit
855 3291 1091 3357 (tantum,
1119 3303 1167 3345 et
1199 3293 1385 3362 quierit
1424 3293 1719 3363 diligenter,
1759 3295 1854 3348 do-

263 3396 360 3438 nec
387 3385 701 3450 inveniatur,
733 3394 839 3440 etc.
903 3385 1055 3456 (Luc.
1087 3386 1200 3457 xv).
1232 3386 1332 3454 Qui
1363 3387 1607 3458 signatur
1627 3403 1728 3457 per
1755 3404 1853 3458 pa-

267 3481 472 3529 storem
508 3475 640 3546 ipse,
682 3483 735 3530 et
760 3491 858 3546 per
888 3477 1169 3532 mulierem
1201 3479 1461 3532 Dominus
1489 3487 1673 3534 noster
1695 3477 1855 3535 Jcsus

265 3563 516 3620 Christus
546 3585 559 3620 :
587 3576 642 3620 ct
676 3568 799 3635 quia
831 3568 1007 3637 imago
1034 3568 1267 3622 hominis
1289 3569 1612 3637 exprimitur
1645 3569 1699 3622 in
1729 3569 1854 3623 dra-

265 3657 450 3719 chma,
467 3665 594 3710 tunc
617 3657 810 3710 mulier
827 3658 1137 3711 drachmam
1161 3659 1423 3727 perdidit.
1450 3661 1666 3730 quando
1689 3661 1852 3716 homo

265 3747 331 3801 ad
367 3745 654 3815 imaginem
687 3747 781 3801 Dei
826 3747 1074 3802 conditus
1118 3749 1391 3818 peccando
1439 3766 1469 3803 a
1500 3751 1852 3807 similitudine

266 3839 349 3892 sui
373 3837 684 3894 Conditoris
726 3840 969 3894 recessit.
1017 3840 1123 3894 Sed
1169 3841 1416 3895 accendit
1453 3841 1647 3895 mulier
1676 3843 1853 3896 lucer-

265 3945 392 3982 nam
415 3947 429 3982 :
452 3930 574 3998 quia
607 3929 700 3985 Dei
733 3931 993 4000 sapientia
1025 3930 1140 4001 ipse
1165 3931 1257 3986 Dei
1290 3931 1459 3987 Filius
1495 3949 1616 3987 eum
1645 3935 1710 3987 de
1740 3932 1852 3986 Ma-

267 4021 549 4074 riae-utero
579 4023 865 4075 humanam
915 4031 1163 4076 naturam
1213 4025 1535 4094 suscipiens,
1571 4025 1623 4078 in
1655 4027 1848 4079 Imma-

266 4112 438 4165 nitate
482 4112 754 4182 apparuit,
785 4113 1134 4168 mortalitatis
1179 4123 1380 4169 nostra:
1415 4130 1473 4170 se
1519 4117 1848 4172 conscientia

265 4204 580 4258 concussit:
624 4212 680 4260 et
723 4206 790 4261 ad
833 4206 1314 4273 immortalitatem,
1342 4209 1483 4263 unde
1525 4224 1626 4278 per
1649 4225 1844 4279 pecca-

263 4302 382 4348 tum
409 4295 621 4357 cecidit,
648 4311 746 4366 per
791 4312 1007 4353 crucem
1054 4313 1113 4354 se
1152 4299 1332 4354 redire
1358 4315 1516 4370 posse
1543 4303 1844 4371 conspexit.

261 4383 529 4438 Denarius
557 4392 736 4438 autem
767 4384 962 4452 dictus,
995 4386 1118 4455 quia
1146 4402 1243 4457 pro
1271 4387 1456 4442 decem
1485 4390 1718 4444 nummis
1747 4389 1848 4444 im-

1958 1932 2046 1977 est
2074 1924 2128 1977 in
2156 1939 2289 1979 auro
2326 1925 2502 1996 picta,
2555 1925 2654 1980 sed
2694 1924 2746 1979 in
2784 1924 3098 1980 hominibus
3129 1926 3374 1997 ﬁgurata.
3415 1926 3550 1980 Sex-

1959 2015 2070 2069 tula
2098 2015 2183 2070 bis
2210 2026 2484 2085 assumpta
2515 2015 2748 2070 duellam
2779 2013 2933 2080 facit,
2971 2023 3054 2070 ter
3081 2016 3256 2086 posita
3288 2024 3548 2071 staterem

1960 2105 2155 2159 reddit.
2207 2104 2392 2159 Stater
2439 2113 2619 2159 autem
2668 2105 2930 2160 medietas
2975 2107 3184 2168 unciae,
3235 2107 3549 2176 appendcns

1959 2209 2155 2250 aureos
2204 2203 2334 2258 tres,
2384 2195 2526 2249 unde
2577 2203 2634 2249 et
2674 2203 2901 2249 vocatur
2945 2204 3134 2259 stater,
3182 2196 3325 2265 quod
3375 2196 3550 2250 tribus

1958 2284 2145 2340 solidis
2183 2293 2308 2339 stet.
2341 2285 2464 2339 llaec
2495 2291 2551 2343 et
2582 2283 2902 2347 semiuneia,
2935 2284 3063 2352 quia
3095 2284 3259 2338 semis
3291 2284 3451 2339 habet
3479 2285 3548 2339 de

1958 2376 2160 2429 uncia:
2207 2376 2320 2430 lucc
2365 2385 2422 2429 et
2470 2373 2736 2438 semissis,
2785 2373 2912 2444 quia
2959 2371 3216 2442 ponderis
3241 2372 3405 2426 semis
3433 2380 3542 2438 cst,

1959 2467 2112 2538 quasi
2153 2466 2320 2522 semis
2350 2465 2507 2520 assis.
2535 2464 2902 2532 Quadrantem
2933 2462 3139 2517 Hebrzei
3175 2462 3424 2516 similiter
3451 2477 3546 2516 eo-

1957 2561 2204 2615 drantem
2233 2567 2429 2613 vocant
2474 2577 2486 2610 :
2536 2565 2593 2610 et
2621 2564 2847 2610 vocatur
2875 2556 3170 2623 quadrans,
3199 2555 3340 2622 quod
3372 2553 3548 2608 uncia:

1957 2660 2206 2719 quartam
2242 2657 2451 2718 partem
2492 2645 2779 2716 appendat.
2828 2644 2905 2698 De
2929 2644 3231 2714 quadrante
3271 2642 3448 2697 aulcm
3490 2643 3545 2696 in

1957 2741 2249 2812 Evangelio
2293 2740 2366 2794 ita
2416 2738 2632 2807 legitur,
2662 2736 2754 2791 ubi
2800 2745 3258 2790 commemoratur
3302 2733 3548 2787 nocentis

1957 2834 2178 2888 traditio
2218 2833 2270 2886 in
2299 2848 2572 2888 carcerem
2601 2850 2614 2885 :
2639 2832 2827 2895 Amen,
2872 2831 2990 2883 dico
3032 2829 3145 2893 tibi,
3197 2829 3392 2898 inquit,
3439 2845 3544 2881 non

1955 2925 2097 2979 exies
2139 2925 2299 2992 inde,
2345 2923 2508 2976 donec
2552 2922 2741 2977 reddas
2810 2921 3146 2975 novissimum
3197 2919 3544 2990 quadrantem

1959 3014 2174 3086 (Matth.
2199 3014 2274 3084 v).
2321 3013 2607 3080 Quadrans
2649 3026 2820 3082 genus
2863 3009 3068 3064 nummi
3115 3016 3220 3070 est,
3248 3007 3402 3077 quasi
3439 3007 3546 3060 duo

1959 3109 2165 3164 minuta
2189 3125 2205 3164 :
2228 3109 2370 3163 unde
2400 3107 2452 3161 in
2489 3105 2594 3160 alio
2617 3104 2911 3175 Evangelia
2943 3101 3138 3172 (Marc.
3168 3100 3266 3170 xu)
3293 3141 3307 3164 ,
3348 3099 3544 3154 mulier

1955 3202 2046 3257 illa
2076 3201 2404 3273 paupercula
2433 3208 2488 3255 et
2513 3199 2675 3254 vidua
2716 3198 2917 3252 dicitur
2946 3195 3156 3250 misisse
3185 3194 3544 3263 quadrantem

1953 3296 2008 3350 in
2040 3296 2330 3351 corbonam
2362 3311 2376 3347 :
2419 3293 2474 3346 in
2507 3291 2614 3346 alio
2653 3289 2761 3344 duo
2790 3289 2994 3343 minuta
3023 3286 3188 3359 (Luc.
3237 3302 3327 3338 xxi
3349 3284 3368 3354 )
3392 3325 3406 3348 ,
3437 3299 3544 3338 non

1955 3390 2096 3461 quod
2128 3389 2408 3443 dissonent
2436 3383 2746 3455 Evangelia,
2777 3370 2870 3437 scd
2901 3382 3044 3451 quod
3095 3394 3233 3433 unus
3267 3377 3544 3448 quadrans

1956 3485 2089 3538 duos
2124 3480 2360 3534 mimrtos
2403 3490 2656 3531 nummos
2697 3474 2915 3529 habeat.
2969 3471 3083 3526 Hoc
3107 3479 3192 3525 est
3217 3484 3369 3538 ergo,
3398 3474 3544 3536 quod

1955 3573 2122 3628 dicit:
2165 3571 2286 3625 Non
2325 3568 2604 3638 egredieris
2648 3566 2713 3620 de
2757 3580 2966 3618 carcere
3003 3561 3222 3633 (Matth.
3259 3560 3335 3628 v),
3369 3559 3544 3613 donec

1952 3665 2115 3718 etiam
2146 3663 2351 3715 minuta
2380 3667 2600 3729 peccata
2630 3656 2941 3726 persolvas;
2975 3653 3042 3706 dc
3072 3649 3328 3705 solvendo
3359 3655 3541 3701 autem

1953 3754 2249 3809 novissimo
2293 3751 2597 3820 quadrante
2648 3756 2826 3820 potest
2873 3761 2979 3801 non
3031 3743 3266 3798 absurde
3315 3737 3542 3811 intelligi

1953 3853 2045 3901 aut
2076 3859 2175 3914 pro
2208 3857 2274 3897 eo
2302 3841 2558 3911 positum,
2583 3840 2727 3909 quod
2761 3837 2895 3892 nihil
2929 3835 3269 3904 relinquatur
3306 3830 3543 3902 impuni-

1952 3945 2098 4000 ttun;
2131 3934 2273 3988 sicut
2299 3933 2579 4002 loquentes
2604 3930 2765 3983 etiam
2795 3928 3044 3992 dicimus,
3063 3941 3226 3996 usque
3245 3923 3314 3976 ad
3334 3923 3542 3992 fwcem,

1951 4045 2074 4085 cum
2103 4027 2352 4082 volumus
2378 4023 2683 4092 exprimere
2709 4020 2852 4074 aliud
2879 4017 3126 4089 [aliquid]
3161 4017 3233 4070 ita
3263 4022 3538 4078 exactum,

1948 4129 2011 4174 ut
2038 4117 2170 4172 nihil
2208 4116 2461 4170 relictum
2503 4114 2604 4178 sit;
2643 4111 2728 4166 vel
2759 4119 2816 4164 ut
2841 4108 3283 4180 signiﬁcarentur
3321 4105 3541 4160 nomine

1949 4212 2266 4285 quadrantis
2300 4210 2590 4266 novissima
2622 4217 2838 4264 terrena
2869 4213 3114 4276 peccata.
3149 4203 3355 4270 Quarta
3387 4200 3536 4256 enim

1947 4320 2075 4375 pars
2100 4303 2482 4358 distinetornm
2529 4298 2896 4354 membrorum
2937 4294 3097 4364 hujus
3136 4293 3342 4358 mundi,
3388 4300 3444 4346 et
3470 4305 3537 4345 ea

1946 4393 2260 4457 novissima,
2287 4401 2429 4446 terra
2467 4389 2770 4453 invenitur;
2806 4396 2866 4441 ut
2902 4386 3166 4454 incipiens
3199 4400 3228 4438 a
3254 4383 3419 4447 emlo,
3452 4397 3539 4436 se—

259 4479 576 4549 putabatur.
607 4481 873 4536 Denarius
905 4482 1190 4550 allegorice
1226 4482 1496 4552 signiﬁcat
1531 4495 1844 4540 remunera-
1870 4499 1925 4558 D
1951 4485 2185 4540 cundum
2232 4497 2414 4538 aerem
2444 4495 2716 4545 numeres,
2762 4493 2958 4547 atptam
3006 4476 3244 4538 tertiam.
3286 4481 3537 4544 quartam

261 4570 465 4624 tionem
513 4569 748 4626 futuram
790 4582 1124 4638 sanctorum,
1156 4591 1275 4642 qua:
1316 4575 1420 4629 illis
1468 4589 1567 4644 pro
1592 4577 1733 4629 bono
1772 4577 1850 4629 la-

260 4661 394 4715 bore
423 4662 512 4716 hic
541 4665 894 4731 promittitur,
928 4673 983 4718 et
1028 4665 1079 4718 in
1133 4665 1315 4719 futuro
1365 4667 1545 4720 datur.
1604 4666 1759 4721 Unde
1794 4667 1846 4720 in

260 4750 552 4822 Evangelio
587 4753 802 4824 (Matth.
833 4754 926 4823 vx)
959 4754 1350 4824 paterfamilias
1387 4755 1650 4825 operariis
1679 4756 1850 4810 vinea:

261 4858 375 4897 sua:
424 4845 476 4898 in
525 4846 630 4901 ﬁne
678 4847 859 4916 operis
909 4847 991 4901 sui
1041 4847 1236 4917 legitur
1281 4847 1494 4902 dedisse
1543 4847 1842 4903 denarium.

263 4933 483 4990 Denarii
526 4937 630 4991 duo
670 4946 940 5006 prmcepta
970 4938 1276 5002 charitatis,
1305 4939 1387 4992 vel
1432 4949 1718 5008 utrumque
1745 4936 1848 4991 Te-

266 5036 614 5093 stamentum,
665 5031 768 5084 hoc
815 5038 918 5093 est,
969 5046 1166 5084 novum
1220 5038 1276 5083 et
1321 5037 1497 5095 vetus,
1547 5029 1846 5100 signiﬁcat:

266 5121 408 5174 unde.
447 5121 500 5173 in
527 5120 819 5192 Evangelio
847 5121 1046 5175 dicitur
1073 5138 1085 5173 :
1111 5119 1178 5173 Et
1203 5119 1309 5174 alio
1337 5123 1421 5173 die
1441 5121 1656 5190 protulit
1682 5120 1847 5173 dena-

266 5214 371 5267 rios
393 5212 548 5279 duos,
570 5223 618 5266 et
641 5213 780 5267 dedit
803 5213 1092 5266 stabulario
1119 5211 1268 5282 (Luc.
1295 5211 1370 5281 x).
1403 5210 1617 5266 Solidus
1642 5227 1848 5266 nuncu-

265 5311 442 5372 patur,
472 5303 598 5374 quia
631 5303 763 5358 nihil
810 5303 883 5358 illi
915 5303 1101 5357 deesse
1141 5303 1352 5357 videtur
1380 5320 1393 5355 :
1437 5298 1666 5357 solidum
1701 5303 1845 5356 enim

267 5400 477 5446 veteres
527 5392 796 5463 integrum
846 5393 1100 5449 dicebant
1137 5401 1192 5447 et
1240 5400 1430 5446 totum.
1486 5392 1604 5462 Ipse
1633 5407 1848 5462 quoque

266 5484 528 5538 nomisma
574 5491 798 5540 vocatur
847 5500 948 5556 pro
989 5499 1057 5540 eo
1099 5485 1241 5554 quod
1288 5485 1596 5541 nominibus
1639 5485 1844 5555 princi-

265 5591 390 5646 pum
436 5576 718 5648 clligicquc
767 5579 1029 5649 signetur.
1079 5579 1160 5632 Ab
1208 5577 1364 5632 initio
1389 5592 1520 5632 vero
1551 5594 1715 5632 unum
1751 5594 1849 5632 nn‘

268 5669 478 5733 naisma,
509 5685 647 5722 unus
677 5677 964 5739 argenteus
995 5677 1112 5723 erat
1137 5687 1150 5722 :
1199 5669 1302 5724 hoc
1331 5671 1476 5724 enim
1514 5671 1583 5725 ab
1612 5670 1848 5741 Assyriis

267 5761 426 5831 empit
452 5779 463 5814 :
493 5762 674 5816 dicunt
704 5769 880 5815 autem
918 5759 1107 5827 Jadmi,
1158 5762 1300 5830 quod
1333 5762 1605 5816 Abraham
1641 5762 1692 5816 in
1740 5771 1846 5818 ler-

1951 4582 2172 4628 terram.
2227 4571 2392 4633 Sicel,
2439 4569 2529 4638 qui
2579 4569 2748 4622 latino
2789 4580 3038 4621 sermone
3084 4565 3247 4619 siclus
3280 4571 3538 4631 corrupte

1949 4662 2272 4732 appellatur,
2315 4660 2589 4714 hebraeum
2645 4671 2840 4711 nomen
2891 4663 2996 4719 est,
3030 4655 3236 4708 habens
3273 4651 3413 4720 apud
3442 4665 3537 4705 eos

1950 4756 2123 4810 uncia:
2149 4752 2376 4824 pondus.
2392 4751 2544 4821 Apud
2567 4749 2789 4804 Latinos
2810 4756 2987 4800 autem
3017 4753 3072 4799 et
3093 4744 3313 4799 Graecos
3341 4750 3534 4810 quarta

1948 4866 2078 4921 pars
2111 4848 2281 4902 uncia:
2309 4853 2426 4910 est,
2457 4852 2510 4899 et
2535 4841 2756 4896 stateris
2792 4838 3071 4901 medietas,
3105 4834 3402 4890 drachmas
3439 4847 3535 4902 ap—

1951 4943 2188 5015 pendcns
2239 4941 2391 4994 duas.
2434 4937 2586 4993 Unde
2614 4951 2736 4991 cum
2775 4934 2828 4988 in
2860 4932 3056 4987 litteris
3087 4928 3287 4984 divinis
3339 4927 3537 4999 legitur

1952 5037 2137 5101 siclus,
2188 5034 2347 5088 uncia
2395 5041 2509 5098 est;
2560 5045 2682 5085 eum
2722 5042 2852 5082 vero
2897 5026 2950 5080 in
3001 5023 3302 5094 gentilium,
3335 5030 3534 5092 quarta

1951 5143 2080 5198 pars
2133 5124 2305 5180 uncia:
2352 5131 2456 5178 est.
2505 5121 2673 5177 Uncia
2717 5118 2886 5182 dicta,
2933 5114 3076 5185 quod
3123 5113 3532 5169 universitatem

1953 5218 2222 5273 minorum
2273 5214 2572 5286 ponderum
2627 5227 2726 5268 sua
2775 5209 2983 5263 unitate
3030 5206 3260 5269 vinciat,
3319 5205 3373 5259 id
3426 5213 3531 5270 est,

1953 5308 2366 5377 complectatur.
2403 5305 2628 5360 Constat
2656 5309 2834 5356 autem
2862 5298 3137 5354 drachmis
3173 5303 3318 5362 octo,
3352 5295 3403 5350 id
3426 5304 3529 5358 est,

1950 5397 2220 5468 scrupulis
2251 5411 2400 5459 xxiv,
2427 5393 2570 5463 quod
2597 5390 2822 5461 proinde
2869 5387 3165 5460 legitimum
3195 5385 3408 5454 pondus
3436 5384 3535 5438 hac

1948 5489 2140 5552 betur;
2174 5486 2300 5556 quia
2333 5497 2592 5538 numerus
2637 5479 3013 5550 serupulorum
3065 5475 3184 5545 ejus
3230 5476 3395 5530 horas
3425 5473 3532 5528 diei

1949 5578 2229 5646 noctisque
2277 5575 2529 5638 metitur;
2575 5573 2658 5628 vel
2687 5572 2813 5642 quia
2863 5570 3057 5625 libram
3085 5566 3276 5631 ellicit,
3327 5565 3532 5620 duode-

1950 5671 2063 5726 cies
2105 5675 2432 5739 computata.
2484 5665 2643 5720 Libra
2695 5663 2976 5719 duodecim
3023 5659 3197 5716 unciis
3227 5656 3529 5728 perﬁcitur,

1948 5771 2001 5816 ct
2037 5761 2158 5816 inde
2201 5759 2434 5815 habetur
2462 5756 2685 5828 perfecti
2722 5754 2980 5828 ponderis
3025 5765 3225 5824 genus;
3273 5748 3398 5818 quia
3453 5755 3533 5799 tot
