4038 6324
473 324 581 380 683

1115 313 1177 369 Β.
1207 310 1473 371 'RABANI
1512 307 1734 367 MAUR!
1769 300 2085 361 ARClllEP.
2127 298 2436 359 MOGUNT.
2475 297 2762 358 OPERUM
2798 298 2980 356 PARS
3012 299 3081 356 ll.

3634 300 3757 358 ιει

473 440 595 496 hate
635 439 850 491 constat
891 427 1085 492 unciis,
1130 431 1265 495 quot
1311 421 1589 477 mensibus
1647 432 1841 473 annus.
1907 414 2061 469 Dicta
2089 413 2137 473 Α
2165 426 2357 465 aurum
2384 450 2401 475 ,
2448 412 2592 482 quod
2631 410 2882 480 junctum
2932 420 3132 480 sonat,
3187 413 3471 485 repositum
3531 431 3755 473 eum.

477 536 662 585 autem
710 524 870 587 libra,
915 517 1060 589 quod
1105 515 1178 571 sit
1227 514 1418 577 libera,
1470 517 1529 566 et
1578 516 1775 566 cuncta
1825 506 1968 560 intra
2005 516 2065 559 se

478 618 719 691 pondera
769 611 1030 684 praedicta
1081 604 1388 662 concludat.
1455 602 1580 656 Mna
1636 601 1691 655 in
1729 596 2064 669 ponderibus

482 721 700 771 centum
729 704 1006 764 drachmis
1035 698 1375 771 appenditur,
1397 702 1552 751 etest
1572 705 1768 748 nomen
1803 703 2059 762 graecum.

484 800 765 874 Signiﬁcat
795 810 922 851 mna
970 793 1157 847 decem
1186 787 1350 842 verba
1398 784 1553 853 legis,
1594 796 1714 852 quae
1756 778 2064 874 hominibus

482 869 741 952 divinitus
774 888 899 943 data
939 890 1087 948 sunt,
1117 887 1176 934 ut
1216 879 1270 933 in
1309 876 1390 932 eis
1418 881 1729 944 operentur,
1765 879 1823 925 et
1850 869 2064 924 lucrum

482 982 726 1058 spiritale
747 978 1010 1041 eﬁiciant;
1034 972 1181 1029 unde
1209 971 1264 1025 in
1284 966 1576 1058 Evangelia
1602 963 1801 1058 legitur
1843 959 2059 1058 (Matth.

482 1050 636 1145 xxv),
659 1069 801 1143 quod
830 1070 993 1125 homo
1020 1062 1234 1127 nobilis,
1265 1059 1357 1131 qui
1388 1057 1523 1112 abiit
1557 1056 1613 1111 in
1645 1054 1920 1126 regionem
1947 1050 2065 1105 lon-

483 1170 759 1242 ginquam,
810 1157 1123 1232 expenderit
1164 1153 1336 1210 servis
1381 1150 1495 1206 suis
1543 1147 2060 1242 pecuniam-suam;

481 1234 568 1317 cui
594 1234 908 1313 revertenti
956 1246 1151 1319 singuli
1197 1256 1515 1315 exposuere,
1563 1254 1686 1311 quae
1726 1234 2066 1292 lucriﬁcave—

484 1356 629 1405 runt.
680 1346 787 1400 Iste
831 1348 1011 1396 autem
1059 1339 1222 1393 homo
1271 1331 1468 1387 nobilis
1502 1328 1831 1397 Redemptor
1878 1333 2065 1380 noster

481 1451 584 1508 est,
606 1441 699 1512 qui
740 1438 872 1494 abiit
906 1436 961 1490 in
986 1432 1269 1503 regionem
1319 1425 1703 1502 longinquam;
1761 1419 2059 1512 quia,rpas-

483 1509 641 1591 sione
687 1542 785 1586 sua
834 1536 891 1583 et
936 1520 1332 1580 resurrectione
1381 1514 1668 1585 completa,
1718 1510 1961 1568 ascendit
2009 1509 2063 1563 in

483 1625 707 1688 coelum,
737 1629 795 1676 et
821 1619 962 1676 sedit
994 1631 1024 1669 a
1050 1612 1257 1668 dextris
1286 1610 1400 1665 Dei.
1448 1607 1505 1661 ιιι
1536 1606 1623 1660 die
1653 1612 1833 1660 autem
1871 1600 2063 1673 judieii

484 1724 766 1778 venturus,
791 1719 851 1765 ut
877 1706 1130 1778 exquirat
1164 1718 1233 1758 ex
1269 1698 1495 1771 singulis
1528 1696 1864 1753 debitoribus
1897 1708 2063 1778 pecu-

485 1808 654 1869 niam,
686 1763 850 1873 quam
876 1763 1462 1854 cis-commendaverat
1487 1808 1500 1843 :
1528 1789 1593 1843 Et
1616 1862 1617 1865 η
1641 1786 1820 1841 reddet
1861 1775 2068 1838 unicui-
2095 1763 2143 1822 Β

485 1913 585 1968 que
622 1893 909 1949 secundum
949 1902 1107 1958 opera
1132 1901 1231 1939 sua
1259 1881 1477 1954 (Matth.
1502 1895 1590 1952 xvt
1616 1896 1631 1945 ;
1663 1876 1814 1930 Rom.
1839 1874 1922 1947 ιι).
1971 1873 2072 1968 'l‘a-

486 1967 711 2049 lentum,
734 1995 1005 2039 summum
1028 1993 1150 2034 esse
1176 1976 1385 2047 pondus
1406 1973 1724 2044 perhibetur
1751 1970 1804 2024 in
1830 1967 2065 2033 Graecis;

487 2095 613 2135 nam
663 2076 796 2133 nihil
838 2056 925 2129 est
969 2070 1160 2128 cbalco
1196 2069 1398 2133 minus,
1431 2066 1563 2126 nihil
1618 2066 1818 2120 talento
1861 2061 2066 2132 majus;

488 2168 645 2239 cujus
672 2166 879 2221 varium
910 2161 1052 2233 apud
1081 2162 1329 2217 diversas
1365 2165 1552 2228 gentes
1579 2159 1788 2228 pondus
1816 2157 2067 2212 habetur.

488 2258 645 2329 Apud
674 2258 946 2311 Romanos
973 2254 1117 2309 enim
1163 2251 1424 2306 talentum
1450 2257 1537 2317 est
1576 2265 1683 2304 ιλιι
1731 2248 1957 2302 duarum
2006 2246 2072 2300 li-

489 2349 735 2412 brarum,
765 2346 905 2401 sicut
933 2344 1155 2398 Plautus
1189 2339 1444 2402 ostendit,
1501 2338 1594 2407 qui
1631 2338 1707 2392 ait
1734 2337 1840 2392 duo
1870 2336 2073 2392 talenta

488 2454 609 2496 esse
632 2446 846 2495 centum
875 2434 1233 2506 quadraginta
1261 2438 1501 2501 quatuor
1526 2429 1712 2485 libras.
1760 2428 1858 2484 Est
1890 2438 2072 2484 autem

491 2530 705 2601 triplex,
738 2529 790 2584 id
835 2536 941 2593 est,
986 2526 1186 2592 minus,
1236 2525 1497 2589 medium,
1544 2537 1842 2588 summum;
1896 2522 2074 2578 minus

490 2619 913 2691 quinquaginta;
972 2617 1209 2672 medium
1248 2615 1594 2686 septuaginta
1642 2613 1871 2668 duarum
1912 2611 2076 2667 libra-

491 2726 648 2776 rum;
686 2725 954 2765 summum
984 2717 1199 2764 centum
1243 2706 1433 2778 viginti
1482 2714 1718 2761 constat.
1765 2703 2075 2760 Centenarii

490 2802 638 2859 enim
666 2800 874 2855 numeri
913 2813 1109 2853 nomen
1139 2806 1224 2854 est
1260 2812 1326 2852 eo
1366 2795 1507 2867 quod
1548 2805 1768 2853 centum
1817 2795 2077 2850 librarum

492 2893 749 2964 ponderis
790 2891 891 2957 sit;
953 2890 1097 2961 quod
1149 2889 1363 2960 pondus
1415 2896 1637 2958 propter
1681 2885 2074 2958 perfectionem

490 2983 795 3040 centenarii
823 2982 1033 3037 numeri
1064 2981 1415 3037 instituerunt
1438 2979 1689 3035 Romani.
1719 2977 1933 3034 Talenti
1978 2992 2077 3033 no-

495 3074 641 3130 mine
686 3073 968 3144 plenitudo
1011 3079 1068 3128 ct
1109 3071 1373 3142 perfectio
1402 3071 1667 3128 donorum
1701 3071 2070 3142 signiﬁcatur;

2163 502 2392 558 Auraria
2422 518 2619 558 nomen
2657 503 2820 558 habet
2856 502 2926 558 ab
2952 519 3108 561 auro.
3152 504 3230 561 De
3270 507 3511 562 thesauri
3540 508 3761 579 signiﬁ-

2163 594 2375 648 catione
2422 593 2733 664 evangelica
2771 595 3030 665 parabola
3083 596 3433 654 manifestum
3482 598 3759 657 iudicium

2162 685 2276 750 dat,
2330 684 2421 739 ubi
2447 685 2706 740 Dominus
2732 686 2832 740 ait
2863 703 2876 739 :
2907 684 3095 758 Simile
3130 698 3206 743 est
3248 706 3463 761 regnum
3497 691 3762 750 caelorum

2163 775 2407 830 thesauro
2444 776 2747 830 abscondito
2769 778 2826 831 in
2865 794 3017 848 agro,
3037 796 3190 850 quem
3210 783 3303 852 qui
3344 783 3539 839 invenit
3565 786 3760 853 homo,

2162 870 2454 935 abscondit,
2478 879 2525 924 et
2542 886 2653 940 pro:
2670 869 2866 941 gaudio
2885 870 3030 926 illius
3052 873 3191 927 vadit
3217 882 3265 927 et
3278 874 3460 929 vendit
3504 877 3762 934 universa

2160 977 2278 1032 qua:
2305 961 2458 1015 habet
2477 970 2526 1016 et
2549 961 2670 1015 emit
2695 978 2882 1032 agrum
2905 961 3057 1018 illum
3080 964 3297 1035 (Matth.
3324 965 3469 1037 xm).
3504 967 3760 1025 Thesau-

2162 1067 2259 1107 rus
2300 1061 2480 1108 autem
2515 1052 2738 1108 caeleste
2782 1062 2867 1109 est
2913 1055 3263 1113 desiderium.
3314 1057 3460 1131 Ager
3492 1075 3644 1126 vero,
3695 1064 3771 1123 in

2163 1161 2271 1216 quo
2310 1147 2601 1202 thesaurus
2646 1147 3014 1216 absconditur,
3063 1148 3349 1221 disciplina
3388 1154 3551 1209 studii
3582 1155 3763 1211 coele-

2163 1237 2284 1295 stis.
2318 1236 2491 1304 Quem
2528 1236 2772 1307 profecto
2797 1253 3011 1308 agrum,
3038 1240 3272 1296 venditis
3296 1243 3570 1310 omnibus,
3599 1228 3781 1301 coui-

2163 1336 2340 1399 parat,
2374 1328 2465 1399 qui
2516 1327 2881 1398 voluptatibus
2926 1331 3108 1387 carnis
3155 1333 3496 1405 renuntiatis,
3551 1345 3761 1393 cuncta

2164 1432 2261 1473 sua
2293 1426 2507 1473 terrena
2534 1417 2802 1473 desideria
2837 1433 2935 1488 per
2962 1420 3260 1490 disciplinae
3304 1424 3606 1480 custodiam
3638 1440 3763 1482 cae-

2164 1508 2318 1565 lestis
2344 1508 2522 1564 calcat
2549 1525 2562 1561 :
2595 1517 2656 1563 ut
2692 1509 2848 1574 nihil,
2880 1511 3024 1580 quod
3049 1512 3200 1589 carni
3224 1512 3519 1579 blanditur,
3552 1515 3754 1573 liceat:

2164 1600 2321 1667 nihil,
2377 1600 2523 1669 quod
2574 1598 2849 1655 carnalem
2900 1609 3138 1656 mentem
3184 1603 3437 1665 trucidat,
3498 1604 3759 1674 Spiritum

2168 1688 2449 1762 [Spiritus]
2477 1690 2875 1761 perhorrescat.
2914 1690 3047 1746 Item
3079 1691 3365 1748 thesaurus
3411 1695 3539 1760 iste,
3574 1695 3631 1748 in
3647 1712 3760 1767 quo

2168 1791 2289 1836 sunt
2328 1798 2505 1836 omnes
2545 1780 2779 1836 thesauri
2815 1783 3088 1851 sapientite
3116 1793 3165 1839 et
3192 1785 3428 1840 scientia:
3455 1787 3761 1842 εὐποιιάίῑὶ

2170 1867 2307 1942 (Col.
2334 1870 2418 1942 ιι),
2465 1878 2560 1925 aut
2586 1870 2682 1925 Dei
2708 1871 2934 1928 verbum
2964 1880 3070 1938 est,
3101 1874 3246 1943 quod
3284 1873 3337 1929 in
3364 1890 3529 1930 carne
3546 1875 3763 1934 Christi

2168 1960 2384 2016 videtur
2432 1961 2805 2018 absconditum
2856 1978 2871 2017 :
2918 1972 3014 2018 aut
3062 1973 3262 2021 sanctae
3312 1965 3632 2037 Scriptura,
3700 1967 3766 2025 in

2170 2051 2366 2122 quibus
2410 2053 2644 2122 reposita
2689 2060 2774 2108 est
2824 2053 3017 2109 notitia
3065 2053 3385 2112 Salvatoris.
3429 2058 3602 2124 Quem
3627 2074 3764 2114 cum

2170 2143 2295 2214 quis
2340 2143 2395 2197 in
2427 2142 2506 2198 eis
2558 2143 2851 2209 invenerit,
2909 2144 3070 2200 debet
3120 2147 3302 2201 omnia
3358 2147 3521 2203 istius
3571 2149 3765 2204 saeculi

2171 2220 2535 2290 emolumenta
2586 2243 2956 2300 contemnere,
3006 2244 3067 2290 ut
3111 2236 3271 2307 illum
3312 2237 3486 2308 possit
3530 2238 3762 2306 habere,

2172 2342 2334 2399 quem
2362 2327 2583 2396 reperit.
2611 2325 2835 2380 Tributa
2865 2340 2993 2382 vero
3021 2342 3107 2393 eo,
3140 2327 3285 2397 quod
3325 2322 3488 2385 antea
3516 2344 3617 2402 per
3659 2332 3769 2385 tri-

2172 2419 2274 2473 bus
2305 2415 2515 2488 singula
2542 2415 2897 2487 exigebantur
2920 2454 2936 2482 ,
2987 2416 3150 2472 sicuti
3200 2433 3345 2474 nunc
3394 2432 3493 2489 per
3546 2420 3765 2490 singula

2174 2512 2472 2568 territoria.
2522 2510 2614 2567 Sic
2653 2518 2836 2566 autem
2880 2510 3075 2567 intres
3100 2518 3286 2582 partes
3310 2510 3544 2568 divisum
3591 2512 3768 2569 fuisse

2175 2602 2477 2658 Romanum
2522 2588 2778 2674 populum
2817 2610 3035 2659 constat
3071 2620 3087 2659 :
3134 2610 3310 2668 utea,
3359 2618 3480 2674 qua:
3516 2612 3677 2672 erant
3708 2605 3767 2659 in

2176 2693 2400 2762 singulis
2446 2693 2725 2763 partibus,
2768 2693 2972 2748 tribuni
3008 2694 3340 2750 dicerentur.
3398 2693 3552 2750 Unde
3595 2696 3769 2750 etiam

2177 2791 2443 2852 sumptus,
2473 2797 2611 2852 quos
2658 2782 2862 2837 dabant
2894 2783 3102 2852 populi,
3129 2784 3334 2838 tributa
3386 2784 3768 2839 nominarunt.

2180 2871 2473 2945 Vectigalia
2500 2883 2629 2929 sunt
2657 2874 2858 2931 tributa
2883 2891 2914 2930 a
2937 2875 3186 2932 vehendo
3214 2877 3381 2932 dicta.
3420 2876 3771 2949 Stipendium

2178 2954 2210 3020 a
2239 2964 2380 3034 stipe
2407 2963 2693 3035 pendenda
2722 2966 3084 3020 nominatum.
3127 2966 3350 3038 Antiqui
3378 2967 3526 3023 enim
3562 2982 3774 3039 appen-

2179 3057 2309 3113 dere
2345 3057 2632 3127 pecuniam
2673 3056 2817 3112 soliti
2856 3067 3012 3113 erant
3058 3060 3264 3132 magis,
3296 3076 3459 3131 quam
3500 3075 3776 3116 annume-

498 3120 641 3219 ἶῖιὶζὶἐ
676 3120 1076 3234 ίῖιῖιῖᾷἷιῖςὲιίέὲ
1108 3120 1368 3233 ἕξιἓῶἱᾷ
1396 3120 1667 3217 agat};
1693 3120 2074 3233 (ἱίξῇἶῇᾇᾶιῖ
2103 3120 2149 3185 ο
2182 3164 2323 3204 rare.
2346 3120 2496 3216 ’ρυίά
2533 3156 2713 3203 autem
2745 3148 2964 3216 divites.
2990 3152 3087 3221 qui
3124 3120 3507 3208 εἶιεεὲιιιὶονυηι
3547 3167 3775 3224 posses-

496 3256 648 3330 xxv),
678 3257 955 3312 hominem
989 3270 1216 3327 peregre
1252 3254 1688 3326 proﬁciscentem
1713 3269 1936 3310 vocasse
1962 3268 2079 3309 scr-

497 3363 595 3404 vos
628 3363 776 3413 suos,
806 3356 861 3404 et
887 3347 1181 3402 tradidisse
1227 3345 1334 3401 illis
1364 3344 1506 3400 bona
1536 3359 1668 3410 sua;
1714 3354 1769 3400 et
1810 3344 1904 3399 uni
1934 3343 2087 3400 dedit

495 3442 733 3511 quinque
774 3441 995 3504 talenta,
1051 3439 1144 3494 alii
1189 3446 1372 3494 autem
1419 3438 1547 3504 duo,
1598 3436 1690 3493 alii
1720 3452 1851 3493 vero
1889 3452 2076 3492 unum.

494 3534 743 3603 Quinque
771 3535 917 3589 enim
948 3541 1078 3587 sunt
1111 3531 1355 3601 corporis
1389 3547 1602 3595 sensus,
1629 3530 1881 3586 videlicet
1910 3530 2077 3597 visus,

498 3625 734 3691 auditus,
762 3634 971 3695 gustus,
998 3624 1279 3689 odoratus,
1308 3633 1364 3680 et
1404 3632 1609 3690 tactus;
1647 3623 1885 3694 quinque
1909 3624 2081 3705 “igitur

498 3715 715 3770 talentis
770 3716 973 3770 donum
1011 3715 1253 3785 quinque
1299 3729 1578 3779 sensuum,
1610 3714 1664 3769 id
1692 3722 1801 3779 est,
1845 3713 2081 3769 exterio-

497 3820 618 3860 rum
643 3805 872 3860 scientia
902 3806 1257 3875 exprimitur;
1292 3805 1502 3863 duobus
1528 3819 1656 3861 vero
1690 3804 1998 3860 intellectus
2027 3812 2084 3860 et

496 3895 744 3968 operatio
787 3896 1138 3968 designatur;
1195 3898 1358 3952 unius
1407 3906 1590 3954 autem
1645 3896 1835 3954 talenti
1866 3897 2085 3953 nomine

498 3989 805 4045 intellectus
853 3989 1226 4045 tantummodo
1272 3989 1606 4058 designatur.
1657 3989 1852 4045 Decem
1916 3987 2083 4044 millia

501 4082 702 4138 talenta
750 4083 1122 4154 operationem
1172 4083 1360 4139 decem
1410 4067 1799 4153 praeceptorum
1848 4082 1983 4153 legis
2027 4082 2084 4137 in

500 4173 790 4244 Evangelia
816 4174 1143 4245 signiﬁcant,
1175 4174 1266 4228 ubi
1298 4173 1375 4228 ita
1410 4173 1637 4243 legitur;
1670 4173 1739 4228 Et
1766 4171 1973 4236 oblatus
2008 4180 2084 4227 est

499 4279 661 4327 unus,
690 4262 779 4333 qui
801 4263 1012 4316 debebat
1036 4262 1214 4316 decem
1245 4260 1412 4316 millia
1434 4261 1630 4316 talenta
1658 4261 1874 4332 (Matth.
1903 4262 2080 4336 xvut).

501 4352 635 4407 Item
667 4351 926 4406 talentum
960 4351 1015 4405 in
1045 4350 1243 4405 malam
1290 4359 1502 4420 partem
1534 4351 1753 4421 ponitur
1799 4352 1854 4406 in
1882 4351 2088 4407 Zacha-

2180 3253 2330 3307 sores
2359 3248 2505 3305 sunt,
2537 3247 2593 3294 et
2621 3238 2752 3309 quid
2786 3239 2993 3296 divitiae
3019 3242 3248 3312 mystice
3286 3243 3614 3315 signiﬁcent,
3644 3243 3775 3299 bre-

2179 3332 2320 3399 viter
2347 3331 2615 3387 dicamus.
2664 3331 2827 3388 Dives
2869 3332 3070 3389 dicitur
3106 3334 3250 3390 Deus
3290 3345 3351 3390 ut
3391 3335 3447 3391 in
3469 3335 3771 3407 Apostolo:

2179 3419 2344 3487 Deus,
2366 3422 2456 3491 qui
2496 3420 2636 3475 dives
2661 3430 2737 3476 est
2766 3421 2824 3476 in
2848 3423 3211 3480 misericordia
3234 3424 3396 3497 (Eph.
3425 3426 3511 3497 ιι).
3536 3425 3771 3495 Divites,

2182 3515 2358 3571 sancti
2394 3523 2543 3579 sunt,
2572 3524 2634 3571 ut
2669 3516 2725 3571 in
2750 3516 3010 3587 Apostolo
3042 3536 3055 3572 :
3101 3518 3240 3585 Quia
3273 3519 3456 3575 divites
3488 3519 3616 3590 facti
3642 3521 3776 3585 estis

2181 3610 2237 3664 in
2258 3608 2349 3664 illo
2371 3609 2425 3664 in
2448 3609 2590 3664 omni
2609 3609 2868 3679 sapientia
2889 3621 2938 3665 et
2968 3611 3251 3682 prudentia
3287 3610 3338 3684 (I
3361 3610 3485 3667 Cor.
3514 3614 3576 3684 ι).
3606 3612 3777 3669 Dives

2183 3711 2268 3759 est
2294 3702 2525 3773 populus
2550 3701 2883 3771 Judteorum,
2913 3705 2982 3761 de
3007 3720 3117 3775 quo
3166 3705 3221 3760 in
3246 3705 3543 3777 Evangelia
3568 3706 3776 3762 dicitur

2182 3795 2395 3867 (Matth.
2421 3794 2536 3866 ιιι)
2568 3814 2581 3851 :
2606 3794 2846 3852 Facilius
2867 3806 2941 3852 est
2975 3798 3237 3854 camelum
3253 3816 3348 3870 per
3365 3799 3604 3868 foramen
3637 3817 3774 3855 acus

2182 3888 2426 3953 transire,
2464 3905 2623 3959 quam
2663 3889 2873 3943 divitem
2907 3890 3105 3945 intrare
3140 3889 3195 3944 in
3232 3907 3446 3962 regnum
3494 3891 3770 3946 caelorum.

2181 3977 2287 4033 Alii
2315 3987 2495 4034 autem
2523 3980 2665 4034 hunc
2694 3979 2939 4045 divitem,
2969 3981 3261 4050 superbum
3287 3983 3583 4051 quemlibet
3609 3983 3779 4036 intel-

2183 4072 2372 4145 ligunt.
2418 4074 2623 4130 Divitcs
2660 4081 2785 4130 sunt
2828 4072 2996 4129 Judzei
3045 4074 3383 4146 philosophi,
3429 4074 3514 4131 vel
3549 4078 3772 4146 superbi

2184 4164 2345 4235 hujus
2380 4166 2603 4232 mundi,
2651 4175 2711 4221 ut
2746 4167 2799 4221 in
2847 4165 3104 4236 psalterio
3142 4186 3154 4220 :
3190 4167 3379 4222 Divites
3423 4179 3676 4239 eguerunt
3716 4178 3772 4223 et
3804 4232 3809 4237 η

2184 4262 2475 4317 esurierunt
2526 4260 2697 4331 (Psal.
2738 4261 2971 4333 xxxiii);
3005 4268 3060 4315 et
3105 4260 3274 4315 alibi:
3329 4260 3524 4315 Divites
3568 4262 3773 4315 dimisit

2184 4353 2367 4406 inanes
2397 4351 2548 4423 (Luc.
2593 4350 2656 4423 1).
2706 4352 2920 4407 Divitiae
2962 4360 3088 4408 sunt
3128 4353 3358 4408 virtutes
3404 4352 3618 4418 animae,
3652 4352 3772 4409 sive

504 4442 607 4507 ria,
639 4450 699 4496 ut
724 4450 809 4496 est
835 4441 996 4506 illud;
1033 4439 1172 4507 Vidi,
1206 4441 1399 4511 inquit,
1430 4442 1761 4513 iniquitatem
1804 4459 1962 4515 super
2001 4452 2083 4498 ta-
2108 4465 2162 4525 D
2187 4458 2366 4499 sermo
2399 4442 2700 4513 sapientiat,
2735 4451 2796 4498 ut
2842 4443 2896 4499 in
2922 4444 3214 4514 Apostolo:
3250 4442 3388 4509 Quia
3427 4444 3610 4499 divites
3639 4444 3772 4513 facti

503 4531 701 4587 lentum
724 4532 923 4603 plumbi
944 4530 1130 4604 (Zach.
1151 4530 1228 4605 v).
1260 4532 1660 4602 Antiquissimi,
1684 4534 1922 4591 nondum
1951 4550 2086 4591 auro
2186 4538 2308 4592 estis
2333 4537 2387 4590 in
2416 4536 2508 4590 illo
2541 4536 2596 4589 in
2618 4537 2759 4590 omni
2788 4536 3045 4606 sapientia
3070 4545 3120 4591 et
3148 4532 3427 4606 prudentia
3455 4536 3509 4608 (1
3534 4534 3658 4593 Cor.
3690 4536 3769 4609 ι);

503 4628 836 4694 argentoque
890 4623 1145 4688 invento,
1197 4638 1307 4679 aere
1361 4625 1692 4691 utebantur;
1755 4641 1881 4681 nam
1934 4628 2086 4698 prius

501 4726 645 4767 terea
696 4712 925 4783 pecunia
974 4712 1029 4767 in
1082 4728 1180 4768 usu
1233 4712 1358 4778 fuit,
1414 4722 1538 4784 post
1589 4725 1866 4786 argentea,
1894 4716 2087 4771 deinde

503 4818 667 4858 aurea
716 4802 1005 4859 subsecuta
1030 4812 1132 4871 est,
1188 4806 1284 4861 sed
1313 4804 1382 4860 ab
1405 4820 1491 4872 ea,
1520 4822 1641 4877 quae
1666 4807 1842 4877 prima
1880 4806 2005 4872 fuit,
2034 4813 2090 4861 et

504 4909 705 4949 nomen
761 4896 1003 4953 retinuit.
1057 4894 1209 4951 Unde
1256 4905 1314 4952 et
1366 4899 1621 4953 terarium
1676 4888 1904 4966 dictum,
1956 4901 2082 4970 quia

504 4983 657 5053 prius
680 4999 754 5039 aes
782 4992 992 5041 tantum
1023 4986 1077 5041 in
1104 5002 1203 5042 usu
1231 4986 1351 5052 fuit,
1381 4997 1439 5044 et
1470 4988 1646 5058 ipsum
1690 4990 1863 5047 solum
1896 5007 2086 5048 recon-

507 5074 754 5138 dcbatur,
824 5090 958 5131 auro
1025 5087 1359 5155 argentoque
1422 5082 1661 5136 nondum
1716 5083 1968 5154 signato:
2017 5100 2083 5140 ex

506 5178 739 5233 quorum
765 5164 1000 5220 metallis
1023 5168 1270 5237 quamvis
1294 5178 1483 5239 postea
1519 5167 1710 5227 luisset
1749 5171 1894 5228 facta
1922 5188 2086 5244 pecu-

509 5254 620 5318 nia,
646 5269 845 5309 nomen
880 5262 1058 5312 tamen
1087 5259 1265 5314 aerarii
1313 5262 1617 5329 permansit
1645 5264 1713 5319 ab
1749 5278 1816 5320 eo
1843 5265 2082 5334 metallo,

508 5344 653 5400 unde
698 5345 910 5401 initium
967 5348 1213 5418 sumpsit.
1258 5349 1595 5408 Thesaurum
1646 5351 1804 5423 juxta
1851 5371 2084 5426 graecum

508 5452 612 5510 apo
661 5447 744 5495 tes
791 5439 1025 5507 theseos,
1069 5456 1100 5494 a
1128 5442 1418 5512 positione,
1470 5443 1575 5499 hoc
1626 5452 1729 5513 est,
1781 5462 1813 5502 a
1853 5449 2087 5519 reposito

511 5529 836 5587 nominatur.
869 5528 1002 5585 Nam
1029 5531 1417 5602 thesis'positio
1439 5532 1642 5589 dicitur
1665 5550 1678 5587 :
1703 5544 1760 5591 et
1782 5543 1865 5591 est
1892 5552 2086 5593 nomen

512 5635 576 5674 ex
622 5634 808 5695 glauco
848 5621 1122 5694 latinoque
1185 5639 1435 5680 sermone
1495 5628 1851 5698 compositum
1891 5646 1904 5682 :
1958 5645 2083 5684 nam

514 5710 681 5767 thesis
708 5711 878 5770 Graeci
924 5716 1219 5793 repositum
1248 5715 1431 5797 dicunt
1456 5733 1468 5769 :
1492 5716 1666 5801 Latini
1697 5718 1773 5791 [et
1804 5735 1869 5777 ex
1897 5719 2084 5793 latino]

2185 4636 2242 4684 et
2271 4627 2325 4682 in
2349 4626 2665 4682 Salomone:
2692 4624 2962 4681 Possessio
2983 4626 3174 4681 animle
3189 4626 3287 4680 viri
3317 4628 3544 4696 propria:
3570 4628 3775 4684 divitia

2189 4717 2372 4792 (Prov.
2398 4718 2553 4786 xm);
2584 4727 2639 4773 et
2675 4719 2728 4773 in
2754 4719 2918 4774 aliam
2944 4725 3155 4789 partem
3188 4733 3287 4789 pro
3316 4718 3591 4796 haeretica,
3622 4728 3686 4773 ut
3714 4718 3771 4772 in

2186 4808 2288 4866 Job
2313 4809 2510 4881 legitur
2533 4824 2548 4863 :
2571 4808 2818 4874 Divitias,
2854 4824 2986 4880 quas
3010 4809 3297 4876 devoravit,
3321 4808 3386 4864 de
3421 4819 3599 4864 ventre
3625 4808 3773 4863 illius

2188 4901 2422 4956 extrahet
2452 4916 2539 4955 eas
2562 4898 2706 4954 Deus
2728 4897 2872 4971 (Job.
2896 4899 3011 4969 xx).
3054 4898 3293 4955 Pecunia
3323 4916 3456 4971 ergo
3482 4900 3646 4954 verba
3683 4899 3771 4955 di-

2188 4993 2313 5050 vina
2341 4999 2470 5047 sunt
2491 5031 2508 5058 ,
2543 4999 2603 5046 ut
2638 4991 2692 5045 in
2718 4989 3008 5063 Evangelio
3038 5006 3052 5044 :
3084 4980 3327 5061 Oportuit
3366 5000 3416 5045 te
3449 4993 3774 5047 committere

2188 5085 2461 5155 pecuniam
2482 5099 2651 5138 meam
2677 5081 3044 5137 nummulariis
3073 5080 3290 5154 (Matth.
3325 5082 3475 5154 xxv).
3509 5081 3774 5141 Saeculus

2190 5171 2574 5230 thesaurizatio
2603 5171 2658 5226 in
2686 5172 2874 5237 Deum,
2905 5179 2967 5225 ut
3000 5172 3054 5226 in
3078 5170 3397 5242 Evangelio:
3415 5170 3600 5227 Facite
3630 5174 3773 5228 vobis

2188 5263 2443 5328 sacculos,
2489 5263 2726 5335 quinon
2769 5272 3085 5318 vetereseant
3131 5262 3283 5335 (Luc.
3332 5264 3456 5336 xu).
3509 5263 3775 5321 Sacenlus

2187 5357 2532 5429 congregatio
2561 5356 2824 5423 avaritite,
2861 5364 2918 5411 ut
2955 5356 3008 5411 in
3028 5356 3225 5428 Aggteo
3249 5358 3513 5429 propheta
3542 5376 3555 5411 :
3586 5358 3656 5413 Et
3681 5360 3777 5431 qui

2188 5447 2448 5503 mercedes
2470 5448 2821 5518 congregavit,
2847 5447 2988 5502 misit
3010 5465 3096 5502 eos
3124 5450 3179 5503 in
3202 5449 3474 5504 sacculum
3499 5461 3777 5521 pertusum

2191 5534 2342 5615 (Agg.
2387 5539 2450 5612 ι).
2500 5538 2875 5611 Negotiatores
2920 5538 3160 5609 Apostoli
3204 5551 3370 5597 sunt:
3400 5541 3541 5597 sicut
3592 5541 3646 5596 in
3671 5538 3776 5596 Joh

2188 5646 2288 5700 pro
2314 5630 2511 5687 diaboli
2536 5645 2785 5701 corpore,
2814 5629 2916 5684 hoc
2939 5636 3044 5695 est,
3061 5631 3311 5687 omnibus
3338 5632 3538 5702 iniquis
3566 5631 3634 5686 de
3662 5632 3775 5699 eis:

2191 5721 2311 5778 dem
2354 5721 2778 5792 negotiatoribus
2818 5720 3015 5775 dicitur
3044 5737 3055 5772 :
3086 5720 3394 5796 .Coucident
3445 5739 3564 5780 eum
3592 5722 3775 5788 antici,
