4038 6324
234 388 344 449 485

1181 379 1273 436 DE
1313 374 1659 436 UNIV'ERSO
1691 377 1874 433 LIBRI
1912 376 2075 433 XXII.
2112 405 2185 417 —
2220 326 2349 430 LIB.
2392 371 2579 430 XVIII.

3395 365 3502 424 486

235 506 467 567 dividant
479 518 596 559 eum
609 495 1112 572 negotiatoreonb.
1130 494 1463 565 x'n).ltem-in
1479 492 1676 547 malam
1692 507 1818 562 par—
1845 496 1894 553 Α
1922 488 2140 545 dimidia
2181 501 2309 557 pars
2341 484 2614 540 drachma:
2632 521 2648 551 ,
2684 480 3005 572 appendcns
3023 479 3250 572 siliquas
3283 495 3503 549 novem,

237 611 369 668 tem,
391 604 453 653 ut
475 597 530 651 in
554 591 868 651 Ezechiele:
890 589 1261 661 Negotiatores
1283 602 1403 641 cum
1431 584 1582 655 agnis
1595 593 1643 638 et
1660 583 1828 638 ltardis

238 691 451 751 veniunt
484 686 554 743 ad
606 695 656 741 te
704 683 926 757 (Ezech.
951 680 1149 751 xxv").
1179 678 1393 735 Moneta
1424 676 1692 748 appellata
1720 684 1827 743 est,

239 782 371 855 quia
401 784 604 842 monet,
640 790 710 830 ne
729 790 850 846 quae
876 773 1026 828 fraus
1060 772 1115 826 in
1145 768 1365 826 metallo
1394 768 1478 823 vel
1509 767 1563 821 in
1592 767 1830 837 pondere

244 865 362 927 ﬁat.
418 868 696 925 Numisma
744 872 826 920 est
872 862 1076 919 solidus
1125 874 1343 925 aureus,
1389 857 1477 913 vel
1519 864 1828 930 argenteus,

243 966 363 1021 sive
394 975 605 1018 arens:
632 958 725 1029 qui
773 957 895 1013 ideo
938 954 1205 1011 numisma
1248 952 1469 1018 dicitur,
1497 952 1625 1022 quia
1659 949 1834 1005 nomi-

243 1054 410 1109 nibus
429 1049 738 1122 principum
769 1046 1069 1116 elligiisque
1099 1045 1370 1116 signatur.
1390 1042 1548 1097 Prius
1580 1055 1835 1096 nummus

244 1157 479 1216 argyrus
526 1138 945 1210 nunatpabatur
991 1151 1005 1191 :
1048 1137 1174 1208 quia
1223 1151 1386 1207 quam
1438 1134 1731 1206 plurimum
1767 1147 1835 1188 ex

246 1241 476 1305 argento
517 1229 943 1301 percutiebatur.
987 1225 1203 1281 Nummi
1255 1232 1434 1280 autem
1462 1239 1492 1278 a
1518 1221 1691 1280 Numa
1721 1222 1836 1278 Ro-

247 1336 536 1379 manorum
590 1333 719 1390 rege
763 1318 940 1373 vocati
987 1323 1135 1381 sunt,
1163 1315 1254 1386 qui
1283 1329 1378 1370 eos
1412 1315 1648 1385 primum
1696 1312 1838 1382 apud

246 1415 470 1471 Latinos
500 1410 828 1481 imaginibus
864 1408 1118 1479 signavit,
1162 1414 1219 1462 et
1265 1406 1421 1461 titulo
1470 1404 1706 1459 nominis
1751 1403 1843 1458 sui

246 1502 603 1577 prtescripsit.
644 1501 703 1555 lu
734 1501 1061 1554 numismate
1111 1497 1215 1552 tria
1248 1506 1561 1567 quaeruntur
1591 1511 1606 1550 :
1648 1494 1839 1550 metal-

249 1594 385 1659 lum,
418 1578 618 1664 ligura:
661 1600 717 1645 et
744 1589 957 1661 pondus
988 1601 1002 1641 :
1039 1589 1083 1643 si
1113 1603 1182 1643 ex
1210 1588 1297 1643 his
1350 1587 1552 1658 aliquid
1582 1585 1836 1651 defuerit,

249 1684 523 1741 numisma
553 1697 659 1737 non
695 1682 818 1736 erit.
875 1681 951 1735 De
978 1680 1317 1735 numismatis
1362 1678 1588 1750 mystica
1635 1677 1840 1747 signiti-

250 1774 469 1829 catione
487 1771 734 1841 superius
762 1769 966 1825 dictum
995 1778 1099 1825 est.
1124 1769 1249 1823 Tria
1279 1776 1405 1825 sunt
1432 1775 1611 1822 autem
1640 1783 1837 1839 genera

1930 579 2074 651 quod
2096 577 2423 648 triplicatum
2442 573 2762 630 chonculam
2789 571 2934 627 facit.
2949 570 3224 627 Choncula
3244 573 3506 628 drachma

1929 687 2035 727 una
2057 679 2113 726 et
2126 668 2349 724 dimidia
2370 666 2711 737 adimpletur.
2726 663 2919 736 Cyathi
2938 663 3150 734 pondus
3170 663 3356 718 decem
3376 664 3507 719 dra-

1930 762 2106 818 chmis
2135 758 2478 830 appenditur,
2509 758 2602 827 qui
2630 757 2794 812 etiam
2812 770 2854 810 ea
2883 755 3200 825 quibusdam
3253 762 3508 813 causatus

1931 853 2017 909 vel
2041 853 2274 908 lassatus
2290 851 2621 906 nominatur.
2641 849 2970 921 Oxybaphus
2985 847 3058 911 llt,
3075 848 3118 904 si
3132 849 3373 919 quinque
3393 851 3515 904 dra-

1931 946 2103 1002 chma:
2133 945 2409 1011 adduntur
2431 943 2498 998 ad
2535 943 2743 1023 decem.
2774 940 3129 997 Acetabulum
3157 949 3350 1012 quarta
3385 957 3514 1013 pars

1932 1035 2167 1092 hemina:
2196 1043 2303 1101 εει,
2336 1033 2619 1090 duodecim
2644 1034 2933 1089 drachmas
2962 1033 3291 1102 appendens.
3318 1031 3512 1087 Cotula

1935 1127 2152 1181 hemina
2183 1133 2269 1181 est
2307 1126 2515 1181 habens
2546 1124 2772 1196 cyathos
2798 1139 2916 1189 sex,
2944 1139 3063 1193 qua:
3092 1123 3296 1179 idcirco
3335 1124 3514 1179 cotula

1933 1226 2184 1284 vocatur,
2211 1217 2338 1287 quia
2376 1228 2498 1272 cote
2525 1230 2701 1286 grtcco
2754 1230 3005 1271 sermone
3055 1214 3246 1271 incisio
3288 1215 3513 1281 dicitur,

1936 1319 1991 1364 et
2017 1308 2233 1364 hemina
2259 1307 2482 1363 sextarii
2506 1308 2558 1362 in
2584 1308 2692 1362 duo
2724 1320 2880 1376 requa
2911 1305 3185 1371 inciditur,
3209 1314 3263 1361 et
3279 1306 3515 1361 cotulam

1939 1401 2084 1456 facit.
2116 1400 2343 1455 Hemina
2396 1408 2576 1455 autem
2629 1398 2898 1468 appendet
2946 1398 3139 1453 libram
3180 1412 3364 1463 unam,
3397 1412 3517 1468 quae

1938 1492 2212 1565 geminata
2240 1489 2536 1546 sextarium
2572 1490 2722 1545 facit.
2755 1488 3038 1544 Sextarius
3072 1489 3299 1543 duarum
3350 1488 3520 1543 libra-

1942 1598 2060 1637 rum
2087 1593 2193 1648 cst,
2221 1581 2312 1652 qui
2339 1581 2424 1636 bis
2453 1589 2761 1650 assumptus
2787 1580 3102 1634 nominatur
3131 1579 3341 1634 bilibris
3372 1595 3387 1634 :
3427 1594 3518 1633 as-

1940 1681 2186 1744 sumptus
2211 1662 2405 1743 quater
2426 1671 2485 1725 fit
2505 1686 2681 1743 grteco
2710 1671 2930 1727 nomine
2955 1666 3206 1727 elimnix:
3232 1672 3519 1743 quinquies

1941 1765 2291 1836 complicatus
2329 1764 2612 1835 quinarcm
2642 1763 2756 1818 sive
2781 1778 2970 1833 gomor
2996 1761 3141 1817 facit.
3169 1761 3353 1831 Adjice
3400 1777 3523 1818 sex‘

252 1863 467 1934 argenti
492 1870 547 1918 et
573 1861 694 1915 auri
721 1868 779 1916 et
802 1861 925 1915 teris
949 1874 964 1913 :
989 1860 1279 1932 signatum,
1306 1858 1527 1925 factum,
1560 1858 1837 1913 infectum.
1871 1848 1915 1909 Β
1947 1863 2079 1918 tum,
2132 1854 2383 1923 congium
2435 1853 2615 1909 reddit
2661 1867 2677 1906 :
2728 1868 2855 1907 nam
2905 1852 3128 1922 congius
3172 1868 3266 1908 sex
3302 1854 3525 1909 metitur

255 1952 541 2024 Signatum
566 1959 669 2016 est,
696 1951 839 2021 quod
867 1952 921 2004 in
951 1951 1187 2006 nummis
1214 1958 1297 2005 est
1323 1964 1337 2002 :
1361 1950 1582 2015 factum,
1614 1950 1755 2019 quod
1786 1949 1839 2005 in

254 2042 444 2097 vasis:
471 2040 751 2107 infectum,
793 2041 936 2111 quod
966 2041 1022 2095 in
1058 2041 1279 2107 massis,
1311 2040 1454 2110 quod
1483 2049 1539 2094 et
1571 2054 1734 2110 grave
1761 2039 1842 2094 di-

256 2132 418 2197 citur,
448 2131 502 2186 id
541 2139 627 2186 est
670 2146 872 2186 massa.
909 2131 966 2185 In
1012 2131 1260 2186 notitiam
1305 2141 1484 2186 autem
1542 2129 1842 2186 formarum

257 2221 474 2277 metalla
513 2221 588 2276 ita
617 2230 923 2276 venerunt:
961 2221 1088 2276 dum
1124 2222 1269 2276 enim
1309 2235 1632 2292 quacunque
1673 2237 1842 2277 causa

256 2314 514 2368 ardentes
544 2313 691 2369 silvae
714 2322 1079 2383 excoquercnt
1110 2322 1333 2379 terram,
1361 2328 1427 2368 ex
1455 2313 1733 2371 calefactis
1753 2329 1845 2370 ve-

255 2404 349 2458 nis
378 2403 515 2459 fudit
551 2404 695 2460 rivos
724 2402 1090 2474 cujuscunque
1120 2404 1421 2469 stricturze,
1468 2404 1583 2460 sive
1617 2420 1692 2459 aes
1714 2405 1844 2460 illud

256 2493 460 2559 fuerat,
487 2494 601 2549 sive
629 2508 852 2559 aurum,
889 2509 1012 2549 cum
1053 2494 1108 2548 in
1131 2484 1265 2550 loca
1305 2503 1462 2550 terra:
1501 2494 1844 2566 depressiora

257 2584 594 2650 decurreret,
625 2574 857 2656 sumpsit
885 2584 1136 2657 ﬁguram,
1171 2585 1226 2640 in
1264 2601 1426 2656 quam
1448 2586 1579 2642 illud
1607 2588 1694 2643 vel
1716 2604 1847 2659 pro-

258 2673 434 2731 ﬂuens
463 2677 628 2740 rivus,
659 2676 746 2731 vel
773 2676 1052 2746 excipiens
1087 2676 1280 2732 lacuna
1309 2677 1638 2734 formaverat
1663 2696 1677 2733 :
1710 2694 1846 2751 qua-

259 2779 383 2818 rum
414 2779 595 2820 rerum
622 2765 912 2837 splendore
962 2767 1107 2837 capti
1157 2769 1406 2824 homines
1460 2783 1583 2825 cum
1639 2770 1845 2842 legatas

259 2854 573 2909 attollerent
605 2870 834 2921 massas,
858 2857 1113 2912 viderunt
1150 2858 1204 2912 in
1228 2857 1309 2914 eis
1329 2866 1489 2915 terrae
1522 2862 1746 2933 vestigia
1783 2862 1847 2916 ﬁ-

259 2953 474 3016 gurata,
498 2946 625 3002 hinc
653 2940 775 3018 quae
801 2948 1245 3021 excogitaverunt
1278 2949 1600 3023 liquefactas
1634 2953 1702 3007 ad
1728 2968 1849 3009 om-

261 3053 391 3095 nem
419 3039 645 3096 formam
671 3056 832 3112 posse
858 3041 1074 3098 deduci.

894 3175 1124 3232 CAPUT
1156 3177 1222 3233 ιι.
1308 3144 1317 3149 ’

864 3287 944 3343 De
970 3291 1253 3346 mensuris.

336 3396 583 3454 Mensura
617 3407 701 3455 est
730 3414 818 3455 res
846 3399 1026 3471 aliqua
1049 3404 1209 3459 modo
1232 3417 1331 3459 suo
1350 3403 1438 3461 vel
1463 3411 1708 3476 tempore
1739 3407 1850 3463 cir—

262 3491 613 3561 cumscripta.
664 3490 791 3547 Haec
836 3501 931 3546 aut
976 3496 1221 3563 corporis
1273 3505 1359 3551 est
1414 3504 1509 3551 aut
1556 3500 1846 3569 temporis:

263 3580 547 3649 corporis,
600 3588 662 3634 ut
705 3580 1015 3645 hominum,
1062 3583 1327 3654 lignorum
1377 3596 1433 3642 ει
1476 3588 1850 3645 columnarum

263 3671 547 3743 longitudo
572 3679 629 3726 et
648 3673 906 3728 brevitas.
958 3672 1066 3729 Sed
1092 3684 1147 3729 et
1174 3676 1344 3733 solem
1372 3680 1534 3736 istum
1572 3682 1852 3755 propriam

263 3765 352 3820 sui
382 3763 537 3819 orbis
564 3763 764 3818 habere
805 3778 1156 3819 mensuram:
1187 3769 1333 3838 quod
1370 3773 1683 3840 geometrici
1723 3778 1851 3843 per-

265 3852 505 3909 scrutari
560 3853 780 3908 audent.
828 3851 1131 3926 Temporis,
1164 3865 1225 3910 ut
1269 3873 1521 3913 mensura
1572 3861 1849 3932 horarum,

266 3943 483 3999 dierum
517 3952 573 4000 et
596 3959 867 4004 annorum
892 3963 906 3999 :
937 3946 1078 4003 unde
1105 3957 1163 4004 et
1188 3950 1369 4005 metiri
1399 3951 1566 4023 pedes
1594 3952 1853 4010 horarum

268 4034 523 4101 dicimus,
548 4036 653 4091 hoc
680 4044 784 4101 est,
833 4038 1158 4095 mensurari.
1210 4039 1433 4114 Legitur
1478 4043 1623 4099 enim
1665 4043 1721 4098 in
1749 4044 1851 4101 Sa-

268 4128 489 4198 pientia:
533 4128 695 4195 libro,
730 4130 877 4199 quod
900 4131 1044 4186 Deus
1081 4132 1267 4189 omnia
1313 4149 1591 4203 mensura,
1628 4152 1854 4193 numero

272 4227 329 4274 et
354 4219 590 4289 pondere
615 4219 863 4289 disponat
889 4221 1042 4293 (Sap.
1070 4223 1170 4293 xx).
1206 4222 1262 4278 lu
1289 4224 1487 4294 quibus
1513 4224 1689 4283 tribus
1715 4227 1854 4283 dilIi-

272 4308 590 4375 nitionibus,
642 4318 702 4365 ut
743 4326 886 4376 reor,
936 4312 1053 4368 haec
1095 4313 1326 4386 intelligi
1369 4326 1597 4386 possunt
1630 4335 1647 4374 :
1688 4327 1749 4374 ut
1793 4320 1850 4375 in

273 4411 528 4455 mensura
554 4409 768 4457 constet
791 4402 1027 4473 qualitas
1055 4421 1069 4458 :
1100 4406 1155 4460 in
1191 4421 1418 4463 numero
1444 4409 1720 4479 quantitas
1748 4429 1761 4463 τ
1796 4412 1852 4467 in

271 4492 512 4564 pondere
549 4493 711 4548 ratio.
741 4492 867 4549 llaec
904 4504 1212 4565 permquata
1251 4497 1304 4551 in
1326 4497 1531 4569 judicio
1558 4510 1613 4556 ct
1644 4501 1854 4557 miseri-

272 4585 459 4641 cordia
496 4585 590 4640 Dei
626 4595 878 4641 constant
914 4604 926 4639 :
975 4588 1103 4657 quia
1131 4588 1186 4643 in
1233 4589 1321 4645 his
1363 4590 1572 4647 duobus
1610 4594 1856 4650 terminis

273 4677 459 4733 omnia
512 4677 766 4733 conclusa
816 4685 962 4733 sunt.
1043 4678 1103 4733 In
1156 4680 1353 4749 quibus
1401 4681 1545 4737 hunc
1597 4685 1857 4739 mundum

274 4770 577 4835 constituit,
609 4771 873 4841 gubernat
901 4779 957 4826 et
977 4769 1323 4839 iudicaturus
1351 4780 1475 4827 est:
1517 4773 1571 4827 in
1605 4774 1690 4829 his
1716 4774 1859 4830 Deus

269 4861 437 4933 iudex
466 4862 645 4934 justus
672 4862 1056 4931 comprehendi
1082 4870 1282 4933 potest.
1332 4862 1527 4919 Omnia
1556 4880 1706 4935 ergo,
1738 4880 1858 4935 qua:

276 4954 526 5024 superius
564 4953 799 5009 diximus
841 4953 926 5008 vel
972 4952 1236 5019 dicemus,
1284 4953 1340 5008 in
1382 4953 1622 5009 clausula
1663 4956 1855 5012 borum

276 5048 439 5103 trium
469 5046 625 5101 nobis
650 5063 792 5102 nunc
826 5046 1140 5102 abscondita
1172 5046 1358 5111 latent,
1387 5062 1508 5117 qua:
1534 5033 1663 5103 solis
1691 5048 1857 5103 clavi-

277 5138 381 5193 bus
408 5135 602 5204 judicii
640 5144 696 5190 et
730 5136 1114 5192 misericordiae
1138 5136 1235 5192 Dei
1276 5144 1404 5191 tunc
1442 5138 1852 5205 reserabuntur,

278 5235 340 5283 ut
396 5227 642 5282 sciantur
696 5227 911 5297 quando
956 5227 1008 5283 in
1051 5227 1283 5283 adventu
1326 5228 1538 5283 Domini
1583 5228 1859 5284 illumina-

278 5316 485 5373 buntur
538 5316 854 5372 abscondita
909 5316 1257 5373 tenebrarum
1281 5357 1298 5383 ,
1366 5325 1422 5372 et
1478 5318 1864 5375 revelabuntur

278 5407 509 5465 consilia
555 5407 801 5464 cordium
853 5406 907 5479 (Ι
934 5406 1058 5466 Cor.
1094 5407 1194 5481 tv),
1234 5408 1294 5463 ut
1327 5406 1448 5464 laus
1472 5408 1545 5464 sit
1570 5410 1864 5481 unicuique

280 5515 313 5556 a
338 5498 451 5556 Deo
486 5498 572 5554 vel
618 5513 796 5568 poma.
850 5498 1074 5571 Proprie
1119 5508 1301 5556 autem
1346 5514 1600 5556 mensura
1648 5512 1861 5569 vocata,

282 5590 428 5663 quod
456 5606 523 5647 ea
552 5582 740 5660 fruges
767 5590 1067 5649 metiuntur
1095 5600 1257 5662 atque
1293 5588 1648 5657 frumentum,
1678 5591 1733 5646 id
1757 5598 1862 5658 est,

284 5683 509 5739 humida
537 5691 594 5738 et
626 5682 770 5739 sicca
799 5700 813 5737 :
840 5690 904 5739 ut
928 5698 1027 5755 per
1064 5685 1301 5750 modios,
1328 5674 1500 5740 urnas
1534 5691 1591 5738 et
1640 5673 1865 5755 ampho-

291 5790 400 5833 ras.
433 5772 806 5833 Mensurarum
860 5790 988 5847 pars
1032 5775 1252 5833 minima
1292 5775 1565 5844 cochlear,
1592 5775 1735 5849 quod
1780 5783 1865 5834 est

1942 1945 2224 2011 Sextariis,
2264 1961 2295 1999 a
2329 1960 2435 2015 quo
2488 1952 2542 2000 ει
2577 1945 2814 1999 sextario
2856 1946 3058 1998 nomen
3111 1943 3391 1998 dederunt.
3448 1944 3524 1998 De

1941 2047 2143 2094 statere
2187 2046 2244 2093 et
2280 2037 2461 2093 bilibri
2514 2037 2571 2092 in
2600 2035 2923 2107 Apocalypsi
2974 2036 3337 2106 descriptione
3378 2035 3525 2090 tertii

1941 2130 2101 2202 sigilli
2144 2130 2219 2184 ita
2249 2131 2509 2200 scriptum
2540 2137 2664 2184 est:
2704 2126 2773 2181 Et
2809 2145 2926 2181 cum
2968 2129 3251 2197 aperuisset
3293 2126 3526 2198 sigillum

1942 2224 2153 2277 tertium
2178 2236 2200 2278 :
2226 2221 2404 2275 audivi
2437 2221 2647 2275 tertium
2691 2218 2889 2273 animal
2916 2219 3092 2273 dicetis
3116 2234 3134 2274 :
3166 2219 3282 2273 veni
3308 2229 3355 2272 et
3377 2218 3526 2277 vide:

1942 2325 1992 2369 et
2018 2331 2134 2369 ecce
2166 2331 2327 2385 equus
2351 2314 2520 2386 niger,
2543 2322 2591 2367 et
2611 2312 2703 2384 qui
2728 2311 2936 2366 sedebat
2960 2327 3117 2382 super
3143 2328 3281 2375 eum,
3307 2310 3528 2364 habebat

1943 2414 2193 2459 stateram
2224 2405 2278 2459 in
2301 2420 2457 2458 manu
2481 2420 2600 2458 sua.
2648 2402 2717 2457 Et
2762 2402 2940 2456 audivi
2966 2412 3237 2472 tanquam
3263 2417 3435 2456 vocem
3472 2403 3528 2456 in

1943 2495 2115 2549 medio
2136 2503 2364 2566 quatuor
2385 2492 2693 2547 animalium
2717 2493 3009 2548 dicentem:
3035 2489 3234 2545 bilibris
3257 2491 3418 2545 tritici
3440 2491 3530 2545 de-

1945 2586 2119 2650 nario,
2140 2594 2188 2639 et
2209 2593 2311 2640 tres
2334 2582 2542 2638 bilibres
2560 2582 2743 2637 hordei
2758 2583 3000 2649 denario,
3024 2592 3071 2636 et
3093 2582 3270 2636 vinum
3292 2592 3338 2636 et
3359 2581 3531 2636 oleum

1946 2690 2011 2729 ne
2039 2674 2259 2730 ltrseris.
2313 2671 2382 2727 Et
2410 2690 2525 2728 ecce
2552 2690 2715 2745 equus
2744 2674 2908 2744 niger,
2940 2683 2989 2727 et
3015 2673 3103 2745 qui
3137 2671 3347 2727 sedebat
3376 2688 3536 2744 super

1946 2785 2085 2835 eum,
2118 2776 2367 2823 stateram
2397 2766 2615 2821 habebat
2660 2770 2707 2821 'n
2737 2782 2897 2820 manu
2938 2782 3057 2819 sua.
3102 2762 3170 2818 Et
3195 2764 3373 2819 audiri
3414 2773 3533 2820 tan-

1946 2878 2102 2933 quam
2126 2876 2294 2916 vocem
2317 2861 2373 2913 in
2398 2859 2568 2913 medio
2589 2869 2819 2929 quatuor
2842 2856 3176 2922 animalium,
3197 2865 3306 2913 etc.
3342 2858 3528 2930 (Apoc.

1946 2954 2044 3025 vt).
2072 2953 2256 3022 Equus
2292 2953 2446 3024 niger
2471 2950 2731 3007 falsorum
2762 2958 2981 3007 caterva
3030 2958 3114 3006 est
3155 2949 3409 3015 fratrum,
3438 2951 3533 3021 qui

1948 3052 2207 3100 stateram
2244 3051 2407 3098 recta:
2443 3041 2799 3112 professionis
2839 3040 3056 3104 habent,
3101 3040 3194 3096 sed
3231 3041 3407 3097 socios
3443 3041 3534 3097 lte-

1950 3135 2084 3191 dunt
2123 3149 2224 3205 per
2266 3148 2430 3205 opera
2468 3134 2835 3189 tenebrarum.
2891 3132 3027 3186 Dum
3062 3132 3206 3188 enim
3256 3132 3310 3187 in
3356 3134 3535 3189 medio

1903 3222 1920 3263 ἀ
1951 3224 2265 3281 animalium
2293 3225 2516 3290 dicitur,
2545 3239 2609 3278 ne
2637 3222 2868 3278 (reseris:
2894 3223 3221 3287 ostcnditur,
3254 3223 3362 3278 illic
3391 3238 3532 3289 esse,

1950 3317 2039 3386 qui
2063 3316 2241 3371 laedat.
2256 3313 2332 3369 De
2349 3315 2450 3370 hoc
2472 3322 2526 3369 ει
2543 3321 2906 3384 ριέεειιιτεηιε
2921 3327 3059 3383 equo
3074 3313 3203 3369 dicit
3214 3313 3531 3385 Apostolus:

1950 3404 2109 3462 Foris
2152 3420 2361 3477 pugme,
2412 3404 2554 3458 intus
2600 3404 2811 3457 timores
2858 3400 2945 3475 (ΙΙ
2980 3401 3102 3457 Cor.
3152 3402 3269 3475 vn).
3319 3402 3537 3458 Bilibris

1951 3497 2118 3551 tritici
2146 3495 2394 3561 denario,
2422 3502 2477 3549 et
2505 3495 2691 3548 vinum
2720 3501 2775 3547 et
2802 3493 2981 3548 oleum
3017 3508 3085 3549 ne
3111 3494 3334 3550 laeseris.
3366 3495 3531 3561 Cave,

1951 3586 2149 3656 inquit,
2180 3601 2249 3640 nc
2272 3585 2523 3654 exemplo
2549 3585 2788 3654 pessimo
2815 3584 3037 3640 fratrem
3082 3592 3235 3640 tuum
3264 3586 3535 3641 scandali-

1952 3691 2064 3741 zes,
2109 3684 2334 3746 propter
2375 3691 2536 3745 quem
2565 3675 2813 3732 Christus
2866 3685 3114 3732 mortuus
3158 3686 3259 3742 cst,
3298 3685 3354 3732 ct
3390 3678 3534 3733 sacri

1950 3765 2234 3836 sanguinis
2271 3765 2692 3837 chrismatisque
2730 3774 2913 3838 portat
2954 3767 3185 3839 insignia
3220 3768 3386 3837 :quia
3421 3767 3537 3824 sive

1949 3857 2176 3929 perfecti
2209 3857 2437 3924 meritis,
2469 3858 2582 3914 sive
2608 3860 2771 3915 etiam
2802 3860 3012 3915 minimi
3039 3861 3242 3930 quique
3268 3860 3321 3915 in
3350 3860 3538 3917 Eccle-

1952 3954 2055 4020 sia,
2084 3954 2191 4010 ﬁde
2237 3962 2422 4010 tamen
2472 3962 2677 4010 sanctae
2727 3954 3013 4009 Trinitatis
3062 3954 3288 4020 imbuti,
3348 3970 3538 4013 omnes

1952 4042 2144 4097 eodem
2199 4041 2445 4112 perfecto
2512 4043 2688 4113 pretio
2757 4043 3041 4113 sanguinis
3095 4043 3357 4099 Dominici
3411 4051 3539 4099 sunt

1953 4132 2219 4203 redempti
2273 4150 2286 4185 :
2339 4147 2440 4188 nec
2490 4133 2766 4190 immerito
2812 4133 2995 4189 bilibri
3050 4140 3104 4188 et
3157 4148 3262 4187 non
3306 4133 3536 4205 simplici

1952 4222 2092 4279 libra
2154 4221 2278 4278 fidei
2336 4223 2421 4277 vel
2476 4223 2658 4293 operis
2716 4222 2979 4294 perfectio
3039 4225 3384 4295 exprimitur,
3417 4232 3538 4294 quae

1953 4324 2180 4385 utraque
2208 4316 2262 4369 in
2304 4315 2487 4369 radice
2531 4316 2759 4385 geminze
2786 4314 3040 4371 consistit
3080 4315 3383 4371 charitatis.
3425 4315 3539 4370 Me-

1954 4415 2093 4463 treta
2130 4415 2213 4463 est
2265 4421 2521 4462 mensura
2548 4406 2872 4477 liquidorum
2908 4425 2922 4462 :
2953 4407 3068 4465 haec
3103 4424 3133 4463 a
3166 4423 3417 4464 mensura
3447 4404 3539 4464 ac;

1957 4498 2098 4569 cepit
2121 4513 2315 4553 nomen
2348 4515 2364 4550 γε
2397 4507 2608 4553 metron
2633 4499 2778 4553 enim
2799 4514 3107 4555 mensuram
3131 4501 3317 4556 dicunt
3341 4500 3534 4563 Graeci,

1957 4599 2013 4646 et
2037 4589 2161 4645 inde
2187 4589 2452 4660 appellata
2483 4598 2731 4643 metreta.
2765 4589 2915 4646 Licet
2941 4600 2995 4645 et
3032 4607 3169 4646 urna
3196 4600 3249 4645 et
3274 4593 3535 4659 amphora

1957 4692 2013 4738 et
2060 4683 2265 4753 reliqua
2322 4680 2631 4751 huiusmodi
2688 4682 2906 4737 nomina
2973 4696 3349 4736 mensurarum
3406 4680 3535 4743 sint,

1957 4781 2136 4828 tamen
2171 4775 2271 4828 ista
2303 4773 2402 4827 hoc
2433 4787 2627 4827 nomen
2653 4787 2683 4826 a
2708 4772 2914 4826 denarii
2963 4772 3175 4825 numeri
3206 4766 3538 4845 perfectione

1955 4865 2186 4934 accepit.
2217 4865 2447 4920 Metrum
2473 4864 2539 4918 ad
2575 4877 2790 4917 omnem
2819 4876 3127 4918 mensuram
3156 4860 3405 4932 pertinet.
3435 4860 3543 4918 Me-

1964 4963 2103 5011 treta
2131 4955 2273 5009 enim
2303 4953 2511 5019 Grrecc,
2539 4953 2730 5008 Latine
2776 4968 3029 5008 mensura
3060 4952 3276 5007 dicitur.
3317 4951 3452 5007 Nam
3480 4962 3540 5009 et

1959 5049 2192 5121 cyathus
2241 5062 2493 5103 mensura
2524 5054 2627 5113 est,
2660 5056 2717 5102 ct
2759 5046 3019 5115 amphora
3060 5060 3313 5100 mensura
3351 5055 3454 5111 est,
3482 5056 3539 5103 et

1960 5138 2220 5210 quidquid
2254 5137 2375 5210 plus
2403 5139 2646 5193 minusve
2675 5137 2839 5206 capit,
2864 5149 3113 5189 mensura
3144 5143 3247 5189 est.
3277 5135 3379 5190 Sed
3416 5138 3539 5193 ideo

1960 5227 2065 5282 hoc
2087 5240 2283 5283 nomen
2314 5225 2622 5295 specialiter
2648 5224 2751 5278 sibi
2781 5221 3093 5292 assumpsit,
3117 5221 3258 5290 quod
3286 5222 3357 5277 sit
3386 5236 3537 5279 men-

1963 5335 2089 5376 sura
2116 5319 2344 5391 perfecti
2373 5318 2605 5383 numeri,
2634 5316 2685 5372 id
2714 5324 2820 5383 est,
2850 5315 3079 5371 denarii.
3107 5314 3260 5372 Unde
3288 5317 3339 5372 in
3362 5317 3542 5375 Evan-

1964 5410 2104 5481 gelio
2147 5409 2409 5479 scriptum
2436 5415 2520 5464 est
2548 5408 2614 5462 de
2646 5407 2894 5462 convivio
2938 5406 3162 5477 nuptiali
3213 5408 3301 5462 ubi
3358 5407 3541 5467 Domi-

1964 5517 2068 5558 nus
2090 5515 2260 5573 aquas
2281 5500 2336 5553 in
2360 5500 2543 5554 vinum
2569 5498 2867 5554 convertit:
2890 5497 3076 5565 Erant,
3100 5498 3295 5570 inquit,
3319 5498 3542 5571 lapidea:

1963 5592 2167 5664 hydria:
2211 5606 2304 5645 sea:
2332 5589 2515 5661 posita:
2542 5587 2827 5642 secundum
2851 5589 3271 5659 puriﬁcationem
3315 5582 3543 5646 Judtea-J

1965 5700 2116 5748 rum,
2168 5682 2428 5752 capientes
2467 5678 2690 5750 singula:
2736 5688 2981 5734 metretas
3032 5680 3181 5733 binas
3234 5678 3311 5733 vel
3363 5688 3540 5733 ternas

1964 5775 2146 5847 (Joan.
2179 5772 2262 5846 ιι).
2294 5771 2506 5845 Hydriae
2549 5778 2815 5828 vocantur
2838 5787 2970 5830 vasa
2999 5787 3261 5844 aquarum
3300 5754 3543 5843 receptui
