4038 6324
492 387 598 444 ι87

1101 379 1162 436 Β.
1204 378 1458 434 RABA‘NI
1495 377 1713 434 MAURI
1752 373 2068 431 ARCHlEI’.
2109 372 2416 430 MOGUNT.
2457 371 2739 432 OPERUM
2775 371 2956 429 PARS
2991 369 3057 426 ll.

3641 361 3751 418 488

487 501 675 568 parata
706 509 720 547 :
746 490 933 548 Grasco
968 487 1113 544 enim
1161 502 1300 557 aqua
1329 487 1503 558 hydor
1533 487 1748 540 dicitur.
1783 485 1935 554 Aqua
1972 500 2067 538 au-
2097 493 2142 549 Α
2173 485 2266 541 Dei
2307 484 2523 554 subjicit
2556 503 2568 539 :
2601 495 2662 539 ιιι
2699 483 2949 554 superior
2982 483 3052 538 sit
3083 477 3398 552 praedicatio
3444 475 3698 532 veritatis
3731 492 3747 529 :

489 593 597 642 tem
624 585 906 652 scriptura:
943 595 1116 634 sacrae
1148 577 1430 632 scientiam
1470 577 1756 646 designat:
1792 591 1911 644 qua:
1941 590 2068 628 suos

489 677 763 732 auditores
790 681 846 728 et
878 687 910 737 ξι
941 678 1290 740 peccatorum
1320 667 1478 721 sorde
1508 667 1840 730 abluerc,-ct
1876 666 2069 719 divina:

491 764 820 835 cognitionis
875 760 1012 815 solet
1063 757 1210 811 fonte
1265 765 1474 826 potare.
1531 756 1670 809 Vasa
1706 770 1819 818 sex,
1875 754 2070 823 quibus

491 852 931 912 continebantur,
965 847 1128 902 corda
1175 855 1297 900 sunt
1334 846 1525 899 devota
1561 853 1889 906 sanctorum,
1933 857 2071 912 quo-

492 959 612 1000 rum
641 939 900 1011 perfectio
928 937 1051 991 vine
1089 945 1144 990 ct
1195 934 1316 988 ﬁdei
1345 935 1411 986 ad
1433 933 1738 1002 exemplum
1765 940 1911 986 recte
1948 945 2073 986 crc-

497 1031 658 1088 dendi
698 1045 760 1083 ac
791 1027 1003 1082 vivendi
1041 1024 1328 1094 pra‘posita
1358 1031 1442 1077 est
1468 1023 1648 1092 generi
1682 1022 1940 1086 humano,
1977 1035 2074 1090 per

491 1137 584 1176 sex
609 1118 789 1174 sta-culi
832 1116 1061 1170 labentis
1094 1122 1302 1175 aetates,
1332 1112 1512 1176 idest,
1550 1126 1720 1181 usque
1753 1111 1825 1186 ad
1859 1121 2074 1180 tempus

495 1212 793 1267 Dominica:
822 1208 1238 1281 przedicationis.
1268 1205 1334 1259 Et
1369 1206 1504 1260 bene
1533 1204 1740 1275 lapidea
1769 1213 1892 1258 sunt
1926 1219 2072 1265 vasa,

495 1303 622 1374 quia
648 1300 808 1355 fortia
839 1307 964 1354 sunt
1009 1295 1305 1365 praecordia
1334 1295 1604 1364 justorum
1635 1309 1650 1348 :
1677 1302 1736 1347 ut
1761 1303 1889 1362 puta
1935 1293 2076 1347 illius

498 1395 603 1449 ﬁde
631 1402 684 1447 et
707 1391 992 1447 dilectione
1019 1388 1245 1444 solidata
1273 1402 1288 1440 :
1313 1385 1606 1458 Cupientes,
1640 1385 1832 1454 inquit,
1856 1383 2077 1453 singula:

497 1494 744 1539 metretas
798 1483 949 1536 binas
1000 1481 1076 1535 rel
1110 1491 1329 1534 ternas:
1360 1479 1485 1548 quia
1543 1477 1838 1547 Scriptum
1878 1484 2078 1529 sancta:

498 1583 748 1629 auctores
775 1581 829 1627 et
867 1571 1102 1626 ministri
1149 1569 1423 1639 prophetae
1463 1568 1622 1622 modo
1654 1567 1719 1621 de
1752 1566 1910 1620 Patre
1961 1573 2078 1618 tan-

499 1673 613 1720 tum
639 1665 934 1735 loquuntur
964 1663 1269 1726 etFilio,ut
1298 1669 1381 1715 est
1410 1660 1540 1714 illud
1569 1658 1742 1730 (Psal.
1778 1657 1928 1730 cm):
1952 1656 2078 1712 0m-

499 1756 590 1810 nia
619 1756 671 1809 in
697 1755 956 1825 sapientia
1005 1752 1173 1822 fecisti
1198 1751 1392 1819 (virtus
1419 1750 1562 1803 enim
1594 1749 1687 1804 Dei
1719 1756 1773 1802 et
1815 1747 2074 1818 sapientia

2172 576 2398 630 inferior
2421 577 2654 630 servitus
2673 575 2917 644 corporis
2943 591 2957 628 :
2985 590 3082 644 per
3108 574 3278 643 ipsam
3299 578 3480 624 tamen
3502 568 3753 638 corporis

2169 668 2482 721 servitutem
2508 666 2856 722 excellentior
2884 666 3063 720 luceat
3099 663 3371 728 doctrina,
3392 662 3485 732 qui
3510 675 3609 730 per
3634 658 3756 714 om-

2172 758 2252 812 cia
2287 757 2620 825 temporalia,
2645 757 2696 810 id
2725 764 2833 820 est,
2861 771 2960 826 per
2986 769 3171 810 vocem
3197 762 3252 807 et
3281 754 3520 823 linguam
3558 758 3617 805 et
3637 764 3752 804 ae-

2171 851 2318 899 teros
2363 845 2607 914 corporis
2654 852 2834 899 motus
2884 843 3188 899 exhibetur.
3234 842 3423 896 Satum
3463 847 3547 894 est
3577 853 3758 910 genus

2173 950 2441 989 mensum
2469 935 2624 1004 juxta
2649 949 2854 990 morem
2902 935 3194 1004 provincia:
3230 933 3534 997 Palestinae,
3582 946 3759 986 unum

2173 1030 2227 1076 et
2269 1023 2550 1077 dimidium
2579 1023 2819 1077 modium
2853 1023 3095 1092 capiens,
3125 1023 3278 1092 cujus
3318 1036 3514 1076 nomen
3540 1037 3609 1076 ex
3647 1021 3761 1074 He-

2175 1113 2323 1167 braeo
2365 1127 2617 1167 sermone
2646 1121 2879 1168 tractum
2915 1121 3020 1167 est.
3047 1112 3237 1168 Satum
3289 1113 3432 1168 enim
3478 1112 3619 1183 apud
3657 1125 3763 1167 eos

2175 1203 2486 1258 nominatur
2531 1203 2784 1272 sumptio-
2807 1204 2921 1258 sive
2956 1202 3174 1266 levatio,
3213 1217 3278 1257 co
3308 1202 3448 1271 quod
3477 1202 3570 1271 qui
3600 1201 3764 1255 meti-

2179 1300 2286 1357 tur,
2313 1293 2542 1347 eandem
2573 1308 2880 1346 mensuram
2917 1302 3094 1347 sumat
3131 1309 3194 1347 ac
3222 1293 3382 1348 levet.
3414 1292 3510 1346 Est
3534 1300 3592 1346 et
3620 1292 3766 1346 alias

2178 1393 2356 1438 satum
2413 1397 2686 1445 mensura,
2743 1383 3104 1438 sextariorum
3158 1381 3348 1450 viginti
3399 1381 3630 1435 duorum
3668 1395 3768 1435 ca-

2179 1488 2304 1542 pax,
2335 1472 2489 1541 quasi
2516 1472 2743 1527 modius.
2776 1471 2927 1527 Unde
2954 1472 3008 1526 in
3041 1471 3332 1542 Evangelio
3388 1471 3604 1542 (Matth.
3637 1473 3764 1544 xm)

2179 1563 2437 1632 scriptum
2459 1571 2543 1616 est
2576 1562 2641 1616 de
2680 1562 2923 1626 muliere,
2953 1578 3073 1633 quae
3103 1564 3383 1618 abscondit
3431 1563 3768 1619 fermentum

2181 1649 2234 1704 in
2268 1649 2455 1704 farina:
2487 1650 2619 1706 satis
2669 1650 2862 1716 tribus,
2906 1653 3078 1708 donec
3123 1651 3540 1706 fermentaretur
3563 1661 3767 1708 totum.

2182 1740 2314 1795 Nam
2351 1741 2466 1796 hmo
2495 1741 2688 1795 mulier
2717 1742 2985 1813 signiﬁcat
3008 1752 3252 1799 sanctam
3277 1745 3566 1800 ecclesiam
3601 1759 3616 1797 :
3642 1761 3772 1814 quze

499 1847 746 1904 Christus
771 1855 856 1901 est
881 1845 929 1916 [l
957 1845 1079 1897 Cor.
1121 1843 1206 1915 η),
1233 1844 1390 1897 modo
1432 1842 1596 1895 etiam
1628 1839 1862 1910 Spiritus
1907 1837 2080 1893 sancti
2111 1843 2157 1902 Β
2185 1831 2485 1885 doctrinam
2524 1829 2796 1902 Evangelii
2841 1841 2896 1887 ct
2943 1832 3248 1888 intellectus
3290 1849 3570 1888 sacrarum
3611 1833 3774 1888 Scri-

501 1938 709 1994 faciunt
731 1935 1082 1998 mentionem,
1093 1932 1245 2000 juxta
1261 1932 1390 1985 illud
1407 1929 1644 1998 ejusdem
1666 1927 2082 1999 psalmigraphi:

517 2025 679 2081 Verbo
709 2024 922 2080 Domini
953 2023 1068 2077 caeli
1095 2021 1293 2091 ﬁrmati
1327 2030 1470 2085 sunt,
1501 2029 1549 2075 et
1585 2019 1789 2089 Spiritu
1826 2019 1932 2073 oris
1969 2018 2084 2088 ejus

505 2119 674 2171 omnis
702 2117 865 2170 virtus
895 2130 1073 2168 eorum
1099 2110 1270 2183 (I’sal.
1289 2111 1481 2181 xxxn).
1508 2110 1714 2164 Modius
1737 2110 1912 2165 dictus
1938 2109 2086 2164 abeo

507 2205 650 2276 quod
685 2205 757 2260 sit
785 2219 884 2258 suo
923 2201 1081 2258 modo
1119 2201 1392 2271 perfectus
1423 2215 1439 2254 :
1470 2209 1554 2255 est
1599 2207 1781 2254 autem
1832 2213 2086 2253 mensura

505 2294 768 2350 librarum
800 2293 1155 2364 quadraginta
1203 2301 1458 2361 quatuor,
1506 2290 1560 2345 id
1591 2300 1693 2356 est,
1726 2292 2087 2346 sextariorum

510 2385 701 2454 viginti
731 2385 958 2439 duorum
986 2402 999 2437 :
1027 2382 1180 2451 cujus
1206 2382 1419 2437 numeri
1443 2397 1607 2436 causa
1637 2383 1761 2437 inde
1789 2391 1958 2437 tracta
1981 2390 2086 2447 est,

509 2490 577 2530 eo
605 2474 746 2544 quod
776 2474 829 2527 in
857 2473 1122 2543 principio
1153 2472 1296 2528 Deus
1323 2471 1510 2542 viginti
1540 2472 1645 2526 duo
1669 2487 1835 2542 opera
1877 2471 2085 2526 fecerit.

509 2565 643 2620 Nam
672 2564 843 2634 prima
871 2563 958 2618 die
995 2571 1202 2634 septem
1230 2579 1397 2634 opera
1413 2562 1562 2626 fecit,
1590 2561 1641 2616 id
1671 2569 1774 2623 est,
1807 2561 2089 2616 materiam

509 2655 821 2719 informem,
862 2655 1106 2724 angelos,
1156 2655 1350 2720 lucem,
1391 2655 1558 2710 caalos
1609 2653 1932 2723 superiores,
1983 2661 2091 2706 ter-

512 2759 631 2798 ram
681 2752 841 2812 atque
895 2759 1076 2798 acrem
1113 2761 1127 2796 :
1171 2744 1406 2799 secunda
1459 2745 1544 2798 die
1575 2742 1971 2797 ﬁrmamentum
1998 2758 2089 2797 so-

512 2833 671 2888 lum:
707 2835 860 2888 tertia
913 2833 998 2888 die
1046 2843 1300 2903 quatuor,
1332 2834 1523 2898 maria,
1575 2834 1802 2898 semina,
1853 2832 2090 2887 sationes

509 2933 673 2994 atque
711 2925 977 2994 plantaria
1011 2934 1241 2993 :quarta
1289 2925 1377 2979 die
1410 2924 1533 2988 tria,
1589 2924 1757 2979 solem
1803 2932 1858 2978 et
1907 2923 2090 2978 lunam

509 3027 566 3072 et
629 3018 831 3082 stellas,
883 3017 1070 3085 quinta
1150 3017 1237 3070 die
1305 3015 1447 3081 tria,
1515 3016 1691 3086 pisces
1745 3025 1801 3069 et
1880 3015 2089 3086 reptilia

512 3123 798 3176 aquarum,
848 3117 902 3161 et
930 3105 1168 3159 volatilia
1203 3124 1216 3160 :
1251 3115 1404 3161 sexta
1455 3107 1541 3160 die
1576 3113 1825 3176 quatuor,
1862 3105 2087 3171 bestias,

2187 1933 2466 1994 ptnrarum
2524 1924 2707 1978 condit
2768 1925 2822 1978 in
2873 1926 3184 1994 pectoribus
3240 1925 3534 1988 humanis.
3589 1925 3770 1980 donec

2186 2013 2452 2066 coadunet
2481 2020 2591 2066 tres
2616 2023 2798 2082 partes
2825 2013 2995 2079 orbis,
3033 2015 3178 2084 quod
3201 2015 3267 2070 de
3289 2016 3460 2069 tribus
3488 2015 3613 2070 filiis
3652 2014 3776 2070 Noe

2187 2107 2431 2154 exortum
2459 2099 2512 2153 in
2535 2100 2664 2156 orbe
2684 2103 3020 2157 continetur:
3043 2104 3323 2173 triquadro
3353 2114 3674 2160 convertens
3696 2105 3773 2159 ad

2188 2191 2346 2246 ﬁdem
2394 2201 2594 2245 sancta:
2629 2192 2912 2248 charitatis
2963 2210 2976 2246 :
3030 2202 3089 2248 ut
3140 2192 3375 2263 Spiritus
3403 2203 3457 2248 et
3491 2195 3671 2249 anima
3713 2203 3776 2249 et

2187 2297 2382 2351 corpus
2437 2281 2686 2344 inunum
2734 2283 2951 2337 redacta
2999 2297 3105 2338 non
3153 2283 3462 2354 discrepent
3502 2285 3645 2339 inter
3682 2299 3770 2339 se.

2187 2370 2420 2426 Possunt
2445 2371 2626 2440 itaque
2657 2380 2853 2440 praeter
2877 2371 2992 2427 ha-c
3033 2381 3090 2428 et
3127 2373 3178 2427 iu
3209 2371 3398 2427 farina:
3427 2373 3561 2428 satis
3594 2374 3775 2428 tribus

2189 2465 2266 2519 illi
2309 2464 2572 2520 Dominici
2623 2465 2844 2520 seminis
2889 2464 3122 2530 fructus,
3176 2465 3486 2522 tricesimus
3535 2465 3773 2528 scilicet,

2188 2555 2554 2626 sexagesimus
2599 2564 2654 2610 et
2679 2556 3028 2620 centesimus,
3085 2556 3334 2628 intelligi,
3355 2558 3424 2613 ~id
3453 2567 3554 2622 est,
3585 2558 3780 2627 conju-

2189 2656 2454 2720 gatorum,
2489 2648 2875 2702 continentium
2923 2657 3086 2719 atque
3119 2650 3412 2720 virginum.
3443 2649 3510 2704 Et
3539 2649 3777 2720 pulchre

2187 2738 2341 2802 dicit,
2392 2745 2616 2791 eatenus
2669 2735 3042 2792 absconditum
3083 2739 3138 2793 in
3191 2738 3368 2792 farina
3419 2737 3775 2804 fermentum,

2189 2829 2359 2884 donec
2385 2826 2800 2882 fermentaretur
2824 2836 2994 2882 totum
3025 2845 3038 2881 :
3072 2829 3198 2898 quia
3229 2829 3468 2884 charitas
3491 2831 3543 2884 in
3580 2839 3778 2885 nostra

2189 2929 2368 2975 mente
2396 2919 2690 2984 recondita,
2723 2936 2959 2990 cousque
2987 2937 3231 2977 crescere
3257 2921 3446 2987 debet,
3474 2922 3642 2978 donec
3683 2931 3776 2976 to-

2196 3018 2305 3064 tam
2334 3019 2570 3064 mentem
2596 3011 2650 3065 in
2681 3011 2761 3065 sui
2791 3009 3178 3081 perfectionem
3215 3021 3532 3067 commutet.
3551 3013 3779 3069 ~ltathus

2191 3111 2372 3158 autem
2397 3105 2900 3161 vocaturliebraica
2927 3107 3105 3178 lingua
3131 3107 3200 3161 ab
3223 3107 3423 3162 olearia
3452 3108 3588 3163 mola
3607 3149 3622 3173 ,
3651 3123 3779 3178 quae

515 3201 769 3268 pecudes,
805 3199 1015 3268 rcptilia
1045 3207 1222 3264 terrae,
1273 3209 1327 3252 ct
1366 3199 1660 3263 hominem,
1709 3207 1764 3254 et
1794 3198 1932 3253 facta
1965 3207 2090 3254 sunt
2118 3189 2161 3251 C
2194 3196 2321 3249 bath
2343 3196 2484 3266 apud
2500 3212 2592 3252 eos
2616 3198 2700 3253 vel
2723 3199 2884 3253 batha
2909 3199 3240 3263 nominatur,
3265 3199 3484 3268 capiens
3505 3199 3778 3268 quinqua-

515 3289 693 3342 omnia
725 3289 907 3358 viginti
933 3289 1038 3342 duo
1066 3303 1263 3358 genera
1293 3290 1344 3342 in
1371 3288 1560 3342 diebus
1580 3303 1693 3351 sex,
1727 3297 1781 3343 et
1806 3289 1911 3343 duo
1934 3299 1986 3342 et
2013 3290 2090 3342 vi-

510 3380 643 3450 ginti
678 3381 1050 3448 generationes
1097 3389 1222 3434 sunt
1268 3382 1335 3433 ab
1368 3381 1540 3434 Adam
1582 3396 1750 3450 usque
1803 3381 1870 3434 ad
1899 3379 2085 3447 Jacob,

515 3488 577 3526 ex
606 3469 757 3538 cujus
786 3471 989 3526 semine
1021 3471 1264 3525 nascitur
1297 3471 1473 3526 omnis
1499 3486 1630 3542 gens
1673 3470 1836 3526 Israel
1867 3489 1880 3524 :
1912 3470 2088 3542 vigin-

516 3562 555 3616 ti
589 3563 693 3615 duo
723 3561 844 3615 libri
873 3561 1071 3616 veteris
1097 3560 1428 3616 Testementi
1465 3577 1636 3630 usque
1663 3562 1730 3616 ad
1760 3561 1957 3616 Esther
1989 3579 2003 3614 :
2036 3570 2092 3615 et

517 3652 706 3724 viginti
732 3653 836 3707 duo
866 3653 1170 3707 litterarum
1197 3661 1323 3706 sunt
1352 3651 1852 3720 elementa,quilnts
1881 3659 2094 3705 constat

514 3742 712 3797 divina:
740 3743 872 3814 legis
897 3744 1160 3798 doctrina.
1193 3742 1288 3797 His
1314 3743 1475 3812 igitur
1495 3742 1753 3812 exemplis
1783 3743 1990 3797 modius
2017 3742 2094 3794 vi-

509 3833 644 3903 ginti
674 3834 899 3888 duorum
924 3833 1288 3887 sextariorum
1318 3848 1348 3886 a
1376 3832 1558 3903 Moyse
1590 3833 1883 3887 secundum
1926 3845 2092 3886 sacra:

510 3923 647 3996 legis
688 3940 992 3978 mensuram
1035 3922 1256 3978 eil‘ectus
1284 3931 1414 3978 est:
1469 3931 1523 3977 et
1575 3923 1822 3992 quamvis
1869 3922 2095 3976 diversa:

513 4024 705 4086 gentes
751 4014 874 4068 huic
904 4028 1174 4068 mensura:
1200 4014 1410 4082 pondus
1442 4013 1520 4068 vel
1551 4011 1807 4081 adjiciant
1834 4012 2092 4082 ignoran-

521 4116 620 4170 tcr,
650 4106 734 4160 vel
763 4107 1050 4160 detrahant
1079 4107 1256 4176 :apud
1280 4105 1532 4160 lichanos
1551 4105 1935 4160 constitutione
1959 4103 2094 4156 divi-

516 4213 585 4250 na
619 4197 710 4250 tali
741 4198 948 4250 ratione
979 4205 1246 4250 servatur.
1296 4197 1504 4250 Modius
1553 4195 1696 4249 enim
1734 4210 1765 4249 a
1809 4194 1968 4249 modo
2013 4194 2096 4248 di-

512 4295 654 4341 ctus.
709 4284 844 4339 llinc
884 4293 939 4339 et
969 4285 1202 4348 modica,
1257 4284 1311 4338 id
1363 4293 1464 4349 est,
1503 4285 1778 4338 moderata
1819 4301 1831 4336 :
1867 4282 2094 4338 modicis

513 4374 662 4427 enim
692 4374 904 4427 modius
925 4389 1117 4427 nomen
1146 4373 1401 4442 imposuit
1433 4389 1444 4423 :
1471 4387 1596 4426 nam
1621 4371 1828 4426 modica
1852 4387 1950 4442 pro
1973 4387 2095 4441 par-

517 4463 602 4515 vis
628 4461 850 4515 abusive
876 4477 980 4514 non
1006 4461 1222 4530 proprie
1250 4462 1500 4516 dicimus.
1543 4462 1599 4516 In
1631 4461 1910 4532 Scriptura
1937 4478 2092 4518 sacra

512 4553 725 4605 modius
751 4551 1060 4620 aequitatem
1077 4552 1303 4621 justitize
1334 4553 1625 4622 signiﬁcat.
1650 4552 1804 4608 Unde
1832 4552 2090 4607 Dominus

513 4643 567 4698 in
601 4643 740 4713 Lege
770 4642 1029 4713 princcpit
1064 4643 1251 4696 dicens
1285 4659 1298 4696 :
1333 4643 1456 4697 Non
1477 4644 1542 4697 sit
1568 4643 1659 4696 tibi
1688 4643 1891 4696 modius
1916 4643 2092 4712 major

509 4746 556 4790 et
618 4737 791 4788 minor
843 4735 933 4788 sed
990 4733 1195 4808 modius
1242 4734 1444 4805 justus,
1492 4752 1773 4806 (equusque
1829 4735 2090 4788 sextarius

512 4826 692 4898 (Deut.
728 4834 875 4895 xxv).
907 4825 1038 4878 Item
1067 4825 1275 4880 modius
1301 4842 1496 4896 corpus
1523 4827 1818 4880 humanum
1842 4825 1927 4879 vel
1957 4824 2090 4894 legis

511 4918 749 4972 litteram
775 4917 1064 4988 signiﬁcat.
1101 4917 1251 4972 Unde
1274 4919 1533 4973 Dominus
1560 4921 1637 4972 ait
1665 4919 1718 4972 in
1749 4917 2038 4987 Evangelio
2071 4933 2086 4970 :

514 5005 685 5060 Nemo
735 5008 970 5060 accendit
1019 5007 1306 5074 lucernam,
1361 5018 1408 5062 et
1445 5009 1590 5079 ponit
1629 5023 1745 5061 eam
1790 5007 1885 5060 sub
1917 5006 2088 5060 modio

509 5096 662 5168 (Luc.
687 5113 804 5160 vin,
837 5098 936 5168 xi).
970 5097 1176 5153 Ponere
1200 5115 1330 5169 ergo
1352 5099 1629 5153 lucernam
1659 5097 1760 5152 sub
1785 5079 1963 5152 modio
1983 5105 2088 5163 est,

510 5188 790 5257 superiora
818 5188 1000 5246 facere
1029 5192 1276 5260 corporis
1305 5191 1607 5254 commoda,
1640 5205 1802 5260 quam
1826 5191 2089 5260 praedica-

511 5280 711 5333 tionem
759 5281 1006 5337 veritatis
1050 5299 1063 5337 :
1109 5291 1169 5336 ut
1215 5281 1336 5335 ideo
1377 5281 1603 5351 quisque
1655 5281 1936 5337 veritatem
1980 5297 2089 5337 non

510 5369 789 5440 praedicet,
822 5373 948 5426 dum
978 5372 1150 5436 timet,
1188 5386 1254 5425 ne
1285 5371 1486 5448 aliquid
1521 5372 1572 5426 in
1607 5373 1768 5427 rebus
1797 5372 2087 5443 corporali-

510 5460 612 5514 bus
660 5470 715 5515 et
755 5461 1142 5532 temporalibus
1170 5461 1430 5516 molestia:
1458 5464 1713 5532 patiatur.
1760 5462 1870 5518 Sub
1907 5464 2088 5520 modio

509 5568 640 5624 ergo
690 5552 970 5607 lucernam
1000 5552 1170 5622 ponit,
1199 5553 1444 5622 quisquis
1491 5553 1662 5608 lucem
1700 5553 1958 5608 doctrina:
1988 5554 2088 5609 bo-

512 5661 595 5699 nae
625 5643 922 5698 commodis
955 5642 1341 5711 temporalibus
1368 5645 1623 5698 obscurat
1646 5654 1701 5698 et
1729 5645 1877 5715 tegit.
1915 5643 2090 5713 Super

511 5735 899 5791 candelabrum
953 5743 1154 5801 autem,
1206 5735 1293 5804 qui
1341 5751 1536 5807 corpus
1585 5751 1741 5793 suum
1790 5735 2089 5794 ministerio

2190 3287 2338 3356 ginta
2369 3289 2656 3353 sextarios,
2688 3305 2810 3359 qua:
2852 3304 3104 3345 mensura
3135 3304 3240 3343 una
3271 3289 3425 3344 mola:
3450 3291 3564 3344 vice
3587 3299 3776 3359 prote-

2191 3378 2347 3433 ritur.
2378 3379 2514 3449 Ephi
2554 3394 2682 3450 ergo
2713 3395 2962 3435 mensura
2991 3388 3077 3434 est
3131 3381 3293 3434 trium
3333 3379 3662 3444 modiorum,
3709 3388 3781 3434 nt

2190 3469 2243 3523 in
2268 3469 2406 3524 libro
2429 3469 2571 3524 Ruth
2598 3471 2899 3525 ostenditur
2930 3488 2943 3524 :
2968 3479 3024 3525 et
3065 3485 3252 3541 gomor
3281 3485 3532 3524 mensura
3581 3479 3666 3524 est
3686 3479 3780 3524 at-

2192 3558 2421 3614 ticorum
2465 3559 2708 3614 cenicum
2754 3561 2938 3614 trium.
2979 3560 3130 3615 Unde
3167 3567 3222 3614 et
3253 3560 3304 3613 in
3363 3559 3601 3613 Levitico
3632 3568 3687 3612 et
3714 3560 3776 3613 in

2193 3652 2550 3706 Numerorum
2601 3653 2738 3707 libro
2783 3654 3208 3722 quotiescunque
3251 3652 3457 3707 decima
3486 3666 3610 3722 pars
3646 3652 3778 3721 ephi

2193 3743 2245 3797 in
2296 3742 2562 3798 sacriﬁcio
2610 3744 2854 3798 exhiberi
2900 3744 3142 3812 jubetur,
3191 3757 3440 3798 mensura
3466 3758 3653 3814 gomor
3681 3757 3779 3797 ex-

2192 3848 2359 3904 pensa
2381 3833 2718 3904 intelligitur.
2745 3834 2876 3904 Ephi
2913 3834 3158 3889 eamdem
3184 3849 3496 3888 mensuram
3525 3833 3691 3887 habet
3719 3833 3777 3886 in

2198 3925 2390 3990 aridis,
2425 3941 2586 3994 quam
2621 3926 2672 3978 in
2711 3925 2946 3980 humidis
2972 3927 3186 3981 bathus.
3227 3925 3502 3996 Amphora
3558 3933 3774 3988 vocata,

2193 4016 2336 4086 quod
2365 4017 2489 4070 hinc
2513 4024 2566 4071 et
2605 4017 2727 4070 inde
2775 4016 2982 4070 levetur
3013 4018 3168 4073 :hazc
3197 4015 3385 4072 Graece
3424 4031 3455 4071 a
3492 4014 3661 4086 ﬁgura
3690 4015 3778 4070 sui

2194 4109 2336 4162 dicta
2385 4108 2603 4169 dicitur,
2630 4107 2772 4177 quod
2819 4107 2937 4175 ejus
2987 4123 3131 4162 ansae
3176 4107 3460 4178 geminata:
3489 4105 3782 4160 videantur

2194 4215 2354 4254 aures
2398 4200 2620 4254 imitari.
2676 4200 2889 4269 Ilecipit
2915 4208 3094 4254 autem
3125 4199 3234 4253 vini
3284 4198 3370 4253 vel
3399 4213 3553 4268 aqua:
3581 4197 3777 4268 pedem

2193 4292 2534 4363 quadratum,
2554 4291 2808 4347 frumenti
2826 4307 2952 4347 vero
2974 4291 3182 4348 modios
3203 4290 3415 4346 Italicos
3439 4299 3568 4345 tres.
3597 4288 3781 4344 Cadus

2193 4385 2380 4440 Graece
2407 4385 2666 4454 amphora
2694 4393 2778 4439 est
2797 4384 3076 4440 continens
3099 4398 3264 4438 urnas
3286 4391 3414 4437 tres.
3442 4379 3590 4436 Urna
3625 4395 3778 4435 men-

2195 4491 2319 4531 sura
2350 4484 2456 4540 est,
2488 4491 2650 4544 quam
2678 4475 3015 4545 quartarium
3049 4474 3238 4529 dicunt
3264 4492 3276 4527 :
3323 4473 3541 4543 proprie
3591 4480 3774 4525 autem

2119 4533 2169 4593 Β
2196 4581 2330 4620 urna
2379 4581 2473 4619 vas
2507 4573 2610 4628 est,
2654 4563 2797 4634 quod
2828 4579 2924 4634 pro
2952 4564 3247 4618 condendis
3292 4561 3667 4616 defunctorum
3699 4560 3780 4614 ci-

2193 4658 2416 4712 neribus
2451 4657 2692 4711 adhiberi
2741 4656 2898 4720 solet,
2930 4655 2995 4710 de
3024 4670 3132 4724 quo
3158 4663 3352 4722 poeta:
3385 4650 3525 4707 Catio
3559 4651 3775 4720 tegitur,

2191 4749 2282 4820 qui
2303 4764 2406 4800 non
2431 4748 2581 4801 habet
2603 4764 2813 4801 urnam.
2838 4747 3103 4801 Medimna
3135 4760 3389 4800 mensura
3418 4753 3503 4798 est
3533 4744 3778 4813 quinque

2193 4835 2494 4894 modiorum
2531 4856 2544 4891 :
2575 4837 2845 4892 medimna
2888 4847 3066 4892 autem
3098 4837 3263 4891 latina
3308 4837 3489 4907 lingua
3527 4842 3774 4899 vocatur,

2193 4927 2246 4982 id
2289 4936 2393 4992 est,
2421 4927 2662 4991 dimidia,
2708 4943 2774 4982 eo
2802 4927 2944 4997 quod
2971 4927 3207 4996 quinque
3251 4927 3457 4981 modios
3492 4925 3774 4989 metiatur,

2189 5017 2282 5087 qui
2309 5027 2393 5072 est
2421 5017 2674 5072 dimidius
2703 5033 2961 5072 numerus
2986 5033 3015 5070 a
3039 5015 3280 5087 perfecto
3303 5017 3546 5072 denario.
3569 5014 3774 5068 Artaba

2190 5122 2442 5161 mensura
2470 5115 2552 5162 est
2577 5109 2718 5176 apud
2759 5107 3042 5178 [Egyptios
3068 5107 3426 5162 sextariorum
3457 5105 3774 5175 septuagin-

2190 5203 2242 5248 ta
2263 5195 2508 5259 duorum,
2534 5197 2831 5266 composita
2852 5213 2918 5252 ex
2949 5212 3174 5252 numero
3191 5205 3416 5266 prepter
3434 5195 3773 5266 septuaginta

2187 5291 2242 5338 et
2270 5284 2404 5339 duas
2427 5293 2616 5355 gentes
2645 5284 2726 5339 vel
2757 5285 2992 5356 linguas,
3020 5301 3140 5356 quae
3173 5286 3361 5341 orbem
3389 5285 3772 5355 impleverunt.

2188 5371 2389 5428 Gomor
2425 5374 2733 5444 quindecim
2769 5377 3072 5432 modiorum
3103 5393 3241 5433 onus
3270 5365 3559 5448 appendet.
3600 5375 3775 5431 Corus

2188 5462 2408 5533 triginta
2433 5463 2736 5519 modiorum
2766 5481 3021 5521 mensura
3069 5466 3388 5537 completur.
3428 5465 3528 5520 Hic
3561 5481 3630 5520 ex
3669 5464 3775 5518 He-

2185 5553 2371 5608 braico
2400 5568 2648 5609 sermone
2679 5556 2976 5623 descendit,
3015 5556 3106 5626 qui
3129 5566 3356 5612 vocatur
3388 5571 3513 5612 cora
3545 5571 3577 5609 a
3623 5555 3774 5609 simi-

2189 5643 2416 5701 litudine
2460 5645 2633 5700 collis.
2685 5646 2846 5703 Coria
2873 5649 3016 5704 enim
3049 5649 3314 5704 Hebraice
3346 5649 3534 5720 ‘colles
3583 5645 3773 5716 appel-

2190 5735 2369 5792 lantur
2402 5753 2414 5794 :
2457 5738 2761 5795 coacervati
2791 5739 2939 5795 enim
2968 5739 3130 5797 modii
3161 5740 3381 5810 triginta
3419 5739 3591 5795 instar
3617 5737 3772 5791 collis
