4038 6324
311 352 421 408 489

1259 349 1350 406 DE
1385 346 1732 408 UNIVERSO
1770 345 1951 405 LIBRI
1986 345 2153 405 XXII.
2188 375 2259 388 --
2297 345 2422 403 Llli.
2467 349 2649 406 XVIII.

3478 351 3584 407 490

311 469 584 531 videntur,
607 473 665 519 et
697 477 834 520 onus
869 461 1062 519 cameli
1082 460 1406 520 eﬁiciuntur.
1430 465 1507 519 De
1539 465 1800 534 amphora
1833 464 1886 518 in
1915 466 1965 524 A
1991 461 2065 516 cit
2093 479 2105 515 :
2140 461 2395 533 Nunquid
2428 461 2773 516 ambulabunt
2795 462 2902 518 duo
2926 463 3144 535 pariter,
3167 468 3270 521 nisi
3290 472 3591 527 convenerit

314 558 580 618 Zacharia
610 556 870 626 propheta
922 556 998 610 ita
1031 556 1294 626 scriptum
1324 563 1408 610 est
1432 573 1444 608 :
1474 553 1545 608 Et
1573 570 1687 610 ecce
1716 555 1906 610 mulier

315 671 426 709 una
466 650 648 705 sedens
686 649 743 702 in
773 647 945 703 medio
985 647 1274 718 amphorae,
1321 653 1375 701 et
1403 646 1642 702 dicitur:
1675 647 1785 702 lucc
1832 657 1908 702 est

319 747 558 816 impietas
584 756 602 794 :
630 749 679 796 et
706 741 924 812 proiecit
952 757 1069 795 eam
1103 741 1159 794 in
1183 739 1356 793 medio
1379 739 1665 809 amphorw,
1687 749 1737 794 et
1767 741 1907 795 misit

317 835 614 908 plumbeam
638 848 868 887 massam
881 833 938 886 in
964 848 1022 886 os
1047 831 1186 902 ejus,
1217 837 1324 885 etc.
1346 827 1536 900 (Zach.
1566 829 1645 901 v).
1669 829 1907 900 Ampho-

317 945 380 984 ra
409 937 592 982 autem
634 925 727 982 hic
759 925 1034 996 signiﬁcat
1062 937 1376 979 mensuram
1415 924 1676 994 grandem
1709 922 1908 994 iniqui-

316 1023 443 1079 tatis
490 1020 801 1077 Judseorum
832 1037 847 1073 :
879 1019 947 1074 de
994 1033 1102 1088 qua
1153 1017 1404 1073 Salvator
1461 1019 1530 1073 ad
1582 1017 1730 1087 ipsos
1784 1017 1902 1072 ait:

316 1110 538 1183 Implete
562 1121 865 1165 mensuram
891 1117 1103 1180 patrum
1141 1117 1439 1163 uestrorum
1468 1105 1689 1179 (Matth.
1719 1106 1902 1179 mn).

317 1185 494 1273 super
547 1201 707 1256 hanc‘
739 1214 1049 1255 mensuram
1077 1200 1320 1254 omnium
1360 1197 1682 1255 delictorum
1728 1195 1906 1255 media

315 1295 540 1351 sedebat
591 1293 866 1365 impietas.
921 1307 1085 1364 quam
1136 1292 1242 1348 alio
1293 1293 1512 1348 nomine
1546 1291 1906 1349 idololatriam

315 1402 606 1459 possumus
649 1386 944 1457 appellare,
991 1394 1048 1442 et
1096 1387 1437 1457 negationem
1488 1387 1605 1442 Dei.
1638 1386 1801 1443 Missa
1825 1396 1907 1443 est

313 1496 446 1552 ergo
474 1496 655 1536 massa
689 1480 942 1550 plumbea
968 1479 1022 1533 in
1072 1494 1134 1534 os
1158 1494 1446 1550 synagogze
1484 1477 1814 1545 Judaaorum,
1847 1488 1909 1535 ut

315 1572 628 1642 arrogantia
668 1571 787 1643 ejus
807 1571 1178 1641 conquiescat.
1203 1570 1332 1626 Haec
1349 1585 1478 1641 ergo
1505 1571 1756 1641 impietas
1782 1587 1908 1643 syn-

2011 554 2085 608 eis
2104 554 2130 607 ?
2153 553 2332 626 (Amos
2371 555 2478 628 in.)
2507 555 2640 610 Item
2671 555 2776 611 duo
2807 556 3102 613 electorum
3132 567 3296 629 atque
3331 565 3591 634 reprobo-

2008 659 2127 698 rnm
2146 643 2633 715 prteﬁgurationem
2663 654 2876 718 gerunt.
2905 647 3058 704 Unde
3083 649 3343 706 Dominus
3374 653 3505 708 dicit
3533 656 3590 711 in

2009 733 2297 804 Evangelio
2327 753 2339 789 :
2372 734 2515 791 Tunc
2537 737 2640 791 duo
2659 740 2888 793 eruntin
2913 756 3041 810 agro
3064 754 3082 792 :
3110 758 3245 796 unus
3268 755 3586 815 assumatur,

2009 834 2056 878 ct
2084 824 2220 879 alius
2264 824 2582 897 relinquetur
2627 827 2842 898 (Matth.
2878 829 3050 909 xxiv).
3109 832 3405 891 Ternarius
3459 851 3590 908 ergo

2007 931 2266 972 numerus
2321 917 2390 973 ad
2445 917 2727 976 Trinitatis
2766 922 3083 993 mysterium
3142 927 3401 995 pertinet,
3448 937 3509 984 ut
3539 931 3593 986 in

2008 1007 2248 1079 Epistola
2269 1006 2494 1066 Joannis
2523 1028 2537 1063 :
2564 1010 2688 1066 Tres
2725 1024 2870 1081 sunt,
2901 1015 3095 1086 inquit,
3122 1019 3212 1089 qui
3237 1021 3590 1076 testimonium

2008 1101 2137 1156 dant
2169 1101 2220 1175 (Ι
2249 1103 2410 1158 Joan.
2441 1104 2518 1175 v).
2549 1105 2682 1162 Item
2708 1116 2819 1163 tres
2859 1109 2925 1163 ad
2963 1111 3232 1180 passionis
3270 1113 3483 1182 Domini
3507 1131 3592 1172 se-

2007 1194 2281 1264 pulturam
2304 1205 2361 1252 et
2389 1200 2799 1255 resurrectionis
2830 1213 3234 1260 sacramentum
3257 1207 3591 1278 reSpiciunt;

2008 1288 2151 1341 unde
2186 1288 2240 1341 in
2273 1287 2412 1345 Osee
2457 1292 2720 1362 scriptum
2776 1302 2860 1349 est
2911 1313 2922 1348 :
2993 1294 3288 1366 Viviﬁcabit
3330 1316 3423 1354 nos
3476 1311 3594 1372 post

2007 1375 2140 1432 duos
2175 1379 2330 1434 dies:
2363 1380 2418 1435 in
2461 1381 2545 1436 die
2592 1383 2744 1438 tertia
2788 1387 3058 1441 suscitabit
3106 1404 3220 1454 nos,
3269 1399 3317 1444 et
3370 1392 3594 1448 vivemus

2009 1469 2157 1541 (Ose.
2191 1471 2287 1544 vr).
2327 1472 2566 1530 Rursum
2599 1483 2709 1532 tres
2731 1478 2798 1532 ad
2847 1478 3031 1547 ﬁdem,
3063 1496 3236 1552 spem,
3269 1485 3595 1542 charitatem

2008 1561 2416 1632 exprimendam
2475 1566 2686 1633 valent;
2757 1584 2986 1640 quarum
3049 1574 3310 1630 virtutum
3365 1577 3596 1651 figuram

317 1679 520 1735 agogaa,
549 1677 670 1733 quae
705 1661 929 1718 sedebat
962 1675 1126 1732 super
1167 1668 1390 1731 peccata
1414 1661 1602 1728 Israel,
1633 1669 1688 1716 et
1727 1662 1782 1716 in
1809 1676 1908 1717 suo
1950 1726 1952 1728 ν
2011 1658 2124 1706 tres
2149 1651 2253 1708 illa:
2281 1653 2527 1712 civitates
2556 1658 2610 1712 in
2642 1659 3080 1730 Deuteronomio,
3112 1667 3180 1721 ad
3207 1683 3344 1737 quas
3367 1669 3597 1726 homici-

315 1755 520 1811 scelere
559 1755 911 1826 gloriabatur,
947 1761 1136 1825 postea
1185 1755 1419 1809 mittitur
1454 1755 1507 1809 iu
1545 1755 1783 1811 medium
1805 1755 1907 1810 Ba-

2018 1741 2100 1807 da,
2139 1744 2230 1812 qui
2260 1744 2448 1801 nolens
2484 1749 2789 1818 proximum
2821 1753 3100 1818 occiderit,
3132 1758 3423 1828 confugere
3451 1777 3595 1832 prae-

314 1847 549 1918 bylonis,
588 1855 645 1902 et
686 1846 1030 1917 captivitatis.
1061 1845 1204 1901 malo
1250 1845 1592 1916 deprimitur,
1639 1845 1721 1902 vel
1754 1856 1903 1902 certe
1931 1832 1980 1892 Β
2009 1830 2227 1922 cipitur.
2265 1835 2468 1919 haltere
2507 1838 2780 1895 dicuntum
2809 1841 2940 1897 Item
2969 1851 3080 1900 tres
3111 1846 3214 1902 tria
3246 1830 3490 1920 tempora
3521 1853 3598 1907 si-

315 1945 385 1998 ab
418 1944 649 2015 angelo:
678 1952 738 1998 ut
766 1959 888 2014 quae
927 1945 1080 2015 prius
1107 1944 1314 2000 latebat
1339 1943 1395 1999 in
1426 1945 1648 2009 scelere,
1695 1955 1902 2002 aeterno
2005 1927 2288 1996 Βηίίίοεηηο
2324 1929 2427 1985 hoc
2453 1939 2554 1998 es"
2601 1934 2837 2002 Primum
2875 1944 3003 1992 ante
3051 1936 3245 2010 legem»
3297 1945 3596 1999 secundum

317 2034 533 2090 silentio
587 2035 940 2090 conticescet.
988 2034 1243 2107 Legimus
1291 2035 1347 2089 in
1405 2035 1698 2106 Evangelio
1748 2035 1936 2108 (Lacu

316 2126 456 2198 xw),
500 2127 645 2196 quod
695 2127 906 2182 villicus
961 2127 1263 2198 iniquitatis
1312 2129 1648 2185 debitoribus
1698 2129 1906 2186 domini

318 2217 422 2282 sui,
448 2218 540 2288 qui
576 2217 844 2273 debebant
889 2218 1108 2274 domino
1143 2235 1240 2275 suo
1269 2220 1472 2291 grande
1506 2221 1746 2276 debitum
1784 2222 1906 2277 red-

317 2307 465 2370 dere,
500 2309 602 2364 hoc
638 2316 741 2376 est,
777 2325 918 2366 unus
941 2319 1158 2365 centum
1178 2310 1342 2365 cados
1365 2309 1491 2378 olei,
1529 2310 1667 2366 alter
1688 2319 1906 2368 centum

317 2398 516 2475 choros
557 2399 724 2455 tritici
755 2417 768 2453 :
797 2400 910 2470 ipse
959 2416 1184 2471 pensam
1230 2401 1564 2473 temperarit,
1599 2411 1655 2459 et
1683 2401 1910 2472 jusserit

317 2489 491 2558 priori
517 2505 614 2560 pro
645 2499 862 2546 centum
894 2493 1044 2548 cadis
1071 2493 1175 2548 olei
1198 2493 1440 2551 scribere
1467 2496 1857 2569 quinquaginta
1892 2516 1904 2552 :

319 2581 566 2650 sequenti
617 2598 749 2637 vero
789 2599 890 2652 pro
951 2592 1168 2640 centum
1223 2586 1406 2642 choris
1454 2588 1618 2643 tritici
1668 2589 1910 2646 scribere

318 2675 594 2745 octoginta
623 2693 635 2729 :
668 2676 865 2745 quibus
910 2677 1074 2733 rebus
1105 2678 1446 2747 instruimur,
1493 2690 1553 2736 ut
1598 2683 1909 2739 misericor-

319 2765 467 2820 diam
490 2765 655 2821 debiti
698 2767 1018 2824 remissione
1051 2769 1334 2837 facientes,
1364 2772 1467 2841 ipsi
1496 2788 1527 2827 a
1556 2774 1911 2830 misericorde

318 2855 550 2912 Domino
596 2859 973 2915 remissionem
1006 2859 1314 2916 debitorum
1355 2871 1668 2921 nostrorum
1720 2881 1911 2922 consc-

319 2962 571 3017 quamur.

879 3041 1180 3101 CAPUT
1219 3044 1363 3101 III.

940 3136 1016 3192 De
1045 3153 1280 3192 numero.

2006 2019 2106 2072 sub
2129 2017 2268 2088 lege,
2299 2022 2519 2076 tertium
2538 2024 2638 2080 sub
2664 2027 2856 2096 gratia.
2889 2027 3043 2084 Unde
3065 2029 3119 2083 in
3143 2029 3467 2101 Evangelica
3497 2049 3595 2104 pa-

2006 2108 2192 2164 rabola
2216 2109 2410 2181 legitur
2435 2129 2448 2165 :
2478 2113 2609 2167 Ecce
2631 2120 2754 2170 anni
2780 2126 2883 2172 tres
2903 2129 3047 2186 sunt,
3073 2137 3138 2174 ea:
3165 2139 3268 2192 quo
3289 2124 3433 2178 venio
3453 2142 3599 2196 qua:-

2007 2214 2126 2252 rens
2175 2199 2406 2269 fructum
2441 2203 2498 2256 in
2524 2203 2776 2272 ﬁculnea,
2815 2217 2862 2261 et
2894 2225 2998 2263 non
3027 2211 3230 2266 invenio
3265 2211 3418 2285 (Luc.
3450 2216 3596 2290 xm).
3681 2265 3684 2268 .

2007 2288 2209 2362 Iterum
2228 2297 2339 2346 tres
2366 2292 2654 2349 trimouam
2682 2295 2959 2354 hominum
2988 2301 3357 2369 operationem
3377 2305 3435 2358 in
3456 2288 3599 2363 bono

2008 2381 2095 2436 vel
2125 2382 2180 2436 in
2229 2384 2370 2439 malo
2410 2387 2781 2458 praeﬁgurant,
2837 2392 2890 2447 id
2932 2402 3036 2459 est,
3084 2397 3433 2466 cogitatione,
3487 2415 3602 2456 ser-

2010 2490 2193 2541 mone,
2221 2486 2277 2532 et
2297 2493 2478 2548 opere,
2509 2490 2567 2534 ut
2595 2481 2648 2535 in
2670 2484 2930 2552 Apostolo
2960 2504 2972 2540 :
3001 2485 3060 2542 Si
3083 2490 3223 2558 quis,
3247 2491 3446 2561 inquit,
3472 2496 3602 2549 ivdi-

2010 2567 2246 2636 ﬁcaverit
2289 2586 2444 2639 super
2473 2570 2875 2640 fundamentum
2904 2576 3022 2642 hoc,
3054 2595 3264 2644 aurum,
3298 2594 3600 2653 argentum,

2012 2657 2212 2728 lapides
2241 2661 2516 2729 pretiosos,
2542 2662 2707 2733 ligna,
2735 2665 2934 2736 fenum,
2965 2668 3214 2738 stipulam
3244 2671 3295 2743 (1
3325 2672 3445 2728 Cor.
3491 2674 3602 2748 ιιι).

2012 2747 2252 2804 Rursum
2292 2760 2402 2807 tres
2458 2754 2739 2810 trimcdam
2798 2757 3034 2813 ﬁdelium
3063 2761 3461 2830 professionem
3503 2747 3604 2825 de-

2013 2855 2342 2922 monstrant,
2374 2849 2427 2902 id
2454 2857 2558 2916 est,
2595 2850 2939 2920 clericorum,
2971 2860 3358 2915 monachorum
3390 2873 3444 2917 et
3472 2879 3603 2920 con-

2008 2936 2218 3006 jugum.
2243 2938 2318 2992 De
2346 2939 2450 2995 hac
2481 2941 2749 3012 tripertita
2777 2945 2833 3000 in
2867 2946 3113 3005 Ecclesia
3141 2952 3478 3020 professione
3505 2971 3606 3027 per

2016 3027 2356 3086 Ezechielem
2389 3031 2628 3101 loquitur
2667 3035 2948 3104 Dominus,
2980 3038 3168 3098 dicens
3201 3061 3214 3095 :
3254 3041 3316 3097 Si
3351 3053 3456 3100 tres
3504 3047 3606 3100 uiri

2016 3121 2126 3186 isti,
2146 3120 2284 3187 Noe,
2309 3122 2501 3178 Daniel
2527 3135 2575 3179 et
2595 3125 2718 3194 Job,
2735 3126 2930 3197 fuerint
2951 3130 3008 3184 in
3023 3132 3196 3188 medio
3211 3151 3416 3203 eorum,
3435 3136 3606 3207 ﬁlium

395 3223 753 3282 Numerorum
782 3227 928 3283 enim
960 3228 1101 3283 ratio
1132 3229 1186 3283 in
1212 3228 1397 3285 multis
1415 3227 1572 3298 juxta
1597 3230 1912 3303 allegoriam
1939 3197 1988 3262 C
2017 3221 2065 3266 et
2103 3212 2272 3281 filiam
2321 3231 2426 3270 non
2451 3216 2744 3272 liberabant
2774 3234 2792 3271 :
2823 3221 2913 3275 sed
2952 3223 3054 3294 ipsi
3095 3225 3196 3279 soli
3243 3226 3608 3286 liberabuntur

323 3317 503 3389 typica
537 3319 934 3390 signiﬁcatione
980 3321 1298 3392 mysterium
1346 3323 1504 3378 nobis
1543 3325 1912 3381 venerandum

322 3410 580 3464 ostendit.
627 3409 778 3466 Unde
808 3411 1019 3481 primus
1053 3428 1330 3479 numerus,
1377 3413 1481 3469 hoc
1517 3423 1622 3484 est,
1668 3432 1809 3472 unus
1845 3417 1913 3472 ad

323 3501 587 3558 unitatem
611 3502 826 3557 deitatis
847 3503 1100 3558 refertur.
1123 3505 1201 3559 De
1222 3521 1330 3574 quo
1361 3504 1416 3559 in
1443 3506 1632 3564 Exodo
1657 3510 1916 3581 scriptum

321 3600 410 3648 est
441 3611 453 3646 :
485 3593 649 3658 Audi,
703 3593 896 3659 Israel,
924 3594 1181 3649 Dominus
1211 3597 1355 3651 Deus
1403 3607 1549 3664 tuus,
1587 3599 1731 3656 Deus
1780 3619 1914 3656 unus

322 3694 401 3739 est
428 3683 608 3754 (Deut.
643 3683 740 3754 v1).
786 3684 921 3738 Item
945 3701 1085 3740 unus
1127 3688 1196 3742 ad
1219 3687 1486 3742 unitatem
1515 3689 1774 3746 Ecclesiae
1801 3693 1918 3748 sive

324 3775 458 3830 ﬁdei
491 3774 747 3844 pertinet.
777 3774 930 3831 Unde
952 3775 1006 3829 in
1031 3761 1266 3832 Actibus
1298 3778 1665 3848 apostolorum
1705 3782 1771 3836 de
1796 3799 1916 3838 ere-

325 3867 582 3924 deutibus
625 3867 1091 3923 scribiturzErat
1140 3868 1246 3924 illis
1285 3887 1376 3925 cor
1423 3889 1586 3926 unum
1638 3881 1687 3927 et
1740 3875 1920 3929 anima

327 3978 435 4014 una
462 3960 600 4032 (Act.
631 3959 728 4032 ιν).
764 3961 1002 4016 Rursum
1031 3978 1171 4018 unus
1217 3963 1286 4018 ad
1324 3963 1587 4020 unitatem
1629 3965 1755 4022 ﬁdei
1805 3967 1919 4022 sive

328 4054 512 4124 operis
539 4055 929 4126 perfectionem
960 4059 1201 4128 respicit.
1234 4059 1372 4114 Hinc
1399 4061 1454 4114 in
1477 4059 1674 4118 Genesi
1701 4063 1768 4118 de
1791 4079 1920 4119 arca

329 4147 593 4218 scriptum
613 4157 698 4204 est
728 4169 742 4203 :
774 4148 844 4202 Et
869 4149 924 4202 in
948 4149 1122 4204 cubito
1153 4152 1538 4206 consummabis
1563 4155 1920 4210 summitatem

328 4239 445 4309 ejus
477 4237 628 4312 (Gen.
676 4240 774 4314 γι).
823 4240 1022 4296 Iterum
1070 4257 1210 4297 unus
1239 4242 1503 4298 malorum
1532 4245 1795 4300 unitatem
1825 4262 1920 4302 ex-

327 4331 536 4400 primit,
560 4339 621 4386 ut
647 4339 732 4386 est
758 4330 892 4387 illud
922 4332 978 4386 in
1007 4332 1301 4404 Evangelio
1334 4352 1347 4387 :
1373 4333 1444 4388 Et
1472 4334 1597 4389 uidit
1625 4335 1696 4390 ibi
1743 4337 1918 4391 homi-

330 4439 448 4476 nem
479 4439 582 4477 non
628 4423 864 4477 vestitum
902 4433 1037 4478 veste
1072 4426 1295 4494 nuptiali
1325 4425 1542 4496 (Matth.
1581 4426 1741 4500 χχιι).
1778 4427 1920 4484 Nam

327 4513 575 4570 binarius
622 4531 882 4570 numerus
921 4515 990 4570 ad
1016 4515 1121 4571 duo
1150 4524 1471 4572 testamenta
1498 4520 1740 4589 respicit,
1774 4522 1917 4577 unde
1943 4554 1996 4615 Β

328 4607 388 4663 in
415 4607 621 4678 Regum
650 4608 790 4664 libro
815 4609 1078 4679 scriptum
1105 4619 1188 4665 est
1213 4628 1225 4662 ε
1254 4604 1473 4678 Et'fecit
1495 4612 1599 4667 duo
1627 4613 1914 4681 cherubim,

328 4700 507 4755 decem
529 4701 824 4755 cubitorum
844 4703 1206 4772 magnitudine
1230 4703 1347 4776 (111
1369 4703 1495 4776 Reg.
1520 4706 1617 4778 vi).
1655 4707 1788 4763 Item
1813 4709 1919 4764 duo

331 4793 402 4847 ad
432 4793 538 4847 duo
558 4802 828 4864 praecepta
867 4795 1150 4850 charitatis
1194 4796 1471 4866 pertinent
1499 4815 1512 4850 :
1545 4797 1686 4854 unde
1707 4799 1836 4854 dicit
1865 4800 1921 4854 in

327 4868 624 4958 Evangelio
660 4905 672 4942 :
705 4887 775 4942 In
817 4888 900 4942 his
929 4889 1133 4943 duobus
1157 4891 1430 4960 prwceptis
1469 4899 1580 4946 tota
1605 4890 1690 4946 lea:
1734 4892 1922 4963 pendet

333 4988 383 5033 et
429 4979 695 5049 prophetae
739 4979 956 5051 (Matth.
987 4981 1146 5052 xm).
1191 4981 1431 5038 Rursum
1458 4983 1564 5038 duo
1587 4985 1722 5039 duas
1745 4985 1922 5056 digni-

337 5079 477 5127 tates
506 5073 837 5142 exprimunt,
887 5075 1094 5144 regiam
1124 5075 1332 5132 scilicet
1385 5085 1442 5131 et
1477 5079 1876 5135 sacerdotalem
1907 5100 1918 5134 :

335 5179 568 5234 quarum
594 5163 823 5236 ﬁguram
867 5166 974 5224 duo
998 5168 1075 5223 illi
1101 5169 1279 5238 pisces
1305 5170 1546 5242 quinque
1570 5173 1803 5244 panibus
1837 5174 1925 5230 ad-

330 5255 508 5326 juncti
539 5257 594 5310 in
615 5258 908 5330 Evangelio
927 5260 1208 5332 gerebant.
1240 5262 1442 5317 Iterum
1475 5265 1582 5320 duo
1604 5267 1923 5336 mysterium

338 5348 645 5418 signiﬁcant
681 5351 910 5406 duorum
937 5352 1283 5422 populorum,
1313 5354 1368 5409 id
1397 5362 1503 5422 est,
1525 5355 1835 5414 Iudaeorum
1871 5368 1928 5415 et

337 5442 600 5513 gentium.
655 5442 808 5500 Unde
851 5444 908 5500 in
955 5444 1218 5501 Zacharia
1267 5446 1528 5516 scriptum
1563 5456 1646 5504 est
1675 5465 1692 5506 :
1721 5449 1792 5504 Et
1820 5467 1926 5522 pax

339 5533 438 5588 erit
463 5534 603 5589 inter
625 5534 758 5589 duas
783 5534 904 5590 illos
925 5534 1112 5608 (Zach.
1135 5536 1236 5608 vr).
1259 5535 1371 5593 Nec
1391 5553 1497 5594 non
1519 5547 1575 5594 et
1601 5539 1707 5596 duo
1731 5541 1926 5597 animae

341 5635 398 5683 et
419 5628 666 5698 corporis
686 5629 1099 5686 conventionem
1118 5629 1428 5702 signiﬁcant
1456 5649 1470 5686 :
1497 5633 1642 5688 unde
1665 5634 1928 5693 Dominus

343 5717 470 5774 dicit
503 5719 557 5774 in
582 5718 873 5791 Evangelio
901 5734 916 5774 :
953 5719 1016 5776 Si
1049 5720 1155 5777 duo
1176 5739 1242 5776 ea:
1265 5723 1406 5778 vobis
1431 5735 1806 5782 consenserunt
1833 5745 1926 5783 su-

343 5826 434 5880 per
463 5820 675 5875 terram,
707 5821 813 5866 etc.
860 5808 1076 5884 (Matth.
1107 5814 1284 5888 xvtu).
1315 5816 1391 5871 De
1429 5832 1534 5886 quo
1565 5824 1617 5872 et
1644 5816 1812 5875 Amos
1851 5818 1929 5874 di-

665 5906 937 5970 PATROL.
985 5907 1152 5968 CXI.

2019 3303 2236 3378 (Ezech.
2269 3305 2330 3379 1).
2365 3308 2757 3376 Quaternarius
2808 3328 2939 3385 ergo
2967 3332 3226 3375 numerus
3255 3319 3323 3375 ad
3373 3332 3609 3393 quatuor

2017 3398 2254 3466 pertinet
2302 3399 2613 3472 Evangelia,
2671 3414 2729 3458 ut
2775 3405 2829 3460 in
2859 3407 3112 3464 Ezechiel
3147 3428 3159 3463 ε
3203 3410 3270 3464 Et
3316 3412 3372 3466 in
3411 3415 3604 3481 medio,

2019 3486 2210 3556 inquit,
2261 3504 2443 3545 eorum
2495 3502 2607 3546 erat
2672 3494 2960 3551 similitudo
3014 3508 3246 3575 quatuor
3296 3503 3607 3559 animalium

2021 3576 2240 3648 (Ezech.
2280 3579 2342 3653 ι).
2376 3580 2509 3637 Item
2537 3592 2773 3653 quatuor
2799 3587 2865 3641 ad
2889 3596 3121 3658 quatuor
3149 3600 3463 3648 sanctorum
3500 3597 3609 3650 vir-

2022 3677 2165 3740 tutes
2187 3671 2472 3740 mysticam
2491 3673 2950 3746 signiﬁcationem
2971 3680 3195 3748 ducunt,
3219 3683 3324 3738 hoc
3345 3694 3448 3751 est,
3479 3699 3610 3755 pru-

2019 3758 2280 3825 dentiam,
2307 3761 2596 3830 justitiam,
2648 3764 3018 3825 fortitudinem
3055 3781 3109 3826 et
3157 3777 3604 3845 temperantiam;

2021 3852 2220 3920 quibus
2273 3854 2468 3910 animae
2521 3867 2853 3927 sanctorum,
2901 3863 3130 3920 Domino
3165 3866 3446 3937 largiente,
3484 3871 3610 3924 reﬁ-

2022 3946 2272 4014 ciuntur;
2298 3949 2440 4004 unde
2468 3951 2731 4020 scriptum
2767 3965 2850 4009 est
2882 3974 2893 4008 :
2926 3957 3097 4012 Erant
3122 3971 3317 4029 autem,
3349 3967 3438 4034 qui
3461 3982 3611 4018 man-

2023 4034 2363 4105 ducaverunt,
2392 4043 2547 4112 quasi
2585 4055 2813 4114 quatuor
2838 4047 3003 4102 millia
3020 4051 3309 4120 hominum,
3339 4066 3385 4110 et
3413 4057 3612 4112 dimisit

2023 4145 2109 4183 eos
2142 4128 2336 4201 (Marc.
2368 4133 2511 4206 VIII).
2539 4135 2774 4192 Rursum
2817 4149 3051 4209 quatuor
3077 4125 3399 4215 ad'quatuor
3423 4151 3612 4206 mundi

2022 4232 2206 4294 partes
2231 4227 2522 4296 pertinent,
2565 4245 2634 4284 ex
2664 4232 2860 4301 quibus
2889 4244 3077 4291 sancta
3106 4238 3352 4296 Ecclesia
3380 4257 3613 4314 congre-

2024 4329 2198 4391 gatur.
2237 4320 2391 4377 Unde
2418 4323 2618 4379 dicitur
2643 4342 2742 4396 per
2759 4331 3080 4399 prophetam
3117 4351 3130 4387 :
3162 4333 3239 4388 Ab
3272 4333 3486 4392 Oriente
3513 4339 3612 4392 ad-

2023 4413 2214 4468 ducam
2254 4432 2429 4471 semen
2478 4428 2646 4485 tuum,
2676 4430 2724 4474 et
2771 4421 2834 4475 ab
2870 4421 3150 4480 Occidente
3170 4429 3493 4498 congregabo
3523 4439 3614 4496 te;

2022 4509 2196 4562 dicam
2221 4509 2470 4579 Aquiloni
2495 4527 2515 4566 :
2543 4512 2625 4567 Da
2648 4531 2668 4580 ;
2694 4523 2742 4567 et
2762 4516 2955 4570 Austro
2981 4531 2999 4568 .'
3020 4517 3149 4572 Noli
3179 4517 3451 4590 prohibere
3475 4521 3612 4594 (Isa.

2023 4601 2197 4672 xuu).
2228 4602 2490 4658 Similiter
2509 4614 2740 4674 quatuor
2759 4607 2826 4661 ad
2848 4616 3081 4676 quatuor
3105 4610 3374 4665 elementa
3402 4614 3612 4679 mundi,

2026 4694 2222 4762 quibus
2275 4694 2572 4749 humanum
2609 4711 2806 4767 corpus
2835 4709 3177 4767 compactum
3231 4709 3335 4765 est,
3386 4711 3616 4771 possunt

2030 4787 2250 4852 referri;
2281 4788 2404 4858 quia
2437 4789 2559 4844 inde
2584 4793 2834 4861 corporis
2855 4791 3093 4846 conditio
3127 4794 3362 4847 maxime
3391 4795 3616 4850 robora-

2028 4887 2118 4933 tur
2139 4889 2196 4935 et
2216 4881 2481 4936 subsistit.
2507 4881 2643 4937 Nam
2667 4883 2720 4937 in
2743 4883 3035 4954 Evangelio
3058 4885 3318 4954 scriptum
3341 4895 3443 4954 est,
3470 4889 3616 4958 quod

2027 4974 2356 5046 paralyticus
2381 4976 2435 5030 in
2466 4976 2608 5031 lecto
2636 4985 2944 5047 portaretur
2975 4994 3006 5032 a
3037 4989 3291 5047 quatuor.
3321 4979 3616 5048 Quinarius

2029 5082 2158 5139 ergo
2180 5085 2438 5124 numerus
2463 5070 2529 5124 ad
2557 5071 2798 5140 quinque
2827 5071 2960 5144 legis
2998 5070 3166 5126 libros
3211 5071 3380 5142 Moysi
3409 5073 3618 5144 signiﬁ-

2030 5163 2302 5219 caliouem
2332 5163 2620 5232 aliquando
2660 5163 2847 5227 trahit,
2879 5165 2944 5216 de
2970 5163 3165 5232 quibus
3191 5163 3481 5234 Apostolus
3503 5167 3613 5220 ait:

2044 5255 2171 5311 Volo
2219 5259 2275 5312 in
2327 5258 2568 5313 Ecclesia
2609 5261 2836 5329 quinque
2885 5260 3040 5314 verba
3095 5277 3249 5316 sensu
3301 5279 3413 5316 meo
3472 5262 3617 5333 loqui

2033 5351 2084 5424 (Ι
2106 5351 2229 5406 Cor.
2259 5351 2394 5422 xxv),
2425 5351 2510 5406 vel
2541 5351 2609 5406 ad
2647 5354 2886 5421 quinque
2915 5367 3104 5408 sensus
3133 5355 3398 5424 corporis,
3430 5355 3482 5410 id
3507 5365 3616 5423 est,

2027 5445 2226 5510 visum,
2258 5441 2522 5508 auditum,
2545 5451 2782 5512 gustum,
2812 5444 3097 5498 odoratum
3121 5453 3175 5500 et
3216 5455 3438 5502 tactum.
3469 5448 3621 5506 Unde

2029 5539 2086 5591 in
2117 5535 2407 5606 Evangelio
2438 5535 2698 5606 scriptum
2725 5543 2806 5590 est
2839 5554 2851 5589 :
2889 5535 3072 5591 Simile
3099 5547 3175 5591 est
3213 5555 3429 5609 regnum
3464 5540 3618 5596 caelo-

2031 5645 2148 5683 rum
2177 5628 2353 5682 decem
2376 5628 2659 5698 virginibus
2684 5626 2902 5701 (Matth.
2935 5628 3064 5703 xxv)
3085 5646 3100 5697 ;
3119 5630 3362 5701 quinque
3379 5632 3523 5686 enim
3549 5648 3618 5688 ex

2031 5723 2112 5778 eis
2134 5729 2295 5778 erant
2318 5719 2502 5786 fatuae,
2531 5730 2587 5776 et
2621 5721 2858 5791 quinque
2897 5723 3210 5792 prudentes.
3235 5721 3370 5778 Item
3398 5722 3471 5777 ibi
3500 5741 3513 5775 :
3547 5722 3616 5776 Et

2036 5817 2128 5872 uni
2147 5813 2289 5872 dedit
2308 5813 2536 5885 quinque
2564 5811 2761 5870 talenta
2788 5813 2930 5887 (Ibid
2940 5816 2998 5887 .).
3027 5815 3161 5870 Hinc
3183 5820 3237 5870 et
3264 5815 3526 5870 Dominus
3546 5811 3618 5870 ad

3166 5907 3242 5970 16
