4038 6324
348 485 456 541 495

1300 479 1390 537 DE
1429 479 1779 538 umvsaso
1810 476 1991 534 1.th
2028 476 2192 532 xxu.
2233 507 2302 517 —
2340 479 2464 532 LIB.
2507 440 2689 534 xviii.

3511 485 3616 542 494

349 596 481 653 meri
512 592 723 649 cubitus
745 592 798 647 in
820 585 1152 662 longitudine
1173 594 1425 650 habuisse
1450 591 1699 651 feruntur
1720 595 1773 650 in
1795 589 1930 648 Exo—
1956 593 2006 654 Α
2035 591 2224 646 ranttii'
2253 591 2308 646 in
2359 592 2580 648 Actibus
2635 592 3020 663 apostolorum.
3055 585 3337 670 Octoginta
3389 589 3454 655 ad
3486 620 3618 671 quo-

349 689 683 760 do.'l‘riginta
700 703 827 743 vero
852 690 917 743 ad
940 688 1144 742 fructus
1162 687 1397 744 ildelium
1425 688 1855 760 co‘njugatorum,
1870 694 1929 742 ut

353 783 407 835 in
446 780 732 850 Evangelii)
771 795 786 834 :
830 779 901 833 Et
922 781 1066 834 dabit
1108 781 1360 849 fructum,
1395 779 1543 834 aliud
1569 781 1928 846 centesimum,

349 871 496 924 aliud
522 864 934 940 uxageJimum,
989 870 1136 924 aliud
1179 885 1300 925 vero
1343 872 1665 924 tricesimum
1709 869 1927 942 (Matth.

349 962 491 1033 xm).
509 961 752 1033 Triginta
772 962 880 1017 duo
896 964 966 1018 ad
991 965 1307 1036 mysterium
1330 966 1521 1029 tetatis,
1549 966 1656 1036 qua
1671 965 1932 1021 Dominus

349 1061 534 1107 noster
558 1054 614 1107 in
661 1059 830 1109 carne
856 1056 1207 1111 conversatus
1235 1062 1358 1112 est:
1402 1059 1544 1112 unde
1574 1057 1654 1129 (ut
1707 1057 1932 1128 quibus-

349 1149 472 1201 dam
503 1147 739 1220 videtur)
770 1148 850 1202 an
888 1143 1180 1219 Apostotus
1209 1168 1222 1204 :
1255 1150 1431 1205 Βὸηέέ
1479 1149 1818 1206 occurramus
1863 1151 1932 1205 ad

347 1243 603 1296 unitatem
638 1237 763 1311 nua
794 1250 843 1296 ιι
887 1236 1169 1313 agnitionis
1202 1241 1335 1297 Fittt
1369 1243 1466 1298 Dei
1515 1245 1570 1298 tu
1617 1245 1783 1299 aram
1819 1239 1933 1313 per-

346 1335 539 1404 fect-am
611 1335 665 1388 in
720 1327 1022 1390 mensuram
1091 1337 1262 1391 (etatis
1329 1336 1670 1407 plenitudinis
1739 1332 1936 1392 Gliiis'ti

347 1426 565 1498 (Ephes.
584 1425 679 1499 ιν).
699 1426 1066 1497 Quadraginta
1082 1432 1212 1484 vero
1236 1431 1495 1486 numerus
1521 1427 1655 1500 legis
1679 1429 1733 1484 'et
1760 1424 1936 1484 Etan-

346 1519 469 1591 gelii
513 1520 721 1575 obtinet
795 1523 1215 1575 sacramentum.
1268 1520 1399 1576 ltetn
1467 1511 1822 1592 q'ttadr'agin'ta
1868 1521 1936 1576 ad

346 1603 772 1685 quadragesima!
798 1613 1202 1670 sacramentum
1224 1611 1476 1685 pertinet.
1504 1611 1654 1668 Unde
1686 1612 1744 1666 in
1769 1605 1936 1665 Etan-

348 1705 489 1778 gelio
529 1708 595 1761 de
631 1706 860 1762 Domino
895 1703 1156 1776 scripturn
1185 1703 1268 1760 est
1309 1723 1322 1758 :
1369 1705 1434 1758 Et
1470 1701 1721 1775 agebam
1749 1695 1803 1757 in
1832 1703 1937 1772 spi-

349 1799 455 1852 ritu
496 1798 554 1853 iit
600 1799 806 1853 deserto
846 1800 1198 1871 quadraginta
1239 1795 1418 1852 diebus
1455 1795 1670 1867 (Manli.
1704 1792 1799 1869 ii”).
1829 1795 1936 1852 lte-

349 1903 469 1948 ru‘m
519 1887 879 1964 quadraginta
927 1887 1340 1948 resurrectionis
1412 1887 1710 1945 Dominicze
1759 1882 1940 1945 Sacra-

350 1995 590 2041 mentum
630 1981 912 2042 continent

350 2077 422 2130 ita
452 2079 716 2148 scriptum
743 2082 826 2133 Est
861 2085 875 2132 ξ
909 2075 977 2131 Et
1001 2086 1336 2132 conversatus
1380 2093 1497 2130 cum
1527 2075 1600 2130 cis
1645 2071 1754 2129 dies
1806 2083 1935 2146 qua-

349 2171 596 2242 draginta
653 2169 791 2242 (Act.
846 2169 910 2242 ι).
952 2167 1225 2226 Praeterea
1269 2161 1624 2241 quadraginta
1674 2181 1935 2222 numerus

348 2267 513 2320 omne
536 2262 774 2336 pnes’ens
805 2263 966 2334 bujtls
987 2255 1167 2319 Sm‘Culi
1199 2261 1413 2333 tempus
1440 2255 1674 2331 ﬁgurare
1696 2260 1892 2314 dicitur
1917 2277 1931 2313 :

351 2365 584 2425 quatuor
615 2357 759 2411 enim
782 2355 908 2412 Sunt
937 2345 1122 2411 muridl
1156 2348 1355 2426 partes,
1392 2363 1446 2408 et
1472 2347 1649 2407 omnis
1687 2357 1938 2406 creatura

351 2446 584 2501 visibilis
605 2461 669 2502 ex
698 2443 932 2517 quatitbi
955 2441 1169 2502 constat
1192 2439 1490 2500 elementis.
1526 2441 1788 2497 Denarius
1810 2455 1939 2496 vero

354 2543 610 2592 numerus
642 2535 694 2591 in
724 2537 917 2591 bonum
949 2532 1034 2591 vel
1059 2521 1256 2589 ntalzlm
1287 2523 1496 2603 partem
1523 2529 1796 2602 perlectus
1813 2539 1936 2586 est:

354 2629 445 2698 qui
475 2626 728 2684 denarius
767 2629 864 2698 per
892 2627 1302 2698 (iuste-marium
1340 2615 1535 2680 ductus
1563 2616 1940 2695 quadragena-

356 2719 496 2774 ritim
527 2719 736 2789 implet.
757 2719 896 2773 mm:
918 2713 1020 2784 cst,
1041 2717 1184 2787 quod
1216 2731 1311 2786 per
1333 2707 1674 2772 Psalmistam
1707 2715 1936 2771 dicitur:

357 2807 723 2880 Quadraginta
781 2807 934 2863 ἰήιήῶ
987 2807 1258 2878 {infinitis
1322 2803 1406 2878 fdi
1451 2795 1772 2878 g‘étiert'tlibhi
1820 2797 1941 2861 huic

357 2898 529 2972 (Psal.
562 2900 742 2970 xcrv);
795 2911 850 2954 et
893 2899 949 2953 in
1001 2899 1200 2953 diluvio
1241 2897 1397 2968 juxta
1436 2897 1678 2966 ejusdem
1731 2893 1944 2950 numeri

356 2991 473 3046 dies
506 3002 560 3046 et
582 2992 802 3046 totidem
830 3001 1019 3046 noctes
1048 3006 1210 3061 super
1244 2999 1444 3044 terram
1474 2990 1733 3044 Dominus
1763 2987 1897 3057 pluit
1924 3004 1937 3040 :

357 3093 414 3140 et
448 3086 503 3139 in
531 3085 666 3140 Jona
696 3085 957 3156 propheta
984 3085 1243 3154 seriptum
1267 3094 1350 3138 est
1385 3102 1398 3137 :
1439 3081 1564 3136 Post
1587 3081 1943 3153 quadraginta

355 3175 466 3232 dies
492 3177 682 3232 Ninive
722 3163 1043 3231 subvertetu‘r
1072 3176 1215 3243 (Ion.
1242 3165 1354 3248 in);
1389 3165 1530 3248 quod
1562 3183 1615 3229 et
1647 3175 1821 3244 ipsum
1851 3187 1940 3227 se-

357 3269 587 3324 cundum
613 3267 892 3323 historiam
921 3261 974 3322 in
999 3257 1185 3323 eadem
1216 3263 1434 3322 civitate
1465 3247 1660 3319 factum
1687 3279 1792 3319 non
1816 3271 1898 3318 est
1922 3280 1935 3315 :

2032 682 2280 738 rumdani
2319 681 2750 740 Christianorum
2785 687 3012 753 animas,
3063 705 3184 760 quae
3227 689 3454 747 Domino
3515 683 3619 749 {ille

2035 781 2264 842 tantum,
2296 791 2401 832 non
2430 777 2685 847 operibus
2709 780 2982 835 cohrerent
3015 799 3028 835 :
3065 783 3130 838 de
3171 783 3368 853 quibus
3401 786 3454 840 in
3485 767 3616 841 Cau-

2035 871 2158 926 ticis
2187 872 2523 928 canticorum
2555 865 2815 944 scriptum
2843 884 2927 930 est
2952 887 2966 929 :
2993 865 3338 948 Septuaginta
3371 885 3491 933 sunt
3534 899 3618 934 re-

2033 965 2196 1034 gium,
2233 965 2285 1019 id
2307 976 2411 1027 est,
2445 958 2635 1021 anima:
2671 967 3070 1036 perfectorum‘,
3126 977 3172 1022 et
3197 967 3457 1040 octoginta
3489 990 3615 1026 con-

2035 1055 2236 1110 cubimc
2261 1054 2435 1129 (Cant.
2457 1059 2554 1130 v1).
2575 1050 2800 1114 Centum
2827 1060 2893 1113 ad
2923 1067 3219 1132 martyrum
3244 1059 3477 1118 fructum
3508 1063 3624 1120 sive

2035 1149 2302 1218 virginum
2329 1145 2618 1220 pertinent,
2637 1145 2693 1206 ut
2714 1152 2766 1205 in
2785 1149 3076 1223 Evangelia
3101 1171 3112 1205 :
3141 1141 3207 1205 Et
3235 1151 3398 1220 dabit,
3424 1154 3619 1228 inquit,

2037 1243 2285 1312 fructum,
2325 1234 2472 1297 aliud
2513 1243 2868 1311 centes-Imma,
2918 1251 3022 1300 etc.
3065 1231 3279 1316 (Matth.
3312 1248 3453 1320 xui).
3487 1245 3622 1304 Cen-

2036 1338 2149 1389 tum
2196 1335 2382 1405 viginti
2438 1349 2693 1391 numerus
2739 1325 3123 1407 perfectionem
3176 1323 3308 1410 legis
3352 1349 3402 1396 et
3449 1339 3624 1396 Evan-

2039 1426 2159 1497 gelii
2193 1419 2288 1496 per
2317 1427 2541 1497 ﬁguram
2579 1429 2832 1484 ostendit.
2885 1427 3036 1485 Unde
3085 1413 3363 1502 legis'lato'r
3411 1419 3624 1504 Moyses

2038 1526 2258 1572 centum
2281 1515 2467 1589 viginti
2495 1516 2759 1575 annorum
2788 1535 2906 1576 csse
2933 1509 3362 1581 describiturzet
3392 1524 3627 1595 Spiritus

2039 1604 2260 1663 sanctus
2288 1608 2341 1662 in
2369 1601 2455 1664 die
2500 1597 2850 1667 Pentecostes
2888 1599 3166 1670 descendit
3209 1621 3370 1686 super
3407 1627 3627 1673 centum

2037 1699 2228 1771 viginti
2263 1697 2470 1756 animas
2511 1695 2864 1768 credentium,
2899 1705 2988 1774 qui
3019 1704 3233 1761 fuerunt
3263 1707 3314 1762 in
3347 1709 3628 1765 ccenaculo

2042 1783 2171 1847 Sion
2188 1793 2519 1865 congregati.
2547 1791 2681 1849 Nam
2707 1789 2958 1867 leguntur
2987 1808 3110 1853 ante
3132 1797 3388 1854 diluvium
3410 1793 3628 1856 centum

2040 1884 2231 1956 viginti
2263 1887 2388 1939 anni
2414 1879 2484 1940 ad
2505 1881 2880 1957 paenitentiam
2920 1883 3227 1946 ho‘minibus
3259 1891 3461 1947 decreti
3489 1911 3503 1947 :
3530 1891 3629 1948 Sa-

962 2003 976 2040 :
1020 1986 1161 2040 unde
1194 1986 1247 2040 in
1289 1983 1516 2039 Actibus
1568 1979 1931 2053 dposmlorum
1959 1971 2008 2030 B
2034 1973 2287 2028 lomonici
2330 1976 2514 2045 templi
2560 1975 2789 2032 altitudo
2835 1987 3051 2034 centum
3081 1981 3270 2055 viginti
3321 1984 3628 2040 cubitorum

2037 2077 2174 2122 erat.
2208 2067 2321 2122 Hoc
2347 2077 2546 2136 autem,
2568 2071 2710 2140 quod
2732 2071 2908 2127 omnis
2939 2075 3379 2144 templialtitudo
3410 2088 3628 2134 centum

2040 2160 2226 2231 viginti
2257 2155 2563 2215 cubitorum
2593 2162 2711 2230 fuit,
2757 2157 2826 2219 ad
2853 2155 2994 2220 idem
3024 2151 3425 2224 sacramentum
3459 2170 3631 2239 respi-

2039 2251 2136 2318 cit,
2167 2251 2308 2322 ciuod
2338 2253 2614 2323 primitiva
2656 2251 2709 2309 in
2741 2253 3092 2327 Jerosolymis
3122 2258 3365 2315 Ecclesia
3406 2269 3628 2330 propter

2039 2344 2371 2414 passionem,
2405 2347 2858 2402 resarrectionem
2905 2355 2957 2402 et
3009 2351 3382 2405 ascensionem
3416 2349 3630 2407 Domini

2041 2427 2096 2488 in
2124 2431 2288 2488 ctelos
2325 2435 2377 2488 in
2426 2430 2526 2490 hoc
2567 2431 2792 2490 numero
2836 2431 3075 2492 viroruin
3119 2433 3348 2510 gratiam
3399 2436 3634 2510 Spiritus

2044 2526 2216 2581 sancti
2245 2525 2472 2597 acCcpit.
2505 2525 2689 2596 Itaque
2729 2517 3054 2614 procedente
3107 2518 3370 2584 naturalis
3416 2533 3629 2588 numeri

2043 2615 2420 2689 progressione
2447 2612 2514 2672 ab
2541 2609 2647 2674 uno
2689 2634 2859 2689 usque
2884 2609 2950 2676 ad
2981 2617 3264 2676 duodecim
3306 2631 3361 2679 et
3388 2609 3630 2682 collectis

2045 2703 2100 2764 in
2157 2711 2321 2764 u'uum
2363 2709 2603 2767 omnium
2657 2711 2900 2766 locorum
2964 2705 3368 2770 summitatibus
3414 2724 3632 2771 centum

2043 2801 2232 2873 iiginti
2283 2799 2452 2868 liun't;
2498 2803 2803 2873 quindecim
2837 2801 3099 2872 namque,
3140 2817 3258 2875 quae
3309 2797 3376 2862 ei
3423 2807 3632 2882 septem

2045 2903 2100 2950 et
2120 2895 2242 2952 Octo
2270 2888 2536 2962 constant,
2563 2893 2737 2952 Solent
2759 2912 3141 2968 nonnunquam
3177 2886 3243 2953 ad
3274 2897 3632 2972 signiﬁcatio-

2047 2983 2170 3044 nem
2217 2985 2410 3045 ieferri
2451 2991 2574 3044 Viue
2608 2987 2820 3052 futurae,
2856 3005 2976 3060 qua:
3026 2997 3167 3046 nunc
3216 2977 3269 3044 ili
3299 2977 3632 3048 sabbatisiiio

2047 3079 2252 3152 geritur
2300 3075 2605 3154 animaran
2657 3079 2898 3136 ﬁdelium
2947 3081 3307 3152 :perlicietur
3355 3067 3539 3138 autent
3576 3071 3634 3142 in

2048 3169 2156 3225 line
2211 3171 2391 3226 επεν]ιὶ
2433 3172 2827 3228 resurrectione
2885 3165 3172 3243 corporum
3221 3159 3628 3230 immortalium.

2047 3263 2273 3320 Centum
2296 3264 2683 3337 quinquaginta
2707 3269 2939 3336 quatuor
2960 3281 3217 3321 numerus
3243 3268 3310 3321 ad
3335 3253 3632 3323 electoium

357 3361 412 3416 in
442 3362 640 3416 mundo
669 3373 817 3426 vero,
846 3355 997 3429 cujus
1030 3345 1252 3431 ﬁgu'ram‘
1280 3347 1472 3414 civitas
1502 3357 1590 3412 illa
1619 3337 1826 3421 habuit,
1846 3355 1944 3410 im-
1970 3333 2018 3398 (ἶ
2047 3356 2280 3424 pertinet
2312 3333 2742 3422 sacramentum,
2772 3355 2826 3410 in
2878 3371 3103 3426 quorum
3136 3358 3361 3430 ﬁguram
3390 3349 3631 3428 ejusdem

355 3451 557 3522 pletum
601 3453 722 3506 erit.
770 3441 1138 3522 Quadraginta
1194 3441 1322 3506 vero
1363 3450 1427 3504 ad
1468 3466 1751 3504 numerum
1793 3449 1845 3502 in
1886 3463 1944 3503 e-

357 3556 508 3597 remo
543 3543 911 3605 mansionum,
945 3535 1030 3596 vel
1075 3544 1141 3596 ad
1190 3528 1472 3596 uulnerum
1514 3531 1944 3613 generationum,

356 3649 476 3703 qua:
515 3631 582 3688 ab
630 3627 904 3689 Abraham
939 3637 1064 3689 sutit
1110 3641 1279 3703 lisque
1314 3625 1385 3689 ad
1425 3617 1713 3689 beluiuuni
1760 3633 1946 3687 Jesum

357 3715 653 3793 Christum,
683 3715 936 3796 pertinet.
968 3717 1367 3798 Quinquaginta
1403 3731 1584 3782 antem
1633 3728 1700 3781 ad
1754 3723 1948 3780 Pente-

357 3807 546 3876 costen
571 3807 654 3874 vel
684 3799 972 3906 adventum
1005 3805 1237 3888 Spiritus
1265 3821 1434 3873 sancti
1470 3837 1481 3870 :
1507 3819 1645 3873 unde
1673 3819 1872 3872 dicitur
1893 3817 1948 3872 in

358 3913 582 3968 Actibus
606 3899 971 3980 apostolorum
998 3929 1010 3964 :
1044 3907 1182 3963 Dum
1214 3907 1595 3980 complerentur
1617 3909 1724 3962 dies
1755 3899 1944 3962 Pente-

359 4015 522 4060 costes
557 4005 694 4074 (Act.
737 4006 820 4072 η).
853 3999 984 4058 Item
1025 4005 1415 4074 quinquaginta
1465 3987 1530 4057 ad
1561 3993 1944 4078 imlulgentiam

360 4100 593 4168 pertinet
641 4109 1025 4167 peccatorum,
1075 4097 1129 4151 in
1179 4098 1331 4166 cujus
1371 4081 1579 4151 uulneri
1608 4093 1946 4152 sacramento

361 4197 836 4266 quiuquagesimus
868 4179 1114 4249 Psalmus
1136 4193 1343 4263 positus
1371 4183 1471 4245 est.
1497 4183 1787 4260 Sexaginta
1817 4189 1945 4242 vero

361 4303 617 4342 utunerus
643 4288 707 4341 ad
727 4279 965 4340 onmium
988 4279 1348 4356 perleCtorum
1377 4272 1610 4354 pertinet
1635 4277 1943 4336 sacramen-

362 4386 472 4432 tum
509 4397 520 4432 :
553 4379 692 4432 unde
723 4376 854 4431 dicit
881 4377 933 4430 in
959 4367 1204 4454 .Canti‘co'
1251 4371 1585 4448 canticorum
1613 4390 1624 4425 :
1671 4359 1758 4424 En
1783 4363 1946 4452 lectu-

363 4472 469 4526 lum
500 4471 794 4526 Salomonis
813 4513 826 4537 ,
859 4472 912 4525 id
939 4479 1042 4530 est,
1075 4451 1275 4524 Christi
1314 4465 1609 4544 EccleSiant
1629 4508 1642 4532 ,
1671 4451 1944 4542 s'eiaginta

363 4562 523 4632 fortes
553 4561 788 4616 ambiunt
823 4578 886 4616 ex
917 4561 1216 4630 fortissimis
1253 4557 1422 4612 Israel
1450 4551 1623 4631 (Cant.
1668 4557 1774 4628 lli).
1810 4551 1941 4610 llem

363 4658 640 4728 sexaginta
662 4657 726 4709 ad
751 4655 986 4709 fructum
1013 4652 1188 4708 viduis
1211 4654 1324 4707 sive
1351 4651 1748 4707 continentibus
1776 4651 1940 4728 depu-

367 4721 528 4804 tatur:
562 4749 710 4805 Unde
749 4748 800 4801 in
834 4745 1128 4815 Evangelio
1160 4739 1390 4813 legitur:
1425 4735 1656 4820 mam
1689 4721 1941 4809 fructum,

365 4842 511 4895 aliud
539 4841 917 4912 sexagesimum
971 4835 1187 4908 (Matth.
1239 4835 1380 4904 xm).
1435 4832 1781 4912 Septuaginta
1816 4850 1944 4910 vero

367 4935 433 4990 ad
469 4943 709 4990 veterum
749 4941 964 5004 patrum
1004 4932 1274 5002 pertinere
1301 4931 1495 4985 dicitur
1523 4909 1940 4984 sacramentum.

361 5027 421 5082 ln
459 5041 691 5098 quorum
736 5025 960 5097 ﬁguram
1010 5023 1263 5079 Salomon
1312 5023 1378 5076 ad
1423 5017 1716 5075 azditiciun'r‘
1763 5011 1945 5088 templi

363 5116 708 5190 septuaginta
745 5115 910 5171 millia
937 5109 1312 5188 operariorum
1340 5111 1562 5183 elegisse
1601 5108 1816 5176 dicitur,
1854 5111 1944 5180 Qui

366 5213 421 5267 in
447 5205 694 5267 humei-is'
714 5207 1024 5282 pertab'alit.
1059 5208 1193 5264 nam
1228 5205 1564 5278 septuaginta
1596 5203 1650 5260 et
1670 5195 1944 5276 betoginta'

366 5301 433 5357 ad
460 5301 688 5374 ﬁgurant
721 5301 883 5371 Legis
912 5311 968 5356 et
997 5297 1272 5370 Evilug'eﬁ‘i
1295 5298 1452 5354 simul
1474 5295 1767 5368 pertinent,
1800 5301 1859 5348 ut
1890 5295 1946 5350 in

362 5391 572 5466 psalmo
597 5389 863 5464 se'rip'tur'n'
884 5394 1016 5447 est!
1048 5379 1170 5445 eius
1205 5379 1460 5468 nituerunt
1493 5388 1548 5441 in
1577 5388 1702 5457 ipsis
1739 5393 1949 5468 septua-

362 5485 510 5558 ginta
539 5485 682 5539 anni.
713 5485 775 5540 Si
814 5489 989 5539 autem"
1029 5483 1086 5537 in
1121 5467 1491 5553 patentium,
1521 5477 1784 5549 quaginta
1821 5477 1948 5530 anni

362 5575 539 5648 (Psal.
581 5575 827 5650 Lxxitx).
875 5575 1228 5646 Septuaginta
1256 5571 1389 5628 ve‘r'o'
1422 5569 1624 5650 ausae
1661 5569 1944 5626 hdmei‘tim

363 5647 805 5744 presbyterorum
858 5671 1092 5742 pertinet
1152 5668 1322 5738 Moysi
1377 5665 1460 5721 Vel
1520 5647 1944 5736 discipulorum,

363 5780 504 5836 quos
559 5764 818 5820 Dominus
849 5763 904 5818 iu'
949 5760 1388 5834 praedicatiunem
1437 5757 1710 5827 Evangelii
1762 5747 1941 5825 elegit.

365 5849 722 5928 Septuaginta
772 5858 1010 5927 quinque
1041 5855 1106 5909 ad
1134 5857 1416 5908 numerum
1448 5852 1749 5904 animarum
1779 5847 1946 5918 perti-

367 5962 518 6021 nent,
551 5969 669 6024 qua:
694 5968 816 6009 cum
842 5951 1012 6008 Jacob
1040 5950 1093 6004 in
1126 5947 1418 6018 ngyptum
1450 5945 1792 6002 descendisse
1820 5959 1946 5997 nar-

2051 3447 2259 3503 nuineri
2290 3449 2467 3517 pisces
2495 3441 2616 3518 poSt
2655 3438 3108 3505 resurrectionem
3142 3439 3352 3505 Domini
3383 3443 3448 3505 ab
3481 3449 3629 3524 apo:

2051 3541 2205 3596 stolis
2232 3541 2284 3595 in
2315 3541 2607 3610 Evangelia
2634 3543 2775 3612 capti
2801 3541 3126 3597 referuntur.
3157 3539 3406 3599 Trecenti
3439 3545 3508 3599 ad
3529 3561 3634 3599 nu-

2051 3645 2257 3688 merum
2282 3625 2669 3703 perfeCtoruin,
2692 3635 2783 3704 qui
2819 3649 2917 3705 per
2953 3627 3170 3689 cinccm
3189 3618 3314 3691 .tesu
3340 3617 3405 3690 de
3432 3621 3634 3692 mundo

2052 3723 2445 3794 triumphantes
2473 3726 2756 3782 victoriam
2801 3719 3078 3797 reportant
3098 3770 3111 3792 ,
3144 3725 3196 3781 in
3227 3743 3458 3798 quorum
3505 3711 3632 3801 typo

2050 3815 2268 3871 Gedeon
2299 3815 2352 3870 in
2383 3812 2632 3871 Judicum
2676 3809 2818 3871 libro
2843 3815 2993 3888 (Jud.
3019 3819 3118 3888 vti)
3148 3816 3389 3886 ejusdem
3421 3819 3634 3873 numeri

2051 3919 2380 3980 pugnatores
2409 3910 2635 4000 elegisse
2667 3912 2941 3966 scribitur.
2973 3899 3263 3984 Quingenti
3306 3897 3374 3968 ad
3397 3917 3635 4000 quinque

2050 4011 2238 4059 aetates
2264 4004 2445 4058 mundi
2483 4004 2563 4074 (ut
2594 3991 2624 4058 a
2649 4006 2968 4073 quiliuSdam
3012 4009 3251 4080 putatur)
3280 3999 3515 4080 pertinet
3543 3991 3634 4066 sa-

2051 4105 2410 4162 ctamcntum,
2437 4097 2633 4168 quibus
2661 4099 2948 4153 transactis
2983 4099 3234 4155 Salvator
3256 4099 3514 4156 mundum
3550 4104 3633 4158 vi-

2051 4182 2216 4246 sitare
2259 4190 2511 4260 dignatus
2543 4185 2625 4245 est
2656 4209 2668 4243 :
2701 4193 2754 4244 in
2805 4187 2955 4260 cujus
2995 4172 3146 4263 typo.
3168 4191 3279 4248 Noe
3309 4210 3430 4248 cum
3475 4195 3635 4264 quin-

2050 4278 2334 4352 gentorum
2358 4288 2507 4335 esset
2548 4295 2826 4343 annorum,
2854 4281 3108 4336 divinitus
3133 4283 3442 4353 inspiratus,
3474 4294 3630 4358 apta-

2047 4377 2125 4430 vit
2153 4385 2335 4430 arcam
2363 4375 2415 4428 in
2445 4374 2672 4430 salutem
2704 4367 2894 4429 domus
2928 4391 3054 4430 suat.
3088 4362 3416 4432 Millenarius
3441 4361 3632 4433 nurne-

2049 4479 2141 4519 rus
2191 4463 2579 4536 perfectionem
2630 4453 2980 4522 beatitudinis
3033 4463 3322 4538 signiﬁcat.
3370 4449 3524 4525 Unde
3576 4470 3633 4526 in

2049 4556 2272 4613 Cantico
2297 4559 2633 4612 canticorum
2676 4559 2916 4630 legitur:
2957 4557 3114 4612 Vinea
3155 4560 3253 4628 fuit
3289 4561 3532 4629 paciﬁca,
3575 4551 3632 4615 in

2048 4660 2208 4720 eaque
2241 4650 2392 4704 habet
2438 4643 2655 4719 populus
2684 4667 2701 4704 :
2735 4641 2949 4702 tradidit
3001 4667 3116 4703 eam
3164 4639 3512 4724 custodibus]:
3555 4652 3634 4703 vir

2050 4743 2202 4811 a/fert
2232 4759 2324 4811 pro
2355 4742 2529 4810 fructu
2555 4741 2666 4807 ejus
2695 4738 2836 4792 mille
2864 4751 3132 4810 argenteos
3157 4737 3332 4809 (Cant.
3374 4721 3512 4807 vni).
3544 4735 3634 4791 Vi-

2051 4847 2174 4897 nea,
2201 4833 2252 4886 id
2285 4835 2386 4896 est,
2415 4831 2657 4886 Erclesia
2687 4829 2866 4882 fructu
2912 4829 3192 4882 abundans
3237 4813 3379 4892 fidei,
3415 4826 3514 4880 fuit
3538 4842 3635 4896 pa-

2050 4919 2228 4990 ciﬁco,
2263 4925 2316 4978 id
2342 4933 2444 4987 est,
2487 4921 2714 4977 Domino
2743 4920 2980 4986 Christo,
3006 4934 3168 4988 quam
3204 4916 3422 4971 tradidit
3453 4931 3632 5000 custo-

2050 5013 2225 5080 dibus,
2259 5006 2359 5070 hoc
2387 5024 2488 5079 est,
2515 5013 2790 5083 prophetis
2821 5021 2874 5066 et
2902 5009 3160 5082 apostolis
3191 5017 3350 5079 atque
3374 5011 3634 5083 angelicis

2049 5101 2399 5177 dignitatibus
2432 5121 2446 5158 :
2475 5119 2572 5175 pro
2602 5101 2753 5170 cujus
2780 5099 2957 5157 tinctu
3005 5103 3118 5171 ipse
3163 5102 3248 5156 vir
3287 5102 3440 5154 ali'ert
3485 5101 3635 5159 mille

2053 5207 2369 5268 argenteos,
2403 5195 2502 5250 hoc
2525 5191 3039 5265 est,()erlectionem
3063 5193 3453 5248 retributionis.
3491 5192 3634 5248 Mille

2055 5285 2271 5345 ducenti
2306 5289 2723 5357 apostolioorum
2781 5279 3062 5341 doetorum
3117 5294 3310 5357 gerunt
3361 5285 3627 5356 ﬁguram:

2055 5383 2146 5452 (fui
2175 5379 2354 5437 omnia
2382 5380 2564 5434 mundi
2588 5379 2940 5442 dimittentes,
2961 5379 3013 5432 iu
3046 5381 3213 5433 verbo
3232 5365 3634 5447 praedicationis

2056 5469 2302 5529 ldbotare
2333 5483 2440 5527 non‘
2463 5482 2700 5527 cessant.
2723 5471 2786 5527 Hi
2816 5472 3010 5541 duplici
3037 5473 3491 5539 remuneratione,
3515 5489 3635 5544 quae

2055 5561 2109 5622 in
2141 5565 2386 5620 ducentis
2437 5554 2776 5635 (lesignalur,
2823 5565 3092 5620 donantur
3131 5584 3143 5618 :
3174 5566 3237 5620 de
3270 5566 3468 5634 quibus
3496 5567 3634 5622 scri-

2049 5653 2201 5734 ptum
2244 5661 2330 5714 est
2372 5644 2563 5712 :i’tttte
2603 5657 2700 5716 an.
2734 5656 2996 5727 Paciﬁce,
3036 5667 3083 5711 et
3128 5656 3338 5710 ducenti
3387 5655 3499 5720 his,
3545 5655 3634 5727 qui

2052 5754 2348 5808 custodiunt
2392 5752 2594 5822 fructus
2646 5751 2760 5820 ejus
2811 5749 2986 5821 (Cant.
3035 5763 3174 5825 vni).
3201 5747 3418 5825 Septem
3468 5746 3631 5799 millia

2051 5849 2310 5901 numerus
2340 5843 2407 5896 ad
2451 5833 2689 5896 omnium
2719 5841 3010 5896 electorum
3049 5821 3284 5908 pertinet
3332 5850 3637 5890 sacramen-

2053 5950 2190 6004 tum,
2219 5937 2308 6007 qui
2335 5937 2476 6005 pleui
2507 5936 2708 6006 Spiritu
2735 5940 2922 5987 sancto
2945 5947 3042 6000 per
3062 5926 3453 5984 hebdomadam
3477 5925 3636 5996 hujus
