4038 6324
451 359 559 416 495

1090 359 1151 414 Β.
1194 357 1460 450 ΒΑΒΑΝΙ.
1483 356 1701 414 MAUR]
1733 355 2021 413 ARCHIEP

2128 353 2404 413 [OGUNT.
2441 350 2728 412 OPERUM
2766 352 2946 410 PARS
2984 353 3048 409 ll.

3609 352 3715 409 496

453 473 640 533 mundi
685 474 751 530 ad
796 487 963 545 regna
1007 473 1270 528 calorum
1319 447 1666 542 colliguntur.
1694 467 1771 527 De
1819 486 1926 540 quo
1975 471 2029 525 in
2056 473 2108 534 Α
2133 485 2230 526 cus
2274 484 2534 525 venarum
2589 447 2840 540 pulsibus.
2878 480 3307 535 commovemur,
3345 483 3444 540 per
3479 471 3719 526 musicos

447 568 587 624 libro
614 565 819 638 Regum
854 586 866 620 :
897 565 1120 636 Reliqui,
1148 567 1341 634 inquit,
1383 567 1508 620 mihi
1529 576 1720 637 septem
1754 564 1923 624 millia
1955 567 2029 620 vi-

448 679 629 718 rorum
657 659 778 733 (III
806 658 935 731 Reg.
969 657 1104 727 xix).
1140 656 1409 711 Sexcenta
1437 657 1605 712 millia
1641 657 1921 729 quingenti
1962 655 2030 710 ad

447 760 854 810 sacramentum
897 750 1131 806 ﬁliorum
1169 749 1354 815 lsrael,
1391 749 1484 820 qui
1535 749 1738 820 egressi
1793 756 1918 804 sunt
1963 749 2030 803 de

445 843 700 916 Egypto,
731 850 792 897 ut
811 843 866 897 in
889 842 1092 897 Exodo.
1122 841 1320 897 Decem
1349 841 1518 895 millia
1545 855 1804 895 numerus
1833 841 1900 894 ad
1930 840 2031 894 De-

445 937 692 1007 calogum
721 935 957 1004 pertinet
978 935 1113 1006 legis
1132 975 1146 999 ,
1175 942 1232 988 ut
1262 935 1316 988 in
1345 934 1636 1005 Evangelio
1672 953 1682 986 :
1728 933 1797 986 Et
1824 933 2028 987 oblatus

444 1040 518 1084 est
557 1030 604 1082 ei
635 1045 789 1092 unus,
817 1027 907 1098 qui
937 1027 1152 1080 debebat
1175 1027 1352 1080 decem
1382 1025 1552 1079 millia
1579 1025 1777 1078 talenta
1810 1023 2028 1097 (Matth.

445 1120 625 1193 xvm).
657 1119 889 1175 Centum
927 1119 1286 1190 quadraginta
1334 1126 1566 1187 quatuor
1611 1118 1780 1172 millia
1829 1117 1894 1171 ad
1945 1133 2030 1172 sa-

443 1222 784 1270 cramentum
809 1212 1124 1277 electorum,
1160 1212 1252 1281 qui
1272 1226 1339 1266 ex
1367 1210 1569 1266 ludatis
1605 1212 1658 1264 in
1691 1211 1795 1265 line
1843 1209 2029 1264 mundi

442 1304 700 1358 credituri
727 1313 853 1357 sunt
880 1303 932 1356 in
961 1301 1180 1356 Christo
1211 1300 1294 1373 (ut
1343 1302 1560 1372 quidam
1591 1300 1800 1369 volunt)
1841 1300 1932 1354 ubi
1974 1308 2031 1354 et

343 1468 351 1475 ’
440 1411 624 1466 supra.
660 1394 894 1448 Rursum
935 1392 1321 1462 quadraginta,
1351 1401 1585 1460 quatuor
1623 1391 1791 1446 millia
1819 1391 1888 1445 ad
1937 1406 2026 1444 sa-

437 1494 775 1543 cramentum
831 1486 1074 1541 omnium
1108 1486 1399 1556 virginum,
1445 1487 1512 1541 de
1541 1486 1738 1555 quibus
1786 1486 1838 1539 in
1880 1483 2026 1554 Apo-

437 1582 640 1654 calypsi
674 1596 688 1635 :
723 1581 793 1635 Et
845 1596 1022 1644 nemo,
1080 1579 1286 1649 inquit,
1335 1588 1535 1649 poterat
1586 1579 1847 1632 canticum
1892 1576 2026 1630 illud

435 1673 626 1736 dicere,
663 1673 764 1726 nisi
813 1669 908 1725 illa
940 1679 1145 1724 centum
1179 1670 1534 1740 quadragintx
1576 1679 1804 1739 quatuor
1855 1666 2026 1721 millia

435 1767 620 1839 (Apoc.
675 1766 818 1840 xiv);
859 1775 916 1821 ‘et
958 1774 1080 1834 post
1126 1779 1340 1833 pauca:
1389 1761 1622 1834 Virgines
1671 1763 1809 1815 enim
1858 1769 2020 1814 sunt:

2134 561 2414 634 rhythmos
2442 563 2736 617 harmoniae
2762 563 3052 618 virtutibus
3082 563 3344 632 probatur
3378 577 3502 617 esse
3548 562 3721 618 socia-

2134 663 2267 710 tum.
2322 655 2540 710 Musicre
2583 657 2765 726 partes
2794 664 2918 711 sunt
2966 665 3092 719 tres,
3135 655 3192 710 id
3235 662 3349 721 est,
3378 654 3721 722 harmonica,

2132 750 2457 820 rhythmica,
2489 749 2734 805 metrica.
2782 748 3110 806 Harmonica
3161 757 3269 815 est,
3312 763 3431 818 quae
3477 747 3727 826 decernit

2135 842 2436 914 [discernit]
2453 843 2506 898 in
2528 843 2676 898 sonis
2698 850 2917 898 acutum
2931 849 3240 913 etgravem.
3264 841 3592 913 Rhythmica
3611 849 3722 909 est,

2132 951 2251 1006 qua:
2305 936 2532 1005 requirit
2589 935 2955 990 incursionem
3004 935 3320 999 verborum,
3362 941 3546 1012 utrum
3584 933 3726 988 bene

2133 1042 2296 1082 sonus
2321 1043 2391 1082 an
2417 1027 2557 1082 male
2584 1027 2875 1083 cohaereat.
2891 1027 3118 1082 Metrica
3144 1036 3246 1091 est,
3263 1041 3384 1096 quae
3408 1041 3727 1080 mensuram

2133 1121 2470 1176 diversorum
2500 1129 2800 1176 metrorum
2841 1119 3109 1190 probabili
3159 1119 3369 1175 ratione
3397 1117 3720 1189 cognoscit:

2132 1221 2192 1268 ut
2211 1215 2361 1269 verbi
2377 1215 2551 1285 gratia
2581 1214 2860 1279 heroicon,
2893 1213 3184 1278 iambicon,
3211 1212 3510 1280 elegiacon,
3535 1220 3591 1266 et
3611 1227 3726 1266 ca:-

2132 1313 2269 1360 tera.
2298 1304 2370 1358 At
2397 1318 2612 1360 omnem
2659 1313 2840 1361 autem
2889 1319 3102 1370 sonum,
3131 1303 3225 1373 qui
3262 1302 3517 1357 materies
3556 1301 3730 1356 canti-

2130 1395 2375 1451 lenarum
2404 1403 2508 1461 est,
2543 1393 2846 1451 triformem
2871 1401 3089 1450 constat
3114 1409 3236 1448 esse
3281 1401 3495 1448 natura.
3536 1390 3722 1445 Prima

2129 1495 2215 1541 est
2258 1486 2596 1551 harmonica,
2647 1501 2768 1556 quae
2806 1501 2873 1541 ex
2922 1501 3114 1541 vocum
3157 1484 3408 1565 cantibus
3457 1491 3673 1539 constat
3707 1501 3720 1535 :

2128 1578 2364 1633 secunda
2407 1578 2694 1648 organica,
2736 1594 2856 1648 qua:
2903 1593 2971 1633 ex
3023 1577 3151 1632 ﬂatu
3196 1577 3448 1633 consistit
3493 1595 3505 1630 :
3561 1579 3725 1632 tertia

2129 1671 2460 1742 rhythmica,
2474 1688 2594 1742 quae
2606 1672 2767 1744 pulsu
2777 1673 3066 1742 digitorum
3081 1688 3338 1728 numeros
3351 1671 3566 1742 recipit.
3583 1670 3723 1725 Nam

2127 1771 2222 1818 aut
2265 1780 2398 1820 voce
2439 1765 2618 1820 editur
2650 1780 2836 1830 sonus,
2869 1765 3009 1820 sicut
3031 1780 3130 1834 per
3159 1764 3342 1820 fauces
3386 1783 3398 1817 :
3441 1772 3537 1818 aut
3564 1761 3718 1826 ﬂatu,

435 1871 484 1916 et
507 1862 674 1930 in_ore
700 1860 932 1929 ipsorum
956 1874 1061 1910 non
1083 1867 1158 1910 est
1175 1857 1437 1910 inventura
1460 1855 1789 1908 mendacium
1807 1851 2018 1924 (Ibid.).
2053 1852 2098 1912 B
2128 1855 2268 1909 sicut
2314 1871 2414 1926 per
2462 1857 2645 1912 tubam
2683 1865 2776 1912 aut
2823 1856 3050 1912 tibiam:
3079 1865 3173 1912 aut
3215 1856 3397 1927 pulsu,
3446 1857 3588 1912 sicut
3614 1870 3721 1926 per

1042 1948 1270 2004 CAPUT
1318 1948 1406 2002 lV.

781 2044 860 2099 De
903 2042 1103 2097 musica
1153 2051 1201 2096 et
1247 2041 1484 2112 partibus
1530 2040 1667 2110 ejus.

505 2137 707 2193 Musica
756 2144 840 2192 est
893 2136 1086 2206 peritia
1137 2133 1516 2188 modulationis
1566 2147 1700 2187 sono
1753 2138 2024 2200 cantuque

432 2229 737 2285 consistens
763 2244 778 2293 ;
809 2236 864 2282 et
893 2227 1035 2281 dicta
1065 2225 1270 2279 musica
1311 2240 1408 2293 per
1440 2223 1832 2278 derivationem
1857 2238 1887 2276 a
1910 2238 2026 2276 mu-

433 2323 526 2378 sis.
554 2323 717 2377 Musae
744 2329 922 2375 autem
945 2319 1226 2390 appellata:
1247 2332 1348 2386 apo
1371 2324 1464 2372 tou
1503 2317 1758 2378 mosthai,
1785 2315 1962 2379 idest,
1993 2330 2034 2366 a.

431 2415 722 2485 quaerendo
757 2433 769 2467 :
805 2413 946 2482 quod
976 2426 1074 2480 per
1119 2426 1212 2465 eas
1262 2408 1425 2480 (sicut
1462 2407 1669 2476 antiqui
1713 2405 2021 2474 voluerunt)

433 2506 515 2560 vis
553 2505 855 2560 carminum
895 2511 950 2557 et
979 2501 1129 2557 vocis
1157 2499 1454 2555 modulatio
1480 2508 1814 2568 quaereretur
1847 2515 1858 2550 :
1889 2512 2025 2566 qua-

434 2613 553 2651 rum
584 2612 749 2652 sonus
789 2611 858 2650 ex
888 2593 1126 2649 sensibili
1158 2608 1216 2647 re
1245 2601 1348 2657 est,
1371 2601 1426 2646 et
1451 2589 1765 2662 praeterfluit
1801 2590 1853 2643 in
1885 2606 2024 2659 prte-

433 2688 650 2742 ter-itum
703 2697 936 2756 tempus,
988 2685 1427 2754 imprimiturque
1481 2683 1776 2737 memoriae.
1826 2682 1954 2737 lude
1990 2698 2022 2736 a

431 2779 608 2848 poetis
644 2775 795 2833 Jovis
825 2787 879 2833 et
904 2777 1177 2832 Memoriae
1203 2776 1342 2831 tilias
1379 2774 1561 2831 Musas
1585 2791 1704 2831 esse
1732 2775 2022 2832 confictum

428 2883 544 2928 est:
578 2872 680 2928 nisi
708 2872 855 2928 enim
901 2872 969 2926 ab
1019 2871 1236 2925 homine
1264 2869 1522 2924 memoria
1556 2876 1865 2934 teneantur,
1903 2868 2022 2922 soni

428 2972 679 3034 pereunt,
733 2963 861 3034 quia
893 2962 1060 3017 scribi
1088 2978 1194 3016 non
1225 2968 1467 3031 possunt.
1499 2959 1712 3031 Moyses
1750 2960 1909 3025 dixit,
1944 2976 2024 3014 re-

428 3063 705 3124 pertorem
763 3053 982 3108 musica:
1025 3053 1160 3106 artis
1225 3052 1389 3107 fuisse
1439 3049 1612 3116 Jubal,
1666 3053 1758 3122 qui
1802 3052 1902 3106 fuit
1956 3052 2024 3106 de

429 3149 601 3218 stirpe
637 3147 770 3202 Cain
800 3153 925 3200 ante
965 3144 1244 3200 diluvium.
1279 3144 1450 3201 Grazci
1484 3160 1611 3201 vero
1655 3143 2019 3216 Pythagoram

2130 1947 2396 2001 citharam
2426 1956 2518 2003 aut
2555 1963 2653 2020 per
2687 1949 2964 2018 quodlibet
3000 1949 3167 2014 aliud,
3197 1950 3340 2019 quod
3365 1948 3723 2020 percutienda

2127 2055 2390 2095 canorum
2417 2049 2520 2097 est.
2564 2042 2744 2097 Prima
2770 2041 2963 2097 divisio
2991 2043 3234 2107 musicae,
3259 2057 3380 2112 quae
3401 2041 3723 2097 harmonica

2127 2128 2342 2195 dicitur,
2378 2130 2428 2185 id
2459 2138 2543 2185 est
2566 2171 2580 2196 ,
2626 2130 3026 2196 modulationis,
3057 2131 3292 2200 pertinet
3319 2131 3386 2185 ad
3414 2131 3723 2197 comoedos,

2130 2221 2396 2289 tragoedos
2427 2221 2505 2274 vel
2540 2221 2758 2287 choros,
2783 2221 2868 2278 vel
2901 2223 2969 2277 ad
2987 2235 3198 2288 omnes,
3225 2222 3319 2292 qui
3345 2237 3478 2277 voce
3497 2221 3722 2291 propria

2126 2319 2346 2365 canunt.
2372 2311 2500 2367 Haec
2544 2327 2611 2366 ex
2663 2312 2846 2367 animo
2881 2321 2938 2367 et
2973 2327 3202 2382 corpore
3228 2321 3434 2368 motum
3461 2312 3625 2378 facit,
3648 2326 3724 2366 ex

2127 2410 2274 2456 motu
2306 2417 2496 2458 sonum
2530 2423 2542 2456 :
2579 2418 2647 2459 ex
2671 2419 2778 2474 quo
2820 2403 3092 2474 colligitur
3117 2403 3347 2468 musica,
3379 2419 3498 2472 qua:
3520 2403 3576 2456 in
3620 2403 3725 2457 ho-

2127 2495 2271 2549 mine
2315 2511 2418 2549 vox
2467 2495 2784 2566 appellatur.
2829 2493 2945 2550 Vox
2997 2511 3090 2550 aer
3130 2496 3324 2566 spiritu
3370 2493 3720 2559 verberatus,

2125 2586 2266 2640 unde
2312 2586 2477 2641 verba
2518 2594 2644 2641 sunt
2693 2595 2999 2658 nuncupata
3053 2607 3066 2642 :
3117 2587 3337 2658 proprie
3388 2585 3568 2641 autem
3613 2601 3723 2641 vox

2126 2679 2414 2734 hominum.
2437 2695 2533 2734 seu
2561 2679 3016 2735 irrationabilium
3043 2679 3128 2734 vel
3164 2679 3542 2734 animantium.
3580 2676 3723 2732 Nam

2125 2769 2180 2824 in
2199 2769 2320 2825 aliis
2344 2770 2566 2826 abusive
2598 2787 2703 2826 non
2733 2772 2950 2842 proprie
2971 2771 3182 2827 sonitus
3203 2786 3306 2826 vox
3332 2780 3560 2827 vocatur
3588 2789 3602 2826 :
3635 2779 3720 2839 ut,

2207 2901 2315 2953 Vox
2341 2903 2473 2953 tuba:
2495 2901 2775 2968 intremuit,
2795 2903 3074 2968 fractasque
3097 2905 3157 2956 ad
3177 2905 3343 2956 littora
3367 2917 3528 2958 voces.

2200 3026 2448 3084 Perfecta
2486 3037 2572 3083 est
2613 3037 2793 3084 autem
2852 3045 2959 3086 vox
3009 3030 3152 3100 alta,
3194 3032 3377 3086 suavis
3413 3040 3468 3086 et
3515 3029 3660 3086 clara
3703 3047 3719 3086 :

2126 3119 2267 3185 alta,
2321 3128 2380 3174 ut
2454 3119 2511 3174 in
2561 3119 2792 3177 sublime
2864 3119 3137 3188 sutIlciat;
3191 3123 3378 3190 clara,
3433 3132 3493 3178 ut
3559 3137 3725 3179 aures

429 3211 617 3296 dicunt
639 3238 796 3307 hujus
825 3239 958 3293 artis
984 3238 1255 3294 invenisse
1280 3239 1577 3309 primordia
1605 3253 1673 3293 ex
1696 3211 2015 3293 malleorum
2046 3214 2092 3278 Ο
2125 3211 2453 3309 adimPlea‘;
2480 3211 2699 3309 ﬂavi?)
2850 3215 3048 3309 ξιη-ίιηίξ
3099 3215 3448 3309 audienti"?
3470 3213 3722 3270 blandia-

428 3331 633 3398 sonitu,
655 3341 710 3386 et
729 3331 1054 3385 chordarum
1075 3330 1394 3385 extensione
1410 3342 1686 3398 percussa.
1704 3328 1807 3382 Alli
1823 3327 2020 3382 Linum

429 3420 725 3479 Thaebcum
745 3430 801 3477 et
820 3419 1047 3475 Zethum
1077 3428 1130 3474 et
1160 3419 1429 3489 Amphion
1458 3417 1513 3472 in
1537 3434 1743 3473 musnca
1774 3430 1892 3474 arte
1913 3420 2022 3488 pri-

428 3527 550 3569 mos
574 3513 836 3569 claruisse
866 3512 1065 3566 ferunt.
1096 3509 1227 3565 Post
1249 3526 1385 3580 quos
1409 3509 1665 3581 paulatim
1699 3511 1903 3566 directa
1939 3520 2023 3566 est

428 3606 698 3676 praecipue
745 3606 862 3659 haec
910 3603 1215 3673 disciplina,
1269 3610 1324 3658 et
1371 3610 1530 3657 aucta
1578 3601 1762 3657 multis
1800 3603 2015 3658 modis:

427 3706 652 3767 eratque
698 3705 808 3750 tam
847 3706 1004 3766 turpe
1030 3696 1276 3759 nescire,
1324 3710 1488 3765 quam
1515 3694 1745 3752 litteras.
1775 3695 2018 3765 Interpo-

429 3791 661 3843 nebatur
687 3799 868 3844 autem
901 3803 1010 3842 non
1049 3787 1209 3841 modo
1244 3787 1432 3850 sacris,
1458 3787 1550 3842 sed
1573 3796 1626 3840 et
1647 3787 1898 3842 omnibus
1928 3801 2017 3842 so-

427 3881 718 3948 lemnibus,
749 3881 1109 3950 omnibusque
1153 3879 1290 3935 laetis
1329 3880 1414 3935 vel
1470 3881 1800 3936 tristioribus
1836 3881 2015 3936 rebus.

428 3971 500 4027 Ut
539 3965 683 4027 enim
715 3971 771 4026 in
795 3969 1148 4026 veneratione
1176 3969 1357 4025 divina
1387 3969 1597 4040 hymni,
1627 3971 1700 4025 ita
1726 3971 1776 4024 in
1819 3971 2020 4040 nuptiis

429 4066 713 4134 hymenaei,
749 4073 803 4118 et
838 4065 893 4118 in
931 4063 1210 4118 funeribus
1253 4064 1432 4119 tbreni
1455 4071 1510 4119 et
1537 4064 1773 4119 lamenta
1815 4079 1845 4116 a
1875 4063 2021 4120 tibiis

429 4155 782 4209 canebantur.
833 4155 889 4208 ln
920 4155 1184 4209 conviviis
1213 4170 1346 4208 vero
1373 4154 1490 4226 lyra
1520 4155 1603 4209 vel
1651 4155 1862 4209 cithara
1913 4155 2019 4210 cir-

429 4247 858 4310 cumferebatur,
891 4255 946 4299 et
983 4245 1372 4300 accubantibus
1401 4247 1623 4316 singulis
1668 4248 2021 4304 ordinabatur

429 4335 729 4390 conviviale
773 4351 943 4404 genus
991 4336 1348 4390 canticorum.
1405 4336 1588 4406 Itaque
1641 4340 1758 4394 sine
1811 4342 2018 4398 musica

431 4425 577 4480 nulla
606 4424 889 4493 disciplina
913 4433 1089 4494 potest
1110 4440 1228 4479 esse
1251 4426 1487 4494 perfecta
1516 4444 1527 4480 :
1563 4428 1695 4482 nihil
1726 4429 1871 4484 enim
1901 4432 2018 4486 sine

430 4517 540 4569 illa.
571 4513 703 4570 Nam
739 4525 795 4570 et
827 4516 940 4586 ipse
992 4517 1222 4572 mundus
1253 4519 1484 4588 quadam
1531 4519 1816 4578 harmonia
1863 4540 2018 4580 sono-

432 4624 550 4662 rum
579 4605 752 4662 fertur
797 4622 918 4663 esse
953 4610 1284 4678 compositus
1319 4629 1329 4662 :
1362 4620 1414 4666 et
1444 4613 1644 4667 coelum
1683 4616 1858 4685 ipsum
1911 4618 2012 4673 sub

356 4774 367 4782 _
432 4700 727 4754 harmoniae
757 4699 1119 4754 modulatione
1149 4701 1476 4757 revolvitur?
1502 4704 1702 4761 Musica
1725 4717 1902 4763 movet
1930 4710 2011 4764 af-

433 4789 628 4853 fectus,
665 4801 922 4860 provocat
961 4791 1014 4844 in
1062 4791 1334 4846 diversum
1387 4794 1630 4850 habitum
1684 4813 1875 4854 sensus
1913 4817 1926 4854 :
1961 4801 2015 4855 in

428 4881 628 4950 pra-liis
654 4898 868 4950 quoque
897 4882 1035 4936 tubae
1072 4894 1364 4939 concentus
1393 4899 1696 4957 pugnantes
1726 4891 1973 4946 accendit
1997 4909 2012 4947 :

431 4983 488 5026 et
510 4981 716 5041 quanto
744 4974 1114 5028 vehementior
1160 4974 1323 5032 fuerit
1360 4978 1598 5050 clangor,
1649 4990 1798 5036 tanto
1841 4984 1902 5038 fit
1946 4984 2016 5040 ad

430 5069 706 5114 certamen
730 5063 944 5115 animus
971 5062 1179 5119 fortior.
1215 5065 1270 5120 Si
1304 5067 1520 5136 quidem
1550 5078 1603 5124 et
1635 5072 1864 5144 remiges
1890 5089 2018 5129 can-

433 5157 521 5203 tus
546 5150 813 5204 hortatur.
842 5151 923 5206 Ad
953 5153 1265 5212 tolerandos
1292 5175 1534 5228 quosque
1569 5160 1780 5218 labores
1812 5167 2016 5222 musica

431 5241 671 5294 animum
702 5242 920 5309 mulcet,
960 5255 1013 5299 et
1041 5248 1372 5318 singulorum
1398 5237 1619 5318 operum
1646 5252 2012 5325 fatigationem

433 5332 730 5388 modulatio
780 5337 926 5392 vocis
979 5339 1224 5394 solatur:
1261 5342 1528 5397 excitatos
1565 5362 1779 5417 quoque
1805 5351 2014 5407 animos

431 5423 639 5515 musica
667 5427 819 5482 sedat
849 5443 863 5482 :
891 5431 1031 5484 sicut
1057 5431 1124 5485 de
1164 5431 1333 5486 David
1365 5433 1562 5505 legitur
1602 5438 1647 5510 (1
1695 5440 1820 5512 Reg.
1859 5442 1972 5515 xvn)
1997 5483 2012 5511 ,

431 5513 523 5581 qui
547 5529 579 5569 a
600 5516 793 5586 spiritu
817 5521 1094 5577 immundo
1121 5521 1338 5578 Saulem
1360 5535 1478 5582 arte
1498 5530 1882 5588 modulationis
1906 5513 2014 5588 eri-

432 5607 576 5676 puit;
594 5609 736 5680 ipsas
759 5629 973 5683 quoque
997 5615 1198 5669 bestias
1217 5632 1315 5671 nec
1337 5635 1443 5673 non
1467 5630 1521 5676 et
1541 5634 1840 5694 serpentes,
1864 5627 2018 5682 volu-

433 5715 554 5756 cres
597 5713 757 5777 atque
799 5707 1078 5777 delphinas
1117 5709 1184 5763 ad
1217 5713 1458 5768 auditum
1487 5733 1595 5770 sua:
1636 5719 2016 5776 modulationis

434 5794 637 5850 musica
661 5809 936 5867 provocat.
955 5798 1060 5856 Sed
1075 5803 1336 5874 quidquid
1351 5806 1638 5877 loquimur,
1657 5812 1737 5866 vel
1755 5812 2015 5868 intrinse-

2127 3316 2234 3361 tur.
2265 3304 2322 3360 Si
2371 3321 2438 3360 ex
2479 3305 2564 3360 his
2605 3305 2808 3376 aliquid
2838 3307 3111 3372 defuerit,
3163 3323 3270 3362 vox
3321 3305 3562 3376 perfecta
3609 3321 3723 3362 non

2124 3397 2305 3452 fuerit.
2337 3395 2584 3452 Secunda
2607 3396 2803 3452 divisio
2832 3398 3085 3467 organica
3129 3406 3212 3452 est
3238 3398 3294 3452 in
3321 3397 3428 3463 his,
3453 3413 3573 3468 quae
3601 3397 3721 3466 spi-

2125 3491 2232 3545 ritu
2265 3488 2489 3546 reflante
2517 3487 2784 3559 completa
2829 3489 2884 3542 in
2932 3504 3123 3544 sonum
3173 3489 3323 3544 vocis
3360 3489 3673 3543 animantur
3698 3505 3716 3540 :

2125 3590 2182 3636 ut
2228 3590 2353 3636 sunt
2397 3581 2569 3648 tubae,
2612 3578 2846 3645 calami,
2884 3577 3117 3644 fistulae,
3158 3592 3392 3648 organa,
3452 3575 3718 3648 pandere,

2123 3682 2178 3728 et
2235 3673 2321 3728 his
2380 3672 2596 3728 similia.
2650 3670 2832 3726 Tertia
2882 3670 3076 3726 divisio
3108 3669 3416 3741 rhythmica
3437 3669 3721 3740 pertinens

2122 3764 2192 3819 ad
2213 3778 2410 3819 nervos
2447 3771 2503 3819 et
2523 3762 2734 3833 pulsus,
2775 3762 2861 3818 cui
2899 3762 3098 3816 dantur
3125 3760 3337 3831 species
3375 3760 3716 3818 cithararum

2125 3857 2478 3911 diversarum.
2498 3853 2836 3925 Tympanum
2861 3868 3077 3924 quoque
3104 3851 3434 3923 cymbalum,
3467 3851 3712 3918 sistrum,

2124 3949 2393 4006 acitabula
2429 3963 2570 4002 aerea
2595 3955 2649 4001 et
2694 3954 2972 4017 argentea,
3021 3955 3077 4002 et
3123 3945 3247 4008 alia,
3281 3961 3401 4014 qua:
3441 3943 3716 4000 metallico

2123 4044 2302 4112 rigore
2326 4055 2664 4112 repercussa,
2681 4039 2913 4095 reddunt
2928 4055 3052 4094 cum
3077 4039 3346 4094 suavitate
3370 4037 3644 4103 tinnitum,
3661 4044 3722 4091 et

2123 4144 2317 4192 caetera
2339 4133 2664 4204 huiusmodi.
2700 4132 2983 4188 Canticum
3006 4132 3276 4202 significat
3298 4130 3580 4186 scientiam
3603 4128 3718 4198 spi-

2122 4227 2368 4294 ritalem,
2396 4234 2454 4279 ut
2503 4227 2559 4280 in
2607 4224 2816 4295 psalmo
2858 4223 3122 4280 :Cantate
3174 4223 3400 4278 Domino
3450 4222 3718 4276 canticum

2122 4336 2309 4376 novum
2337 4317 2512 4392 (Psal.
2559 4318 2764 4390 xxxu);
2797 4318 3030 4390 psallere
3053 4325 3136 4373 est
3161 4332 3296 4387 opus
3324 4317 3522 4372 bonum
3557 4330 3715 4371 exer-

2120 4425 2262 4466 cere.
2294 4408 2579 4465 Canticum
2622 4411 2691 4464 ad
2737 4409 3209 4480 contemplativam
3239 4427 3252 4462 :
3277 4407 3507 4479 psallere
3544 4405 3715 4462 refer-

2126 4512 2212 4557 tur
2237 4503 2305 4557 ad
2329 4503 2564 4557 activam
2595 4502 2889 4565 vitam,ubi
2913 4510 2969 4555 et
2997 4517 3182 4571 supra.
3219 4498 3477 4554 Jubilatio
3505 4498 3714 4554 clamor

2123 4594 2348 4668 spiritali
2378 4594 2593 4650 fervore
2617 4593 2947 4663 expressior,
2981 4593 3095 4648 sive
3135 4592 3389 4660 gaudium
3416 4589 3708 4656 inell'ahile,

2125 4689 2264 4759 quod
2289 4688 2525 4742 humana
2551 4688 2728 4758 l'gigua
2751 4687 2962 4758 plenius
2982 4685 3086 4740 fari
3103 4701 3212 4740 non
3237 4685 3399 4750 valet,
3415 4685 3546 4738 utin
3564 4683 3712 4753 psal-

2125 4795 2260 4836 mo:
2298 4778 2493 4835 Beatus
2539 4777 2758 4850 populus
2815 4779 2904 4848 qui
2966 4778 3062 4832 scit
3101 4776 3474 4848 jubilationem
3521 4773 3710 4848 (Psal.

2127 4887 2368 4928 Lxxxvm
2383 4871 2424 4944 ).

2195 4987 2380 5043 Primo
2416 4985 2659 5041 omnium
2705 4986 2773 5040 ad
2802 4983 2995 5056 organi
3049 4983 3138 5056 (eo
3185 4982 3329 5054 quod
3371 4980 3548 5053 majus
3589 4996 3713 5040 esse

2121 5080 2208 5136 his
2229 5079 2480 5136 omnibus
2505 5078 2793 5150 generibus
2822 5079 2878 5133 in
2906 5076 3086 5132 sonitu
3121 5085 3177 5131 et
3200 5076 3515 5134 fortitudine
3539 5077 3708 5132 nimia

2121 5170 2484 5245 computatur)
2509 5172 2775 5228 clamores
2806 5173 3041 5237 veniam,
3084 5171 3229 5242 quod
3256 5171 3322 5226 de
3350 5171 3556 5227 duabus
3595 5170 3707 5227 ele-

2119 5268 2444 5336 phantorum
2491 5264 2720 5334 pellibus
2778 5280 3076 5320 concavum
3121 5264 3487 5336 coniungitur,
3515 5272 3571 5320 et
3611 5279 3712 5334 per

2120 5360 2399 5416 duodecim
2423 5357 2698 5413 fabrorum
2723 5357 3017 5414 suillatoria
3041 5359 3434 5430 compulsatum
3456 5373 3554 5429 per
3576 5357 3712 5413 duo-

2123 5449 2294 5504 decim
2318 5449 2524 5504 cicutas
2544 5461 2713 5504 aereas
2731 5449 2789 5504 in
2816 5449 3048 5504 sonitum
3077 5449 3499 5520 nimium,quem
3525 5450 3579 5504 in
3598 5465 3714 5506 mo-

2123 5540 2251 5594 dum
2300 5539 2523 5594 touitrui
2553 5540 2790 5596 concitat
2821 5558 2834 5595 :
2866 5541 2940 5597 ita
2965 5549 3025 5596 ut
3046 5557 3144 5613 per
3169 5543 3318 5599 mille
3359 5558 3555 5614 passus
3589 5543 3714 5601 sine

2124 5630 2287 5686 dubio
2311 5632 2642 5689 sensibiliter
2667 5649 2764 5689 seu
2790 5634 2978 5705 utique
3005 5635 3232 5707 amplius
3274 5636 3526 5692 audiatur
3557 5654 3570 5690 :
3603 5634 3710 5693 sio-

2124 5731 2183 5776 ut
2205 5722 2554 5780 Hebraeorum
2585 5725 2652 5782 de
2689 5727 2925 5797 organis,
2951 5741 3073 5798 quae
3113 5728 3182 5784 ab
3204 5725 3508 5785 Jerusalem
3533 5743 3710 5800 usque

2126 5815 2194 5870 ad
2234 5825 2468 5873 montem
2499 5817 2714 5885 Oliveti,
2749 5828 2803 5874 et
2844 5819 3074 5891 amplius
3100 5829 3357 5878 souanter
3385 5821 3704 5889 audiuntur,
