4038 6324
259 5879 288 5946 ί,

376 457 486 515 49³⁷

1341 458 1428 512 nr;
1465 457 1814 516 umvnnso
1851 457 2030 512 1.th
2068 457 2227 512 χχιι.
2268 421 2341 498 4—"
2546 421 2726 514 XVIa.

2639 337 2747 425 ιβ’

3544 461 3649 514 498

378 573 778 642 comprobatur.
825 571 940 626 Duo
973 585 1171 643 genera
1218 587 1247 623 a
1293 571 1796 643 plerisque-organi
1837 585 1957 625 esse
1989 573 2033 633 Α
2063 572 2317 641 ;.ῖ,.·;μιιιηι
2349 547 2472 643 egi":
2501 572 2798 641 Conﬁtebor
2838 575 2929 626 tibi
2973 577 3027 628 in
3056 576 3280 639 cithara,
3318 575 3476 641 Deus,
3507 577 3649 631 Deus

377 664 647 720 dicuntur.
695 661 935 717 Primum
987 672 1072 717 est
1110 663 1162 717 id
1205 663 1348 731 quod
1388 662 1646 728 diximus,
1701 672 1755 717 et
1795 663 1957 727 aliud,

376 752 520 822 quod
553 753 620 807 de
667 751 1100 823 peregrinatione
1145 751 1311 808 Israel
1351 753 1614 822 propheta
1669 753 1962 823 praeposuit

374 849 512 918 apud
535 848 883 919 Babylonem,
909 857 964 904 et
997 850 1174 905 subito
1196 850 1469 915 scribitur,
1496 851 1570 904 ita
1599 851 1784 906 dicens
1813 869 1825 904 :
1855 849 1960 906 Su-

369 954 462 1008 per
487 939 709 1006 ﬂumina
729 938 1033 1011 Babylonis,
1059 948 1163 996 etc.
1191 938 1618 1014 (Psal.cxxxv1).
1650 942 1764 997 Hoc
1787 951 1958 998 totum

369 1027 671 1100 ﬁguraliter
707 1046 772 1086 ac
805 1032 1123 1102 spiritaliter
1140 1032 1339 1088 Christi
1368 1034 1720 1103 Evangelium
1755 1037 1959 1107 signiﬁ-
2000 1020 2001 1023 η

371 1132 458 1177 cat
475 1142 487 1176 :
504 1123 760 1193 quoniam
790 1133 844 1178 et
867 1125 994 1179 illud
1013 1125 1079 1181 de
1099 1125 1329 1190 duabus,
1349 1126 1400 1180 id
1417 1135 1521 1193 est,
1538 1127 1766 1181 duarum
1784 1127 1958 1198 legum

370 1214 662 1282 asperitate
689 1212 1034 1284 conjungitur
1081 1230 1179 1284 per
1225 1203 1507 1271 duodecim
1551 1216 1844 1272 sufflatoria
1875 1217 1956 1271 fa-

368 1310 612 1372 brorum,
643 1309 698 1363 id
742 1317 846 1374 est,
875 1325 974 1378 per
1012 1309 1350 1380 patriarchas
1397 1328 1461 1368 ac
1501 1313 1831 1384 prophetas:
1861 1326 1959 1382 per

366 1406 646 1462 duodecim
676 1409 880 1463 cicutas
903 1424 1095 1474 aereas,
1122 1410 1172 1463 id
1197 1417 1311 1474 est,
1337 1424 1434 1479 per
1456 1408 1742 1479 Apostolos
1768 1424 1958 1464 sonum

366 1499 591 1552 nimium
618 1498 836 1564 emittit,
862 1499 1001 1552 sicut
1020 1499 1280 1570 scriptum
1301 1507 1384 1554 est
1408 1517 1422 1552 :
1448 1499 1515 1552 In
1537 1516 1740 1553 omnem
1763 1510 1957 1552 terram

365 1591 520 1645 exivit
564 1609 723 1646 sonus
757 1609 936 1646 eorum
968 1591 1140 1664 (Psal.
1191 1593 1380 1666 xvm),
1414 1594 1466 1648 id
1496 1602 1597 1659 est,
1643 1610 1746 1648 vox
1781 1594 1958 1648 Evan-

366 1683 488 1752 gelii
517 1684 570 1738 in
604 1693 718 1740 toto
743 1686 875 1740 orbe
918 1695 1208 1752 terrarum,
1234 1687 1374 1742 sicut
1399 1689 1656 1758 scriptum
1684 1696 1803 1742 est:
1843 1687 1958 1742 Vox

366 1776 586 1830 tonitrui
609 1777 685 1829 tui
709 1777 764 1831 in
796 1787 910 1832 rota
941 1777 1113 1841 (Psal.
1151 1777 1508 1849 ιιχλνι).Νειη
1534 1794 1633 1848 per
1658 1779 1804 1832 mille
1832 1794 1958 1848 pas-

367 1881 479 1928 sus,
510 1866 562 1921 id
590 1878 695 1932 εει,
727 1883 824 1937 per
866 1868 1166 1938 perfectum
1208 1885 1491 1925 numerum
1540 1871 1725 1925 decem
1761 1871 1957 1925 verbo-

2065 678 2209 716 meus
2241 679 2258 716 :
2286 664 2518 734 propriae
2547 665 2950 720 consuetudinis
3006 666 3146 736 apud
3197 665 3474 733 Hebraeos,
3527 683 3648 738 quae

2063 771 2184 810 cum
2208 757 2425 811 chordis
2443 757 2633 827 viginti
2677 765 2928 826 quatuor,
2958 757 3010 811 in
3036 757 3252 811 modum
3274 758 3432 813 deltte
3459 758 3650 814 litterae

2065 845 2224 919 (sicut
2247 849 2561 919 peritissimi
2585 850 2824 920 tradunt)
2876 850 3059 920 utique
3086 851 3449 919 componitur,
3470 859 3526 905 et
3553 864 3651 920 per

2063 939 2260 1009 digitos
2285 940 2504 994 Pindari
2534 942 2700 995 variis
2731 942 2971 1002 vocibus,
3003 941 3330 1010 tinnulisque
3356 941 3566 996 actibus
3592 942 3648 996 in

2062 1031 2306 1087 diversos
2331 1034 2520 1087 modos
2573 1034 2892 1089 concitatur.
2939 1032 3157 1089 Cithara
3213 1043 3417 1100 autem,
3453 1037 3520 1089 de
3543 1049 3649 1104 qua

2062 1139 2242 1180 sermo
2264 1133 2370 1192 est,
2423 1126 2680 1182 Ecclesiae
2731 1127 3044 1198 spiritaliter
3075 1135 3257 1199 typum
3309 1127 3488 1188 habet.
3528 1141 3650 1196 qua:

2061 1233 2184 1273 cum
2233 1219 2420 1289 viginti
2475 1229 2708 1288 quatuor
2747 1221 3019 1275 seniorum
3074 1221 3411 1290 dogmatibus
3452 1220 3649 1273 trinam

2061 1307 2288 1362 formam
2323 1309 2529 1363 habens
2550 1310 2602 1363 in
2627 1311 2842 1364 modum
2860 1309 3018 1364 deltae
3043 1309 3235 1365 litterae
3265 1309 3424 1364 ﬁdem
3447 1317 3650 1364 sancta:

2062 1397 2348 1452 Trinitatis
2372 1399 2638 1467 signiﬁcat
2668 1407 2751 1452 :ct
2775 1416 2873 1470 per
2897 1416 3090 1455 manus
3111 1399 3392 1469 apostolici
3419 1399 3646 1461 ordinis,

2040 1489 2150 1558 qui
2181 1489 2502 1557 praedicator
2530 1489 2673 1544 illius
2701 1499 2800 1552 εει,
2837 1491 2890 1544 in
2923 1491 3168 1546 diversos
3195 1491 3439 1545 modulos
3483 1489 3646 1545 Vete-r

2061 1581 2138 1635 ris
2157 1591 2211 1635 et
2229 1581 2361 1635 Novi
2388 1582 2719 1637 Testamenti
2748 1583 2906 1637 aliter
2932 1585 2984 1637 in
3001 1584 3202 1651 littera,
3228 1585 3383 1638 aliter
3410 1585 3463 1638 in
3487 1599 3646 1639 sensu

2060 1670 2286 1739 ﬁgurate
2312 1672 2632 1726 concitatur.
2663 1671 3006 1738 Psalterium,
3038 1675 3182 1744 quod
3232 1673 3493 1730 Hebraice
3536 1673 3648 1728 Na-

2058 1767 2229 1832 blum,
2263 1767 2449 1823 Graece
2490 1777 2666 1823 autem
2711 1769 3052 1836 Psalterium,
3083 1772 3270 1828 Latine
3300 1783 3477 1828 autem
3504 1773 3649 1828 Lau-

2061 1861 2329 1914 datorium
2358 1861 2570 1920 dicitur,
2622 1862 2688 1915 de
2737 1877 2844 1931 quo
2892 1863 2945 1916 in
2981 1863 3428 1933 quinquagesimo
3455 1872 3649 1934 quarto

368 1974 484 2011 rum
527 1958 659 2028 legis
699 1959 953 2028 impletur
983 1976 1144 2016 sonus
1187 1961 1321 2033 ejus.
1353 1961 1412 2016 In
1450 1962 1729 2027 salicibus,
1761 1962 1814 2016 id
1845 1971 1950 2027 est,
1980 1952 2028 2011 B
2056 1954 2262 2023 psalmo
2286 1955 2460 2009 dicit:
2497 1955 2757 2026 Exsurge,
2806 1955 3115 2025 psalterium
3154 1967 3200 2009 et
3249 1957 3489 2021 cithara;
3541 1971 3648 2011 non

365 2069 461 2122 per
503 2054 741 2110 laborem
768 2056 926 2111 unius
967 2055 1224 2128 cujusque
1265 2058 1505 2116 doctoris
1543 2065 1597 2110 et
1621 2072 1720 2126 per
1748 2065 1952 2111 motum

366 2141 628 2198 lahiorum
662 2145 777 2215 ejus
804 2146 1149 2218 Evangelium
1174 2148 1512 2214 prmdicatur.
1538 2148 1670 2202 Item
1691 2164 1951 2218 organum

362 2234 524 2290 homo
551 2236 665 2290 sive
687 2251 884 2306 corpus
907 2238 1262 2303 Dominicum,
1283 2247 1343 2292 ut
1369 2239 1420 2292 in
1447 2239 1685 2308 psalmo:
1716 2239 1954 2293 Laudate

361 2341 480 2378 eum
509 2327 564 2381 in
590 2326 798 2380 chordis
825 2337 875 2380 et
899 2343 1093 2396 organo
1124 2325 1296 2400 (Psal.
1327 2330 1434 2399 CL).
1463 2330 1526 2383 Et
1557 2331 1610 2384 in
1642 2330 1804 2384 aliam
1828 2347 1953 2400 par-

361 2423 472 2468 tem
523 2415 589 2469 de
638 2431 774 2470 vana
805 2417 1090 2487 impiorum
1117 2418 1324 2485 hetitia,
1354 2415 1420 2474 ἰιι
1453 2421 1508 2474 in
1555 2420 1655 2475 Job
1701 2441 1712 2474 :
1760 2421 1953 2475 Tenent

363 2515 666 2576 tympanum
691 2519 754 2571 et.
770 2511 1050 2577 citharam,
1075 2521 1124 2566 et
1156 2514 1386 2583 gaudent
1412 2515 1482 2568 ad
1515 2515 1743 2568 sonitum
1767 2517 1952 2585 organi

362 2595 504 2667 (Iob.
541 2602 674 2668 xxr).
711 2602 857 2656 Tuba
889 2604 1089 2674 itaque,
1131 2607 1194 2660 de
1219 2623 1323 2676 qua
1353 2607 1406 2661 in
1439 2609 1658 2663 Daniele
1690 2609 1952 2678 scriptum

362 2696 474 2742 est:
505 2687 636 2744 Cum
660 2693 933 2747 audieritis
963 2712 1137 2749 vocem
1160 2697 1318 2762 tubae,
1342 2697 1555 2764 fistulae,
1581 2699 1817 2764 citharte,
1844 2708 1948 2753 etc.

364 2777 526 2849 (Dan.
573 2781 678 2853 tu),
715 2783 942 2839 diversis
974 2786 1159 2856 ﬁguris
1189 2803 1252 2842 ac
1284 2787 1474 2844 formis
1501 2777 1748 2844 efﬁcitur.
1780 2789 1953 2844 Aliter

361 2872 505 2927 enim
532 2884 615 2930 est
660 2876 786 2931 tuba
830 2880 1263 2950 congregationis
1311 2882 1509 2951 populi,
1553 2883 1713 2937 aliter
1750 2883 1953 2937 condu—

361 2962 576 3029 etionis,
608 2964 764 3020 aliter
809 2968 1068 3034 victorize,
1099 2970 1258 3025 aliter
1284 2973 1644 3042 persequendi
1674 2973 1945 3038 inimicos,

361 3050 518 3105 aliter
545 3055 904 3112 conclusionis
926 3059 1229 3128 civitatum,
1264 3071 1318 3116 et
1343 3063 1568 3133 reliqua.
1595 3062 1746 3118 Tuba
1773 3073 1950 3118 autem

359 3145 795 3215 congregationis
824 3149 963 3218 apud
1012 3165 1190 3205 rerum
1228 3153 1588 3222 peritissimos
1635 3155 1738 3209 hoc
1788 3155 1952 3210 modo

361 3233 676 3306 intelligitur
704 3257 716 3292 :
747 3239 919 3295 tribus
945 3240 1136 3307 ﬁstulis
1163 3245 1320 3298 aereis
1353 3245 1406 3299 in
1451 3246 1627 3315 capite
1648 3246 1830 3301 voluto
1856 3261 1955 3316 per

361 3339 590 3398 quatuor
624 3334 936 3390 vociductas
981 3351 1171 3402 :ereas,
1201 3353 1320 3407 qum
1367 3355 1466 3408 per
1508 3355 1709 3394 aereum
1761 3339 1953 3394 funda-
1981 3319 2028 3383 θ

359 3431 599 3478 mentum
647 3433 939 3494 quaternas
989 3443 1150 3484 voces
1193 3432 1529 3500 producunt,
1573 3433 1842 3503 mugitum
1872 3432 1956 3486 ni-

358 3513 527 3569 mium
555 3516 1196 3590 vehementissimumque
1232 3522 1454 3590 profert.
1488 3523 1563 3577 lta
1607 3523 1954 3594 Evangelium

357 3603 414 3658 in
443 3606 584 3659 trina
604 3605 943 3662 confessione
965 3611 1128 3664 trium
1156 3627 1509 3681 personarum
1543 3621 1742 3668 sancta:
1771 3613 1953 3667 Trini-

360 3695 489 3750 tatis
514 3696 571 3748 in
606 3697 782 3766 capite
808 3708 1053 3768 angusto,
1083 3702 1187 3757 hoc
1212 3713 1317 3768 est,
1346 3704 1401 3757 in
1431 3704 1714 3758 nativitate
1753 3703 1952 3759 Christi

359 3790 643 3848 divinitate
704 3793 1039 3863 inspiratur,
1090 3806 1146 3852 et
1203 3814 1301 3868 per
1354 3808 1586 3869 quatuor
1635 3801 1952 3856 voeiduetas

359 3897 552 3949 aereas,
586 3899 684 3954 per
710 3894 944 3954 quatuor
969 3888 1364 3956 Evangelistas,
1397 3906 1494 3960 per
1530 3906 1730 3946 aereum
1760 3892 1951 3948 funda-

360 3984 621 4042 mentum,
647 3976 997 4035 stabilitatem
1014 3981 1222 4036 scilicet
1251 3981 1372 4036 ﬁdei
1397 3991 1452 4037 et
1491 3998 1714 4052 operum
1745 3985 1799 4039 in
1841 3993 1952 4038 toto

359 4066 491 4121 orbe
528 4081 714 4122 vocem
768 4070 937 4124 nimio
986 4071 1221 4127 clamore
1251 4075 1403 4143 quasi
1444 4075 1498 4128 in
1541 4075 1758 4129 modum
1812 4077 1953 4131 tubae

359 4143 793 4229 congregationis
819 4160 1036 4216 emittit.
1074 4162 1148 4216 De
1175 4163 1353 4217 ﬁstula
1386 4173 1566 4219 autem
1590 4164 1822 4220 refertur
1853 4167 1947 4231 ita,

359 4251 503 4320 quod
527 4251 600 4304 sit
635 4251 951 4308 bumbulum
976 4269 1176 4308 aereum
1203 4257 1400 4311 ductile
1431 4257 1776 4327 quadratum,
1807 4258 1952 4312 latis-

360 4341 687 4411 simumque,
722 4344 776 4398 in
806 4344 1022 4400 modum
1060 4361 1272 4400 ceroma
1302 4361 1425 4401 cum
1455 4347 1633 4423 ﬁstula
1672 4365 1813 4404 aereo
1840 4350 1948 4404 fer-

361 4448 561 4503 reoque
599 4437 908 4502 commisto,
943 4437 1085 4506 quod
1132 4439 1186 4491 iu
1238 4437 1382 4508 ligno
1433 4439 1542 4493 alto
1595 4443 1949 4510 speciosoque

362 4523 596 4580 formato
623 4528 901 4596 superiore
947 4529 1122 4598 capite
1149 4530 1558 4600 constringitur.
1592 4532 1648 4586 lu
1690 4534 1791 4588 hoc
1818 4548 1951 4603 quo-

361 4633 466 4688 que
495 4634 591 4688 per
611 4619 819 4690 singula
848 4620 1012 4674 latera
1051 4621 1333 4675 duodecim
1362 4622 1615 4676 bumbula
1646 4638 1786 4678 aerea
1819 4626 1950 4679 duo-

362 4709 536 4764 decim
567 4710 761 4766 ﬁstulis
795 4713 848 4766 in
872 4712 1049 4766 medio
1079 4713 1269 4781 positis
1291 4714 1345 4767 in
1368 4715 1574 4768 catenis
1609 4715 1946 4784 dependent;

363 4801 437 4854 ita
487 4801 588 4855 tria
619 4803 876 4857 bumbula
906 4819 1015 4856 uno
1043 4803 1270 4858 bilatere
1297 4819 1396 4873 per
1432 4803 1718 4858 circuitum
1766 4807 1951 4875 utique

367 4891 639 4962 ﬁnguntur
666 4912 680 4948 :
717 4905 771 4948 et
797 4896 1068 4950 concitato
1097 4896 1271 4965 primo
1300 4896 1646 4962 bumbulo,et
1667 4900 1954 4955 concitatis

365 4986 648 5041 duodecim
674 4985 1052 5042 bumbulorum
1086 4987 1278 5042 ﬁstulis
1308 4989 1361 5044 in
1395 4990 1571 5044 medio
1597 4991 1807 5060 positis,
1837 4992 1953 5045 cla-

365 5091 573 5132 morem
595 5093 850 5149 magnum
883 5077 1260 5151 fragoremque
1287 5080 1514 5137 nimium
1542 5097 1704 5152 supra
1735 5085 1952 5140 modum

364 5168 526 5224 simul
558 5168 856 5239 proferunt.

437 5257 760 5316 Bumbulum
806 5261 993 5330 itaque
1039 5277 1160 5316 cum
1208 5262 1440 5329 ﬁstulis,
1497 5263 1552 5318 id
1599 5272 1714 5330 est,
1765 5265 1958 5322 doctor

367 5351 423 5405 in
481 5351 659 5408 medio
712 5351 968 5408 Ecclesiae
1015 5361 1097 5408 est
1144 5368 1267 5408 cum
1324 5352 1528 5424 Spiritu
1578 5363 1767 5410 sancto
1791 5397 1806 5421 ,
1862 5357 1955 5427 qui

369 5443 608 5515 loquitur
672 5445 724 5500 in
781 5459 869 5512 ea,
919 5446 1306 5516 constringitur
1365 5446 1420 5500 in
1489 5446 1633 5518 ligno
1686 5448 1835 5515 alto,
1903 5449 1956 5504 id

369 5548 483 5606 εει,
515 5541 569 5595 ἱη
606 5539 845 5608 Christo,
875 5541 967 5612 qui
1029 5557 1061 5596 a
1099 5541 1430 5610 sapientibus
1465 5541 1611 5613 ligno
1645 5544 1769 5600 vitae
1809 5559 1958 5600 com-

367 5639 635 5703 paratur:
667 5633 722 5688 in
768 5643 981 5701 catena,
1005 5633 1056 5688 id
1087 5641 1202 5697 est,
1250 5631 1305 5686 in
1336 5633 1474 5699 ﬁde,
1521 5643 1577 5689 et
1607 5650 1714 5690 non
1746 5652 1805 5692 se
1826 5636 1955 5704 jun-

370 5724 449 5795 git
504 5731 688 5791 terrzn,
742 5723 794 5779 id
845 5731 948 5790 εει,
994 5725 1250 5795 operibus
1285 5725 1612 5782 carnalibus.
1664 5728 1956 5784 Duodecim

369 5815 613 5886 Apostoli
658 5833 780 5874 cum
828 5817 1040 5884 ﬁstulis,
1071 5819 1122 5872 id
1169 5827 1273 5885 est,
1299 5833 1420 5873 cum
1480 5820 1678 5876 divinis
1705 5819 1952 5891 eloquiis.

373 5909 615 5980 Cithara,
655 5915 723 5970 de
766 5930 871 5986 qua
919 5915 974 5969 in
1022 5913 1438 5985 quadragesimo
1477 5914 1714 5971 secundo
1743 5913 1959 5973 Psalmo

1979 4673 2028 4732 Ι)

2055 2047 2196 2116 quod
2227 2047 2280 2099 in
2310 2046 2528 2102 modum
2561 2046 2802 2110 citharae,
2835 2046 2928 2101 sed
2959 2047 3099 2117 quod
3134 2048 3189 2100 in
3229 2048 3448 2101 modum
3475 2046 3650 2118 clypei

2054 2139 2304 2208 quadrati
2355 2137 2723 2192 conformetur
2782 2155 2902 2193 cum
2955 2139 3174 2193 chordis
3228 2139 3446 2201 decem,
3506 2137 3652 2191 sicut

2054 2230 2312 2298 scriptum
2339 2238 2423 2284 est
2453 2245 2463 2281 τ
2492 2227 2559 2281 In
2581 2228 2827 2296 psalterio
2861 2230 3036 2283 decem
3067 2230 3386 2283 chordarum
3425 2228 3651 2300 psallam

2054 2319 2148 2373 tibi
2194 2317 2367 2390 (Psal.
2399 2320 2609 2390 cxun).
2642 2319 2746 2374 Sed
2789 2320 2916 2374 hinc
2970 2321 3094 2375 inde
3133 2321 3346 2375 chordae
3377 2319 3495 2388 ejus
3523 2334 3654 2374 con-

2055 2413 2197 2467 tritae
2244 2421 2410 2467 sunt:
2441 2423 2499 2467 ut
2530 2422 2899 2485 resurgentem
2954 2416 3021 2468 ab
3071 2414 3258 2469 inferis
3297 2415 3362 2469 ad
3390 2414 3651 2470 caelorum

2055 2519 2217 2574 regna
2250 2520 2348 2574 per
2396 2505 2654 2559 indicium
2709 2521 2901 2558 manus
2938 2505 3264 2560 concitantis
3315 2506 3382 2560 ab
3434 2505 3544 2560 imo
3596 2505 3651 2560 in

2055 2597 2222 2652 altum
2249 2597 2619 2668 signiﬁcarent
2645 2598 2985 2668 psalterium,
3017 2599 3156 2667 quod
3190 2599 3349 2670 vulgo
3379 2600 3650 2654 canticum

2055 2688 2272 2754 dicitur,
2301 2696 2356 2742 et
2388 2703 2416 2740 a
2445 2689 2725 2757 psallendo
2761 2698 2845 2743 est
2876 2690 3208 2744 nominatum
3238 2711 3248 2742 :
3277 2690 3420 2758 quod
3449 2689 3515 2743 ad
3536 2687 3656 2758 ejus

2057 2795 2243 2836 vocem
2297 2782 2495 2836 chorus
2543 2783 2891 2838 consonando
2936 2783 3277 2853 respondeat.
3329 2783 3425 2838 Est
3473 2792 3654 2840 autem

2054 2873 2351 2928 similitudo
2380 2874 2603 2929 citharae
2629 2875 2928 2929 barbaricae
2959 2875 3042 2946 (ut
3088 2876 3176 2930 alii
3218 2876 3425 2947 volunt)
3456 2877 3508 2932 in
3539 2892 3657 2931 mo-

2056 2968 2182 3022 dum
2205 2969 2360 3024 deltae
2383 2969 2598 3023 litterae.
2627 2968 2731 3022 Sed
2753 2969 3003 3024 Psalterii
3036 2979 3090 3024 et
3111 2971 3335 3025 cithara:
3356 2971 3474 3024 haec
3503 2967 3656 3022 diffe-

2055 3059 2228 3112 rentia
2275 3067 2378 3124 est,
2405 3060 2546 3129 quod
2580 3059 2900 3115 Psalterium
2935 3060 3137 3131 lignum
3171 3061 3301 3116 illud
3325 3075 3646 3126 concavum,

2056 3153 2200 3207 unde
2230 3167 2394 3208 sonus
2436 3153 2704 3218 redditur,
2752 3153 3003 3222 superius
3052 3153 3238 3218 habet,
3288 3160 3344 3207 et
3394 3153 3647 3207 deorsum

2059 3242 2309 3297 feruntur
2350 3243 2584 3307 chordae,
2619 3251 2677 3298 et
2710 3244 2941 3314 desuper
2998 3254 3211 3299 sonant.
3262 3243 3482 3299 Cithara
3521 3259 3652 3299 vero

2059 3335 2454 3391 concavitatem
2481 3335 2609 3404 ligni
2654 3335 2879 3390 inferius
2920 3337 3100 3390 habet.
3123 3335 3446 3392 Psalterium
3471 3343 3653 3392 autem

2059 3426 2271 3483 Hebraei
2295 3427 2669 3482 decachordon
2716 3427 2799 3481 usi
2847 3435 2972 3481 sunt
2998 3435 3218 3497 propter
3245 3442 3532 3482 numerum
3560 3427 3652 3482 de-

2059 3520 2306 3592 calognm
2336 3519 2490 3588 legis.
2519 3519 2742 3574 Cithara
2766 3519 3035 3590 signiﬁcat
3069 3531 3258 3590 pectus
3283 3520 3561 3584 devotum,
3597 3519 3652 3574 in

2059 3627 2188 3681 quo,
2220 3621 2479 3682 tanquam
2504 3613 2678 3678 nervi,
2711 3621 2837 3667 sunt
2853 3613 3101 3675 virtutes,
3129 3611 3232 3666 hoc
3261 3620 3359 3673 est,
3388 3609 3654 3679 spiritalia

2057 3705 2221 3769 bona,
2248 3710 2309 3756 ut
2351 3703 2406 3757 in
2454 3702 2673 3758 Psalmo
2707 3722 2720 3756 :
2753 3703 2993 3772 Exsurge
3024 3700 3330 3770 psalterium
3372 3708 3419 3754 et
3449 3700 3654 3754 cithara

2059 3793 2232 3866 (Psal.
2258 3796 2411 3868 cvu),
2450 3797 2503 3849 id
2547 3804 2646 3859 est,
2699 3811 2860 3865 opera
2916 3810 3039 3850 cum
3072 3794 3196 3849 ﬁde.
3244 3793 3311 3848 Et
3352 3793 3407 3847 in
3454 3792 3652 3847 malam

2055 3895 2265 3956 partem
2298 3896 2357 3941 ut
2387 3887 2440 3940 in
2468 3887 2605 3941 Isaia
2637 3905 2648 3938 :
2685 3885 2900 3940 Cithara
2929 3897 2975 3940 et
3021 3886 3135 3956 lyra
3183 3894 3231 3939 et
3261 3894 3561 3955 tympanum
3603 3892 3655 3936 et

2057 3979 2231 4033 vinum
2258 3979 2311 4030 in
2341 3978 2584 4032 conviviis
2615 3979 2792 4031 vestris
2837 3977 2968 4048 (Isa.
3003 3981 3090 4045 v);
3123 3978 3174 4031 in
3209 3991 3316 4044 quo
3339 3975 3654 4044 designatur

2055 4068 2498 4137 voluptuosorum
2529 4067 2760 4121 luxuria.
2809 4066 3131 4121 Psalterium
3164 4080 3295 4119 vero
3319 4079 3480 4134 opera
3507 4066 3652 4119 bona

2056 4160 2343 4231 signiﬁcat,
2379 4168 2438 4213 ut
2463 4167 2548 4214 est
2572 4159 2700 4225 illud
2747 4159 2800 4213 in
2830 4158 3036 4227 psalmo
3067 4175 3080 4210 :
3112 4156 3433 4211 Psalterium
3453 4156 3654 4226 jucun-

2054 4253 2178 4305 dum
2201 4268 2319 4305 cum
2344 4252 2547 4305 cithara
2573 4247 2746 4321 (Psal.
2766 4250 2942 4323 xvm).
2974 4249 3103 4303 Item
3124 4247 3440 4319 psalterium
3462 4247 3652 4302 decem

2054 4345 2379 4398 chordarum
2409 4345 2656 4413 Operatio
2687 4345 2873 4399 decem
2907 4354 3299 4413 praeceptorum
3331 4341 3487 4412 legis,
3511 4348 3569 4394 ut
3597 4340 3653 4395 in

2052 4437 2260 4506 psalmo
2311 4456 2322 4490 :
2372 4437 2441 4490 In
2492 4436 2740 4508 psalterio
2779 4438 2957 4492 decem
3007 4437 3326 4490 chordarum
3369 4434 3577 4505 psallite
3603 4435 3654 4488 ei

2055 4528 2228 4599 (Psal.
2253 4529 2464 4601 exuti).
2495 4529 2628 4584 Item
2657 4529 2730 4584 ibi
2765 4549 2776 4584 :
2809 4529 2877 4583 In
2913 4528 3258 4593 decachordo,
3288 4528 3486 4596 inquit,
3511 4525 3654 4597 psal-

2057 4623 2188 4676 terio
2214 4639 2331 4675 cum
2362 4623 2563 4674 cantico
2591 4631 2637 4675 et
2665 4622 2869 4675 cithara
2895 4619 3252 4691 (Psal.cxc1),
3289 4619 3341 4672 id
3364 4627 3467 4680 est,
3490 4631 3649 4670 sensu

2054 4719 2108 4765 et
2140 4711 2264 4765 ﬁde.
2295 4711 2371 4764 De
2396 4711 2525 4764 tuba
2549 4719 2753 4776 autem,
2770 4710 3028 4780 psalterio
3052 4719 3105 4765 et
3131 4711 3340 4764 cithara
3369 4708 3424 4762 in
3444 4707 3654 4777 psalmo

2058 4804 2320 4874 scriptum
2353 4812 2436 4858 est
2468 4821 2480 4856 :
2514 4801 2754 4857 Laudate
2780 4820 2896 4857 eum
2947 4804 3002 4856 in
3051 4820 3180 4857 sono
3224 4802 3361 4856 tuba:
3392 4819 3411 4856 :
3439 4801 3655 4855 laudate

2056 4914 2172 4951 eum
2200 4897 2255 4950 in
2290 4895 2537 4964 psalterio
2563 4906 2611 4950 et
2641 4896 2847 4949 cithara
2892 4893 3063 4968 (Psal.
3117 4894 3226 4966 CL).
3277 4893 3402 4954 Hac
3451 4895 3654 4950 instru-

2058 4998 2238 5044 menta
2267 4988 2473 5043 musica
2498 4985 2838 5058 signiﬁcabili
2867 4985 3024 5040 modo
3052 4985 3118 5040 ad
3150 4984 3349 5055 aliquid
3381 4993 3655 5056 ponuntur

2056 5081 2112 5135 in
2173 5080 2417 5134 ordinem
2454 5097 2465 5132 :
2499 5087 2558 5132 ut
2605 5079 2732 5132 tuba
2784 5083 3074 5146 concrepet
3123 5075 3234 5146 regi
3278 5093 3289 5129 :
3338 5076 3654 5146 psalterium

2061 5178 2218 5226 canat
2253 5169 2403 5224 Deo:
2435 5169 2641 5223 cithara
2668 5183 2790 5222 cum
2832 5165 3056 5236 reliquis
3087 5181 3302 5236 sponso.
3352 5166 3458 5222 Ista
3507 5166 3655 5221 enim

2060 5262 2132 5316 ibi
2166 5276 2273 5315 non
2297 5275 2414 5314 esse
2428 5259 2774 5313 manifestum
2796 5255 2878 5313 εει
2902 5273 2916 5311 :
2947 5258 3041 5313 sed
3069 5258 3183 5312 haec
3202 5258 3384 5312 omnia
3410 5257 3655 5329 mysticis

2061 5353 2414 5408 allusionibus
2436 5353 2501 5406 ad
2525 5351 2798 5405 Christum
2821 5350 3108 5406 Dominum
3128 5359 3343 5405 constat
3369 5364 3488 5405 esse
3515 5348 3655 5404 refe-

2060 5450 2248 5511 renda,
2278 5447 2367 5516 qui
2395 5454 2479 5501 est
2512 5460 2606 5501 rex
2639 5453 2695 5500 et
2741 5445 2903 5511 Deus,
2938 5453 2993 5500 et
3044 5460 3273 5516 sponsus
3307 5452 3508 5500 sanctae
3546 5443 3652 5499 Ec-

2062 5543 2256 5598 clesiae.
2275 5540 2544 5597 Sambuea
2568 5541 2748 5610 itaque
2770 5540 2908 5611 apud
2932 5541 3286 5612 peritissimos
3301 5540 3653 5596 Hebraeorum

2063 5637 2246 5708 ignota
2294 5649 2382 5690 res
2431 5641 2529 5689 est.
2585 5633 2837 5706 Antiquis
2892 5643 3072 5690 autem
3130 5635 3462 5706 temporibus
3510 5632 3652 5704 apud

2062 5725 2342 5782 Chaldaeos
2372 5725 2539 5782 fuisse
2580 5727 2868 5797 reperitur,
2898 5728 3038 5783 sicut
3064 5729 3329 5798 scriptum
3361 5733 3443 5780 est
3476 5744 3488 5778 :
3517 5723 3652 5779 Cum

2063 5820 2336 5875 audieritis
2364 5835 2536 5874 vocem
2557 5821 2715 5886 tubae,
2738 5818 2954 5889 ﬁstula,
2976 5819 3212 5884 citharas,
3235 5817 3516 5879 sambucw,
3541 5821 3648 5869 etc.

2063 5914 2225 5989 (Dan.
2254 5914 2359 5989 tu).
2377 5913 2548 5973 Bucin
2567 5922 2794 5973 vocatur
2813 5914 2942 5972 tuba
2966 5911 3108 5985 apud
3131 5911 3388 5968 Hebraeos
3411 5926 3426 5977 ;
3455 5907 3651 5968 deinde
