4038 6324
322 2316 325 2329 l

320 2446 323 2453 ν

310 2526 329 2601 ’ὅ

308 2606 333 2691 ἱλ

402 334 508 392 499

1049 326 1111 385 Β.
1152 327 1408 402 MBAN!
1446 328 1664 387 MAURI
1700 327 2017 387 ARCHIEP.
2059 327 2367 387 MOGUNT.
2409 328 2693 429 OPEliUM
2722 332 2901 392 PARS
2936 336 3023 403 ll.‘

3564 345 3679 404 500

400 464 500 519 per
543 413 954 502 diminutionem
995 443 1191 499 bucina
1243 428 1484 499 dicitur}
1512 428 1764 516 sonitum
1812 451 1990 498 autem
2018 445 2237 505 Adlcta
2268 450 2451 501 autem
2497 418 2767 518 cymbala,
2814 442 2946 520 quia
2989 466 3114 507 cum
3163 452 3476 511 ballematia
3525 459 3675 516 simu

401 539 487 603 sol
510 537 653 611 apud
686 535 944 606 Hebraeos
963 536 1373 606 interpretatur,
1397 535 1539 603 sicut
1566 534 1827 605 scriptum
1852 541 1936 591 est
1977 553 1990 589 :

402 632 633 701 Samson
659 630 739 695 tot
779 646 983 693 eorum.
1012 627 1307 701 Propterea
1355 636 1535 695 autem
1564 628 1820 703 samlinca
1852 627 1995 698 apud

400 740 498 791 906
523 723 880 790 inscribitur:
914 721 1041 793 quia
1064 721 1219 787 multi
1243 721 1504 789 corticem
1526 719 1755 793 alicujus
1782 718 1992 775 arboris

399 822 755 890 esseputant,
782 826 839 879 et
862 831 959 886 per
1001 815 1282 883 linituram
1305 830 1444 877 cera:
1472 813 1647 873 mellis
1674 827 1795 871 esse
1824 827 1987 871 sono-

398 928 541 977 rum,
581 910 729 981 quod
757 909 812 971 in
842 910 1061 973 modum
1112 909 1253 974 tuba:
1277 907 1345 962 de
1374 922 1524 971 ramo
1549 904 1759 969 arboris
1782 903 1990 981 moveri

395 1013 595 1077 potest.
626 1004 694 1063 Et
747 1004 867 1065 ideo
908 1003 1165 1067 sambuco
1208 1000 1423 1065 dicitur,
1473 999 1615 1067 quod
1656 998 1708 1062 in
1748 1004 1990 1066 tempore

397 1100 603 1159 aestatis
634 1104 839 1157 tantum
868 1096 986 1176 ﬁeri
1010 1104 1212 1167 potest,
1235 1103 1292 1151 et
1317 1108 1487 1162 usque
1519 1092 1588 1159 ad
1612 1089 1830 1165 frigoris
1854 1097 1989 1144 tem—

393 1208 493 1262 pus
521 1191 719 1251 durare
742 1195 940 1258 potest.
973 1187 1186 1251 Arescit
1233 1184 1376 1243 enim
1409 1183 1701 1247 secundum
1746 1194 1987 1239 commu—

392 1299 518 1344 netu
547 1282 1031 1343 consuetudinem:
1066 1280 1181 1339 btet:
1222 1286 1407 1348 typum
1455 1282 1601 1333 tenet
1651 1287 1859 1337 eorum,
1891 1270 1984 1340 qui

393 1373 679 1431 Dominum
716 1372 770 1431 in
799 1371 958 1431 battis
982 1370 1099 1431 suis
1126 1369 1369 1433 laudant,
1399 1368 1454 1429 iu
1476 1374 1716 1436 tempore
1747 1362 1980 1434 frigoris,

390 1468 442 1523 id
466 1477 572 1533 est,
606 1467 660 1525 in
686 1473 929 1535 tempore
952 1461 1320 1524 tribulationis
1340 1453 1840 1529 vel‘persecutionis
1869 1453 1984 1513 lau-

387 1561 517 1619 dare
563 1575 687 1617 eum
726 1573 835 1616 non
890 1564 1135 1628 possunt,
1187 1563 1405 1625 propter
1437 1550 1809 1613 inﬁdelitatem
1857 1546 1982 1607 vitae

386 1669 598 1720 eorum,
613 1662 672 1711 et
688 1652 1077 1711 abundantiam
1095 1650 1404 1708 divitiarum
1425 1661 1665 1703 suarum.
1680 1643 1820 1714 Lyra
1835 1641 1977 1697 dicta

385 1762 488 1818 apo
518 1756 611 1810 ton
633 1744 832 1811 lnrein,
861 1744 915 1803 id
938 1752 1043 1809 est.
1070 1758 1099 1801 a
1121 1742 1384 1803 varietate
1406 1754 1620 1803 vocum.
1637 1735 1781 1807 quod
1802 1734 1980 1791 diver-

383 1815 473 1899 sos
493 1848 656 1899 sonos
668 1838 881 1895 etiiciat.
897 1836 1094 1908 Lyram
1116 1836 1349 1907 primum
1371 1850 1401 1888 a
1417 1832 1679 1888 Mercurio
1702 1831 1976 1887 inventam
2006 1815 2055 1875 B

382 1931 549 1989 fuisse
589 1931 778 1988 dicunt
823 1930 926 1987 hoc
981 1928 1139 1989 modo
1174 1945 1187 1981 :
1220 1942 1346 1995 cum
1400 1925 1709 1996 regrediens
1735 1922 1887 1985 Nilus
1917 1923 1973 1983 in

382 2042 512 2097 suos
537 2034 747 2083 meatus
775 2024 929 2080 varia
959 2023 1011 2079 in
1056 2023 1263 2092 campis
1312 2021 1620 2090 reliquisset
1670 2018 1922 2075 animalia
1956 2037 1969 2074 :

302 2130 305 2149 '
379 2118 567 2173 relicta
606 2117 772 2172 etiam
800 2116 1013 2171 testudo
1039 2124 1138 2173 est,
1167 2130 1287 2184 qua:
1321 2129 1444 2170 cum
1473 2112 1775 2182 putrefacta
1805 2121 1970 2180 esset,

378 2220 436 2265 ot
482 2209 631 2265 nervi
682 2210 802 2280 ejus
848 2208 1238 2265 remansissent
1280 2205 1515 2269 extenti,
1574 2205 1716 2259 intra
1763 2204 1972 2260 corium

375 2316 637 2373 percussa
666 2317 695 2355 a
721 2300 988 2355 Mercurio
1010 2299 1246 2354 sonitum
1272 2298 1442 2363 dedit,
1468 2297 1534 2353 ad
1563 2297 1718 2367 cujus
1735 2296 1968 2365 speciem

374 2395 676 2451 Mercurius
719 2394 890 2466 lyram
939 2393 1090 2458 fecit,
1126 2402 1181 2448 et
1210 2392 1426 2464 Orpheo
1454 2392 1697 2457 tradidit,
1723 2392 1817 2463 qui
1856 2389 1971 2460 ejus

306 2482 321 2543 ί,
373 2487 455 2543 rei
484 2486 721 2542 maxime
749 2486 1025 2541 studiosus
1050 2493 1200 2539 erat:
1227 2486 1369 2539 unde
1389 2494 1446 2541 et
1463 2485 1763 2540 aestimatur
1781 2485 1971 2539 eadem

374 2587 492 2636 arte
521 2594 629 2635 non
652 2577 800 2634 feras
827 2586 1061 2644 tantum,
1087 2578 1182 2634 sed
1205 2586 1259 2634 et
1288 2593 1419 2637 saxa
1466 2586 1628 2649 atque
1656 2577 1822 2641 sililas
1843 2591 1971 2632 can-

335 2722 340 2733 .
372 2681 463 2728 tus
484 2671 850 2727 modulatione
864 2671 1205 2742 applicuisse.
1230 2669 1382 2726 Hanc
1411 2671 1602 2726 musici
1638 2678 1971 2726 structuram

327 2756 331 2761 ’
370 2770 596 2832 propter
622 2762 788 2819 studii
807 2776 1067 2827 amorem,
1093 2773 1147 2818 ct
1171 2763 1429 2818 carminis
1452 2762 1867 2829 laudem,etiam
1888 2763 1971 2818 in-

372 2862 457 2908 ter
484 2855 663 2911 sidera
684 2869 912 2911 suarum
940 2854 1248 2913 fabularum
1281 2856 1604 2912 commentis
1648 2856 1979 2926 collocatam,

371 2960 489 3002 esse
520 2946 813 3005 ﬁnxerunt.
854 2947 995 3020 Lyra
1024 2950 1169 3005 enim
1198 2950 1426 3022 mystice
1455 2949 1727 3021 signiﬁcat
1755 2957 1982 3005 sancto-'

1716 3025 1941 3043 Ma“

318 3034 325 3103 ξ
370 3037 948 3119 riLmﬂultationem.
984 3041 1140 3099 Unde
1175 3043 1231 3097 in
1256 3042 1704 3114 Paralipomenon
1729 3034 1963 3114 legituF:

368 3112 477 3186 In”
480 3111 621 3201 13;";
646 3116 918 3193 ’ἷέἶαῖῖὶε
946 3133 996 3204 (1
1029 3133 1153 3188 Par.
1182 3135 1305 3207 xv);
1337 3145 1392 3191 et
1502 3136 1699 3191 malam
1724 3111 1959 3208 partem,

366 3232 424 3278 ut
446 3223 503 3279 in
519 3222 686 3281 Amos
703 3241 716 3278 :
733 3223 802 3279 Et
823 3227 1030 3280 cantica
1047 3225 1176 3296 lyra:
1195 3236 1299 3282 tua:
1321 3244 1424 3282 non
1447 3228 1662 3282 audiam
1683 3228 1865 3302 (Amos
1876 3231 1956 3303 ν).

366 3314 707 3386 Tympanum
734 3323 818 3373 est
841 3316 1005 3388 pellis
1039 3318 1124 3373 vel
1173 3319 1378 3373 corium
1408 3320 1552 3389 ligno
1580 3335 1644 3375 ex
1674 3337 1778 3376 una
1805 3332 1960 3392 parte

365 3416 646 3485 extentum
670 3424 686 3463 :
710 3418 795 3466 est
822 3418 1002 3475 autem
1024 3426 1153 3481 pars
1180 3411 1355 3466 media
1381 3414 1715 3483 symphoniae
1738 3416 1791 3470 in
1816 3417 1961 3473 simi-

365 3504 647 3559 litudinem
670 3504 857 3568 cribri,
884 3513 1202 3575 tympanum
1229 3505 1430 3560 dictum
1451 3521 1517 3562 eo
1532 3509 1675 3577 quod
1706 3511 1759 3564 in
1782 3512 1960 3571 medio

364 3603 449 3650 est
472 3614 485 3650 :
512 3596 654 3659 unde
676 3604 731 3651 et
754 3597 1106 3666 margaritum
1132 3595 1368 3652 medium
1392 3606 1705 3670 tympanum
1722 3601 1923 3656 dicitur
1943 3621 1975 3671 ε⁵

365 3698 421 3745 et
451 3691 625 3760 ipsum
650 3699 711 3745 ut
731 3691 1050 3762 symphonia
1083 3691 1153 3749 ad
1174 3692 1437 3763 virgulam
1462 3697 1780 3763 percutitur.
1798 3697 1961 3769 Tym-

362 3794 563 3850 panum
592 3782 783 3851 paucis
806 3781 986 3837 verbis
1013 3782 1272 3853 explicari
1308 3796 1541 3855 oportet,
1566 3787 1709 3857 quod
1736 3780 1975 3845 minima

361 3893 451 3932 res
476 3884 595 3942 est,’
632 3891 698 3932 eo
723 3877 869 3947 quod
915 3877 969 3931 in
1020 3893 1182 3933 manu
1212 3879 1454 3936 mulieris
1497 3884 1704 3952 pertari
1758 3894 1957 3955 potest,

361 3971 500 4025 sicut
523 3970 784 4041 scriptum
814 3978 900 4025 est
926 3970 979 4024 in
1015 3970 1201 4027 Exodo
1229 3989 1242 4026 :
1274 3970 1510 4043 Sumpsi:
1555 3984 1731 4029 autem
1783 3962 1959 4030 Maria

359 4063 688 4133 prophetissa
740 4078 892 4117 soror
939 4062 1119 4117 Aaron
1179 4073 1481 4134 tympanum
1540 4067 1594 4119 in
1646 4083 1807 4122 manu
1860 4085 1958 4123 sua

361 4151 561 4226 (Exod.
604 4154 729 4225 xv);
760 4165 816 4207 ct
854 4162 937 4208 est
966 4153 1093 4209 tuba
1125 4169 1246 4209 cum
1297 4172 1403 4209 una
1448 4157 1624 4213 fistula
1680 4158 1734 4212 in
1784 4158 1959 4228 capite

360 4254 611 4313 angusto,
656 4260 751 4315 per
780 4244 920 4313 quod
969 4243 1195 4314 inspirat
1219 4263 1231 4298 :
1258 4246 1339 4300 sic
1366 4254 1419 4300 et
1450 4247 1670 4302 minima
1696 4248 1959 4317 sapientia

360 4334 499 4407 legis
543 4338 742 4393 veteris
787 4339 840 4393 in
869 4355 1031 4394 manu
1061 4340 1367 4397 Iudaeorum
1394 4344 1693 4415 'synagogze
1724 4344 1959 4414 antiquis

359 4430 696 4499 temporibus
725 4430 844 4486 fuit.
873 4432 1004 4488 Item
1032 4444 1346 4505 tympanum
1392 4450 1587 4504 corpus
1621 4443 1956 4493 attenuatum

360 4524 418 4581 in
436 4525 643 4595 jejunio
672 4526 957 4623 signiﬁcat,
989 4536 1051 4582 ut
1081 4530 1135 4584 in
1188 4530 1433 4599 psalmo:
1475 4528 1714 4585 Laudate
1758 4548 1875 4585 eum
1902 4534 1955 4588 in
1981 4562 2035 4623 Β

308 4612 311 4619 “
366 4625 614 4688 tympano
637 4629 682 4673 et
706 4620 862 4675 choro
887 4608 1059 4693 (Ῥεαι.
1108 4622 1217 4692 CL).
1247 4622 1459 4677 Chorus
1488 4639 1703 4694 quoque
1729 4627 1955 4705 simplex

300 4782 305 4785 _
359 4711 519 4782 pellis
548 4721 650 4767 est
676 4729 797 4769 cum
845 4717 1053 4769 dualms
1078 4715 1269 4769 cicutis
1317 4716 1492 4783 mrcis,
1521 4727 1574 4773 et
1597 4735 1695 4790 per
1724 4722 1955 4797 primam

290 4865 295 4869 _
363 4801 663 4872 inspiratur
701 4825 713 4860 :
756 4823 853 4876 per
904 4806 1219 4872 secundam,
1271 4822 1457 4863 vocem
1498 4810 1701 4865 emittit
1730 4806 1749 4867 ’ί
1799 4821 1956 4887 typus

288 4933 300 4967 ε
362 4896 545 4968 populi
594 4888 816 4969 prioris,
867 4899 958 4969 qui
1014 4908 1295 4968 angustam
1359 4902 1763 4974 intelligentiam
1824 4907 1954 4979 legis

359 4999 664 5059 acceperat,
695 5001 749 5047 et
773 5006 872 5061 per
896 4999 1177 5060 angustam
1204 4991 1530 5049 voluntatem
1554 4999 1954 5067 prmdirationis

360 5083 540 5138 omnia
588 5085 874 5140 inﬁrmiter
900 5085 1230 5153 prrodicavit.
1282 5086 1338 5141 Si
1394 5098 1572 5143 autem
1621 5100 1829 5147 terrena
1862 5109 1951 5147 sa—

358 5173 574 5253 pienter
627 5193 690 5230 ac
738 5168 1022 5245 diligenter
1087 5178 1462 5248 respiciamus,
1522 5182 1840 5253 spiritaliter
1890 5201 1952 5241 ac

359 5248 590 5338 mystice
624 5267 973 5335 intelligenda
1017 5279 1160 5324 sunt.
1218 5270 1349 5326 item
1401 5272 1506 5328 alio
1538 5275 1716 5341 modo,
1755 5277 1951 5333 chorus

363 5360 652 5414 concordia
684 5367 768 5415 est
797 5359 1097 5421 charitatis,
1128 5362 1215 5417 ubi
1242 5371 1297 5417 ct
1329 5380 1488 5436 supra
1522 5385 1533 5421 :
1563 5366 1803 5421 Laudate
1833 5384 1951 5422 eum

355 5451 414 5504 in
442 5460 688 5520 tympano
715 5460 761 5505 et
794 5453 950 5505 choro
994 5452 1214 5527 (llud);
1261 5466 1315 5510 et
1358 5458 1417 5513 in
1454 5458 1612 5512 aliam
1635 5466 1863 5528 partem,
1889 5469 1949 5537 ut

355 5541 412 5596 in
457 5540 691 5597 Jeremia
739 5541 955 5613 (Thren.
987 5546 1042 5617 v)
1074 5565 1088 5601 :
1130 5545 1317 5605 Versus
1350 5562 1427 5606 est
1454 5552 1510 5605 in
1537 5550 1731 5605 luctum
1759 5554 1945 5608 chorus

355 5644 535 5689 noster
550 5653 567 5700 ;
591 5645 645 5690 et
675 5636 800 5693 alibi
824 5657 836 5691 :
871 5638 940 5693 Et
967 5658 1219 5713 organum
1242 5661 1413 5717 meum
1441 5644 1493 5698 in
1519 5660 1688 5699 vocem
1710 5647 1946 5714 ﬂentium

357 5726 505 5799 (Job.
560 5731 713 5803 xxx).
747 5730 1001 5813 Cymbala
1052 5737 1333 5811 acetabula
1380 5736 1625 5808 quaedam
1656 5746 1802 5803 sunt,
1826 5753 1947 5808 quae

354 5836 613 5903 percussa
664 5828 892 5886 invicem
951 5846 1009 5886 sc
1056 5839 1307 5905 tangunt,
1358 5839 1413 5887 et
1473 5830 1678 5888 faciunt
1706 5846 1942 5889 sonum:

2095 540 2490 613 percutiuntur,
2512 556 2636 614 cum
2657 543 2804 601 enim
2829 542 3002 601 (ἓΜί
3030 546 3215 607 dicunt
3238 550 3485 620 cymbala
3513 553 3697 615 balte-

2092 633 2310 698 matica,
2340 635 2405 691 de
2428 648 2537 704 quo
2561 634 2615 692 in
2638 634 2848 707 psalmo
2869 637 3128 708 seruitum
3154 647 3241 694 est
3264 653 3281 693 :
3305 639 3545 698 Laudat:
3564 661 3698 701 eum

2090 727 2147 783 in
2175 726 2428 796 cymbalis
2447 726 2575 784 bona
2601 727 2906 789 manibus
2935 727 3108 796 (Βωι.
3130 730 3239 805 ει),
3264 732 3521 804 Cymbala
3545 739 3698 796 bene

2092 820 2341 881 sooantia
2372 820 2515 879 labia
2563 832 2748 882 nostra
2796 822 3056 883 debemus
3098 826 3366 896 accipere,
3402 843 3523 899 quae
3572 846 3694 891 nan

2090 910 2364 969 immerito
2384 912 2528 987 inter
2554 913 2759 971 musica
2781 913 3137 973 instrumenta
3161 918 3334 987 posita
3358 929 3489 975 sunt
3512 940 3525 975 :
3552 925 3693 993 quia

2089 1009 2144 1065 οι
2184 1002 2495 1072 ,είῐηίιίιιιάο
2527 1003 2775 1073 quaedam
2818 1012 2901 1063 est
2952 1006 3323 1077 cymbalorum
3357 1026 3372 1062 :
3402 1017 3457 1064 et
3479 1026 3579 1081 per
3612 1027 3690 1071 ea

2087 1107 2251 1157 voces
2299 1092 2549 1167 humanae
2612 1094 2949 1157 harmoniam
3013 1097 3241 1155 reddere
3299 1100 3690 1157 suavissimam

2088 1184 2527 1254 comprobantur.
2543 1183 2836 1245 Harmonia
2865 1194 2950 1245 est
2968 1187 3112 1243 enim
3130 1188 3467 1251 diversarum
3493 1207 3688 1248 rerum

2084 1277 2141 1339 in
2173 1293 2335 1339 unam
2363 1278 2794 1341 convenientiam
2842 1279 3065 1339 redacta
3094 1281 3367 1351 copulatio
3392 1299 3411 1337 :
3450 1286 3597 1353 quod
3621 1292 3690 1340 et

2084 1368 2141 1435 in
2183 1385 2316 1431 voce
2360 1371 2594 1433 humana
2628 1379 2839 1439 constat
2892 1372 3137 1438 accidere
3170 1376 3427 1444 :quando
3452 1387 3509 1433 et
3533 1385 3685 1437 lem-

2083 1474 2218 1533 pora
2244 1463 2359 1532 ipsa
2388 1471 2444 1525 et
2469 1463 2689 1535 syllaba:
2711 1464 2765 1519 in
2799 1479 2963 1527 unam
3005 1465 3158 1527 vocis
3185 1467 3529 1527 concordiam
3554 1484 3686 1541 per-

2083 1554 2370 1623 ducuntur.
2403 1553 2635 1615 Sistrum
2654 1554 2721 1629 ab
2742 1555 3041 1613 inventrice
3068 1564 3317 1621 vocatum
3349 1558 3488 1619 :isis
3527 1558 3683 1618 enim

2081 1647 2269 1719 regina
2318 1646 2698 1720 Egyptiorum
2743 1647 2799 1718 id
2852 1661 3021 1718 genus
3076 1648 3351 1716 invenisse
3384 1653 3675 1722 probatur.

2080 1740 2355 1807 Iuvenalis
2382 1759 2397 1796 :

2206 1840 2296 1895 isis
2318 1846 2372 1891 et
2394 1842 2516 1893 irato
2540 1840 2685 1893 feriat
2703 1853 2813 1899 mea
2834 1840 3016 1895 lumina
3037 1844 3202 1894 sistro.

2146 1923 2276 1981 Inde
2322 1932 2377 1980 et
2406 1926 2509 1989 hoc
2535 1925 2794 1989 mulieres
2838 1928 3173 1998 percutiunt,
3215 1943 3282 1987 eo
3310 1930 3454 2000 quod
3480 1929 3676 1988 inven-

2075 2017 2183 2073 trix
2226 2016 2385 2087 bujus
2413 2018 2631 2087 generis
2664 2018 2861 2079 mulier
2888 2017 3010 2083 fuit.
3043 2019 3196 2077 Unde
3223 2029 3277 2077 et
3318 2022 3459 2092 apud
3498 2022 3671 2081 Ama-

2077 2127 2242 2173 zonas
2262 2113 2428 2167 sistro
2456 2113 2523 2179 ad
2556 2112 2752 2173 bellum
2777 2114 3104 2177 teminarum
3137 2117 3411 2175 exercitus
3436 2121 3673 2174 vocaba-

2075 2212 2182 2261 tur.
2210 2203 2650 2267 Tiutinnsbulum
2673 2204 2741 2263 de
2760 2220 2897 2267 sono
2917 2206 3065 2267 vocis
3090 2221 3286 2267 nomen
3310 2208 3472 2267 habet
3495 2228 3508 2263 :
3526 2210 3672 2265 sicut

2074 2302 2130 2351 et
2178 2294 2400 2366 plausus
2442 2310 2721 2361 manuum,
2765 2297 2968 2355 stridor
3003 2298 3302 2356 valvarum.
3333 2301 3670 2371 Symphonia

2072 2386 2233 2458 vulgo
2278 2386 2576 2457 appellatur
2618 2387 2824 2460 lignum
2870 2403 3063 2447 cavum
3113 2404 3182 2449 ex
3233 2401 3463 2462 utraque
3512 2403 3674 2462 parte

2071 2482 2210 2553 pelle
2249 2491 2492 2547 extenta,
2534 2497 2698 2553 quam
2752 2483 2977 2555 virgulis
3020 2484 3157 2543 hinc
3200 2493 3255 2540 et
3303 2484 3427 2541 inde
3470 2488 3669 2542 musici

2056 2572 2275 2635 ‘feriunt
2320 2593 2333 2629 :
2389 2573 2556 2644 ﬁtque
2602 2575 2659 2629 in
2702 2590 2767 2634 ea
2810 2591 2878 2631 ex
2914 2576 3202 2635 concordia
3228 2578 3410 2646 gravis
3438 2585 3493 2633 et
3518 2580 3667 2633 acciti

2072 2667 2424 2729 suavissimus
2448 2675 2663 2728 cantus.

2685 2761 2915 2819 CAPUT
2952 2764 3021 2820 ν.

2669 2852 2747 2913 De
2778 2855 3061 2913 medicina.

2142 2945 2406 3004 Medicina
2429 2956 2537 3015 est,
2563 2963 2683 3020 qua;
2708 2949 2955 3020 corporis
2978 2948 3065 3005 .vel
3102 2956 3305 3018 tuetur,
3331 2948 3418 3006 vel
3442 2960 3658 3007 restau-

2070 3046 2159 3095 rat
2191 3038 2419 3095 salutem
2452 3059 2464 3094 :
2494 3038 2646 3109 cujus
2692 3042 2920 3099 materia
2949 3049 3201 3098 versatur
3248 3043 3301 3098 iu
3339 3045 3543 3100 morbis
3568 3045 3663 3101 vel

2068 3130 2405 3186 vulneribus.
2428 3130 2512 3185 Ad
2538 3132 2678 3186 hanc
2698 3131 2880 3203 itaque
2902 3134 3175 3203 pertinent
3194 3148 3302 3189 non
3330 3149 3392 3189 ea
3422 3142 3656 3206 tantum,

2065 3238 2185 3292 qua:
2209 3238 2301 3279 ars
2328 3238 2517 3279 eorum
2540 3222 2782 3289 exhibet,
2805 3225 2894 3294 qui
2917 3218 3137 3296 proprie
3154 3226 3347 3282 medici
3371 3229 3661 3286 nominan-

2065 3328 2154 3374 tur
2182 3338 2195 3374 :
2232 3318 2513 3374 sed‘etiam
2536 3318 2689 3377 cibus
2711 3326 2766 3373 et
2803 3327 2981 3389 potus,
3012 3328 3223 3390 tegmen
3271 3330 3327 3376 et
3358 3332 3609 3394 tegumen
3640 3344 3653 3379 :

2063 3409 2305 3466 defensio
2335 3410 2565 3481 denique
2601 3409 2780 3465 omnis
2829 3419 2993 3481 atque
3028 3412 3277 3478 munitio,
3318 3427 3425 3482 qua
3461 3430 3658 3470 sanum

2064 3519 2261 3573 corpus
2285 3504 2548 3559 adversus
2595 3511 2850 3560 externos
2889 3504 3048 3569 ictus,
3089 3519 3357 3576 casusque
3381 3516 3652 3562 servatur.

2064 3593 2270 3650 Nomen
2302 3602 2484 3650 autem
2506 3595 2786 3650 medicinae
2821 3610 2853 3650 a
2905 3599 3086 3663 modo,
3125 3597 3180 3651 id
3229 3605 3334 3665 est,
3361 3580 3654 3670 ‘tempera-

2063 3698 2248 3744 mento
2288 3688 2597 3758 impositum
2647 3690 2966 3745 mstimatur.
3026 3691 3160 3747 Nam
3211 3692 3265 3747 in
3315 3678 3379 3749 ea
3427 3696 3653 3750 multum

2063 3784 2413 3839 contristatur
2436 3791 2648 3849 natura,
2674 3784 3022 3845 mediocriter
3050 3793 3230 3840 autem
3255 3788 3489 3857 gaudet:
3512 3789 3655 3843 unde

2062 3886 2117 3933 et
2142 3861 2232 3948 qui
2256 3879 2526 3949 pigmenta
2552 3885 2606 3933 et
2630 3878 2869 3945 antidoto
2894 3879 3026 3933 satis
3049 3879 3134 3933 vel
3160 3880 3375 3935 assidue
3393 3880 3651 3946 biberint,

2062 3978 2346 4026 vexantur.
2392 3969 2775 4025 lmmoderatio
2815 3970 2959 4025 enim
3011 3970 3191 4026 omnis
3237 3986 3344 4026 non
3397 3972 3649 4038 salutem,

2063 4064 2156 4120 sed
2189 4063 2482 4135 periculum
2512 4062 2686 4118 aliert.
2720 4061 2998 4121 Medicinae
3042 4071 3224 4119 autem
3283 4065 3416 4135 artis
3462 4073 3654 4120 auctor

2063 4172 2127 4211 ac
2158 4165 2404 4226 repertor
2430 4157 2569 4227 apud
2598 4155 2819 4211 Grecos
2864 4157 3180 4227 perhibetur
3220 4157 3410 4229 Apollo
3447 4176 3463 4213 :
3510 4158 3653 4212 hanc

2062 4248 2205 4303 filius
2228 4248 2347 4317 ejus
2376 4246 2720 4317 JEsculapius
2747 4248 2903 4304 laude
2924 4248 3007 4302 vel
3032 4264 3196 4319 opere
3222 4234 3515 4321 ampliavit.
3542 4248 3650 4304 Sed

2060 4348 2345 4410 postquam
2383 4339 2624 4395 fulminis
2665 4341 2773 4395 ictu
2824 4340 3168 4410 Esculapius
3224 4342 3449 4409 interiit,
3482 4342 3649 4398 inter-

2061 4432 2202 4486 dicta
2230 4430 2406 4486 fertur
2427 4432 2674 4487 medendi
2693 4448 2842 4497 cura,
2892 4442 2948 4488 et
2976 4448 3065 4487 ars
3093 4433 3249 4489 simul
3275 4450 3398 4489 cum
3429 4442 3647 4489 auctore

2059 4524 2276 4589 defecit,
2322 4522 2702 4595 latuitque'per
2750 4540 2919 4581 annos
2958 4541 3093 4597 pene
3126 4526 3446 4598 quingentos
3476 4542 3648 4596 usque

2059 4617 2128 4674 ad
2163 4626 2376 4689 tempus
2423 4618 2742 4674 Artaxerxis
2799 4619 2941 4691 regis
2996 4618 3284 4675 Persarum
3319 4633 3336 4673 :
3368 4628 3497 4697 tunc
3524 4635 3645 4674 eam

2059 4714 2334 4769 revocavit
2362 4714 2417 4768 in
2446 4698 2621 4769 lucem
2650 4710 2889 4785 Ypocras
2942 4712 3191 4784 Asclepio
3240 4722 3394 4784 patre
3433 4713 3648 4784 genitus

2057 4808 2111 4862 in
2156 4806 2331 4861 insula
2374 4804 2543 4861 Clioo.
2593 4804 2807 4860 Sanitas
2850 4813 2933 4860 est
2956 4805 3241 4876 integritas
3286 4804 3552 4875 corporis,
3592 4811 3649 4857 ct

2058 4899 2414 4970 temperantia
2438 4912 2503 4951 cx
2536 4897 2711 4953 calido
2736 4905 2791 4952 et
2813 4898 3054 4964 humido,
3086 4898 3229 4968 quod
3255 4905 3339 4952 est
3383 4896 3601 4967 sanguis
3629 4915 3640 4948 :

2054 4995 2195 5047 unde
2250 5000 2304 5046 ct
2350 4992 2553 5046 sanitas
2590 4991 2731 5045 dicta
2777 5000 2877 5055 est,
2921 4991 3073 5061 quasi
3104 4986 3407 5063 sanguinis
3450 4997 3640 5044 status.

2055 5085 2228 5141 Morbi
2276 5084 2513 5155 generali
2573 5083 2833 5139 vocabulo
2876 5098 3065 5138 omnes
3086 5083 3369 5153 passiones
3397 5081 3643 5152 corporis

2056 5178 2403 5234 continentur
2434 5174 2615 5246 :qnod
2647 5175 2769 5229 inde
2807 5183 3018 5230 veteres
3043 5174 3289 5229 morbum
3323 5171 3638 5251 nominave-

2055 5287 2200 5342 runt,
2234 5284 2295 5329 ut
2344 5275 2458 5344 ipsa
2506 5271 2861 5344 appellatione
2899 5272 3089 5327 mortis
3137 5271 3265 5339 vim,
3295 5283 3415 5351 quae
3463 5281 3530 5321 ex
3573 5280 3639 5321 eo

2054 5369 2316 5433 nascitur,
2356 5367 2807 5435 demonstrarent.
2855 5364 3001 5420 Inter
3044 5363 3331 5419 sanitatem
3378 5369 3557 5416 autem
3585 5367 3640 5415 et

2055 5462 2303 5517 morbum
2355 5457 2531 5512 media
2582 5465 2667 5514 est
2708 5457 2940 5522 curatio,
2987 5472 3105 5527 qum
3137 5456 3241 5511 nisi
3289 5453 3477 5523 morbo
3509 5467 3639 5508 con-

2055 5560 2228 5624 gruat,
2279 5564 2385 5604 non
2426 5548 2677 5619 perducit
2714 5549 2780 5603 ad
2807 5549 3114 5621 sanitatem.
3158 5545 3328 5602 Morbi
3353 5560 3543 5601 omnes
3570 5558 3637 5598 ex

2053 5651 2288 5715 quatuor
2316 5651 2612 5698 nascuntur
2630 5641 2969 5707 humoribus,
2995 5641 3047 5696 id
3075 5647 3178 5707 est,
3208 5655 3275 5696 cx
3302 5637 3563 5710 sanguine
3583 5643 3638 5691 ct

2051 5738 2194 5805 felle,
2245 5736 2601 5809 melancholia
2643 5744 2699 5793 et
2736 5735 3043 5809 phlegmate
3071 5752 3083 5788 :
3118 5749 3183 5789 ex
3214 5733 3344 5805 ipsis
3373 5731 3517 5787 enim
3551 5744 3637 5783 re-

2054 5840 2253 5911 guntur
2282 5832 2422 5903 sani,
2445 5845 2512 5892 ex
2564 5828 2695 5913 ipsis
2740 5826 3012 5891 laeduntur
3049 5826 3278 5942 infirmi;
3315 5825 3451 5885 Dum
3491 5821 3637 5883 enim
