4038 6324
440 385 546 443 505

1079 389 1136 442 Β.
1179 389 1431 446 RABANI
1469 390 1690 449 ΒίΑοΒί
1726 394 2042 450 ARCHIEP.
2086 397 2394 455 MOGUNT.
2435 400 2722 457 OPERUM
2762 402 2940 459 PARS
2973 405 3038 460 ll.

3600 410 3723 464 sos
3743 479 3754 481 __

434 503 764 572 deprimens,
792 502 994 558 mentis
1021 503 1205 558 oculos
1233 507 1301 560 ad
1333 507 1572 561 coelestia
1604 508 2012 578 contemplanda
2040 519 2094 578 Α
2118 524 2378 578 aromata,
2428 526 2642 571 stactem
2685 525 2735 572 et
2773 520 2995 589 onycha,
3031 519 3316 590 galbanum
3349 523 3472 578 boni
3501 525 3716 590 odoris,

433 593 647 648 elevare
674 607 781 648 non
823 593 972 647 sinit.
1004 593 1309 651 Confractis
1358 598 1617 653 testiculis
1643 607 1744 664 est,
1775 599 1866 669 qui
1894 599 2022 654 viri-

435 686 530 740 des
558 700 749 740 sensus
770 685 1028 740 adversus
1048 686 1176 740 vitia
1204 702 1310 741 non
1339 689 1519 742 habet.
1553 689 1892 745 Ponderosus
1915 699 2020 756 est,

435 791 595 844 quem
625 791 793 844 prava
841 776 1096 845 cogitatio
1129 776 1498 833 indesinenter
1516 788 1706 852 gravat
1739 781 1791 834 in
1819 791 2017 836 mente.

435 866 682 923 Scabiem
716 868 769 922 in
798 882 1025 937 corpore
1051 869 1236 935 habet,
1279 885 1438 939 quem
1487 870 1701 927 luxuria
1724 874 1909 929 carnis
1935 875 2024 929 de-

431 966 607 1012 vastat
638 958 692 1012 in
723 967 922 1014 mente.
947 961 1314 1032 lmpetiginem
1337 963 1518 1026 habet,
1549 965 1634 1018 cui
1667 965 1894 1019 avaritia
1926 956 2021 1020 do-

432 1055 671 1109 minatur
704 1055 758 1109 in
788 1056 970 1110 corde.
1015 1055 1118 1109 Alii
1157 1055 1298 1110 hanc
1352 1056 1720 1128 impetiginem
1767 1059 2021 1114 concilia-

432 1145 556 1200 bula
588 1147 965 1202 hazreticorum
994 1146 1396 1202 intellexerunt.
1429 1147 1747 1204 Abstractus
1767 1159 1872 1217 est,
1903 1153 2017 1222 qui,

430 1239 668 1308 peccatis
720 1238 952 1309 propriis
1003 1238 1375 1310 exigentibus,
1432 1255 1460 1293 a
1511 1239 1709 1295 Christi
1767 1257 2016 1314 corpore,

429 1331 572 1399 quod
599 1338 682 1384 est
715 1329 974 1395 Ecclesia,
1009 1338 1289 1400 separatus
1314 1340 1416 1386 est.
1467 1331 1702 1387 Medicus
1746 1333 2016 1399 Christus,

427 1429 487 1474 ιιι
516 1423 565 1475 in
589 1420 918 1491 Evangelio:
953 1420 1078 1475 Non
1123 1432 1271 1492 egent
1329 1423 1445 1475 sani
1477 1423 1698 1488 medico,
1746 1425 1835 1479 sed
1883 1425 2019 1480 male

427 1515 673 1568 lia/tentes
705 1514 922 1583 (Matth.
949 1513 1048 1586 ix).
1077 1514 1299 1579 Resina,
1332 1515 1568 1570 cmlestis
1617 1517 1881 1572 medicina
1913 1527 2014 1582 est,

427 1613 484 1657 ut
509 1603 774 1660 Jeremias
800 1606 932 1661 dicit
959 1620 973 1658 :
1008 1604 1262 1676 Nunquid
1284 1621 1386 1658 non
1409 1616 1483 1659 est
1516 1608 1687 1664 resina
1715 1608 1770 1661 in
1785 1607 2014 1675 Galaad,

2123 616 2168 659 et
2197 607 2316 660 thus
2339 606 2722 664 lucidissimum
2746 626 2764 666 :
2786 611 3002 681 (aqualis
3030 613 3275 683 ponderis
3295 623 3446 670 erunt
3477 617 3660 672 omnia
3697 632 3722 671 :

2122 696 2384 768 faciesque
2424 700 2710 769 thymiama
2751 704 3091 768 compositum
3149 723 3300 774 opere
3341 708 3719 778 unguentarii,

2120 789 2328 843 mistum
2350 789 2624 882 diliggnter
2647 800 2695 845 et
2718 809 2908 862 purum
2941 793 3139 867 (Exod.
3171 797 3325 869 xxx).
3354 798 3721 871 ‘Tbymiama

2121 881 2575 951 compositumex
2604 886 2936 940 aromatibus
2990 886 3236 951 facimus,
3273 906 3397 945 cum
3452 892 3505 946 in
3547 892 3720 948 altari

2119 971 2244 1040 boni
2271 975 2451 1043 cperis
2480 974 2738 1030 virtutum
2771 977 3165 1047 multiplicitate
3188 981 3495 1038 redolemus
3519 997 3534 1038 :
3559 984 3722 1054 quod

2120 1065 2340 1121 mistum
2381 1076 2436 1122 et
2479 1083 2672 1137 purum
2710 1069 2805 1124 ﬁt:
2838 1072 2961 1140 quia
2993 1082 3254 1142 quantum
3309 1077 3480 1131 virtus
3518 1077 3722 1132 virtuti

2113 1159 2376 1231 jungitur,
2425 1170 2632 1243 tantum
2685 1164 2967 1221 incensum
3019 1167 3144 1222 boni
3205 1170 3386 1238 operis
3438 1170 3722 1226 sincerius

2119 1251 2423 1306 exhibetur.
2456 1253 2712 1308 Aromata
2736 1271 2865 1326 ergo
2910 1257 2964 1310 in
3010 1257 3282 1328 pulverem
3327 1260 3594 1332 redigere,
3624 1269 3724 1316 est

2085 1387 2088 1390 .
2117 1339 2345 1395 virtutes
2396 1344 2747 1413 recogitando
2774 1352 2953 1401 terere
2993 1356 3046 1401 et
3075 1348 3346 1403 subtiliter
3371 1350 3718 1406 examinare.

2117 1428 2399 1496 Incensum
2413 1434 2742 1489 odoriferam
2769 1436 2833 1489 de
2856 1437 3146 1507 pigmentis
3167 1446 3250 1494 est
3267 1440 3450 1495 suavis
3469 1442 3721 1508 adustio,

2117 1538 2237 1592 quae
2285 1523 2609 1579 carbonibus
2662 1537 3004 1582 concremata
3064 1531 3441 1587 charissimum
3497 1533 3720 1589 fumum

2116 1616 2343 1686 porrigit
2378 1617 2462 1670 ‘ad
2511 1633 2775 1687 superna,
2832 1629 2887 1674 et
2938 1623 3229 1678 odorantes
3285 1639 3343 1679 se
3402 1623 3723 1680 delectabili

426 1696 530 1791 ξφα
575 1704 677 1760 θεῖ,
714 1698 787 1791 (in
844 1697 1120 1760 Εεοιθδῖθν
1185 1707 1277 1751 aut
1331 1699 1560 1752 ηιεάίειιε
1616 1717 1720 1754 ηοη
1775 1710 1852 1756 est
1904 1702 2020 1756 ibi?
2108 1709 2445 1778 jucunditate
2491 1715 2810 1783 permulcet,
2868 1718 2947 1772 sic
2997 1718 3280 1773 beatorum
3331 1720 3530 1779 oratio.
3579 1720 3718 1791 igne

423 1788 559 1859 (Jer.
583 1789 730 1860 vm.)
757 1792 888 1847 Item
915 1792 987 1846 ibi
1018 1800 1237 1862 propter
1271 1792 1504 1846 animam
1527 1800 1879 1862 peccatorum
1900 1794 2016 1848 lan-

2116 1806 2396 1861 eharitatis
2448 1808 2686 1874 incensa,
2742 1810 2938 1865 divinis
2993 1814 3371 1883 conspectibus
3421 1814 3720 1885 ingeritur,

372 1902 378 1908 ε
422 1897 589 1974 guore
632 1881 901 1974 inﬁrmam
928 1901 941 1936 ε
973 1880 1188 1974 Ponite,
1205 1884 1398 1953 inquit,
1430 1886 1654 1938 resinam
1685 1885 1754 1938 ad
1780 1885 2012 1938 dolorem
2043 1882 2089 1940 B
2117 1912 2237 1966 qua
2294 1899 2465 1969 magis
2519 1899 2843 1956 humilitatis
2887 1912 2942 1957 ει
2992 1880 3424 1974 θοιηρυηειίοηίε
3469 1880 3722 1974 gaudere

422 1973 562 2042 ejus,
615 1973 658 2026 si
708 1973 844 2042 forte
886 1984 1106 2028 sanetur
1170 1972 1306 2045 (Jer.
1358 1973 1452 2046 LI).
1487 1974 1635 2030 Odor
1681 1984 1908 2032 vocatus
1943 1978 2012 2030 ab

427 2078 594 2118 aere:
626 2065 943 2135 thymiama,
997 2064 1183 2120 Grarca
1236 2065 1416 2136 lingua
1455 2075 1726 2132 vocatum,
1758 2068 1901 2138 quod
1947 2069 2018 2123 sit

422 2156 700 2211 odorahile
734 2176 746 2210 :
779 2173 901 2211 nam
927 2158 1171 2230 thymum
1194 2158 1392 2213 dicitur
1424 2157 1521 2213 ﬂos
1553 2160 1644 2228 qui
1673 2160 1895 2215 odorem
1923 2175 2013 2216 re-

423 2246 552 2312 fert,
575 2249 642 2303 de
671 2265 778 2319 quo
804 2249 1092 2320 Virgilius:
1123 2248 1479 2322 Redolentqne
1503 2251 1700 2320 thymo.
1729 2250 2014 2306 Incensum

423 2343 650 2406 dictum,
685 2346 807 2414 quia
849 2345 974 2415 igne
999 2345 1359 2410 consumitur,
1407 2345 1530 2398 dum
1564 2341 1828 2400 offertur:
1854 2346 2013 2415 signi-

423 2433 549 2490 ﬁcat
567 2436 710 2489 enim
739 2437 1020 2491 incensum
1052 2437 1315 2491 orationis
1347 2437 1636 2507 puritatem
1669 2449 1684 2488 :
1719 2437 1860 2490 unde
1884 2436 2013 2490 dici-

419 2534 510 2580 tur
533 2527 585 2579 in
613 2527 820 2596 psalmo
849 2547 861 2581 :
888 2527 1162 2598 Dirigatur
1185 2529 1352 2582 oratio
1390 2543 1528 2594 mea,
1557 2528 1693 2582 sicut
1718 2526 2009 2596 incensum,

416 2616 474 2668 in
500 2628 770 2685 conspectu
795 2627 883 2671 tuo
916 2617 1086 2690 (Psal.
1123 2620 1267 2691 CXL).

494 2707 560 2762 Et
597 2709 650 2762 in
684 2709 869 2766 Exodo
903 2711 1162 2767 Dominus
1189 2712 1259 2767 ad
1309 2711 1530 2784 Moysen
1572 2711 1648 2767 ait
1687 2729 1700 2768 :
1741 2710 1900 2768 Sume
1921 2714 2015 2770 tibi

2122 1987 2450 2043 sublevatur.
2494 1988 2798 2047 Virtutibus
2849 1994 2996 2048 enim
3046 1995 3306 2050 Dominus
3358 2004 3544 2051 noster
3587 2005 3724 2050 tan-
3771 1992 3780 1999 ’

2121 2097 2282 2150 quam
2331 2081 2488 2137 bonis
2523 2083 2822 2139 delectatur
2868 2087 3123 2142 odoribus
3184 2107 3196 2142 :
3245 2103 3371 2144 nam
3407 2089 3719 2143 orationem

2120 2181 2384 2237 sanetam,
2415 2173 2561 2228 velut
2595 2176 2814 2229 odorem
2847 2178 3252 2245 suavissimum,
3301 2180 3575 2247 suscipere
3604 2180 3720 2234 Do—

2120 2263 2347 2330 minum,
2379 2271 2431 2316 et
2478 2264 2532 2318 in
2575 2266 2895 2337 Apocalypsi
2946 2269 3163 2339 legitur,
3194 2271 3286 2325 ubi
3315 2271 3516 2326 dictum
3561 2280 3652 2326 est
3697 2290 3715 2325 :

2121 2352 2274 2408 Stetit
2301 2354 2525 2424 Angelus
2550 2355 2710 2425 juxta
2735 2375 2882 2412 aram
2912 2360 3106 2430 templi,
3159 2362 3351 2417 habens
3382 2363 3716 2417 thuribulum

2118 2461 2356 2509 aureum,
2389 2453 2436 2500 et
2460 2447 2692 2500 ascendit
2733 2447 2911 2516 fumus
2950 2450 3388 2520 supplicationum
3437 2454 3500 2506 de
3543 2470 3715 2508 manu

2119 2533 2289 2604 angeli
2340 2535 2395 2587 in
2422 2545 2696 2605 conspectu
2740 2536 2970 2602 Domini,
3000 2547 3059 2592 ut
3085 2541 3232 2595 daret
3270 2542 3334 2596 de
3381 2544 3714 2598 orationibus

2117 2635 2438 2693 sanctorum,
2469 2626 2606 2699 quod
2633 2636 2708 2683 est
2741 2637 2860 2685 ante
2884 2629 3169 2688 Dominum
3206 2633 3390 2707 (Apoc.
3413 2637 3552 2708 Vill).

424 2867 3680 2901 ΗΜ

931 3281 1160 3339 CAPUT
1190 3280 1483 3338 PRIMUM.

897 3374 971 3430 De
1008 3375 1215 3430 cultura
1253 3391 1521 3446 agrorum.

487 3468 707 3524 Cultura
737 3475 840 3533 est,
876 3483 984 3538 qua
1011 3467 1278 3522 frumenta
1308 3466 1392 3522 vel
1428 3467 1551 3522 vina
1589 3483 1784 3542 magno
1822 3469 2006 3526 labore

412 3571 748 3632 quaeruntur,
782 3559 850 3614 ab
887 3558 1174 3614 incolendi)
1203 3568 1414 3614 vocata.
1457 3560 1666 3616 Divitia:
1697 3562 1841 3616 enim
1871 3562 2008 3616 anti-

414 3666 644 3722 quorum
669 3651 735 3705 'in
772 3650 858 3705 his
895 3649 1102 3704 duobus
1135 3657 1309 3715 erant,
1343 3650 1480 3704 bene
1514 3665 1755 3720 pascere,
1784 3660 1838 3708 et
1868 3652 2008 3706 bene

413 3757 590 3796 arare.
625 3741 848 3797 Cultura
883 3741 1019 3813 agri,
1046 3741 1206 3807 cinis,
1227 3742 1419 3807 aratio,
1440 3742 1786 3810 intermissio,
1815 3745 2004 3800 incen-

410 3832 494 3889 sio
522 3831 864 3903 stipularum,
905 3833 1244 3899 stercoratio,
1284 3834 1515 3899 occatio,
1550 3835 1814 3890 runcatio.
1856 3833 2007 3890 Cinis

409 3933 494 3980 est
545 3924 877 3992 incendium,
930 3941 1028 3996 per
1076 3926 1220 3996 quod
1270 3941 1397 3998 ager
1440 3926 1683 3982 inutilem
1721 3929 2005 3982 humorem

409 4019 629 4075 exudat.
682 4018 871 4074 Aratio
895 4019 1061 4086 dicta,
1088 4019 1212 4090 quia
1247 4020 1312 4075 de
1337 4035 1444 4076 tere
1471 4021 1622 4091 prius
1645 4029 1804 4076 terra:
1829 4021 2004 4076 cultu-

412 4127 531 4166 ram
574 4113 924 4177 exercebant,
957 4120 1247 4184 antequam
1272 4111 1401 4167 ferri
1435 4111 1625 4168 fuisset
1657 4128 1786 4167 usus
1819 4127 2004 4181 reper-

409 4210 512 4257 tus.
539 4201 746 4272 Duplex
762 4217 890 4274 ergo
910 4203 1084 4256 aratio
1101 4221 1113 4256 :
1128 4201 1432 4257 vernalis'et
1454 4203 1800 4257 autumnalis.
1829 4201 2002 4257 Inter-

410 4295 596 4349 missio
610 4304 710 4359 est,
729 4311 833 4364 qua
852 4293 1078 4348 alternis
1108 4294 1267 4348 annis
1277 4309 1478 4349 vacuus
1492 4309 1620 4364 ager
1635 4295 1777 4348 vires
1791 4293 2001 4363 recipit.

411 4385 750 4441 Stercoratio
772 4395 854 4441 est
877 4385 1164 4441 laetaminis
1185 4388 1444 4456 aspersio.
1468 4387 1692 4444 Stercus
1715 4397 1892 4443 autem
1911 4404 2006 4445 vo-

407 4485 590 4536 catum
601 4518 616 4542 ,
630 4477 713 4530 vel
729 4478 851 4546 quia
870 4479 1132 4532 sternitur
1144 4478 1197 4532 in
1212 4478 1377 4548 agris,
1394 4478 1475 4532 vel
1490 4479 1614 4549 quia
1629 4495 1693 4534 ex
1703 4479 1837 4548 tergi
1850 4493 2010 4550 opor-

1438 2995 1738 3076 LIBER
1793 2997 2143 3080 NONUS
2201 2996 2684 3078 DECIMUS.

2028 3287 2074 3352 C
2105 3287 2211 3344 hoc
2235 3301 2427 3343 sereno
2447 3285 2908 3345 calefaciendum
2929 3298 3034 3358 est,
3058 3306 3165 3346 non
3186 3306 3284 3363 per
3302 3292 3523 3350 imbres.
3561 3293 3705 3350 Hinc

2110 3387 2193 3434 est
2241 3389 2295 3434 et
2341 3379 2468 3435 illud
2511 3380 2870 3452 Virgilianum
2905 3400 2921 3438 :
2957 3384 3129 3439 nudus
3165 3402 3260 3440 ara
3285 3399 3306 3438 :
3339 3403 3450 3441 sere
3505 3388 3701 3442 nudus.

2113 3470 2302 3526 Messis
2333 3488 2363 3526 a
2392 3472 2664 3538 metendo,
2697 3471 2748 3526 id
2787 3481 2889 3540 est,
2926 3489 2954 3527 a
2999 3475 3286 3530 recidendo
3327 3476 3469 3532 dicta
3500 3495 3512 3530 :
3547 3492 3707 3548 seges

2115 3572 2294 3618 autem
2331 3563 2396 3618 de
2433 3565 2637 3619 semine
2674 3563 2814 3618 dicta
2842 3605 2854 3626 ,
2909 3565 3054 3634 quod
3083 3563 3318 3633 jaeimus
3348 3567 3509 3622 :.sive
3541 3583 3571 3622 a
3608 3583 3704 3622 se-

2112 3658 2307 3712 ctione.
2358 3653 2688 3726 Spiritaliter
2716 3664 2896 3712 autem
2934 3656 2989 3710 in
3020 3655 3319 3728 Scripturis
3355 3658 3526 3714 sacris
3557 3660 3701 3729 agri-

2111 3749 2319 3805 cultura
2354 3749 2518 3804 corda
2551 3749 2886 3805 credentium
2940 3749 3344 3820 intelliguntur,
3401 3752 3455 3805 in
3503 3751 3701 3822 quibus

2107 3839 2316 3896 fructus
2336 3840 2594 3896 virtutum
2623 3838 2932 3911 germinant
2956 3855 2972 3894 :
3003 3841 3146 3895 unde
3170 3840 3456 3911 Apostolus
3485 3841 3553 3895 ad
3581 3856 3702 3895 cre-

2109 3933 2300 3988 dentes
2337 3933 2415 3988 ait
2459 3932 2513 4005 (I
2563 3932 2684 3987 Cor.
2733 3931 2816 4001 ιιι)
2847 3947 2862 3986 :
2895 3932 2994 3986 Dei
3039 3931 3366 4004 agricultura
3403 3933 3548 3996 estis,
3598 3933 3700 3987 Dei

2112 4023 2392 4093 (adiﬁcatio
2421 4025 2561 4078 estis.
2603 4021 2853 4093 Agricola
2880 4031 3059 4077 autem
3088 4022 3231 4077 Deus
3260 4031 3345 4078 est
3373 4041 3386 4077 :
3411 4023 3554 4078 unde.
3592 4024 3701 4078 Do-

2111 4113 2292 4168 minus
2317 4113 2371 4166 in
2397 4112 2688 4183 Evangelio
2711 4112 2786 4166 ait
2810 4129 2823 4164 :
2848 4110 2963 4182 Ego
2995 4128 3111 4166 sum
3141 4111 3256 4165 vitis
3281 4127 3424 4177 vera,
3455 4120 3504 4165 et
3531 4110 3701 4166 Pater

2111 4222 2257 4259 meus
2292 4203 2521 4275 agricola
2559 4213 2633 4257 est
2669 4202 2850 4275 (Joan.
2882 4201 2994 4275 xv).
3033 4203 3164 4257 Item
3191 4203 3422 4274 agricola
3452 4202 3698 4273 Apostoli

2111 4306 2256 4359 sunt,
2282 4295 2367 4349 vel
2393 4295 2572 4351 caueri
2604 4296 3002 4364 praedicatores.
3041 4292 3223 4348 Coloni
3256 4307 3384 4348 vero
3411 4294 3582 4348 sancti
3607 4294 3695 4347 in-

2110 4387 2441 4456 telliguntur.
2491 4384 2643 4440 Unde
2692 4384 2745 4438 in
2787 4383 3076 4454 Evangelio
3125 4383 3257 4438 dicit
3299 4402 3311 4436 :
3347 4382 3519 4438 Malos
3560 4383 3700 4437 male

2112 4479 2312 4550 perdet,
2340 4477 2392 4530 id
2417 4485 2518 4538 est,
2547 4475 2783 4542 Judzeos,
2813 4485 2859 4530 et
2888 4477 3087 4530 vineam
3115 4493 3265 4529 suam
3304 4476 3476 4530 tradet
3499 4475 3698 4529 colonis

406 4577 537 4633 teat,
554 4569 696 4639 quod
719 4568 994 4623 sordidum
1019 4569 1069 4623 in
1095 4569 1314 4624 civitate
1333 4570 1615 4625 redundat.
1633 4570 1765 4624 Item
1778 4577 1833 4624 et
1849 4569 2007 4623 ﬁmus
2034 4552 2084 4611 Ι)
2111 4569 2229 4623 aliis
2259 4567 2473 4640 (Matth.
2500 4567 2635 4640 xxi).
2675 4567 2942 4637 ()perarii,
2967 4568 3213 4639 apostoli,
3242 4567 3325 4622 vel
3350 4569 3531 4624 exteri
3561 4582 3699 4636 prte-

409 4671 522 4726 est,
558 4661 651 4731 qui
675 4675 772 4732 per
792 4675 951 4730 agros
974 4658 1206 4728 jacitur;
1235 4668 1289 4715 et
1325 4661 1500 4716 dictus
1523 4659 1702 4724 ﬁmus,
1735 4661 1878 4730 quod
1910 4658 2005 4714 ﬁat

376 4761 563 4822 'mus,
597 4755 651 4808 id
699 4762 813 4818 est,
845 4761 1076 4817 stercus,
1111 4753 1252 4822 quod
1283 4752 1440 4823 vulgo
1467 4752 1711 4807 laetamen
1757 4758 2000 4814 voratur,

403 4861 470 4901 eo
497 4846 639 4915 quod
669 4859 767 4899 suo
795 4844 1131 4898 nutrimento
1161 4843 1280 4898 laeta
1305 4842 1470 4899 faciat
1496 4843 1760 4914 germina,
1786 4840 2003 4895 reddat-

413 4952 520 5007 que
550 4951 679 4990 arva
713 4935 932 5006 pinguia
961 4945 1014 4989 et
1055 4935 1303 4991 fecunda.
1348 4934 1568 4990 Occatio
1590 4941 1705 4997 est,
1730 4948 1851 4987 cum
1875 4946 1998 4986 rus-

405 5031 497 5086 tici
520 5070 534 5093 ,
581 5029 789 5084 satione
834 5029 974 5083 facta
999 5071 1011 5093 ,
1060 5030 1231 5084 bobus
1267 5029 1527 5090 dimissis,
1559 5029 1788 5096 grandes
1817 5024 1999 5095 glebas

383 5109 620 5176 caedunt
641 5135 706 5175 ac
730 5120 998 5192 ligonibus
1021 5121 1275 5192 frangunt
1305 5140 1316 5174 ε
1348 5128 1403 5175 et
1427 5119 1567 5174 dicta
1592 5117 1821 5181 occatio,
1844 5116 1998 5186 quasi

404 5212 717 5277 obcaacatio,
766 5215 910 5284 quod
954 5215 1164 5285 aperiat
1208 5215 1416 5268 semina
1446 5231 1456 5264 :
1482 5226 1676 5266 occare
1714 5211 1878 5281 igitur
1915 5219 1999 5265 est

406 5305 621 5375 operire
660 5313 803 5360 terra
831 5309 1060 5372 semina,
1105 5307 1262 5369 vites,
1311 5304 1396 5358 vel
1440 5305 1681 5359 arbores.
1733 5301 1997 5356 Ruucatio

406 5405 492 5451 est
517 5410 547 5449 a
575 5404 721 5452 terra
753 5399 949 5454 herbas
977 5397 1177 5454 vellere
1209 5415 1221 5449 :
1257 5412 1378 5451 nam
1424 5411 1516 5451 rus
1552 5405 1692 5450 terra
1723 5402 1806 5450 est
1836 5412 1848 5448 :
1883 5393 1995 5448 sul-

404 5501 500 5542 cus
541 5502 572 5542 a
607 5489 720 5545 sole
763 5500 1008 5556 vocatus,
1060 5489 1205 5558 quod
1245 5490 1546 5558 proscissus
1583 5488 1746 5543 solem
1791 5486 1991 5556 capiat.

407 5580 737 5639 Veruactum
771 5585 996 5649 dictum,
1021 5583 1177 5651 quasi
1223 5599 1349 5638 vere
1376 5592 1554 5638 aetum
1575 5623 1589 5647 ,
1613 5581 1668 5636 id
1692 5588 1796 5646 est,
1826 5595 1995 5635 verno

407 5683 641 5732 aratum.
675 5677 974 5734 Proscissio
1002 5685 1087 5733 est
1114 5677 1287 5731 aratio
1309 5679 1503 5747 prima,
1535 5692 1654 5732 cum
1687 5677 1866 5730 adhuc
1891 5675 1992 5730 du-

404 5781 500 5823 rus
529 5785 657 5842 ager
684 5777 783 5824 est.
838 5766 989 5824 Satio
1030 5769 1194 5832 dicta,
1243 5769 1398 5839 quasi
1448 5769 1668 5824 seminis
1703 5767 1868 5830 actio,
1909 5765 1994 5822 vel

405 5861 562 5931 quasi
596 5869 832 5916 satorum
869 5861 1031 5919 actio.
1078 5860 1273 5918 Serere
1311 5868 1490 5917 autem
1529 5868 1803 5924 vocatum,
1847 5859 1992 5927 quod

2109 4659 2398 4715 dicatores.
2453 4660 2509 4714 ln
2559 4659 2849 4730 Evangelio
2887 4658 3128 4730 legitur:
3173 4658 3368 4730 Rogata
3413 4657 3695 4712 Dominum

2105 4754 2311 4817 messis,
2351 4761 2406 4806 ut
2443 4753 2612 4807 mittat
2653 4751 2916 4821 operarios
2951 4752 3007 4805 in
3043 4767 3259 4806 messem
3297 4768 3448 4806 suam
3475 4751 3692 4821 (Matth.

2106 4845 2203 4916 ix).
2241 4845 2412 4900 Aliter
2445 4846 2700 4913 operarii,
2751 4843 3023 4907 lueretici,
3066 4844 3120 4897 in
3158 4843 3414 4914 Apostolo
3443 4861 3456 4896 :
3489 4841 3695 4910 Videte,

2104 4938 2301 5008 inquit,
2332 4955 2506 5002 canes,
2535 4937 2702 4990 videte
2730 4935 2895 4990 malos
2924 4936 3211 5007 aperarios,
3245 4935 3410 4990 videte
3433 4934 3693 4989 concisio-

2105 5047 2192 5083 nes
2229 5026 2394 5101 (Phil.
2436 5029 2542 5096 ιιι).
2596 5028 2962 5084 Incenduntur
2999 5042 3128 5101 ergo
3163 5029 3284 5098 igne
3321 5027 3435 5099 agri
3472 5035 3531 5080 ut
3567 5041 3691 5082 om-

2105 5120 2189 5174 nis
2235 5119 2431 5173 humor
2465 5118 2674 5174 inutilis
2707 5119 2954 5185 exsudet,
2997 5119 3213 5190 quando
3249 5133 3347 5189 per
3383 5117 3556 5172 zelum
3593 5116 3692 5171 Dei

2101 5211 2278 5265 omnis
2321 5209 2662 5289 superﬂuitas
2717 5211 2972 5267 vitiorum
3022 5227 3051 5267 a
3094 5211 3347 5267 cordibus
3392 5210 3692 5264 electorum

2100 5303 2345 5359 exuritur
2396 5323 2407 5357 :
2453 5318 2520 5358 ne
2574 5303 2646 5360 ibi
2695 5304 2986 5375 quidquam
3042 5305 3358 5374 pestiferum
3401 5303 3686 5375 germinet.

2099 5394 2338 5449 Arantur
2376 5395 2508 5463 agri,
2543 5393 2759 5464 quando
2798 5410 2894 5464 per
2935 5395 3214 5450 doctorum
3250 5394 3687 5464 pradicationem

2101 5489 2270 5544 turbze
2306 5488 2644 5543 credentium
2681 5497 3004 5543 exercentur
3030 5495 3084 5543 et
3108 5495 3479 5556 praeparantur
3504 5486 3570 5542 ad
3597 5499 3690 5542 ac-

2099 5581 2406 5652 cipiendum
2437 5596 2619 5638 semen
2644 5583 2870 5637 verbum
2901 5582 2994 5638 Dei
3023 5602 3035 5636 :
3069 5599 3241 5637 semen
3278 5581 3422 5637 enim
3455 5589 3529 5636 est
3570 5597 3685 5635 vcr—

2098 5674 2215 5727 lmm
2241 5673 2358 5738 Dei,
2382 5681 2441 5728 ut
2467 5674 2521 5728 in
2547 5673 2837 5747 Evangelio
2858 5674 3116 5730 Dominus
3137 5675 3252 5745 ipse
3269 5674 3505 5730 ostendit
3529 5672 3680 5744 (Luc.

2096 5765 2235 5838 vm).
2291 5765 2542 5823 Stercora
2585 5783 2714 5838 ergo
2746 5768 2798 5822 in
2836 5782 3023 5838 agrum
3067 5767 3374 5832 mittuntur,
3407 5775 3468 5821 ut
3490 5765 3683 5822 melius

2097 5856 2386 5914 Γιιιοιίηορι
2411 5871 2426 5912 :
2451 5859 2577 5928 quia
2601 5873 2700 5931 per
2732 5857 3160 5916 recordationem
3189 5868 3533 5930 peccatorum
3561 5857 3678 5929 qui-
