4038 6324
285 413 395 470 505

1269 409 1357 466 DE
1391 407 1738 466 UNIVERSO
1773 407 1954 464 LIBRI
1991 405 2158 463 XXII.
2198 436 2268 447 ——
2305 405 2433 462 LIB.
2476 405 2619 462 XIX.

3460 401 3568 460 506

283 541 393 600 que
423 526 609 582 ﬁdeles
645 526 711 581 ad
739 525 1110 596 paenitentiam
1151 523 1586 596 provocabuntur
1611 541 1626 576 :
1651 531 1714 576 ut
1757 537 1872 577 me—
1900 528 1955 586 Α
1979 541 2082 581 nus
2110 523 2327 580 satiavit
2355 521 2535 595 (Joan.
2565 522 2661 594 vx).
2710 520 3038 600 Rursum‘in
3075 519 3270 576 Genesi
3307 519 3568 590 scriptum

281 619 392 677 lius
421 620 474 676 in
507 617 671 674 sulcis
699 616 925 685 iustitiae
962 625 1174 673 crescat
1202 630 1422 688 germen
1451 624 1615 669 rectae
1648 613 1792 679 ﬁdei,
1823 620 1878 668 et

283 709 496 767 fructus
519 709 672 764 bonae
701 709 1050 778 operationis.
1102 706 1249 762 Sulci
1275 715 1400 762 sunt
1423 706 1588 761 corda
1614 705 1873 773 ﬁdelium,

281 810 346 858 ut
368 803 423 856 in
451 801 657 872 psalmo
687 819 700 854 :
732 799 919 856 Sulcos
954 799 1068 870 ejus
1099 799 1299 854 inebria
1329 796 1502 868 (Psal.
1531 796 1710 874 Lxxv);
1744 805 1800 852 et
1820 799 1876 852 in

279 892 383 948 Job
416 911 430 946 :
459 889 518 947 Si
546 890 820 946 adversum
853 907 935 945 me
967 893 1024 945 in
1062 899 1202 946 terra
1244 907 1361 945 mea
1409 889 1622 956 clamat,
1671 899 1719 944 et
1759 907 1877 944 cum

281 983 399 1053 ipsa
443 981 576 1037 sulci
621 982 736 1052 ejus
783 981 971 1052 deﬂent
1011 980 1153 1053 (Job.
1194 979 1366 1052 xxxx).
1424 981 1651 1048 Semen,
1693 981 1874 1036 divina

280 1076 614 1147 praedicatio,
643 1083 702 1130 ut
729 1075 784 1129 in
811 1075 1100 1146 Evangelio
1131 1093 1143 1128 :
1172 1074 1319 1129 Exiit
1347 1075 1436 1146 qui
1462 1075 1683 1129 seminat
1704 1091 1878 1129 semen

281 1189 437 1226 suum
469 1170 685 1244 (Matth.
713 1169 856 1241 xxxx).
898 1169 1113 1233 Semen,
1141 1170 1517 1226 haereticorum
1541 1169 1874 1244 praedicatio,

283 1281 423 1337 aqua
451 1265 694 1320 stultitiae
718 1263 952 1334 perfusa,
985 1272 1045 1318 ut
1079 1265 1133 1318 in
1168 1263 1536 1319 Pentateucho
1563 1282 1574 1316 :
1606 1260 1772 1317 Omne
1804 1278 1879 1316 se-

281 1374 422 1424 men,
453 1371 607 1426 super
631 1356 773 1427 quod
795 1355 1036 1410 ceciderit
1056 1372 1215 1427 aqua,
1239 1355 1570 1409 immundum
1601 1356 1699 1409 erit
1730 1351 1872 1426 (Leu.

282 1447 382 1520 xx).
440 1447 640 1502 Arator
673 1461 838 1525 crux,
885 1446 998 1501 sive
1042 1445 1444 1515 praedicationis
1477 1443 1710 1499 ollicium
1737 1484 1751 1508 ,
1792 1441 1878 1497 vel

282 1539 553 1594 inchoatio
581 1538 845 1593 bonorum
878 1553 1124 1608 operum,
1155 1546 1215 1592 ut
1254 1538 1308 1592 in
1342 1536 1630 1607 Evangelio
1660 1553 1672 1588 :
1706 1533 1875 1589 Nemo

282 1629 491 1683 mittens
514 1646 727 1683 manum
757 1646 910 1702 suam
948 1631 1002 1683 in
1040 1639 1297 1693 aratrum,
1323 1638 1371 1683 et
1407 1628 1684 1699 respiciens
1715 1636 1872 1692 retro,

219 1701 237 1734 ⁷
282 1727 435 1790 aptus
482 1728 556 1773 est
598 1736 754 1790 regno
803 1718 1050 1772 calorum
1089 1717 1242 1790 (Luc.
1274 1717 1372 1791 xx).
1413 1719 1585 1773 Arare
1614 1717 1876 1788 praedica-

281 1811 450 1867 tionis
483 1820 568 1868 est
612 1812 846 1868 oﬁicium
881 1827 1138 1868 exercere
1171 1830 1185 1867 :
1216 1813 1361 1868 unde
1398 1812 1451 1867 in
1490 1812 1629 1867 libro
1669 1813 1876 1883 Regum

1977 627 2060 674 est
2086 618 2151 673 de
2178 617 2328 672 Isaac
2359 634 2372 669 :
2409 615 2548 671 Sevit
2581 613 2757 680 Isaac,
2777 622 2837 685 .et
2865 596 3058 668 invénit
3082 613 3137 667 in
3160 611 3253 665 illo
3273 627 3412 666 anno
3441 627 3564 666 cen-

1977 708 2180 780 tuplum
2230 707 2413 762 hordei
2445 703 2598 778 (Gen.
2647 704 2820 777 xxvx).
2861 704 3044 759 Arista
3087 702 3375 773 appellata,
3422 703 3565 772 quod

1975 801 2127 873 prius
2148 801 2260 870 ipsa
2288 808 2521 856 arescat.
2568 797 2788 854 Culmus
2828 805 2911 852 est
2950 797 3063 867 ipse
3106 795 3345 852 calamus
3380 795 3564 866 spicae,

1978 893 2068 964 qui
2098 908 2128 947 a
2156 893 2430 948 radicibus
2455 891 2728 956 nascitur;
2756 896 2812 944 et
2830 889 3006 945 dictus
3031 887 3259 954 culmus,
3288 887 3443 957 quasi
3470 901 3564 943 ca-

1976 984 2169 1041 lamus.
2227 983 2517 1038 Folliculus
2553 991 2636 1038 est
2673 982 2827 1038 theca
2860 980 3145 1045 frumenti,
3193 980 3249 1035 in
3296 995 3402 1050 qua
3440 993 3566 1050 gra-

1976 1090 2104 1128 num
2133 1083 2378 1129 servatur
2403 1073 2653 1129 interius.
2701 1073 2827 1129 Haec
2863 1087 3024 1144 super
3057 1073 3263 1143 spicam
3302 1071 3443 1127 vallo
3481 1072 3566 1126 in-

1977 1175 2182 1223 structa
2242 1169 2520 1222 munimen
2572 1166 2889 1236 praetendit,
2950 1179 3017 1220 ne
3064 1164 3242 1219 avium
3298 1164 3570 1220 minorum

1975 1259 2248 1314 morsibus
2277 1259 2425 1328 spica
2448 1257 2718 1313 fructibus
2755 1264 2999 1320 exuatur,
3042 1265 3137 1311 aut
3170 1256 3412 1326 vestigiis
3446 1270 3574 1325 pro-

1977 1360 2205 1407 teratur.
2250 1350 2377 1406 Haec
2415 1365 2629 1420 quoque
2671 1344 3073 1405 observantiam
3112 1347 3386 1404 carnalem
3435 1346 3570 1417 legis

1975 1444 2176 1500 veteris
2202 1442 2528 1515 signiﬁcant,
2568 1443 2620 1496 in
2668 1457 2774 1512 qua
2813 1440 3042 1496 medulla
3084 1455 3275 1496 sensus
3314 1437 3572 1509 spiritalis

1977 1535 2190 1591 condita
2212 1534 2364 1589 latet.
2411 1532 2586 1604 Spicaa
2619 1533 2774 1588 initia
2805 1531 2947 1597 ﬁdei,
2979 1532 3065 1587 vel
3097 1533 3369 1588 inchoatio
3404 1532 3573 1585 bono-

1976 1643 2095 1680 rum
2123 1641 2367 1696 0perum,
2398 1626 2540 1680 sicut
2579 1625 2633 1679 in
2671 1624 2772 1680 Job
2813 1627 2880 1681 de
2919 1624 3188 1681 haereticis
3231 1625 3469 1680 dicitur:
3501 1623 3571 1678 Et

1975 1717 2317 1772 esurientibus
2339 1716 2567 1771 tulerunt
2588 1718 2758 1788 spicas
2782 1716 2924 1790 (Iob.
2950 1716 3124 1789 xxxv).
3176 1717 3406 1786 Stipula,
3433 1716 3571 1770 aridi

1977 1813 2042 1867 ad
2085 1812 2264 1878 ﬁdem,
2311 1811 2393 1866 vel
2440 1811 2627 1867 inanes
2669 1812 2723 1866 in
2775 1811 3340 1882 ApostolozLignum,
3365 1811 3572 1880 fanum,

279 1902 480 1974 legitur
506 1923 519 1959 :
553 1904 620 1959 Et
644 1905 830 1975 ipsein
858 1904 1132 1959 duodecim
1152 1904 1423 1958 orantibus
1445 1921 1580 1958 unus
1609 1912 1720 1957 erat
1749 1901 1869 1975 (III
1899 1897 1947 1956 Β
1973 1904 2220 1976 stipulam
2247 1904 2300 1976 (Ι
2331 1903 2453 1959 Cor.
2483 1903 2598 1976 xxx);
2627 1911 2681 1960 et
2709 1905 2764 1969 in
2795 1905 3056 1975 propheta
3081 1923 3092 1958 :
3120 1904 3240 1959 Heu
3273 1904 3421 1968 mihi,
3449 1905 3575 1972 quia

283 1993 415 2066 Reg.
471 1994 608 2067 xxx).
659 1994 944 2050 Seminare
993 2003 1077 2050 est
1121 1995 1518 2067 pmdicationis
1568 2009 1875 2050 sermonem

280 2086 337 2141 in
367 2087 530 2142 corda
553 2086 787 2142 ﬁdelium
821 2101 1096 2158 spargere,
1126 2095 1186 2140 ut
1219 2087 1272 2140 in
1301 2087 1563 2157 propheta
1593 2105 1603 2139 :
1628 2084 1697 2137 Et
1723 2085 1878 2139 semi-

281 2179 479 2232 nabunt
507 2195 660 2249 agros
689 2175 860 2250 (Psal.
893 2177 1022 2250 cvx).
1074 2177 1298 2250 Segetes
1328 2187 1508 2233 autem
1537 2177 1721 2248 plebes
1752 2185 1879 2230 sunt

282 2271 521 2328 ﬁdelium
577 2288 712 2342 quas
761 2273 1024 2327 mundant
1064 2280 1119 2326 et
1164 2279 1470 2344 expurgant
1523 2269 1878 2342 agricultores

280 2363 611 2434 spirituales,
641 2364 744 2419 hoc
767 2372 881 2428 est,
911 2363 1159 2418 doctores
1181 2363 1374 2428 sancti,
1398 2377 1464 2416 ne
1485 2362 1778 2432 quidquam
1803 2360 1875 2415 ibi

281 2464 495 2511 crescat
516 2455 702 2511 inutile
729 2465 890 2525 atque
910 2455 1254 2510 virulenluxn.
1300 2455 1488 2510 Messis
1509 2469 1637 2508 vero
1658 2453 1878 2506 ubertas

281 2557 368 2602 est
394 2547 479 2602 vel
504 2549 657 2619 copia
698 2547 955 2614 ﬁdelium,
993 2555 1052 2601 ut
1090 2548 1145 2602 in
1184 2547 1474 2617 Evangelio
1510 2546 1768 2601 Dominus
1811 2544 1877 2598 ad

281 2639 571 2710 Apostolos
594 2641 670 2694 ait
697 2658 710 2693 :
745 2638 931 2694 Levate
958 2640 1135 2694 oculos
1174 2648 1389 2704 vestros,
1430 2647 1477 2692 et
1513 2637 1678 2691 videte
1712 2636 1878 2706 regio-

283 2749 396 2798 nes,
420 2733 544 2804 quia
580 2731 714 2787 alba:
739 2741 858 2786 sunt
885 2731 1004 2803 jam
1030 2731 1099 2785 ad
1122 2748 1339 2786 messem
1368 2729 1548 2802 (Joan.
1575 2744 1647 2792 xv,
1680 2726 1874 2781 Matth.

284 2824 432 2891 xxxx).
487 2823 657 2879 Aliter
691 2832 872 2879 autem
909 2825 1101 2880 messis
1133 2822 1530 2880 consummatio
1562 2829 1645 2876 est
1673 2819 1875 2884 saeculi,

284 2931 554 2972 messores
583 2932 713 2973 vero
747 2917 922 2990 angeli
951 2917 1066 2983 Dei,
1099 2917 1334 2972 triticum
1359 2925 1539 2970 autenx
1565 2914 1725 2969 electi
1755 2920 1881 2969 sunt

285 3015 344 3060 et
372 3007 583 3063 zizania
613 3008 849 3080 reprobi.
901 3007 1239 3078 Colliguntur
1264 3022 1394 3078 ergo
1422 3015 1632 3078 segetes
1658 3013 1713 3060 et
1738 3003 1881 3058 redi-

284 3108 488 3169 guntur
511 3099 566 3155 in
593 3101 914 3171 manipulos,
943 3109 1004 3156 ut
1026 3101 1080 3154 in
1104 3103 1359 3156 horreum
1386 3099 1596 3154 Domini
1621 3098 1882 3155 collocen-

286 3200 380 3244 tur
410 3209 424 3245 :
452 3205 575 3246 cum
603 3192 775 3247 sancti
801 3192 905 3247 viri
935 3208 1056 3247 cum
1081 3192 1370 3262 manipulis
1394 3192 1658 3246 virtutum
1688 3192 1743 3245 in
1769 3205 1881 3245 coe-

1981 1996 2152 2066 factus
2183 2013 2298 2050 sum
2328 1997 2462 2050 sicut
2489 1997 2579 2067 qui
2613 1995 2806 2067 colligit
2827 1995 3078 2066 stipulam
3104 1997 3160 2050 in
3190 2011 3353 2048 messe
3385 1992 3571 2064 (Mich.

1979 2089 2098 2160 vxx),
2123 2089 2228 2143 hoc
2248 2097 2349 2153 est,
2379 2087 2583 2141 nullum
2607 2087 2732 2142 boni
2755 2088 2934 2156 operis
2959 2087 3194 2141 fructum
3218 2084 3422 2140 invexxi.
3464 2083 3576 2139 Sti-

1977 2181 2102 2253 pula
2133 2188 2312 2236 autem
2351 2195 2414 2235 ac
2448 2179 2615 2249 paleae
2643 2190 2958 2249 peccatores
2988 2179 3314 2252 signiﬁcant,
3347 2178 3440 2248 qui
3462 2177 3576 2248 apti

1979 2283 2106 2329 sunt
2143 2272 2209 2328 ad
2253 2272 2561 2327 incendium
2607 2279 2900 2336 aeternum;
2949 2272 3091 2327 unde
3140 2272 3398 2340 scriptum
3450 2278 3571 2325 est:

1980 2363 2174 2420 Paleas
2204 2375 2375 2420 autent
2415 2365 2584 2419 exurit
2630 2365 2737 2435 igni
2777 2361 3185 2434 inexstinguibili
3221 2363 3431 2435 (Matth.
3465 2363 3574 2432 ιιι).

1979 2458 2035 2512 In
2067 2457 2305 2513 Ieremia
2337 2471 2553 2527 quoque
2579 2456 2838 2526 scriptum
2866 2466 2950 2511 est
2980 2473 2992 2508 :
3027 2454 3167 2522 Quid
3193 2453 3356 2524 paleis
3381 2454 3450 2506 ad
3478 2453 3576 2508 tri-

1980 2551 2189 2604 ticum?
2223 2549 2350 2603 dicit
2395 2548 2646 2602 Dominus
2675 2547 2809 2620 (Jer.
2852 2546 3034 2617 xxxii).
3075 2546 3290 2609 Acervi,
3326 2544 3578 2601 collectio

1931 2673 1940 2684 -
1981 2643 2219 2698 ﬁdelium
2264 2643 2330 2696 ad
2375 2656 2556 2696 aream
2585 2641 2860 2706 Ecclesiae,
2893 2641 3006 2696 sive
3039 2647 3350 2695 sanctorum
3385 2638 3579 2707 praedi-

1981 2735 2124 2790 catio
2149 2732 2388 2805 perfecta
2420 2752 2433 2787 :
2458 2734 2599 2788 sicut
2624 2733 2677 2787 in
2702 2730 2802 2788 Job
2825 2732 2892 2787 de
2920 2729 3191 2786 haereticis
3213 2729 3409 2784 dicitur
3433 2741 3450 2782 :
3483 2725 3578 2782 In-

1981 2839 2061 2886 ter
2091 2846 2301 2887 acervos
2336 2846 2516 2885 eorum
2549 2829 2813 2884 meridiati
2844 2835 2964 2882 sunt
3005 2823 3148 2898 (Job.
3186 2825 3358 2895 xxxv).

2525 2959 2528 2962 '
2589 2943 2816 3001 CAPUT
2880 2942 2966 2998 ιιι.

2533 3015 2610 3070 De
2659 3014 3027 3086 leguminibus.

2053 3107 2348 3180 Legumina
2385 3122 2415 3161 a
2450 3105 2677 3178 legendo
2722 3105 2885 3169 dicta,
2931 3103 3084 3175 quasi
3125 3101 3339 3159 electa:
3369 3109 3580 3156 veteres

1985 3201 2128 3256 enim
2161 3200 2383 3256 meliora
2416 3215 2642 3269 quaeque
2673 3199 2960 3270 legebant:
2997 3197 3111 3252 sive
3143 3195 3284 3266 quod
3312 3209 3472 3250 manu
3505 3194 3580 3248 le—

287 3281 478 3338 lestem
519 3285 855 3340 mansionem
903 3284 1240 3355 recipiuntur
1271 3303 1284 3338 :
1312 3293 1372 3339 ut
1407 3292 1491 3339 est
1533 3284 1588 3337 in
1628 3283 1878 3353 psalmo:
1910 3292 1956 3355 C
1987 3304 2201 3368 garum,
2243 3308 2343 3349 ηερ
2382 3295 2675 3349 sectionem
2719 3293 3020 3362 requiram,
3069 3289 3424 3360 Leguminum
3463 3288 3580 3358 pm-

297 3375 569 3433 Venientes
593 3419 608 3444 ,
643 3379 858 3448 inquit,
898 3379 1096 3434 venient
1140 3379 1197 3434 in
1238 3378 1583 3434 exsultatione
1619 3386 1881 3448 portantes

287 3467 587 3538 manipulos
636 3486 758 3524 suos
809 3467 982 3541 (Psal.
1024 3470 1186 3542 cxxv)
1214 3511 1228 3535 ,
1271 3471 1371 3525 hoc
1409 3477 1493 3525 est
1518 3510 1530 3532 ,
1573 3468 1881 3523 mercedem

287 3559 557 3616 bonorum
588 3577 811 3632 operum
850 3570 1136 3618 metentes.
1193 3563 1412 3618 Zizania
1459 3577 1586 3617 vero
1629 3561 1884 3617 scandala

285 3651 371 3708 vel
399 3653 542 3708 male
566 3653 810 3708 viventes
835 3653 1209 3722 intelliguntur
1242 3663 1301 3709 ut
1338 3654 1389 3707 in
1427 3653 1717 3726 Evangelio
1752 3653 1885 3709 scri-

284 3751 441 3814 ptum
472 3750 556 3798 est
584 3761 596 3796 :
634 3741 784 3796 Venit
813 3744 1057 3798 inimicus
1077 3785 1092 3809 ,
1127 3755 1173 3798 et
1207 3745 1635 3814 superseminavit
1675 3744 1886 3798 zizania

284 3835 344 3888 in
363 3833 535 3887 medio
559 3834 722 3888 tritici
751 3833 966 3906 (Matth.
992 3835 1142 3904 xxxx);
1177 3843 1231 3890 et
1256 3836 1416 3904 paulo
1445 3843 1565 3904 post
1594 3853 1606 3888 :
1636 3832 1882 3903 Alligate,

286 3923 483 3994 inquit,
507 3925 740 3990 zizania,
765 3925 1046 3995 fasciculos
1077 3927 1145 3980 ad
1181 3925 1590 3980 comburendum
1612 3939 1629 3977 :
1653 3925 1886 3979 triticum

286 4025 464 4074 autem
492 4028 798 4089 congregate
820 4020 877 4074 in
896 4020 1142 4074 horreum
1165 4036 1338 4075 meum
1363 4018 1572 4092 (Ibid.).

916 4133 1145 4191 CAPUT
1199 4137 1262 4191 II.

877 4205 954 4260 De
991 4206 1289 4276 frumentis.

359 4292 652 4351 Frumenta
679 4304 804 4350 sunt
825 4297 1064 4368 proprie,
1100 4315 1220 4369 qua:
1258 4299 1456 4355 aristas
1489 4300 1692 4356 habent
1721 4313 1737 4354 :
1764 4299 1882 4354 fru-

286 4399 384 4458 ges
405 4395 586 4441 autem
609 4388 833 4457 reliqua.
862 4387 1188 4458 Spiritaliter
1223 4399 1404 4448 autem
1432 4390 1763 4447 frumentum
1791 4399 1886 4446 aut

1984 3388 2122 3442 rima
2151 3400 2347 3458 genera
2380 3401 2447 3441 ex
2492 3385 2688 3456 quibus
2722 3383 2865 3450 faba,
2899 3382 3178 3449 lenticula,
3211 3383 3410 3453 pisum,
3438 3379 3580 3434 fase-

1982 3479 2116 3544 lum,
2143 3479 2306 3543 cicer,
2337 3477 2600 3548 lupinum,
2627 3476 2865 3548 gratiora
2892 3477 2947 3531 in
2970 3493 3072 3531 usu
3097 3474 3373 3530 hominum
3395 3472 3584 3527 viden-

1986 3579 2094 3624 tur.
2141 3569 2364 3640 Mystice
2396 3577 2575 3623 autem
2604 3568 2874 3640 legumina
2911 3567 3298 3624 continentiam
3329 3564 3579 3631 luxuria,

1985 3670 2039 3717 et
2087 3661 2559 3716 mortiﬁcationem
2628 3660 2875 3730 corporis
2935 3658 3242 3730 sigxxiﬁcare
3297 3662 3524 3726 possunt
3566 3672 3578 3708 :

1984 3757 2127 3811 unde
2156 3756 2208 3809 in
2237 3755 2456 3809 Danicle
2491 3754 2751 3825 propheta
2801 3752 2961 3826 (Dan.
3011 3753 3085 3825 ι),
3137 3752 3252 3821 ipse
3296 3747 3484 3804 Daniel
3531 3755 3585 3802 et

1986 3856 2100 3902 tres
2126 3846 2280 3917 pueri
2308 3860 2430 3900 cum
2459 3861 2543 3910 eo,
2572 3847 2894 3916 contemptis
2923 3845 3131 3900 deliciis
3158 3841 3457 3914 regalibus,
3489 3855 3583 3908 ap-

1985 3946 2178 4010 petunt
2210 3953 2362 3992 esum
2393 3936 2724 4006 leguminum
2761 3954 2773 3989 :
2807 3937 3057 3991 contritis
3094 3933 3406 3990 carnalibus
3441 3930 3584 3984 desi-

1987 4031 2174 4096 deriis,
2202 4030 2396 4085 merito
2427 4029 2530 4086 viri
2563 4027 2958 4084 desideriorum
2997 4025 3321 4098 spiritalium
3356 4029 3584 4095 possunt

1986 4121 2311 4193 nuncupari.

2602 4209 2829 4269 CAPUT
2863 4210 2952 4267 IV.

2609 4304 2687 4359 De
2736 4304 2948 4358 vitibus.

2052 4396 2192 4453 Vitis
2217 4391 2604 4470 plantationem
2629 4395 2837 4465 primus
2866 4392 2981 4448 Noe
3007 4391 3243 4449 instituit
3265 4389 3384 4445 rudi
3408 4388 3585 4444 adhuc

287 4479 464 4549 ipsum
488 4478 903 4550 Redemptorexn
933 4489 1174 4537 nostrum
1199 4483 1488 4554 signiﬁcat,
1515 4485 1606 4554 qui
1629 4485 1682 4539 in
1707 4483 1880 4538 Evan-

1984 4492 2196 4549 sreculo.
2246 4491 2398 4562 Apud
2434 4489 2653 4546 Graecos
2681 4498 2859 4544 autem
2894 4495 3109 4544 constat
3134 4487 3473 4541 inventorem
3503 4483 3576 4537 vi~

286 4569 430 4642 geIio
473 4572 593 4626 ait:
629 4571 747 4626 Nisi
785 4589 1008 4643 granum
1057 4574 1308 4644 frumenti
1356 4576 1547 4631 cadens
1591 4577 1643 4630 in
1687 4586 1884 4631 terram
1985 4586 2054 4640 iis
2090 4584 2341 4638 Liberum
2379 4582 2637 4653 appellari
2679 4601 2690 4636 ε
2734 4581 2875 4636 unde
2916 4590 2973 4637 ex,
3019 4596 3143 4636 eum
3186 4577 3415 4650 gentiles
3463 4583 3585 4645 post

286 4672 553 4718 mortuum
573 4663 751 4734 fuerit,
783 4666 950 4735 ipsum
979 4665 1148 4720 solum
1173 4675 1348 4720 manet
1393 4667 1573 4737 (Joan.
1625 4667 1755 4740 xxx);
1796 4667 1880 4723 vel

1988 4683 2218 4729 mortem
2241 4673 2408 4728 Dexxm
2440 4688 2558 4727 esse
2586 4671 2891 4726 voluerunt.
2940 4670 3081 4725 Vitis
3108 4670 3274 4733 dicta,
3301 4666 3442 4736 quod
3472 4665 3583 4719 vim

286 4764 505 4813 sanctos
539 4758 703 4823 viros,
733 4759 824 4828 qui
857 4761 1100 4814 membra
1125 4768 1252 4814 sunt
1284 4761 1525 4832 corporis
1558 4759 1690 4828 ejus.
1746 4761 1880 4815 Item

285 4846 616 4905 frumentum
644 4851 1042 4920 praedicationis
1082 4867 1386 4908 sermonem
1425 4851 1712 4923 signiﬁcat,
1742 4853 1882 4907 unde

287 4940 544 4996 Salomon
588 4943 664 4996 ait
693 4961 705 4996 :
741 4942 844 5008 Qui
881 4943 1149 4999 abscondit
1175 4944 1517 5012 frumentum,
1543 4942 1884 4998 maledicetur
1917 4973 1924 4980 -

284 5034 342 5088 in
366 5033 571 5104 populis
599 5033 781 5106 (Prov.
813 5035 912 5107 xx).
966 5036 1230 5093 Triticum
1267 5046 1446 5092 autem
1489 5037 1740 5094 similiter
1767 5037 1880 5094 ele-

286 5132 406 5180 ctos
438 5125 724 5196 signiﬁcat,
747 5127 837 5198 qui
861 5127 1134 5199 pertinent
1154 5129 1218 5182 ad
1242 5128 1497 5184 horreum
1521 5129 1880 5195 Dominicum,

285 5217 428 5274 sicut
454 5232 615 5288 supra
649 5218 1006 5274 ostendimus.
1066 5217 1234 5290 Siligo
1273 5234 1440 5290 genus
1481 5219 1669 5284 tritici,
1714 5235 1742 5272 a
1793 5233 1881 5274 se-

285 5309 458 5364 rendo
501 5309 704 5365 dictum
733 5325 749 5365 :
777 5325 903 5364 nam
949 5311 1002 5366 in
1046 5326 1184 5381 pane
1222 5311 1431 5380 species
1465 5311 1582 5381 ejus
1612 5311 1882 5381 praecipua

285 5404 392 5453 est.
430 5396 711 5455 Hordeum
742 5400 968 5467 dictum,
1010 5402 1156 5471 quod
1189 5404 1554 5472 prae‘caeteris
1594 5404 1885 5475 generibus

286 5487 550 5546 frumenti
583 5498 740 5547 antea
784 5491 878 5546 ﬁat
899 5493 1110 5548 aridum
1140 5511 1154 5547 :
1189 5494 1273 5548 vel
1310 5495 1452 5566 quod
1477 5496 1626 5565 spica
1652 5497 1771 5568 ejus
1793 5512 1882 5552 or-

285 5581 446 5638 dines
492 5583 707 5639 habeat.
772 5582 1051 5654 Signiﬁcat
1095 5592 1274 5640 autem
1330 5586 1590 5642 hordeum
1649 5587 1886 5643 litteram

287 5675 427 5750 legis
455 5679 687 5744 veteris,
727 5693 848 5749 quae
883 5678 1188 5734 carnalibus
1226 5678 1426 5736 Judaeis
1460 5681 1528 5736 ad
1569 5681 1885 5737 alimentum

291 5768 424 5824 data
450 5778 534 5824 est
561 5787 574 5823 :
600 5770 742 5824 unde
763 5771 817 5824 in
839 5769 1130 5841 Evangelio
1152 5770 1366 5844 legitur,
1393 5771 1535 5843 quod
1557 5788 1622 5827 ex
1647 5774 1887 5844 quinque

293 5862 526 5930 panibus
566 5863 883 5922 hordeaceis
925 5865 1165 5937 quinque
1193 5866 1360 5923 millia
1397 5868 1678 5925 hominum
1703 5869 1885 5926 Domi-

1987 4764 2184 4818 lxabeat
2230 4763 2391 4818 citius
2438 4761 2736 4816 radicandi.
2803 4761 2904 4814 Alii
2952 4768 3145 4830 putant
3189 4758 3332 4834 vites
3375 4757 3581 4823 dictas,

1985 4853 2130 4925 quod
2161 4852 2392 4908 invicem
2434 4867 2492 4906 se
2531 4851 2683 4906 vittis
2723 4851 3014 4916 innectant,
3043 4848 3344 4918 vicinisque
3373 4847 3568 4904 arbori.

1988 4946 2089 5000 bus
2116 4943 2376 5014 reptando
2402 4943 2698 5015 religentur
2728 4963 2741 4999 :
2774 4950 2856 5000 est
2881 4942 3027 4998 enim
3057 4955 3245 4996 earum
3270 4947 3463 4996 natura
3491 4938 3585 4996 lle-

1989 5035 2197 5102 xibilis,
2238 5036 2415 5106 quod,
2455 5036 2610 5106 quasi
2649 5033 2886 5091 brachiis
2924 5031 3281 5103 quibusdam,
3321 5031 3583 5102 quidquid

1987 5129 2519 5202 comprehenderint,
2545 5130 2832 5200 stringant.
2873 5127 3148 5182 Labrusca
3175 5133 3259 5182 est
3284 5125 3413 5182 vitis
3433 5139 3587 5197 agre-

1985 5223 2104 5290 stis,
2133 5237 2253 5292 qum
2282 5222 2338 5276 in
2371 5230 2530 5278 terra)
2562 5221 2895 5290 marginibus
2931 5219 3176 5274 nascitur
3204 5232 3219 5272 :
3248 5217 3392 5274 unde
3417 5225 3471 5271 et
3499 5216 3582 5272 la-

1983 5317 2182 5371 brusca
2196 5315 2339 5370 dicta
2360 5331 2390 5368 a
2419 5315 2658 5381 labriset
2678 5312 3115 5368 extremitatibus
3142 5319 3327 5366 terrm:
3359 5309 3584 5365 summi-

1987 5414 2128 5461 tates
2149 5405 2339 5460 vitium
2365 5413 2419 5460 et
2439 5404 2694 5459 fruticum
2717 5403 2921 5474 ﬂagella
2942 5411 3346 5474 nuncupantur,
3360 5417 3425 5457 eo
3440 5403 3583 5474 quod

1989 5497 2120 5554 ﬂatu
2147 5498 2440 5570 agitentur.
2482 5496 2696 5552 Palmes
2722 5496 2850 5552 vitis
2879 5495 3107 5552 materia
3139 5495 3338 5562 mollis,
3368 5494 3460 5566 qui
3487 5508 3586 5565 per

1987 5589 2199 5647 novella
2222 5589 2446 5645 brachia
2471 5589 2670 5645 missus
2697 5589 2931 5645 fructum
2960 5586 3137 5644 affert.
3167 5586 3423 5660 Corymbi
3459 5600 3572 5654 sun.

1983 5682 2191 5750 annuli,
2224 5682 2315 5753 qui
2346 5681 2593 5754 proxima
2632 5697 2858 5752 quaeque
2904 5680 3074 5752 ligant
3122 5688 3179 5735 et
3227 5679 3584 5748 comprehen-

1984 5776 2138 5841 dunt,
2190 5790 2257 5830 ne
2309 5775 2523 5847 longius
2571 5774 2733 5830 laxati
2769 5773 3019 5846 palmites
3047 5780 3334 5828 ventorum
3369 5769 3584 5825 flatibus

1982 5868 2330 5942 dissipentur.
2377 5867 2508 5929 Uvae
2548 5868 2707 5927 dicta:
2727 5909 2743 5938 ,
2789 5867 2935 5941 quod
2977 5867 3307 5925 intrinsecus
3352 5865 3582 5919 humore
