4038 6324
543 294 648 350 507

1187 295 1248 353 Β.
1290 240 1545 356 RADANI
1582 299 1803 360 MAURI
1835 302 2158 361 ARCHIEP.
2198 303 2507 366 MOGUNT.
2548 309 2836 372 OPERUM
2871 314 3052 375 PARS
3089 319 3154 376 ii.

3713 339 3822 400 508

529 407 640 463 sint
666 406 857 478 plenis,
895 407 1154 480 succique
1181 418 1236 464 et
1265 413 1608 484 pinguedinis
1636 432 1650 470 :
1678 431 1806 472 nam
1842 418 2126 498 humidum
2152 425 2208 485 Α
2230 429 2287 476 et
2323 424 2645 492 protendere
2681 427 2856 485 dictae.
2901 431 3110 490 Fodere
3137 451 3271 494 vero
3305 449 3389 498 est
3419 449 3576 516 quasi
3603 449 3821 512 foveam

527 508 630 583 est,
656 499 799 570 quod
829 494 1072 556 exterius
1107 501 1398 588 humorem
1443 506 1644 562 habet:
1675 509 1894 568 uvidum
1913 551 1929 578 ,
1979 494 2128 582 quod
2229 512 2412 611 facere
2429 531 2496 578 ac
2514 517 2714 584 fovene.
2761 521 3086 590 Ηωορωυιι
3112 529 3160 592 ll
3179 532 3307 602 (ιιιὶθ
3329 494 3623 611 dilidam
3641 546 3822 606 hla-

1915 571 1925 578 ,
1999 571 2039 582 ,ν
2102 571 2124 574 κ-
2306 571 2335 574 κ.
2396 571 2406 574 -
2442 571 2492 578 ν-
2541 571 2714 584 ν-ηηττ-
2761 571 2889 584 -ννν
2908 571 3086 590 neu-m-
3112 571 3307 602 -ιΊν-ιυ
3329 571 3623 611 ww“!
3641 571 3822 606 Illu-

525 571 778 658 interius,
822 601 885 648 ut
929 593 1106 660 acina,
1137 577 1363 654 'botrus.
1413 599 1686 660 Rscemus
1725 614 1810 661 est
1846 606 2128 680 botryonis
2227 606 2388 675 derit,
2430 611 2484 666 in
2517 611 2775 674 Ecclesia:
2801 617 3161 682 instructions
3211 627 3532 696 spiritaliter
3567 637 3823 701 invenire

522 668 666 750 pars,
709 691 764 738 et
799 682 993 754 botryo
1025 683 1274 740 Graecum
1313 697 1420 744 est.
1471 689 1697 764 Mystiee
1737 703 1917 752 autem
1963 668 2122 760 uinea

522 770 763 833 Ecclesia
799 772 885 828 vel
915 771 1141 844 populus
1182 775 1346 832 lsrael
1389 788 1566 849 potest
1609 783 1834 858 intelligi
1865 805 1878 842 :
1908 789 1975 850 de
2011 803 2122 858 quo

523 861 580 916 in
605 861 744 918 lssia
773 864 848 919 ita
875 867 1135 936 scriptum
1169 879 1252 924 est
1281 885 1296 924 :
1334 869 1499 927 Vinea
1524 874 1667 944 facta
1695 888 1768 934 est
1793 878 1982 940 dilecto
2001 897 2118 951 meo

520 952 576 1006 in
601 969 764 1008 cornu
789 954 902 1024 ﬁlia
929 955 1027 1012 olei
1050 967 1097 1012 et
1117 961 1298 1029 sepivit
1321 979 1458 1029 eain,
1480 975 1528 1018 et
1549 965 1749 1037 lapides
1768 969 1920 1041 elegit
1942 989 2008 1028 es:
2031 991 2114 1040 ea,

520 1056 568 1098 et
590 1045 848 1116 plantavit
875 1065 992 1104 eam
1013 1049 1250 1118 electam,
1275 1063 1322 1107 et
1343 1055 1621 1124 aediﬁcavit
1646 1063 1840 1117 turrim
1865 1064 1920 1120 in
1943 1065 2114 1122 medie

517 1137 650 1207 ejus,
681 1147 732 1192 et
759 1140 994 1195 torcular
1011 1145 1268 1198 exstruxit
1297 1146 1354 1200 in
1377 1163 1460 1214 ea,
1489 1158 1537 1204 et
1563 1156 1896 1222 exspectauit,
1931 1165 1985 1213 ut
2024 1155 2113 1226 fu-

515 1239 650 1290 ceret
681 1247 826 1294 uuas,
855 1241 905 1286 et
934 1232 1053 1302 fecit
1076 1232 1362 1300 labruscas,
1397 1251 1503 1295 etc.
1534 1241 1668 1314 (Isa.
1697 1243 1778 1315 v).
1835 1245 1988 1314 Quod
2015 1264 2112 1306 au-

515 1328 624 1379 tem
664 1323 818 1379 vinea
870 1323 964 1378 Dei
1017 1329 1318 1398 appellatur
1355 1335 1584 1404 populus
1623 1337 1806 1404 lsrael,
1835 1349 1890 1396 et
1918 1342 1974 1397 in
2003 1342 2112 1400 line

511 1413 671 1481 hujus
697 1417 895 1474 cantici
921 1417 1150 1488 legimus
1177 1439 1190 1475 :
1232 1423 1273 1476 ιτ
1278 1424 1395 1478 inea
1428 1426 1636 1486 Domini
1666 1433 1986 1488 exercituum
2011 1435 2101 1490 do~

509 1520 626 1558 mus
646 1515 723 1560 est
755 1505 949 1572 Israel,
979 1511 1030 1562 et
1057 1511 1136 1564 uir
1170 1511 1314 1568 Iuda
1346 1532 1554 1584 germen
1587 1521 1852 1578 laudabile
1873 1524 2022 1592 ejus;
2051 1535 2107 1583 et

482 1575 562 1650 lin
594 1599 990 1668 septuagesimo
1029 1616 1172 1656 nono
1200 1575 1412 1673 psalmo
1441 1625 1454 1662 :
1503 1575 1847 1669 Vineamrde'
1867 1575 2102 1689 Eggpto

505 1689 844 1755 transtulisti,
877 1691 1074 1762 ejecisti
1099 1707 1298 1765 gentes,
1320 1710 1368 1753 et
1389 1701 1640 1770 plantasti
1658 1723 1794 1762 eam.
1840 1708 1900 1763 in
1926 1711 2103 1766 Evan-

2223 701 2424 768 poterit
2453 720 2467 756 :
2505 705 2647 762 unde
2684 707 2741 764 in
2773 705 3000 772 Cantica
3035 715 3371 795 cautim
3402 737 3606 794 sponsa
3635 731 3773 788 didi
3797 749 3818 790 :

2223 788 2410 854 Floras
2443 809 2803 875 apparuerunt
2827 802 2885 859 in
2901 811 3069 871 terra.
3105 817 3311 881 tempus
3661 788 3823 880 adu;

2220 883 2296 940 nit
2323 881 2500 955 (Cant.
2524 885 2608 960 ιι),
2635 889 2695 950 id
2720 902 2823 960 est,
2849 903 2916 952 ut
2939 901 3231 970 amputatis
3250 881 3532 966 inutilibus
3552 927 3710 971 vanae
3733 931 3821 972 re-

2217 972 2432 1078 ligionis
2473 986 2784 1058 sarmentis,
2823 989 3010 1049 futuro
3048 995 3174 1052 ﬁdei
3213 998 3412 1064 fructui
3454 1019 3818 1078 praeparetur.

2217 1063 2354 1166 Eitis
2383 1085 2508 1166 vero
2535 1073 2820 1166 allegorice
2853 1082 3126 1155 signiﬁcat
3157 1063 3821 1166 (Ξιιικὶδιιιιιιίιιιιί⁵

2213 1155 2504 1258 Evangelia
2531 1182 2546 1218 :
2577 1163 2690 1238 Ego
2727 1187 2844 1228 sum
2873 1175 2992 1233 vitis
3027 1193 3154 1236 sera
3189 1179 3375 1251 (toan.
3415 1155 3530 1258 xv).
3575 1155 3727 1247 item

2213 1249 2371 1312 aliam
2399 1267 2610 1323 partem
2642 1260 2812 1322 vinea:
2839 1263 2924 1324 vel
2952 1267 3077 1328 vitis
3097 1249 3422 1341 signiﬁcatio
3454 1249 3710 1346 trahitur,
3752 1293 3816 1340 ut

2209 1351 2295 1400 est
2321 1343 2453 1404 illud
2477 1349 2534 1404 in
2555 1353 2770 1412 cantico
2789 1357 3194 1421 Deuterounmii
3223 1385 3238 1421 ς
3265 1364 3337 1422 Et
3358 1370 3511 1426 vinea
3539 1377 3677 1430 enim
3698 1343 3818 1434 τεο-

2207 1432 2482 1497 domamus
2507 1443 2621 1500 ritis
2647 1461 2848 1514 eorum,
2873 1459 2924 1506 et
2943 1469 3174 1526 propago
3193 1475 3378 1516 eorum
3411 1480 3476 1517 ea:
3508 1463 3812 1526 Gomorrae

2208 1524 2385 1622 (Deut.
2411 1534 2608 1608 xxxii).
2645 1535 2904 1600 Palmites
2931 1524 3376 1622 autaut—Apostoli
3409 1556 3494 1612 vel
3521 1561 3698 1615 sancti

2205 1615 2437 1690 legorice
2476 1626 2856 1702 intelliguntur
2883 1649 2900 1690 :
2923 1638 3072 1695 .unde
3089 1615 3374 1702 Dominus
3409 1648 3480 1703 ad
3517 1651 3813 1723 Apostolus

2203 1713 2280 1767 ait
2309 1732 2322 1769 :
2352 1715 2466 1788 Ego
2503 1738 2620 1777 sum
2659 1727 2779 1782 vitis
2821 1745 2962 1796 vera,
2993 1741 3044 1786 et
3077 1749 3166 1788 uos
3193 1737 3456 1807 palmites,
3476 1713 3587 1799 etc:
3615 1743 3807 1818 (Joan.

2401 1782 2422 1788 -
2999 1782 3038 1786 -ν
3229 1782 3587 1807 π-...ηημηω
3637 1782 3807 1805 πη...

503 1782 643 1852 Helio
691 1799 906 1854 quoque
940 1802 1078 1857 ρθηε
1112 1789 1304 1849 iisdem
1340 1795 1519 1850 verbis
1543 1836 1559 1861 ,
1607 1798 1802 1866 quibus
1835 1805 2102 1872 propheta
2130 1807 2178 1867 B
2209 1809 2319 1882 xv).
2367 1813 2630 1875 Similiter
2654 1830 2708 1878 et
2733 1839 2835 1880 uva
2868 1824 3103 1884 fructum
3139 1782 3367 1900 iustitiae
3413 1782 3708 1909 signitic‘st,
3751 1852 3811 1900 et

504 1887 648 1909 nllnn
697 1873 934 1909 Ιηηιιίιιιν
1025 1878 1280 1909 Πηωςηηα
1339 1885 1466 1909 ...νει
1518 1889 1762 1909 --.ηιλιᾼ
1783 1907 1820 1909 _,
1889 1892 1966 1909 ιι,

503 1887 648 1927 nunc
695 1873 971 1944 loquitur,
1024 1878 1284 1936 Dominus
1339 1885 1474 1940 texit
1517 1889 1830 1956 parabolam
1884 1892 2100 1966 (Matth.

501 1962 616 2034 xxx)
641 1980 656 2016 :
682 1961 854 2018 Homo
883 1967 1102 2037 quidam
1135 1982 1247 2025 erat
1275 1974 1685 2045 paterfamilias,
1721 1983 1810 2052 qui
1845 1961 2102 2058 plantavit

498 2043 724 2124 uincam,
751 2069 799 2113 et
830 2062 1117 2117 maceriam
1156 2064 1236 2119 illi
1278 2043 1645 2134 circumdedit.
1692 2085 1740 2129 et
1787 2077 1921 2146 fodit
1961 2081 2014 2136 iu
2037 2099 2101 2137 ea

496 2151 756 2218 torcular,
795 2153 1079 2222 aediﬁcavit
1123 2160 1332 2226 turrim,
1374 2172 1420 2216 et
1455 2161 1642 2220 locavit
1680 2184 1796 2222 eam
1827 2171 2098 2242 agricolis,

496 2255 602 2300 etc.
649 2245 717 2300 Et
749 2245 805 2301 in
831 2245 1068 2303 leremia
1095 2249 1324 2321 legimus
1353 2268 1369 2308 :
1403 2254 1514 2326 Ego
1549 2257 1784 2328 plantavt'
1814 2272 1866 2316 te
1891 2265 2098 2320 vineam

492 2337 823 2410 fructiferant
871 2351 1035 2396 totam
1081 2361 1301 2402 ueram:
1340 2350 1599 2420 quomodo
1643 2370 1890 2410 conuersa
1933 2375 1988 2413 es
2037 2360 2098 2415 in

490 2435 899 2492 amaritudinem
931 2439 1078 2495 uinea
1103 2440 1278 2496 aliena
1299 2443 1325 2496 Ρ
1349 2442 1485 2514 (Jer.
1519 2445 1604 2518 ιι.)
1633 2447 1822 2520 itaque
1867 2450 2092 2508 Jerusaq

489 2527 595 2584 lem
627 2528 710 2602 (ut
749 2531 1006 2604 diximus)
1045 2535 1339 2606 plangitur,
1383 2549 1436 2595 et
1475 2556 1729 2599 sermone
1771 2547 2090 2616 prophetico

487 2620 632 2677 illius
658 2623 816 2678 ruina
842 2633 1114 2681 cantatur.
1154 2627 1326 2686 Porro
1347 2630 1603 2690 Ecclesiae
1623 2641 1679 2689 et
1703 2637 1902 2708 populo
1923 2654 2090 2709 quon-

487 2713 612 2768 dam
641 2715 879 2786 gentium
915 2718 1060 2772 aliud
1095 2735 1317 2777 carmen
1361 2729 1450 2778 est
1491 2725 1720 2794 editum,
1769 2729 1836 2784 de
1877 2745 1987 2800 quo
2029 2731 2084 2786 in

485 2803 716 2862 Psalmis
739 2807 966 2880 legimus
995 2828 1008 2864 :
1040 2809 1265 2868 Cantate
1297 2814 1545 2882 Domino,
1587 2821 1756 2874 omnis
1793 2830 1955 2889 terra,
1989 2840 2086 2878 an-

486 2899 725 2954 nuntiate
750 2901 815 2956 de
847 2901 934 2957 die
967 2901 1021 2958 in
1057 2903 1195 2976 diem
1233 2905 1465 2976 salutare
1510 2909 1644 2980 ejus,
1686 2913 1992 2967 ammntiate
2029 2915 2084 2968 in

480 2990 720 3060 gentibus
759 2991 981 3062 gloriam
1015 2994 1150 3063 eius,
1195 2996 1250 3050 in
1291 2999 1529 3054 omnibus
1571 3000 1777 3071 populis
1817 3003 2081 3060 mirabilia

479 3080 596 3152 ejus
619 3079 792 3153 (Psal.
815 3084 962 3155 xcv).
1001 3085 1106 3140 Per
1127 3089 1500 3158 metaphoram
1521 3089 1607 3161 (ut
1627 3091 1885 3166 diximus)
1908 3095 2080 3157 vitlem

2210 1909 2518 1963 econtrario
2558 1913 2659 1967 sub
2695 1914 2800 1969 alia
2847 1917 3248 1990 signiﬁcatione
3290 1925 3528 1996 legitur:
3563 1929 3677 1986 Usa
3714 1951 3810 1991 eo-

2207 2010 2355 2062 rum,
2391 2015 2489 2055 uua
2527 2003 2700 2072 fellis,
2743 2008 2922 2065 botrus
2969 2015 3339 2073 amaritudinis
3369 2021 3425 2075 in
3458 2023 3586 2087 ipsis
3614 2023 3800 2096 (Deut.

2205 2087 2401 2160 xxxii).
2449 2090 2650 2151 Botrus
2691 2107 2874 2163 autem
2925 2103 3052 2158 alibi
3094 2105 3394 2168 Ecclesiam
3434 2113 3550 2168 sive
3597 2087 3804 2187 corpus

2202 2176 2414 2234 Domini
2443 2182 2734 2254 signiﬁcat.
2788 2191 2942 2260 Unde
2983 2195 3040 2250 in
3076 2196 3435 2259 Nuerorum
3479 2207 3617 2264 libro
3661 2176 3804 2267 seri-

2199 2277 2350 2339 ptum
2389 2282 2475 2328 est
2519 2276 2710 2348 (Nam.
2738 2283 2880 2356 xm),
2917 2289 3062 2356 quod
3099 2290 3208 2345 duo
3243 2293 3342 2348 viri
3371 2305 3654 2365 portarent
3695 2303 3798 2358 bo-

2199 2365 2341 2416 trum
2365 2363 2421 2418 in
2451 2378 2602 2422 vecte
2633 2371 2700 2426 de
2727 2380 2865 2429 terra
2895 2383 3337 2448 repromissionis
3365 2363 3390 2419 ί
3407 2391 3533 2460 quia
3561 2393 3670 2448 duo
3700 2409 3796 2450 or-

2197 2448 2350 2506 dines
2382 2457 2816 2527 prazdicatorum,
2847 2463 3050 2524 Christi
3095 2448 3529 2534 incarnationem
3566 2497 3702 2540 voce
3734 2494 3796 2542 et

2194 2542 2360 2599 verbo
2404 2548 2748 2610 credentibus
2793 2557 3027 2614 atterunt
3069 2578 3083 2616 :
3118 2566 3247 2634 quia
3305 2581 3463 2637 quem
3513 2575 3796 2644 propheta

2191 2631 2436 2704 futurum
2463 2645 2940 2715 ananuntiaveruut,
2981 2631 3404 2728 hunc‘Apost-oli
3427 2631 3542 2732 ja
3575 2631 3795 2727 venisse

2189 2733 2475 2786 testantur.
2541 2733 2821 2796 Vindemia
2871 2753 3052 2800 autem
3107 2751 3338 2821 ystice
3389 2763 3790 2819 wnsummatio

2187 2823 2370 2878 saeculi
2412 2825 2746 2900 intelligitur,
2793 2834 2875 2890 vel
2921 2837 3157 2896 vindicta
3198 2843 3253 2898 in
3302 2848 3577 2919 populum.
3631 2853 3790 2912 Unde

2185 2909 2241 2965 iu
2265 2915 2477 2982 psalmo
2495 2917 2694 2989 legitur
2721 2940 2734 2976 :
2777 2921 3110 2985 Vindemiae:
3137 2950 3253 3002 eam
3281 2909 3482 3007 (inanes,
3499 2944 3590 3013 qui
3607 2909 3788 3003 trans;

2183 3013 2306 3056 eunt
2340 3006 2474 3061 uiam
2498 3007 2674 3080 (Psal.
2695 3017 2918 3088 LXXIX);
2947 3029 3003 3074 et
3024 3019 3140 3078 loci
3172 3043 3186 3078 :
3214 3025 3430 3097 Mittite,
3458 3006 3649 3104 inquit,
3677 3037 3786 3107 fat-

2181 3109 2287 3160 ces,
2309 3106 2358 3151 et
2382 3100 2694 3160 uindemiale
2713 3109 2916 3164 uincant
2939 3121 3115 3182 terra,
3143 3122 3392 3186 quoniam
3411 3100 3641 3181 maturat
3654 3100 3782 3186 sunt

479 3171 740 3230 describit
766 3177 1020 3247 populum
1041 3177 1350 3235 Judmorum
1373 3195 1534 3252 quem
1565 3185 1732 3252 sepsit
1757 3186 2073 3257 attgelorum
2101 3181 2148 3245 C
2178 3202 2290 3242 utne
2309 3190 2422 3260 ejus
2447 3192 2611 3266 (Joel.
2641 3200 2746 3270 ιιι).
2793 3201 2956 3258 Vinea
2981 3215 3070 3261 est
3549 3171 3782 3276 ﬂanti;

478 3265 699 3332 auxilio,
727 3275 784 3322 et
811 3268 1016 3339 lapides
1045 3269 1207 3342 elegit
1237 3287 1306 3331 ex
1337 3287 1423 3340 eo,
1453 3274 1538 3331 vel
1565 3275 1728 3343 idola,
1758 3279 1842 3338 vel
1867 3280 2072 3360 omnia,

475 3373 600 3428 qua:
642 3357 738 3414 Dei
787 3361 990 3420 cultum
1042 3373 1298 3432 poterant
1346 3365 1608 3435 impedire
1651 3387 1662 3422 :
1710 3378 1766 3426 et
1807 3357 2074 3440 plantavit

475 3465 594 3505 eam
622 3451 834 3506 vineam
859 3455 1072 3518 sorech,
1095 3465 1256 3524 quam
1287 3456 1432 3529 solus
1455 3457 1816 3530 Symmachus
1837 3464 2070 3522 electam

473 3541 862 3612 interpretatus
887 3553 988 3598 est.
1029 3545 1341 3617 Edilicavit
1371 3566 1586 3622 quoque
1619 3555 1820 3610 turrim
1860 3557 1913 3614 in
1951 3572 2069 3616 me-

473 3635 566 3691 dio
587 3635 727 3704 ejus,
756 3637 1015 3706 templum
1048 3640 1299 3698 videlicet
1324 3644 1377 3698 in
1402 3647 1584 3702 media
1607 3649 1852 3717 civitate,
1879 3660 1932 3708 et
1957 3661 2070 3710 tor-

470 3725 626 3782 cular
649 3729 848 3783 struxit
868 3731 923 3795 in
947 3746 1034 3796 ea,
1057 3734 1200 3802 quod
1221 3735 1438 3804 quidam
1462 3737 1632 3796 altare
1653 3741 1956 3812 signiﬁcare
1971 3761 2070 3815 pu-

470 3824 592 3874 tant
617 3837 632 3874 :
661 3827 720 3874 ut
758 3821 812 3878 in
863 3824 1074 3880 cantico
1112 3825 1262 3884 Isaia:
1299 3828 1536 3886 dicitur:
1573 3831 1640 3888 Et
1685 3834 1923 3894 torcular
1955 3837 2068 3906 fodi

465 3908 526 3967 in
543 3927 606 3967 ea
631 3912 768 3988 (lsa.
798 3913 874 3989 v).
915 3917 1177 3974 li‘orcular
1214 3929 1297 3976 est
1335 3921 1517 3979 futura
1557 3925 1858 3993 tribulatio,
1904 3939 1965 3984 ut
2009 3931 2063 4005 in

465 4004 658 4076 Δροοά
677 4005 745 4062 Et
768 4007 875 4078 ipse
895 4008 1113 4066 calcavit
1135 4013 1368 4068 torcular
1391 4016 1494 4070 uini
1515 4017 1610 4071 ira:
1631 4019 1827 4088 furoris
1849 4004 2064 4081 Domini

467 4099 650 4173 (Apoc.
682 4101 821 4175 xxx).
860 4103 1013 4160 Sicut
1035 4107 1178 4161 enim
1209 4108 1276 4162 ad
1303 4108 1543 4164 torcular
1566 4126 1756 4168 omnes
1781 4129 1900 4170 uvae
1919 4129 2065 4172 com-

460 4203 752 4264 portantur
779 4207 942 4266 atque
968 4199 1265 4264 calcantur,
1307 4211 1368 4256 ut
1400 4218 1464 4256 ex
1502 4205 1582 4258 eis
1614 4207 1952 4274 exprimatur
1985 4210 2062 4264 vi-

460 4299 590 4340 num
624 4305 636 4340 :
670 4287 749 4342 sic
785 4287 954 4342 altare
1003 4291 1181 4344 omnis
1223 4293 1404 4362 populi
1455 4296 1683 4366 suscipit
1727 4296 1958 4362 fructus,
2005 4309 2061 4356 et

459 4375 768 4434 immolatus
791 4382 997 4437 hostias
1020 4383 1239 4438 devorat
1255 4382 1410 4452 juxta
1435 4387 1586 4453 illud,
1609 4391 1753 4458 quod
1776 4393 1842 4452 de
1865 4392 2058 4463 Benja-

458 4467 570 4520 min
593 4467 790 4538 legitur
816 4484 830 4523 :
865 4471 1142 4542 Benjamin
1171 4472 1326 4545 lupus
1357 4493 1526 4549 rapax
1559 4497 1710 4535 mane
1736 4485 1980 4551 comedit,
2004 4496 2055 4542 et

457 4559 528 4610 ad
558 4576 817 4630 vesperam
842 4563 985 4618 dabit
1017 4581 1160 4621 escas
1187 4565 1339 4639 (Gen.
1371 4572 1545 4643 χιιι).
1582 4573 1810 4643 (iuncta,
1834 4593 1953 4648 qua
1972 4581 2054 4634 di-

455 4661 655 4707 cuntur
680 4653 749 4710 de
775 4655 950 4722 vinea,
988 4669 1214 4728 possunt
1243 4671 1297 4717 et
1339 4664 1407 4718 ad
1447 4665 1639 4722 animae
1681 4669 1928 4726 humatur
1965 4687 2052 4728 re—

453 4744 584 4801 ferri
626 4756 847 4817 statum,
887 4766 1008 4822 quae
1048 4770 1076 4807 a
1115 4754 1226 4812 Deo
1271 4757 1513 4827 pl-antata
1563 4761 1618 4816 in
1659 4763 1893 4832 bonum,
1940 4783 2048 4823 non

454 4853 612 4891 uvam
651 4840 909 4906 attulerit,
956 4846 1050 4900 sed
1098 4845 1401 4916 Iabruscas,
1431 4859 1486 4907 et
1523 4861 1711 4923 postea
1743 4857 1814 4911 sit
1851 4859 2049 4918 tradita

451 4927 638 4983 bestiis
661 4933 1046 5001 couculcanda,
1073 4953 1172 4992 nec
1194 4941 1495 4998 divinarum
1528 4945 1757 5002 imbrem
1791 4964 2046 5020 suscepe-

450 5003 521 5073 rit
545 5020 934 5093 doctrinarum,
958 5029 1082 5098 quia
1103 5035 1374 5101 praeterita
1398 5043 1806 5112 contempserit.
1833 5042 2046 5102 Vitibus

447 5110 596 5166 inter
649 5121 846 5170 caetera
889 5120 1061 5190 magis
1106 5122 1206 5178 ista
1261 5133 1591 5186 conveniunt
1620 5110 1640 5185 V:
1677 5133 2042 5206 ablaqueatio,

447 5207 674 5276 putatio,
715 5213 1116 5284 propaginatio,
1161 5218 1346 5278 l'ossio.
1397 5209 1739 5294 Oblaqueare
1779 5239 1864 5286 est
1895 5233 2040 5290 circa

446 5300 686 5356 radicem
718 5311 915 5360 terram
943 5313 1175 5382 aperire,
1208 5325 1260 5370 et
1294 5318 1441 5372 velut
1470 5318 1619 5374 lacus
1655 5321 1886 5380 edicere.
1936 5327 2041 5384 Pu-

445 5399 566 5448 tare
605 5404 685 5450 est
726 5397 930 5469 virgam
975 5417 1043 5458 ex
1078 5408 1188 5462 vite
1222 5424 1612 5478 supervacuam
1647 5429 1914 5484 resecare,
1945 5437 2037 5477 cu-

436 5485 530 5555 jus
569 5485 790 5559 ﬂagellis
821 5495 1092 5555 luxuriat:
1125 5513 1318 5572 putare
1360 5507 1502 5562 enim
1543 5510 1740 5568 dicitur
1777 5531 2030 5590 purgare,

444 5580 494 5634 id
521 5592 619 5648 est,
661 5600 941 5657 amputare
971 5608 984 5648 :
1017 5595 1322 5668 traducere,
1351 5605 1724 5662 trausducere.
1779 5607 2033 5684 Propagi-

440 5690 570 5732 narc
597 5693 725 5736 vero
749 5681 1016 5756 ﬂagellum
1047 5689 1172 5745 vitis
1197 5699 1358 5748 terrae
1387 5698 1724 5756 submersum
1762 5711 2028 5774 sternere,

435 5779 490 5830 et
514 5776 666 5860 quasi
685 5789 848 5850 porro
867 5795 1126 5854 pangere.
1167 5782 1305 5844 Hinc
1329 5793 1654 5879 propagines
1674 5811 1705 5851 a
1726 5811 2030 5890 propagare

2177 3281 2512 3341 canticorum
2555 3290 2798 3349 dicitur:
2832 3295 2996 3354 Vinea
3031 3300 3134 3370 fuit
3171 3301 3428 3376 Paciﬁco,
3475 3321 3524 3365 et
3557 3314 3780 3370 tradidit

2175 3393 2290 3432 eam
2326 3383 2630 3454 custodibus
2667 3387 2844 3461 (Cant.
2879 3397 3022 3466 vni),
3069 3397 3124 3454 id
3167 3409 3271 3468 est,
3313 3408 3590 3474 apostolis.
3637 3411 3776 3468 item

2177 3471 2366 3543 vinea,
2415 3479 2568 3550 plebs
2607 3483 2864 3556 Iudaica,
2905 3500 2970 3546 ut
3005 3493 3062 3548 in
3103 3471 3406 3556 Psalterio:
3441 3501 3656 3561 Vineam
3711 3527 3778 3565 ea:

2172 3566 2406 3640 diggpto
2453 3578 2769 3634 transtulisti
2809 3581 2984 3654 (Psal.
3029 3591 3263 3664 Lxxu);
3321 3596 3475 3652 vinea
3531 3599 3774 3658 ﬁdelium

2169 3663 2342 3732 plebs,
2385 3675 2446 3722 ut
2489 3669 2543 3724 iu
2579 3670 2872 3731 Salomone
2899 3693 2914 3732 :
2947 3679 3128 3752 Capite
3157 3663 3304 3740 nobis
3337 3688 3513 3761 uulpes
3545 3694 3770 3762 pusillas

2169 3761 2572 3842 exterminantes
2622 3766 2796 3824 vineas
2845 3769 3023 3842 (Cant.
3073 3774 3156 3848 ιι).
3227 3777 3452 3848 Vineae,
3501 3761 3772 3845 bonorum

2168 3836 2392 3920 operum
2423 3857 2686 3924 actiones,
2714 3870 2771 3916 ut
2800 3836 2864 3918 in
2884 3836 3144 3938 propheta
3171 3885 3186 3925 :
3218 3871 3288 3927 Et
3331 3875 3644 3944 plantabunt
3695 3881 3772 3936 ri-

2168 3957 2294 3996 neas
2321 3943 2456 4016 (Isa.
2491 3949 2653 4022 va);
2683 3960 2737 4007 et
2759 3953 2813 4008 in
2853 3956 3013 4012 aliam
3038 3970 3270 4030 partem,
3305 3943 3364 4020 ut
3389 3967 3442 4021 in
3469 3967 3768 4030 Salomone

2165 4035 2398 4106 legitur:
2433 4038 2673 4098 Transivi
2713 4063 2806 4116 per
2837 4049 3044 4106 vineam
3082 4055 3182 4108 viri
3207 4057 3375 4124 stulti,
3416 4071 3464 4116 et
3497 4079 3614 4119 ecce
3646 4083 3766 4120 om-

2165 4129 2252 4183 nia
2280 4131 2600 4202 repleverunt
2622 4138 2804 4194 urtica:
2835 4139 3019 4211 (Prov.
3053 4149 3229 4218 xxxv).
3292 4151 3553 4208 Torcular
3599 4157 3767 4228 (sicut

2163 4235 2326 4292 supra
2351 4224 2608 4302 diximus)
2638 4230 2812 4286 altare
2837 4234 3108 4305 signiﬁcat
3133 4239 3200 4294 ab
3223 4256 3308 4307 eo,
3343 4247 3486 4313 quod
3517 4248 3586 4303 ibi
3607 4224 3764 4306 ebla-

2162 4313 2362 4380 tiones,
2389 4326 2647 4389 tanquam
2687 4321 2918 4391 fructus,
2965 4329 3352 4389 conferantur:
3378 4345 3433 4392 et
3458 4337 3617 4395 aliter
3650 4351 3763 4398 tor-

2159 4407 2313 4462 cular
2339 4411 2748 4470 tribulationum
2787 4433 3100 4488 pressuram
3135 4426 3428 4498 signiﬁcat,
3463 4433 3518 4488 in
3563 4447 3666 4506 qua
3694 4438 3761 4493 ﬁ-

2157 4499 2307 4558 deles
2339 4505 2656 4572 probantur.
2717 4508 2870 4566 [inde
2908 4513 2964 4568 in
3014 4515 3172 4573 titulo
3217 4499 3760 4606 quorumdam-psal-

2161 4608 2374 4652 morum
2406 4599 2668 4670 scriptum
2689 4611 2773 4658 est
2797 4621 2809 4657 :
2838 4603 2904 4660 in
2928 4605 3088 4675 ﬁnem
3111 4627 3206 4680 pro
3232 4599 3606 4673 torcularibus.

2784 4719 3014 4778 CAPUT
3053 4725 3117 4780 ν.

2747 4789 2826 4845 De
2855 4795 3152 4852 arboribus.

2226 4873 2494 4931 Arborum
2525 4893 2720 4936 nomen
2752 4883 2865 4938 sive
2894 4885 3182 4945 herbarum
3217 4892 3284 4948 ab
3316 4896 3461 4951 arvis
3493 4897 3749 4961 inﬂexum

2155 4969 2414 5035 creditur,
2447 4983 2513 5026 eo
2559 4974 2700 5042 quod
2735 4978 2897 5032 terris
2943 4979 3066 5058 lixis
3107 4985 3380 5043 radicibus
3409 4991 3687 5051 adhaerent
3730 5015 3745 5053 :

2149 5067 2380 5132 utraque
2407 5073 2588 5118 autent
2617 5064 2737 5121 ideo
2769 5069 2869 5123 sibi
2905 5087 3044 5141 pene
3075 5075 3271 5132 similia
3303 5091 3429 5136 sunt
3463 5101 3476 5136 :
3515 5087 3642 5155 quia
3673 5104 3744 5143 ex

2149 5165 2256 5206 uno
2281 5151 2512 5208 alterum
2541 5157 2794 5226 gignitur.
2822 5158 2956 5240 Nam
2982 5164 3104 5219 dum
3133 5181 3429 5227 sementem
3457 5175 3508 5228 in
3531 5169 3742 5234 terram

2140 5244 2360 5315 jeceris,
2387 5244 2556 5302 herba
2581 5249 2734 5318 prius
2765 5252 2938 5307 oritur
2969 5271 2982 5306 :
3010 5255 3206 5313 dehinc
3233 5263 3447 5318 confota
3479 5268 3654 5338 surgit
3681 5271 3738 5325 in

2147 5337 2423 5393 arborem:
2443 5347 2498 5394 et
2525 5340 2664 5396 inira
2691 5359 2918 5414 parvum
2951 5355 3184 5420 tempus,
3210 5369 3371 5428 quam
3395 5359 3620 5435 herbam
3649 5365 3738 5420 vi-

2145 5429 2322 5495 deras,
2339 5429 2619 5487 arbustum
2641 5437 2889 5508 suscipis.
2925 5439 3220 5498 Arbustum
3249 5447 3416 5503 arbor
3442 5455 3652 5524 novella
3678 5467 3738 5512 et

2142 5527 2349 5590 tenera,
2374 5523 2426 5576 in
2451 5538 2555 5592 qua
2585 5525 2809 5581 insertio
2834 5529 2949 5584 ﬁeri
2973 5543 3151 5601 petcst
3183 5553 3196 5590 :
3222 5546 3278 5593 et
3303 5541 3445 5596 dicta
3483 5546 3730 5620 arbusta,

2139 5615 2294 5684 quasi
2337 5615 2551 5672 arboris
2580 5618 2756 5675 hasta.
2806 5620 2912 5676 Alii
2943 5625 3222 5684 arbustum
3267 5631 3478 5708 locum,
3519 5615 3580 5692 in
3620 5656 3731 5717 quo

2139 5708 2362 5762 arbores
2383 5717 2525 5774 sunt,
2557 5711 2744 5766 volunt
2772 5714 3036 5786 accipere,
3068 5719 3210 5776 sicut
3239 5725 3488 5800 salictum
3515 5748 3528 5784 :
3565 5719 3645 5786 sic
3673 5742 3729 5788 ct

2134 5801 2424 5872 virectum,
2453 5805 2545 5862 ubi
2573 5806 2822 5878 virgulta:
2849 5809 3076 5870 novella:
3103 5815 3343 5877 virentes
3374 5831 3520 5900 sunt.
3545 5824 3730 5888 Arbor
