4038 6324
504 416 622 474 51f

1144 413 1202 467 ις.
1244 412 1495 467 RABANI
1534 411 1753 467 usum
1791 408 2109 467 ARCHlEP.
2153 408 2461 471 uocum.
2503 413 2791 471 OPERUM
2833 415 3013 472 PARS
3045 374 3109 473 ιι.

3675 423 3789 481 512

501 537 796 600 scientiam,
848 532 997 587 addit
1051 530 1281 585 dolorem
1322 528 1519 602 (Eccle.
1569 529 1631 601 ι).
1679 529 1906 601 Lignum
1949 543 2086 582 crux
2112 526 2445 597 Aﬁorebit,’
2475 531 2607 585 sicut
2641 531 2831 586 cedrus
2877 530 3064 587 Libani
3109 533 3545 604 multiplicabitur
3591 535 3784 609 (Psal.

502 624 707 682 Christi
749 624 804 681 in
830 623 970 678 libro
999 621 1288 691 Sapientia
1326 639 1338 676 :
1371 618 1709 675 Benedictum
1750 619 1972 690 lignum,
1994 635 2087 690 per

501 720 640 792 quod
661 718 723 788 ﬁt
758 713 971 788 justitia
996 713 1306 787 (Sapfxrv).
1348 713 1416 768 Et
1442 713 1497 767 in
1529 714 1736 783 psalmo
1772 727 1787 767 :
1833 713 2085 769 Dominus

500 810 735 881 regnavit
759 826 793 863 a
811 808 952 879 ligno
975 803 1149 878 (Psal.
1178 805 1324 876 xcv).
1359 806 1527 877 Ligna
1554 813 1775 877 peccata
1804 806 1860 860 in
1882 805 2084 862 Dente-

499 904 746 961 ronomio
770 921 783 958 :
809 901 867 958 Si
888 902 1004 973 quis
1032 900 1217 956 abierit
1246 916 1363 955 cum
1393 900 1632 970 proximo
1659 916 1755 955 suo
1781 899 2086 968 simpliciter

496 996 554 1052 in
576 995 762 1050 silvam
781 994 850 1049 ad
875 992 1018 1062 ligna
1032 991 1279 1047 credenda
1304 990 1481 1062 (Deut.
1506 989 1642 1063 xxx).
1675 991 1863 1047 Torris
1881 990 2082 1063 lignum

498 1090 784 1154 adustum,
816 1101 977 1158 quem
1002 1085 1194 1157 vulgus
1222 1084 1470 1139 titionem
1497 1083 1735 1153 appellat
1775 1091 2083 1139 extractum

496 1181 617 1239 foco
666 1180 982 1236 semiustum
1025 1184 1082 1233 et
1126 1177 1445 1233 extinctum.
1501 1175 1816 1245 Quisquiliae
1871 1175 2085 1247 stipulae

495 1272 746 1328 immistaa
792 1268 1025 1325 surculis
1064 1283 1127 1323 ac
1154 1266 1299 1322 foliis
1339 1266 1544 1323 aridis:
1577 1275 1704 1321 sunt
1746 1274 1925 1322 autem
1954 1281 2086 1337 pur-

493 1373 743 1438 gamenta
796 1371 1087 1417 terrarum.
1133 1360 1358 1431 Mystice
1402 1369 1581 1417 autem
1629 1361 1794 1416 torris
1824 1361 1908 1415 vel
1960 1361 2083 1416 titio

491 1450 762 1522 signiﬁcat
807 1449 1129 1519 sapientiam
1174 1462 1404 1515 vanam,
1457 1463 1578 1519 quae
1608 1463 1751 1503 verae
1803 1447 2083 1518 sapientia:

490 1544 762 1600 contraria
787 1550 869 1598 est
895 1560 909 1597 :
944 1541 1088 1613 unde
1108 1541 1306 1613 legitur
1332 1541 1386 1595 in
1408 1540 1546 1596 Isaia
1568 1541 1829 1611 propheta
1851 1582 1866 1605 ,
1892 1540 2080 1596 Domi-

490 1651 619 1691 num
678 1634 881 1690 dixisse
931 1634 1000 1689 ad
1047 1634 1224 1705 ipsum
1270 1634 1593 1704 prophetam
1641 1648 1657 1687 :
1710 1632 1975 1704 Egredere
2025 1635 2081 1689 in

489 1743 761 1783 occursum
784 1726 985 1792 Achaz,
1022 1735 1101 1792 tu,
1128 1734 1176 1780 et
1202 1726 1291 1797 qui
1320 1720 1600 1780 derelictus
1628 1733 1702 1780 est
1730 1723 1900 1779 Jasub
1936 1725 2081 1794 ﬁlius

486 1827 628 1885 tuus,
660 1819 729 1873 ad
758 1826 1045 1873 extremum
1078 1818 1417 1888 aqum-ductus
1441 1817 1656 1887 piscina:
1695 1817 1979 1887 superioris
2024 1817 2080 1872 in

2187 617 2320 689 xci).
2370 619 2439 675 Et
2490 620 2546 675 in
2568 618 2796 677 Cantico
2843 622 3184 679 canticorum
3220 638 3415 695 sponsa
3462 625 3531 681 de
3581 642 3789 698 sponso

2189 711 2319 768 dicit
2349 729 2361 765 :
2394 711 2573 768 Coma:
2596 714 2712 785 ejus
2740 715 2877 769 sicut
2904 712 3058 769 elate
3084 715 3407 787 palmarum,
3437 717 3603 788 nigra:
3628 721 3789 790 quasi

2187 821 2371 861 corvus
2397 805 2573 878 (Cant.
2601 806 2679 880 v).
2704 806 2886 863 Comm
2909 815 3143 865 catervae
3166 815 3498 875 sanctorum,
3523 824 3646 881 qua:
3668 812 3788 868 Deo

2189 898 2331 954 tideli
2355 897 2616 955 famulatu
2645 900 2925 956 adhaerent
2948 914 2964 955 :
2988 900 3141 957 elatae
3160 900 3352 973 palmae
3370 913 3594 973 propter
3613 912 3788 976 caput

2185 991 2402 1047 Domini
2431 1006 2444 1046 :
2470 993 2637 1065 nigra:
2661 1001 2884 1064 propter
2905 993 3304 1065 despectionem
3326 994 3466 1066 apud
3486 994 3741 1051 homines
3765 1012 3781 1049 :

2189 1083 2275 1138 vel
2305 1083 2463 1140 elata:
2487 1084 2558 1140 ob
2585 1084 2869 1140 victoriam
2903 1103 2916 1139 :
2949 1085 3118 1156 nigra:
3143 1084 3214 1141 ob
3236 1100 3538 1157 pressuras.
3566 1085 3788 1144 Laurus

2188 1190 2219 1230 a
2249 1176 2417 1232 verbo
2453 1176 2627 1234 laudis
2654 1178 2796 1233 dicta
2831 1192 2846 1232 :
2886 1179 2991 1233 hac
3014 1178 3158 1234 enim
3184 1194 3308 1235 cum
3336 1178 3581 1236 laudibus
3601 1181 3790 1242 victo-

2186 1283 2307 1323 rum
2372 1269 2549 1340 capita
2606 1268 3025 1325 coronabantur.
3082 1270 3238 1340 Apud
3286 1271 3538 1342 antiquos
3590 1281 3784 1329 autem

2184 1359 2377 1416 laudea
2431 1360 2810 1416 nominabatur
2860 1379 2872 1415 :
2916 1368 3104 1431 postea
3132 1361 3168 1415 d
3222 1360 3401 1417 littera
3450 1362 3696 1430 sublata,
3723 1372 3785 1420 et

2186 1453 2479 1524 subrogata
2502 1470 2531 1507 r
2555 1454 2700 1510 dicta
2729 1463 2813 1509 est
2862 1453 3049 1509 laurus
3079 1472 3092 1508 :
3125 1461 3188 1508 ut
3235 1454 3290 1509 in
3321 1455 3612 1520 auriculis,
3654 1472 3784 1527 quae

2188 1543 2243 1599 in
2275 1544 2431 1600 initio
2457 1545 2720 1600 audiculre
2741 1545 2898 1600 dictae
2926 1552 3053 1600 sunt
3083 1563 3097 1598 :
3127 1551 3182 1599 et
3209 1543 3489 1610 medidies,
3515 1544 3607 1616 qui
3630 1561 3785 1602 nunc

2185 1635 2445 1695 meridies
2467 1635 2684 1691 dicitur.
2714 1635 2867 1691 Hanc
2895 1636 3146 1691 arborem
3167 1634 3342 1691 Graeci
3375 1636 3641 1707 daphnem
3678 1654 3778 1693 vo—

2185 1734 2311 1781 cant
2350 1744 2363 1779 :
2398 1726 2542 1796 quod
2571 1742 2844 1797 nunquam
2873 1727 3109 1797 deponat
3144 1726 3497 1794 viriditatem,
3529 1730 3657 1785 inde
3683 1729 3782 1785 illa

2186 1818 2367 1887 potius
2393 1818 2630 1873 victores
2658 1812 3098 1891 coronabantur}
3135 1816 3251 1874 sola
3280 1833 3495 1890 quoque
3536 1820 3653 1875 haec
3682 1835 3780 1874 ar-

486 1912 570 1966 via
593 1910 948 1981 agrifullonis,
984 1920 1031 1966 et
1055 1911 1195 1966 dices
1218 1909 1287 1965 ad
1307 1927 1424 1964 eum
1456 1923 1473 1961 .-
1504 1908 1658 1975 Vide,
1683 1927 1746 1963 ne
1767 1908 1945 1975 sileas,
1970 1910 2078 1964 noli
2108 1889 2155 1949 Β
2182 1909 2282 1963 bor
2320 1908 2529 1981 fulgore
2557 1889 2833 1966 fulminari
2865 1909 3091 1967 minime
3126 1889 3388 1967 creditur.
3409 1889 3566 1968 me
3608 1912 3783 1969 arbor

487 2003 686 2070 timere,
742 2011 790 2057 et
837 2019 929 2057 cor
950 2012 1098 2057 tuum
1150 2019 1214 2056 ne
1256 2002 1500 2073 formidet
1550 2019 1583 2055 a
1640 2002 1844 2057 duabus
1892 2002 2077 2058 caudis

484 2095 729 2149 titionum
776 2094 1147 2165 fumigantium
1193 2095 1415 2149 istorum
1458 2094 1515 2148 in
1560 2092 1641 2146 ira
1682 2092 1879 2163 furoris
1910 2092 2079 2147 Rasin

484 2185 619 2255 regis
645 2184 839 2256 Sgriw,
865 2194 914 2240 et
934 2184 1034 2255 ﬁlii
1057 2183 1325 2250 Romeliw,
1355 2201 1413 2239 eo
1435 2184 1574 2256 quod
1600 2184 1877 2239 consilium
1898 2185 2077 2240 inierit

484 2286 668 2352 contra
689 2287 738 2333 te
769 2276 928 2348 Syria
954 2278 1010 2332 in
1038 2277 1237 2343 malum
1266 2275 1517 2347 Eﬂraim,
1542 2288 1592 2333 et
1623 2278 1770 2348 ﬁlius
1792 2277 2073 2349 'Rornelia’,

483 2372 709 2427 dicentes
739 2391 758 2427 :
797 2372 1155 2428 Ascendamus
1182 2372 1252 2426 ad
1275 2371 1477 2426 ludam
1516 2382 1564 2427 et
1592 2373 1904 2428 suscitemus
1933 2389 2073 2440 eum,

481 2472 529 2519 et
553 2463 831 2520 evellamus
854 2482 973 2520 eum
1020 2464 1091 2518 ad
1139 2480 1231 2519 nos
1258 2463 1393 2536 (Isa.
1419 2463 1542 2535 vn).
1571 2463 1717 2520 Duas
1743 2474 1924 2521 autem
1947 2480 2079 2521 cau-

485 2555 581 2610 das
628 2554 859 2611 torrium
903 2554 1285 2626 fumigantium
1323 2553 1405 2629 (ut
1434 2555 1586 2627 prius
1614 2555 1872 2629 diximus)
1918 2563 2079 2613 vocat

487 2646 808 2716 sapientiam
869 2647 1206 2712 saecularem,
1261 2647 1686 2718 haereticumque
1734 2663 2073 2713 sermonem,

486 2751 715 2806 quorum
746 2737 872 2792 ﬁnis
901 2737 1113 2792 exustio
1148 2745 1233 2793 est
1272 2754 1288 2794 :
1319 2738 1410 2807 qui
1439 2736 1640 2794 frustra
1669 2738 1909 2794 inierunt
1948 2752 2077 2794 con-

482 2827 685 2895 silium,
708 2835 772 2884 ut
794 2828 1153 2884 ascenderent
1180 2835 1365 2883 contra
1393 2826 1607 2894 ludam,
1635 2838 1691 2884 et
1719 2828 1871 2898 quasi
1907 2828 2077 2900 negli-

483 2928 699 2990 gentem
743 2929 799 2976 et
843 2920 1204 2977 dormientem
1240 2929 1522 2992 caperent,
1569 2928 1625 2975 et
1658 2921 1772 2975 suis
1797 2919 2076 2976 erroribus

483 3010 818 3082 copularent.
849 3010 1037 3067 Caries
1072 3011 1303 3081 putredo
1348 3011 1618 3082 lignorum
1651 3030 1665 3065 :
1713 3010 1915 3065 dictum
1969 3008 2074 3065 hoc

486 3117 703 3170 nomen,
727 3103 868 3174 quod
894 3103 1109 3159 eveniat
1132 3101 1293 3174 lignis
1313 3102 1514 3173 virtute
1529 3102 1857 3158 carentibus.
1884 3099 2074 3157 Caries

485 3183 668 3252 autem
717 3196 1023 3267 signiﬁcare
1061 3204 1243 3267 potest
1263 3195 1602 3267 putredinem
1649 3204 2000 3266 peccatorum
2054 3216 2067 3252 :

484 3291 628 3347 unde
686 3292 935 3348 homines
987 3290 1237 3348 carnales
1288 3289 1566 3345 vermibus
1621 3290 2072 3360 concupiscentia

481 3382 631 3438 exesi
654 3382 921 3447 inhabiles
945 3382 1250 3439 eﬁiciuntur
1271 3379 1499 3439 aediﬁcio
1520 3380 1751 3451 spiritali
1775 3379 2071 3452 pertinenti

482 3474 551 3529 ad
583 3474 863 3532 civitatem
887 3474 1003 3531 Dei.

1094 3565 1323 3624 CAPUT
1360 3566 1448 3623 Vl.

800 3660 877 3715 De
900 3660 1126 3733 propriis
1152 3662 1450 3718 nominibus
1475 3664 1744 3719 arborum.

548 3749 735 3807 Palma
766 3752 931 3817 dicta,
964 3752 1087 3822 quia
1136 3767 1329 3808 manus
1369 3752 1612 3809 victricis
1651 3762 1879 3810 ornatus
1927 3760 2013 3810 est
2050 3770 2065 3807 :

478 3840 566 3897 vel
639 3842 781 3912 quod
834 3858 1108 3914 oppansus
1151 3852 1236 3899 est
1284 3844 1451 3898 ramis
1500 3844 1555 3898 in
1608 3843 1827 3900 modum
1875 3842 2069 3913 palma:

476 3932 731 3988 hominis.
769 3931 867 3988 Est
895 3932 1043 4007 enim
1066 3935 1227 3990 arbor
1248 3934 1461 4006 insigne
1493 3934 1761 4019 victoriae,
1809 3948 2066 4005 procero-

477 4042 584 4099 que
606 4043 671 4082 ac
699 4028 899 4084 decoro
931 4028 1184 4100 virgulto,
1221 4028 1595 4101 diuturnisque
1621 4016 1815 4083 vestita
1853 4016 2066 4082 'frondi-

476 4119 600 4185 bus,
645 4128 701 4175 et
739 4119 865 4176 folia
893 4136 989 4176 sua
1032 4122 1148 4177 sine
1177 4120 1286 4176 ulla
1323 4122 1668 4193 successione
1710 4134 2063 4176 conservans.

481 4209 638 4265 Hanc
662 4208 837 4267 Graeci
868 4211 1181 4268 Phoenicem
1213 4212 1419 4278 dicunt,
1450 4211 1593 4282 quod
1622 4210 1712 4266 diu
1756 4212 1951 4276 durat,
1998 4225 2066 4267 ex

478 4300 700 4355 nomine
726 4298 841 4358 avis
871 4302 1014 4358 illius
1040 4301 1307 4368 Arabicae,
1337 4316 1456 4371 quae
1485 4299 1668 4356 multis
1691 4301 1849 4356 annis
1882 4301 2068 4358 vivere

478 4390 815 4463 perhibetur.
842 4391 972 4460 Quae
1011 4394 1137 4449 dum
1167 4393 1221 4447 in
1253 4392 1435 4448 multis
1474 4392 1627 4449 iocis‘
1646 4375 1924 4458 nascatur,
1956 4406 2066 4448 non

481 4482 537 4536 in
564 4482 817 4538 omnibus
839 4482 1047 4538 fructus
1069 4480 1283 4553 perlicit
1307 4482 1677 4539 maturitatem
1709 4502 1721 4538 :
1748 4481 2067 4553 frequenter

2179 2000 2317 2054 bene
2337 2007 2517 2071 potest
2528 1999 2838 2072 signiﬁcare
2864 2009 3165 2074 martyrum
3181 2003 3436 2060 victorias
3463 2011 3521 2059 et
3545 2019 3779 2061 coronas

2179 2085 2694 2149 immarcescibiles:
2724 2092 2926 2148 malum
2954 2108 2984 2148 a
3009 2091 3214 2150 Graecis
3261 2095 3485 2161 dictum,
3526 2095 3671 2165 quod
3699 2096 3775 2152 sit

2177 2184 2386 2242 fructus
2414 2185 2530 2256 ejus
2554 2202 2836 2258 pomorum
2859 2187 3102 2242 omnium
3134 2188 3555 2244 rotundissimus
3584 2206 3598 2243 :
3627 2189 3780 2247 unde

2177 2284 2232 2332 et
2280 2278 2394 2334 haec
2435 2286 2559 2332 sunt
2589 2294 2716 2332 vera
2766 2278 2944 2344 mala,
2995 2293 3115 2349 qua:
3156 2279 3508 2335 vehementer
3536 2280 3776 2338 rotunda

2177 2374 2319 2422 sunt.
2345 2366 2482 2421 Mala
2506 2366 2741 2422 Matiana
2765 2384 2796 2421 a
2826 2367 2944 2424 loco
2963 2377 3179 2433 vocata,
3201 2369 3343 2424 unde
3363 2370 3516 2441 prius
3542 2372 3775 2428 advecta

2178 2467 2322 2514 sunt.
2340 2459 2472 2513 Nam
2489 2459 2673 2514 multa:
2696 2460 2919 2515 arbores
2945 2459 3163 2514 nomina
3192 2475 3256 2515 ex
3278 2461 3573 2531 provinciis
3594 2461 3679 2517 vel
3694 2462 3777 2519 ci-

2176 2550 2456 2616 vitatibus,
2475 2551 2544 2606 de
2571 2550 2769 2622 quibus
2785 2550 2961 2606 allatae
2979 2560 3123 2617 sunt,
3145 2563 3487 2624 acceperunt.
3514 2553 3774 2627 Virgilius

2177 2645 2485 2700 amantibus
2501 2685 2517 2711 ,
2540 2644 2670 2715 quid
2699 2659 2766 2698 ex
2792 2644 2935 2700 malo
2957 2644 3126 2714 quaeri
3154 2643 3329 2700 soleat
3349 2644 3604 2700 ostendit.
3628 2644 3771 2701 Mala

2175 2732 2415 2805 Cydonia
2441 2750 2640 2790 nomen
2681 2744 3028 2806 sumpserunt
3074 2734 3144 2790 ab
3195 2734 3393 2806 oppido
3435 2750 3558 2806 quae
3602 2744 3688 2791 est
3714 2737 3770 2790 in

2179 2826 2364 2883 Insula
2417 2826 2597 2895 Creta,
2650 2830 2715 2883 de
2764 2845 2871 2899 qua
2898 2827 3073 2885 Graeci
3110 2828 3292 2885 dicere
3334 2829 3509 2885 solent
3548 2829 3768 2884 urbium

2175 2917 2515 2975 Cretensium
2538 2927 2767 2975 matrem
2793 2919 3111 2991 Cydoniam,
3125 2934 3194 2975 ex
3216 2919 3371 2991 cujus
3398 2934 3561 2990 pomo
3590 2918 3768 2991 Cydo-

2174 3011 2350 3066 nitum
2378 3010 2684 3067 conﬁcitur.
2728 3010 2819 3068 Fit
2858 3027 3073 3083 quoque
3097 3028 3163 3067 ex
3193 3027 3258 3068 ea
3298 3022 3354 3068 et
3387 3012 3609 3076 vinum,
3655 3025 3768 3082 quo

2176 3102 2545 3174 languentium
2597 3103 2864 3159 desideria
2912 3102 3172 3158 falluntur
3226 3123 3239 3159 :
3292 3119 3419 3159 nam
3462 3102 3675 3175 specie,
3711 3109 3769 3158 et

2174 3203 2373 3265 gustu,
2422 3203 2478 3251 et
2527 3196 2694 3252 odore
2749 3195 3036 3265 cujuslibet
3065 3197 3175 3252 vini
3224 3197 3426 3252 veteris
3471 3196 3766 3267 imaginem

2174 3296 2548 3356 repraesentat.
2601 3287 2927 3344 Melimelum
2975 3305 3004 3343 a
3059 3288 3341 3346 dulcedine
3396 3290 3720 3361 appellatum
3744 3331 3763 3357 ,

2171 3377 2258 3433 vel
2306 3379 2451 3449 quod
2499 3378 2712 3435 fructus
2758 3381 2876 3450 ejus
2917 3379 3092 3435 mellis
3119 3364 3368 3453 saporem
3406 3381 3630 3448 habeat,
3677 3379 3767 3440 vd

2116 3516 2119 3519 ι
2170 3474 2316 3544 quod
2365 3475 2421 3530 in
2468 3474 2629 3531 melle
2679 3482 2945 3531 servetur.
3000 3473 3199 3531 Malum
3245 3484 3425 3531 autem
3477 3475 3769 3549 allegorice

2172 3565 2446 3638 signiﬁcat
2474 3566 2762 3623 Dominum
2794 3565 3072 3623 Christum
3102 3585 3115 3622 :
3144 3566 3290 3623 unde
3312 3581 3510 3637 sponsa
3541 3567 3598 3622 in
3619 3566 3767 3623 Can-

2172 3660 2279 3715 tico
2301 3659 2638 3715 canticorum
2677 3657 2810 3714 dicit
2838 3675 2854 3715 :
2897 3656 3045 3714 Sicut
3068 3658 3240 3714 malus
3268 3659 3408 3714 inter
3433 3657 3576 3730 ligna
3599 3658 3769 3715 silva-

2172 3766 2309 3816 rum,
2337 3744 2414 3804 sic
2444 3748 2664 3805 dilectus
2698 3766 2842 3804 meus
2868 3751 3007 3805 inter
3032 3749 3175 3820 ﬁlias
3214 3764 3235 3803 :
3262 3749 3359 3805 sub
3388 3750 3573 3805 umbra
3616 3750 3767 3806 illius

2168 3858 2321 3914 quem
2346 3841 2705 3897 desiderabam
2725 3841 2836 3897 sedi
2861 3855 2880 3893 :
2910 3850 2957 3896 et
2995 3842 3195 3908 fructus
3222 3842 3337 3913 ejus
3362 3841 3533 3896 dulcis
3557 3843 3771 3912 gutturi

2167 3949 2281 3988 meo
2310 3929 2489 4005 (Cant.
2519 3931 2603 4004 n);
2631 3933 2735 3988 hoc
2772 3941 2880 3997 est,
2917 3934 3059 3988 sicut
3091 3933 3294 3988 malum
3319 3934 3461 3999 visu,
3509 3933 3674 3988 odore
3707 3942 3770 3989 et

2168 4033 2328 4098 gustu
2358 4025 2628 4081 antecedit
2674 4024 2819 4096 ligna
2849 4025 3117 4081 silvestria
3148 4044 3160 4080 :
3207 4026 3287 4080 sic
3325 4024 3576 4080 Christus
3602 4033 3763 4081 ante-

2166 4118 2313 4174 cellit
2346 4131 2537 4174 omnes
2580 4123 2798 4172 sanctos
2824 4158 2839 4184 ,
2892 4117 2984 4187 qui
3036 4116 3131 4172 ﬁlii
3162 4116 3257 4172 Dei
3309 4116 3612 4171 dicuntur:
3662 4116 3765 4172 sed

2165 4212 2361 4283 gratia,
2396 4210 2485 4266 ille
2524 4210 2670 4266 solus
2700 4218 2917 4275 natura,
2944 4217 2998 4267 et
3020 4209 3211 4265 eodem
3234 4208 3535 4280 prodeunte
3553 4249 3566 4273 ,
3595 4223 3760 4278 quem

2166 4319 2379 4375 semper
2402 4303 2592 4360 adesse
2613 4303 2857 4373 quzesivi,
2880 4303 3099 4374 quiesco
3122 4316 3186 4358 ac
3210 4315 3402 4357 secura
3423 4314 3719 4372 permaneo
3744 4314 3761 4354 :

2166 4395 2291 4467 quia
2320 4393 2508 4466 gratiae
2530 4385 2642 4450 suae
2665 4394 2876 4450 caelesti
2905 4392 3186 4449 dulcedine
3214 4407 3303 4447 me
3332 4390 3529 4447 reﬁcit.
3555 4389 3763 4445 Malum

2163 4484 2428 4541 Punicum
2451 4483 2558 4539 dici
2587 4499 2653 4540 eo
2670 4523 2686 4549 ,
2713 4483 2856 4553 quod
2896 4497 2965 4538 ex
2991 4481 3195 4537 Punica
3223 4480 3445 4551 regione
3490 4478 3562 4536 sit
3584 4493 3763 4551 genus

481 4584 662 4630 autem
695 4575 747 4629 in
769 4573 1006 4647 Egypto
1024 4582 1079 4629 et
1100 4572 1280 4646 Syria,
1303 4572 1513 4630 fructus
1527 4584 1707 4630 autem
1730 4572 1847 4643 ejus
1865 4572 2063 4657 dactyli
2090 4613 2145 4674 Β
2167 4575 2284 4646 ejus
2324 4574 2646 4631 translatum
2676 4590 2689 4627 :
2724 4574 2867 4629 idem
2892 4580 2948 4628 et
2975 4571 3487 4641 malumgranatum,
3515 4583 3581 4624 eo
3608 4568 3761 4674 quod

479 4684 512 4726 a
533 4667 827 4739 digitorum
848 4666 1198 4723 similitudine
1223 4669 1514 4738 nuncupati
1538 4674 1682 4722 sunt.
1709 4665 1893 4722 Palma
1915 4666 2061 4721 enim

482 4764 627 4821 dicta
682 4770 785 4829 est,
833 4762 989 4833 quasi
1019 4762 1172 4833 pacis
1199 4761 1362 4828 alma,
1391 4777 1511 4832 quae
1549 4761 1830 4831 praemium
1876 4770 1960 4814 est
2007 4760 2061 4813 in

481 4869 650 4926 agone
672 4854 1034 4921 vincentibus,
1058 4855 1199 4910 sicut
1214 4852 1505 4925 Apostolus
1530 4850 1663 4907 dicit
1687 4868 1700 4904 :
1726 4850 1778 4905 Ν
1784 4868 1884 4906 unc
1907 4852 2062 4905 tendo

479 4946 551 5001 ad
571 4945 801 5016 palmam
831 4962 1071 5019 superna:
1103 4943 1387 4999 vocationis
1418 4939 1586 5014 (Phil.
1610 4942 1716 5013 ιιι).
1746 4941 1873 4997 Haec
1898 4957 2063 5012 super

480 5050 655 5095 terras
670 5039 879 5110 hispida
892 5046 996 5103 est,
1013 5046 1071 5094 et
1092 5035 1412 5106 quibusdam
1429 5033 1732 5089 tumoribus
1747 5033 2057 5103 inaequalis:

480 5132 573 5188 sed
602 5132 692 5188 ubi
727 5132 798 5187 ad
824 5144 1059 5200 superna
1085 5126 1438 5197 processerit,
1488 5124 1918 5181 dulcissimorum
1946 5125 2060 5180 fru-

480 5237 664 5285 ctuum
684 5227 950 5285 suavitate
965 5221 1285 5293 completur,
1302 5229 1357 5277 et
1376 5220 1530 5291 quasi
1552 5219 1874 5290 quibusdam
1897 5219 2065 5276 radiis

480 5332 670 5379 ornata
699 5318 1027 5378 distenditur
1057 5336 1069 5372 :
1104 5317 1183 5372 sic
1205 5314 1472 5386 justorum
1495 5315 1837 5371 conversatio
1872 5314 1925 5369 in
1958 5313 2063 5369 hoc

479 5414 681 5472 mundo
708 5411 859 5469 duris
899 5418 986 5467 est
1025 5407 1302 5464 laboribus
1327 5407 1483 5480 plena
1518 5426 1531 5462 :
1564 5406 1660 5463 sed
1707 5406 1762 5461 in
1811 5406 2063 5476 supernis

478 5509 738 5580 probatur
763 5516 885 5559 esse
917 5499 1299 5573 pulcherrima.
1328 5498 1512 5555 Palma
1541 5506 1723 5554 autem
1752 5496 2061 5570 signiﬁcare

478 5605 656 5670 potest
682 5594 927 5652 homines
955 5592 1216 5649 virtutum
1245 5592 1439 5649 decore
1462 5607 1675 5663 semper
1694 5590 1962 5655 virentes,
2004 5597 2063 5645 et

484 5689 766 5748 dlctoriam
788 5690 856 5744 de
881 5688 1029 5745 vitiis
1056 5688 1308 5745 omnibus
1332 5686 1699 5761 spiritualibus
1738 5685 2013 5755 capientes
2042 5701 2057 5738 :

483 5781 628 5840 unde
649 5781 927 5852 praemium
953 5796 1167 5839 corona:
1189 5790 1407 5836 aeterna:
1443 5796 1473 5836 a
1499 5778 1727 5835 Domino
1764 5776 2058 5847 accipiunt,

489 5878 560 5937 de
584 5890 693 5951 quo
739 5876 792 5934 in
837 5879 1045 5952 psalmo
1068 5878 1330 5950 scriptum
1359 5885 1444 5934 est
1485 5893 1499 5932 :
1540 5874 1728 5931 Justus
1777 5880 1836 5927 ut
1885 5868 2063 5943 palma

2171 4672 2312 4727 intra
2337 4669 2555 4725 corticis
2571 4666 2954 4723 rotunditatem
2968 4680 3257 4734 granorum
3280 4664 3558 4720 contineat
3569 4661 3760 4716 multi-

2168 4763 2429 4817 tudinem.
2454 4758 2592 4813 Mala
2607 4757 2811 4812 Punica
2825 4754 3066 4811 Ecclesia
3088 4764 3172 4811 est
3190 4755 3304 4809 sive
3327 4753 3507 4809 unitas
3532 4752 3681 4817 ﬁdei,
3701 4758 3761 4807 et

2167 4853 2315 4922 pacis
2329 4851 2643 4914 concordia,
2656 4849 2725 4903 ob
2741 4847 2894 4918 cujus
2908 4845 3135 4917 ﬁguram
3146 4844 3427 4900 lsraelitici
3439 4842 3757 4913 explorato-

2169 4959 2258 5000 res
2270 4945 2323 4998 in
2343 4944 2486 4999 libro
2499 4940 2717 4996 Numeri
2735 4939 2926 5013 (Num.
2942 4937 3062 5005 xui)
3077 4938 3143 4993 de
3156 4946 3303 4993 terra
3319 4934 3758 5006 repromissionis

2168 5036 2372 5092 malum
2397 5033 2655 5089 Punicum
2680 5046 2802 5087 cum
2825 5031 2983 5087 botro
3008 5029 3211 5100 pariter
3225 5036 3280 5083 et
3298 5026 3416 5082 ﬁcis
3440 5025 3755 5097 portabant.

2168 5128 2237 5183 Et
2252 5128 2305 5183 in
2321 5124 2523 5189 Exodo,
2544 5124 2602 5179 ln
2617 5130 2933 5179 ornamento
2953 5120 3256 5177 sacerdotis
3277 5118 3416 5173 mala
3428 5116 3633 5172 Punica
3648 5116 3757 5169 tin-

2171 5217 2464 5274 tinnabulis
2500 5214 2680 5270 aureis
2709 5211 2959 5284 conjungi
2988 5211 3394 5282 praecipiuntur.
3425 5207 3621 5263 Malum
3656 5221 3756 5260 au-

2169 5319 2275 5366 tem
2302 5309 2558 5381 punicum
2600 5302 2867 5375 signiﬁcat
2895 5310 3099 5379 οωιιιιξι
3126 5309 3439 5356 sanctorum
3460 5308 3517 5353 et
3543 5296 3751 5352 electo-

2170 5417 2291 5458 rum
2315 5401 2554 5455 virorum
2585 5410 2600 5450 :
2631 5395 2772 5451 unde
2801 5408 2997 5466 sponsa
3034 5393 3101 5447 ad
3132 5405 3389 5462 sponsum
3437 5389 3494 5444 in
3520 5386 3753 5443 Cantica

2163 5496 2496 5554 canticorum
2521 5489 2682 5547 dicit:
2709 5486 2853 5544 Sicut
2875 5495 3053 5541 cortex
3075 5484 3205 5539 mali
3225 5483 3414 5538 Punici
3422 5495 3597 5551 ,gena'
3618 5487 3750 5545 tum,

2164 5591 2355 5659 absque
2379 5584 2595 5641 occultis
2624 5584 2727 5637 tuis
2753 5579 2929 5655 (Cant.
2953 5576 3052 5650 γι).
3075 5577 3240 5632 Genua
3268 5582 3468 5631 sancta:
3492 5570 3752 5627 Ecclesia:

2161 5677 2434 5750 spiritales
2456 5682 2581 5731 sunt
2607 5682 2789 5745 patres
2822 5689 2834 5726 :
2861 5670 2954 5741 qui
2987 5669 3278 5724 virtutibus
3299 5672 3427 5721 sunt
3448 5661 3751 5730 mirabiles,

2162 5779 2219 5827 et
2256 5769 2499 5825 moribus
2538 5763 2895 5829 venerabiles,
2937 5769 2993 5817 et
3034 5761 3086 5815 in
3110 5772 3271 5814 cruce
3296 5755 3498 5812 Christi
3525 5753 3752 5825 gloriari

2160 5878 2272 5922 non
2314 5861 2719 5919 erubescentes.
2746 5854 2815 5914 Et
2839 5855 2957 5915 lure
2990 5865 3184 5923 magna
3225 5856 3355 5907 sunt
3397 5846 3556 5905 valde
3574 5886 3592 5916 ,
3626 5857 3754 5917 qua
