4038 6324
260 361 369 418 515

1268 353 1359 418 ΒΕ
1396 359 1744 418 UNIVERSO
1776 360 1957 418 LIBRI
1990 359 2154 418 XXII.
2195 392 2264 403 —
2301 361 2429 420 LIB.
2466 362 2611 420 XIX.

3427 363 3536 421 5M

259 476 515 530 videntur
535 471 591 527 in
615 485 679 528 ea
706 488 720 527 :
751 471 847 528 sed
870 470 1042 530 multo
1064 474 1290 544 majora,
1321 491 1441 546 quae
1461 493 1568 532 non
1597 477 1848 533 videntur
1872 485 1922 541 Α
1948 477 2080 533 ltem
2112 479 2166 533 in
2202 480 2397 535 bonam
2445 487 2656 550 partem
2685 492 2700 533 :
2729 479 2977 535 Ascendit
3005 477 3261 535 Zachatus
3290 496 3347 536 in
3373 485 3532 538 arbo-

261 563 402 619 etin
443 561 624 618 futura
658 572 1024 619 reservantur.
1055 563 1239 622 Potest
1281 573 1334 622 et
1387 567 1442 621 in
1481 567 1850 641 malogranato

262 653 492 726 intelligi
507 652 748 709 Ecclesia
765 654 834 710 de
845 654 1029 711 multis
1042 655 1292 726 gentibus
1303 667 1624 730 congregata
1641 659 1754 716 sive
1769 659 1849 716 di-

260 760 455 803 versas
474 746 527 801 in
548 759 606 800 se
626 746 830 817 gratias
850 747 1085 804 habens:
1102 749 1244 805 unde
1266 749 1320 803 in
1342 749 1583 807 Canticis
1607 753 1848 808 cantico-

260 858 384 898 rum
404 843 469 896 de
489 839 552 897 ea
577 841 838 912 scriptum
864 843 1090 914 legitur:
1105 843 1428 899 Emissiones
1451 855 1555 900 tua:
1567 847 1848 916 paradisus

260 933 523 988 malarum
545 943 888 1003 granatorum
909 934 1037 988 cum
1049 933 1225 1004 fructu
1245 951 1516 1004 pomorum
1537 933 1713 1008 (Cant.
1747 937 1846 1008 xv).

260 1025 428 1080 Ficus
449 1023 644 1079 Latine
659 1039 690 1077 a
711 1022 1042 1080 fecunditate
1063 1033 1287 1081 vocatur
1310 1044 1324 1080 :
1348 1025 1580 1083 feracior
1593 1038 1680 1083 est
1703 1029 1848 1085 enim

261 1115 550 1170 arboribus
579 1115 791 1170 caeteris
835 1129 850 1168 :
882 1131 1008 1170 nam
1039 1124 1123 1171 ter
1149 1125 1448 1186 quaterque
1484 1133 1582 1188 per
1609 1119 1849 1190 singulos

260 1223 433 1264 annos
483 1218 708 1277 generat
737 1206 1005 1274 fructum,
1037 1217 1200 1279 atque
1228 1209 1399 1265 altero
1449 1219 1848 1268 maturescente

259 1299 399 1354 alter
446 1299 692 1354 oboritur
740 1317 752 1352 :
802 1299 929 1354 hinc
972 1309 1026 1354 et
1051 1302 1244 1356 caricae
1284 1317 1316 1355 a
1359 1303 1514 1372 copia
1558 1305 1850 1358 nominatae

259 1397 404 1444 sunt.
436 1389 598 1444 Ficus
626 1389 850 1460 mystice
872 1390 1141 1461 signiﬁcat
1165 1407 1492 1462 synagogam
1518 1391 1844 1461 Iudaeorum,

259 1492 317 1538 ιιι
341 1491 424 1537 est
450 1482 580 1536 illud
605 1483 660 1536 in
689 1482 978 1553 Evangelio
1012 1501 1024 1536 :
1053 1484 1301 1554 Arefacta
1327 1497 1400 1538 est
1431 1486 1672 1540 continuo
1698 1486 1850 1555 [icul-

259 1593 356 1630 nea
386 1575 600 1646 (Matth.
636 1575 774 1646 xxx).
800 1575 866 1629 Et
893 1575 949 1630 in
978 1575 1230 1631 Habacuc
1262 1595 1274 1630 :
1306 1575 1488 1642 Ficus,
1518 1578 1710 1646 inquit,
1743 1595 1847 1633 non

258 1672 438 1740 a/l‘eret
471 1671 725 1739 fructum,
761 1680 808 1724 et
853 1687 958 1724 non
981 1669 1077 1723 erit
1120 1670 1381 1740 generatio
1414 1671 1468 1724 in
1502 1671 1686 1735 vineis,
1735 1680 1840 1727 etc.

257 1763 422 1819 Ficus
468 1763 672 1827 vineas,
721 1771 776 1818 et
820 1762 960 1818 oliva
1006 1771 1122 1817 erat
1177 1777 1445 1833 synagoga
1493 1761 1798 1818 Judzeorum
1827 1804 1843 1831 ,

259 1856 475 1925 quando
506 1852 844 1908 dulcedinem
893 1853 1048 1908 bonae
1102 1854 1466 1923 operationis,
1505 1853 1842 1924 ﬂagrantiam
1869 1840 1918 1902 Β

260 1947 483 2000 fervidae
505 1944 830 2009 dilectionis,
856 1943 1234 2014 pinguedinem
1261 1943 1424 1998 animi
1453 1944 1844 2011 misericordis,

262 2037 373 2093 Deo
420 2037 615 2091 devota
658 2035 971 2107 proferebat
1002 2054 1014 2088 :
1046 2037 1140 2091 sed
1183 2036 1298 2091 haec
1323 2036 1480 2101 ﬁcus,
1522 2036 1750 2091 Domixxo
1779 2037 1846 2091 ad

259 2145 382 2184 eam
435 2131 595 2184 tertio
641 2129 924 2194 veniente,
973 2129 1075 2183 hoc
1109 2138 1224 2195 est,
1278 2129 1331 2184 in
1378 2129 1713 2200 legislatione
1752 2146 1850 2201 per

261 2221 504 2293 Moysen,
539 2222 596 2276 in
633 2221 816 2276 sedula
854 2222 1219 2291 increpatione
1241 2231 1296 2278 et
1337 2223 1712 2278 exhortatione
1752 2239 1850 2294 per

258 2313 558 2384 Prophetas
576 2354 592 2379 ,
623 2313 678 2368 in
706 2314 978 2370 oblatione
1000 2316 1187 2385 gratia:
1217 2331 1316 2385 per
1342 2317 1602 2386 seipsum,
1633 2316 1850 2372 virtutis

261 2399 501 2460 fructum
544 2403 687 2461 ferre
723 2406 957 2478 neglexit
999 2424 1010 2458 :
1063 2416 1282 2477 propter
1333 2407 1476 2476 quod
1520 2408 1585 2462 ad
1627 2407 1849 2462 maledi-

261 2499 500 2554 ctionem
522 2497 638 2568 ejus
662 2507 864 2553 aeterna
881 2498 1132 2554 ariditate
1153 2499 1406 2553 damnata
1422 2507 1521 2554 est.
1540 2499 1670 2554 Item
1694 2500 1847 2566 ﬁcus,

259 2589 440 2659 prisca
471 2588 557 2644 lex
581 2603 596 2642 :
619 2590 762 2644 unde
779 2589 976 2644 dicitur
1000 2589 1050 2642 ixx
1076 2588 1366 2659 Evangelio
1393 2608 1404 2642 :
1437 2589 1610 2643 Homo
1635 2591 1851 2660 quidam

259 2681 517 2752 plantavit
543 2683 744 2736 vineam
763 2722 778 2748 ,
828 2683 932 2737 hoc
960 2691 1064 2746 est,
1095 2681 1304 2750 plebem
1333 2680 1611 2737 Judaicaxn
1633 2723 1649 2748 ,
1701 2693 1746 2736 et
1798 2685 1852 2736 in

259 2774 414 2828 vinea
446 2773 698 2843 plantavit
728 2773 887 2841 licunt
935 2771 1150 2843 (Matth.
1185 2789 1297 2838 xxx,
1343 2773 1472 2828 Luc.
1524 2776 1666 2844 xm).
1700 2774 1852 2830 Folia

261 2861 420 2928 ﬁcus,
450 2864 713 2933 asperitas
741 2871 825 2919 est
848 2864 1001 2934 legis,
1031 2865 1368 2936 vel‘prurigo
1396 2866 1670 2922 vitiorum.
1714 2867 1852 2924 Hinc

263 2964 348 3011 est
373 2954 501 3011 illud
526 2956 580 3010 in
601 2954 799 3011 Genesi
833 2974 845 3010 :
877 2955 946 3009 Et
977 2969 1306 3028 sumpserunt
1341 2957 1469 3028 folia
1513 2959 1663 3028 ﬁcus,
1695 2972 1742 3015 et
1770 2961 1850 3031 fe—

263 3057 444 3103 cerunt
473 3046 571 3101 sibi
585 3047 908 3118 perizomata
935 3046 1086 3120 (Gen.
1112 3048 1346 3121 xn),'hoc
1366 3059 1468 3114 est,
1491 3052 1850 3108 succinctoria

263 3140 602 3214 genitalium.
634 3138 934 3210 Capriﬁcus
982 3141 1247 3212 appellata
1280 3158 1367 3209 eo,
1412 3143 1554 3213 quod
1593 3143 1848 3213 parietes,

263 3234 464 3304 quibus
489 3234 808 3300 innascitur,
839 3244 1028 3306 carpat
1058 3253 1070 3290 :
1103 3238 1302 3306 rumpit
1330 3238 1474 3292 enim
1499 3246 1554 3293 et
1579 3237 1757 3308 prodit
1783 3254 1850 3293 ex

263 3321 520 3389 latebris,
551 3323 746 3393 quibus
769 3334 1031 3394 concepta
1051 3334 1154 3382 est.
1186 3327 1292 3380 Alii
1318 3326 1630 3397 capriﬁcum
1659 3336 1852 3398 putant

265 3411 489 3479 dictunx,
518 3413 663 3483 quod
707 3412 844 3469 ﬁcus
889 3417 1051 3470 arbor
1081 3415 1197 3484 ejus
1229 3417 1469 3472 remedio
1508 3416 1845 3472 fecundetur.

265 3503 451 3559 Morus
472 3520 504 3559 a
519 3504 725 3560 Graacis
739 3513 943 3571 vocata,
960 3523 1124 3576 quam
1143 3507 1321 3563 Latini
1345 3510 1537 3565 rubum
1558 3509 1848 3580 appellant,

267 3611 336 3650 eo
359 3597 503 3665 quod
529 3595 734 3650 fructus
763 3595 880 3664 ejus
917 3597 1064 3652 velut
1092 3598 1307 3670 virgulti
1342 3601 1556 3655 rubent.
1581 3599 1678 3655 Est
1705 3599 1850 3655 enim

263 3701 453 3743 morus
484 3686 748 3740 silvestris
789 3685 997 3742 fructus
1029 3687 1278 3755 aﬁ‘erens,
1308 3691 1504 3758 quibus
1550 3691 1603 3744 in
1639 3691 1853 3746 deserto

262 3788 547 3851 pastorum
579 3778 750 3834 fames
778 3795 842 3834 ac
869 3781 1095 3849 penuria
1135 3781 1448 3836 confovetur
1477 3799 1490 3835 :
1527 3781 1684 3850 hujus
1726 3782 1852 3836 folia

263 3869 634 3942 superjactata
654 3873 893 3943 serpenti
910 3871 1487 3928 ferunturinterimere
1498 3888 1642 3927 eum.
1666 3873 1854 3930 Rubus

265 3979 398 4036 ergo
427 3967 508 4035 (ut
534 3964 752 4033 quidanx
782 3965 1095 4037 opinantur)
1132 3965 1315 4022 Marias
1344 3967 1571 4035 virginis
1603 3967 1855 4038 praeﬁgu-

265 4059 480 4114 ratione
509 4056 896 4130 [praeﬁguratio
929 4058 1033 4132 est]
1071 4075 1137 4116 eo
1163 4062 1306 4130 quod
1341 4061 1498 4130 quasi
1541 4061 1608 4116 de
1631 4061 1852 4116 humani

267 4151 514 4219 corporis
541 4149 696 4216 rubo,
730 4149 1066 4206 Salvatorem
1103 4159 1363 4223 tanquam
1402 4167 1581 4208 rosam
1605 4193 1622 4221 ,
1652 4153 1850 4208 emise-

266 4241 342 4295 rit
375 4261 386 4292 ι
419 4247 513 4293 aut
548 4239 690 4310 quod
714 4241 823 4296 vim
859 4241 1023 4297 divini
1071 4239 1296 4313 fulgoris
1343 4241 1460 4298 sine
1491 4243 1572 4298 sui
1603 4258 1855 4298 consum-

263 4332 455 4405 ptione
480 4331 786 4401 pertulerit.
835 4331 986 4389 Unde
1017 4333 1071 4387 in
1117 4333 1303 4390 Exodo
1341 4334 1575 4408 legitur‘:
1595 4336 1853 4406 Apparuit

264 4425 526 4479 Dominus
558 4423 730 4494 Moysi
781 4426 836 4480 in
865 4426 1082 4495 ﬂamma
1111 4427 1246 4497 ignis
1290 4426 1354 4480 de
1383 4427 1553 4481 medio
1597 4426 1713 4480 rubi
1741 4440 1758 4478 :
1803 4435 1853 4480 et

266 4513 472 4570 videbat
546 4515 684 4585 quod
762 4515 920 4569 rubus
969 4515 1173 4569 arderet
1223 4526 1270 4570 et
1315 4533 1418 4571 non
1464 4517 1854 4571 combureretur

268 4605 470 4677 (Exod.
504 4606 610 4676 nx).
642 4605 987 4678 Sycoxnorus,
1003 4607 1145 4662 sicut
1169 4615 1223 4662 et
1242 4624 1448 4674 morus,
1472 4607 1659 4664 Greeca
1682 4610 1856 4665 nomi-

267 4712 341 4752 na
368 4707 534 4752 sunt:
564 4697 705 4754 dicta
733 4708 914 4754 autem
941 4700 1238 4756 sicomorus
1277 4717 1343 4755 eo
1394 4702 1537 4770 quod
1582 4703 1689 4756 sint
1727 4702 1853 4758 folia

268 4785 390 4860 ejus
419 4791 615 4845 similia
659 4807 827 4847 moro.
859 4792 1010 4848 Hanc
1030 4794 1208 4849 Latini
1244 4794 1443 4850 celsam
1485 4795 1758 4864 appellant
1787 4797 1856 4851 ab

271 4881 579 4949 altitudine,
606 4885 733 4954 quia
759 4900 865 4940 non
887 4894 971 4940 est
997 4885 1196 4951 brevis,
1229 4893 1286 4939 ut
1308 4900 1511 4940 morus.
1541 4883 1646 4938 Alii
1673 4893 1854 4940 autem

274 4976 461 5032 dicuxxt
484 4991 606 5031 eam
633 4974 794 5031 ﬁcum
822 4991 942 5032 esse
979 4976 1301 5032 silvestrem.
1337 4975 1489 5033 Unde
1528 4977 1696 5032 Amos
1724 4976 1857 5032 Pro-

274 5069 437 5138 pheta
469 5068 535 5121 ad
559 5067 835 5123 Amasiam
861 5067 971 5122 ait:
1001 5065 1123 5122 Non
1153 5084 1270 5122 sum
1297 5067 1568 5138 propheta,
1597 5083 1689 5122 nec
1715 5067 1859 5137 ﬁlius

274 5161 538 5230 propheta:
566 5174 584 5212 :
612 5159 702 5215 sed
731 5149 848 5216 cum
892 5177 1057 5217 essem
1081 5163 1466 5228 armentarius,
1517 5172 1564 5216 et
1609 5161 1858 5217 ruborum

277 5266 428 5303 mora
450 5252 776 5323 stringerem,
805 5253 922 5308 tulit
971 5270 1051 5308 me
1075 5253 1330 5309 Dominus
1356 5259 1649 5326 sequentem
1681 5272 1859 5326 greges

281 5343 460 5413 (Amos
485 5345 602 5416 vix).
646 5343 760 5400 Hoc
783 5345 1068 5401 dicendum
1093 5354 1195 5412 est,
1223 5345 1364 5416 quod
1390 5346 1647 5401 humilem
1674 5355 1858 5418 pasto-

280 5453 397 5492 rem
443 5447 498 5492 et
529 5438 790 5494 rusticum
844 5441 1198 5510 assumpserit
1225 5440 1515 5505 Dominus,
1559 5448 1615 5494 et
1654 5439 1866 5494 miserit

281 5527 353 5584 ad
379 5529 632 5600 populum
661 5545 819 5585 suum
843 5531 1028 5597 Israel,
1057 5541 1112 5586 et
1149 5530 1468 5602 praeceperit
1507 5531 1577 5598 ei,
1609 5539 1670 5586 ut
1713 5545 1868 5602 egre-

286 5619 506 5675 deretur
531 5623 595 5677 de
643 5630 789 5678 terra
817 5638 935 5690 sua,
980 5631 1036 5680 et
1083 5622 1388 5681 Samariam
1420 5633 1689 5697 pergeret.
1731 5625 1865 5681 ltem

287 5728 601 5786 sycomorus
632 5719 769 5771 vana
821 5717 1066 5771 scientia.
1114 5717 1172 5772 ln
1202 5715 1434 5773 Jeremia
1482 5732 1496 5770 :
1541 5717 1866 5771 Habitabant

291 5805 562 5877 dracones,
577 5811 678 5868 hoc
689 5822 794 5878 est,
806 5811 1096 5876 daemones,
1110 5828 1230 5868 cum
1245 5811 1407 5882 fatuis
1421 5811 1618 5882 ﬁcariis
1634 5810 1863 5883 (leni).

1880 4572 1934 4632 D

1951 583 2060 622 rem
2083 584 2412 639 sycomorum
2441 569 2593 642 (Luc.
2622 569 2759 634 xxx).
2789 570 2907 626 Nux
2939 571 3205 642 appellata
3240 572 3381 641 quod
3409 590 3532 628 um-

1950 660 2049 715 bra
2071 661 2156 715 vel
2187 660 2516 717 stillicidium
2550 661 2801 718 foliorum
2832 663 2948 734 ejus
2979 664 3266 720 arboribus
3293 674 3484 721 noceat
3516 684 3530 720 :

1949 751 2091 806 hanc
2141 751 2246 807 alio
2296 754 2512 809 nomine
2549 754 2729 810 Latini
2765 755 3077 827 juglandem
3119 755 3325 822 dicunt,
3378 757 3537 826 quasi

1948 841 2098 899 Jovis
2121 844 2370 914 glandem
2397 863 2410 898 :
2437 843 2537 900 fuit
2555 847 2702 902 enim
2725 847 2843 902 haec
2871 847 3032 901 arbor
3057 855 3373 902 consecrata
3393 844 3533 912 Jovi,

1949 936 2104 1006 cujus
2153 953 2374 1008 pomum
2419 948 2626 994 tantam
2654 939 2764 994 vim
2801 939 2982 1005 habet,
3031 948 3091 994 ut
3135 939 3360 995 missum
3397 940 3540 994 inter

1950 1037 2230 1098 suspectos
2251 1029 2543 1084 herbarum
2573 1030 2656 1084 vel
2678 1029 2963 1101 fungorum
2995 1029 3166 1095 cibos,
3193 1029 3452 1100 quidquid
3483 1030 3539 1084 in

1948 1119 2030 1174 eis
2053 1119 2381 1175 virulentum
2429 1130 2532 1185 est,
2581 1119 2764 1186 elidat,
2797 1121 2990 1190 rapiat,
3020 1129 3184 1190 atque
3208 1121 3538 1191 exstinguat.

1949 1207 2128 1265 Nuces
2163 1218 2344 1265 autem
2374 1211 2702 1282 generaliter
2732 1210 2919 1266 dicunt
2962 1212 3145 1267 omnia
3186 1225 3347 1281 poma
3396 1218 3538 1266 tecta

1949 1301 2098 1358 corio
2124 1301 2342 1358 duriore
2373 1319 2385 1355 :
2428 1311 2489 1358 ut
2513 1303 2707 1375 pineze,
2740 1317 2925 1365 nuces,
2976 1302 3254 1369 avellanae,
3297 1301 3538 1373 glandes,

1949 1406 2237 1463 castaneae,
2264 1396 2562 1468 amygdalae
2593 1415 2606 1450 :
2630 1396 2759 1452 bixxc
2783 1405 2840 1451 et
2861 1394 3038 1450 nuclei
3065 1395 3217 1460 dicti,
3242 1395 3386 1465 quod
3412 1401 3539 1449 sunt

1949 1487 2088 1542 duro
2117 1487 2270 1542 corio
2307 1487 2456 1542 tecti.
2483 1487 2555 1540 At
2576 1495 2764 1542 contra
2793 1501 2950 1556 poma
2979 1486 3160 1541 omnia
3189 1485 3372 1540 mollia
3398 1484 3539 1545 mala

1949 1579 2112 1646 dicta,
2146 1581 2244 1635 sed
2285 1595 2409 1634 cum
2432 1579 2734 1648 adiectione
2759 1587 3028 1634 terrarum
3058 1578 3114 1632 in
3139 1577 3337 1648 quibus
3381 1586 3540 1633 antea

1949 1681 2076 1725 nata
2108 1679 2264 1726 sunt:
2287 1679 2344 1725 ut
2371 1670 2843 1737 Persica,Punica,
2869 1669 3120 1736 Matiana,
3148 1670 3407 1741 Cydonia,
3429 1677 3536 1725 etc.

1952 1763 2176 1836 Mystice
2225 1775 2408 1821 autem
2456 1766 2612 1822 nucis
2641 1767 2804 1820 arbor
2829 1765 3098 1836 signiﬁcat
3138 1765 3422 1821 ecclesiam
3453 1765 3540 1820 vel

1949 1865 2200 1912 sanctum
2254 1859 2433 1913 virum
2487 1858 2827 1914 dulcedinem
2871 1858 3146 1913 fructuum
3175 1860 3432 1913 virtutunx
3483 1860 3538 1913 in

1949 1948 2132 2004 abdito
2186 1949 2366 2006 cordis
2415 1958 2738 2021 gestantem.
2787 1949 2941 2006 Unde
2987 1963 3184 2019 sponsa
3232 1949 3286 2003 in
3314 1948 3540 2004 Caxxtico

1949 2039 2284 2095 canticorum
2321 2039 2453 2096 dicit
2500 2054 2514 2092 :
2557 2039 2813 2094 Descendi
2869 2039 2937 2094 ad
2972 2039 3183 2092 hortum
3211 2054 3440 2104 nucum,
3484 2047 3540 2092 ut

1950 2131 2175 2186 viderem
2204 2148 2360 2201 poma
2399 2129 2711 2184 convallium
2745 2129 2922 2202 (Cant.
2952 2129 3050 2202 vr).
3102 2129 3302 2184 Hortus
3339 2129 3539 2184 etenixxx

1949 2240 2148 2280 nucum
2171 2223 2402 2302 ecclesia
2434 2232 2518 2279 est
2541 2238 2799 2294 praesens,
2822 2223 2913 2276 ubi
2947 2231 3160 2276 xxostras
3179 2221 3537 2277 conscientias
3579 2223 3586 2230 ”

1951 2316 2269 2372 alterutrum
2307 2316 2530 2370 minime
2559 2316 2836 2370 videamus
2869 2332 2881 2369 :
2929 2314 3021 2369 sed
3070 2314 3242 2368 fracta
3276 2328 3375 2383 per
3417 2323 3537 2368 ten-

1953 2408 2212 2462 tationem
2243 2415 2381 2463 testa
2403 2407 2670 2478 corporis,
2690 2406 2967 2476 apparebit
2993 2406 3217 2460 interna:
3240 2405 3541 2460 dulcedinis

1951 2507 2160 2569 gustus.
2192 2496 2358 2552 Poma
2387 2497 2647 2553 convallis
2671 2496 2879 2552 fructus
2917 2504 3001 2552 est
3040 2495 3359 2550 humilitatis
3395 2513 3408 2549 :
3440 2495 3538 2550 de-

1953 2589 2162 2644 scendit
2189 2597 2375 2650 sancta
2399 2589 2643 2644 Ecclesia
2674 2603 2772 2658 per
2801 2588 3052 2643 doctores
3078 2597 3296 2643 sanctos
3325 2605 3337 2640 :
3371 2596 3429 2641 ut
3454 2587 3536 2640 vi-

1954 2683 2097 2747 deat,
2130 2681 2222 2750 qui
2249 2680 2538 2751 proﬁciant
2577 2681 2643 2736 ad
2675 2680 2884 2736 fructus
2910 2681 3083 2735 honos
3121 2697 3134 2733 :
3174 2679 3336 2750 quive
3365 2679 3542 2732 adhuc

1954 2771 2230 2842 indigeant
2266 2771 2523 2826 doctrina:
2564 2770 2900 2841 irrigatioxxe.
2929 2770 3063 2825 Item
3092 2784 3257 2824 nuces
3285 2769 3538 2822 incarna-

1955 2863 2155 2917 tionem
2213 2861 2428 2918 Domini
2458 2859 2778 2927 Salvatoris,
2836 2859 2951 2915 sive
2988 2859 3306 2930 mysterium
3338 2865 3538 2913 sanctae

1955 2955 2238 3010 Trinitatis
2269 2955 2352 3027 (ut
2397 2955 2614 3024 quidam
2659 2953 2872 3024 putant)
2905 2953 3234 3024 signiﬁcant.
3290 2951 3441 3006 Unde
3487 2950 3542 3003 ixx

1955 3048 2094 3103 libro
2120 3047 2343 3104 Numeri
2368 3048 2435 3103 de
2463 3047 2614 3118 virga
2642 3046 2824 3101 Aaron
2855 3046 2931 3099 ita
2965 3044 3164 3116 legitur
3193 3060 3208 3098 :
3258 3042 3326 3118 Et
3354 3043 3544 3113 germi-

1956 3139 2096 3193 navit
2126 3155 2282 3193 nuces
2312 3136 2502 3210 (Num.
2531 3136 2689 3209 xvn).
2725 3135 3022 3207 Amygdala
3049 3133 3297 3190 Graecum
3320 3147 3540 3199 nomen,

1955 3248 2078 3302 qua:
2114 3231 2307 3286 Latine
2336 3247 2444 3286 nux
2490 3231 2647 3301 longa
2672 3238 2896 3285 vocatur
2924 3245 2938 3282 :
2971 3228 3112 3283 hanc
3151 3227 3243 3281 alii
3273 3225 3541 3282 nuciclanx

1953 3331 2168 3387 vocant,
2201 3322 2355 3392 quasi
2391 3322 2657 3377 minorem
2685 3336 2878 3376 nucem
2899 3361 2914 3387 ,
2938 3319 3007 3376 de
3029 3334 3138 3389 qua
3165 3317 3425 3389 Virgilius
3453 3335 3466 3370 :

2141 3469 2155 3483 .
2194 3473 2204 3483 .
2245 3469 2259 3485 .
2296 3471 2312 3486 .
2350 3471 2364 3485 .
2400 3436 2518 3497 Cum
2542 3448 2597 3485 se
2622 3447 2720 3485 nux
2747 3434 2952 3497 plurima
2977 3433 3112 3485 silvis

2141 3497 2305 3547 Induit
2326 3499 2377 3546 in
2398 3496 2588 3547 florem.
2630 3534 2641 3546 .
2681 3531 2691 3544 .
2730 3496 2760 3547 ,⁷
2787 3533 2798 3546 .

1953 3600 2175 3657 Cunctis
2187 3601 2329 3656 enim
2345 3601 2629 3656 arboribus
2644 3600 2794 3672 prior
2805 3615 2864 3656 se
2877 3597 3008 3654 ﬁore
3019 3596 3306 3663 eonvestit,
3320 3603 3374 3652 et
3384 3595 3451 3652 ad
3464 3596 3546 3652 in-

1953 3691 2178 3746 ferenda
2214 3707 2375 3760 poma
2411 3691 2630 3746 arbusta
2671 3689 2948 3760 sequentia
2977 3688 3258 3759 praevenit.
3294 3686 3446 3742 Unde
3485 3694 3544 3741 et

1953 3784 2284 3854 primitivam
2300 3783 2622 3848 Ecclesiam,
2650 3798 2770 3852 quae
2790 3798 2856 3837 ex
2882 3780 3082 3836 Iudaeis
3105 3778 3356 3845 credidit,
3373 3778 3543 3849 signi-

1956 3875 2085 3930 ﬁcat
2115 3889 2130 3928 :
2162 3873 2229 3929 de
2255 3890 2361 3945 qua
2384 3873 2637 3928 Salomon
2663 3873 2739 3928 ait
2768 3888 2783 3926 :
2807 3871 3043 3926 Florebit
3067 3869 3399 3940 amygdalus,
3427 3885 3548 3938 quae

1957 3967 2228 4022 sententia
2267 3975 2322 4021 et
2361 3966 2519 4020 aliter
2549 3963 2707 4034 juxta
2745 3963 3060 4034 allegoriam
3087 3961 3312 4032 intelligi
3346 3967 3543 4031 potest.

1955 4059 2097 4114 Dicit
2125 4059 2269 4113 enim
2319 4057 2721 4113 Ecclesiastes:
2753 4053 2987 4108 Florebit
3030 4051 3405 4122 amygdalum,
3447 4052 3535 4103 im-

1954 4151 2292 4222 pinguabitur
2335 4149 2560 4213 locusta,
2609 4157 2658 4202 et
2706 4144 3050 4215 dissipabitur
3099 4143 3384 4212 capparis:
3413 4157 3544 4212 quo-

1957 4244 2100 4298 niam
2123 4243 2216 4297 ibit
2239 4243 2392 4296 homo
2414 4243 2469 4295 in
2497 4241 2712 4295 domum
2741 4237 3047 4294 aeternitatis
3061 4252 3172 4291 sua:
3195 4234 3393 4307 (Eccle.
3423 4233 3544 4305 xu).

1956 4333 2204 4388 Tradunt
2223 4349 2321 4404 per
2343 4334 2460 4388 haec
2486 4333 2848 4387 humanorum
2865 4330 3232 4385 membrorum
3249 4327 3367 4384 ﬁeri
3381 4327 3548 4397 signi-

1957 4426 2232 4482 ﬁcantiam
2265 4445 2277 4480 :
2313 4441 2441 4480 xxam
2474 4425 2532 4478 in
2565 4423 2698 4479 ﬂore
2719 4421 2993 4494 amygdali
3021 4408 3188 4476 canos
3215 4419 3461 4490 capillos,
3493 4419 3546 4472 in

1960 4521 2393 4594 impinguatione
2419 4519 2641 4574 locusta:
2665 4520 2946 4573 humorem
2973 4515 3169 4587 pedum
3190 4553 3206 4580 ,
3236 4514 3288 4568 in
3319 4513 3549 4582 dissipa-

1965 4616 2109 4670 tione
2145 4613 2396 4684 capparis
2431 4610 2885 4683 concupiscentia:
2923 4609 3094 4679 frigus
3131 4605 3403 4663 ostendit:
3430 4619 3550 4672 quae

1962 4722 2084 4762 cum
2129 4705 2246 4760 seni
2291 4703 2346 4757 in
2385 4711 2672 4772 postrema:
2710 4701 2885 4754 aetatis
2927 4710 3171 4769 tempore
3213 4695 3547 4758 acciderunt,

1966 4807 2093 4852 tunc
2118 4809 2344 4850 necesse
2363 4803 2470 4860 est,
2504 4801 2562 4848 ut
2588 4793 2643 4848 in
2673 4801 2895 4857 terram,
2926 4793 2979 4847 id
3001 4801 3102 4856 est,
3129 4789 3285 4861 quasi
3311 4789 3366 4842 in
3394 4796 3551 4841 teter-

1963 4888 2152 4944 nitatis
2172 4904 2282 4944 suae
2304 4887 2524 4942 domum
2552 4887 2758 4944 redeat.
2789 4886 2934 4942 Bene
2975 4900 3189 4955 quoque
3223 4883 3365 4938 hanc
3389 4891 3550 4937 teter-

1962 4983 2150 5037 nitatis
2180 4981 2428 5048 domum,
2462 4981 2607 5036 illam
2638 4982 2874 5035 futuram
2908 4987 3106 5033 terram
3140 4975 3454 5045 accipimus,
3483 4973 3551 5028 de

1963 5087 2069 5143 qua
2103 5071 2360 5127 scribitur
2405 5090 2418 5126 :
2460 5071 2686 5126 Placebo
2726 5069 2952 5125 Domino
2985 5067 3042 5121 in
3071 5067 3280 5136 regione
3319 5066 3551 5120 vivorum

1963 5162 2137 5234 (Psal.
2162 5167 2330 5235 cxxv).
2383 5161 2607 5235 Legitur
2643 5158 2795 5234 (Gen.
2827 5158 2957 5230 nx)
2987 5156 3156 5213 Jaeob
3175 5155 3544 5228 patriarcham

1966 5255 2153 5310 tulisse
2199 5255 2381 5322 virgas
2417 5254 2672 5326 p0puleas
2717 5251 2936 5315 virides,
2968 5259 3026 5306 et
3060 5247 3448 5321 amygdalinas,
3497 5252 3554 5301 et

1963 5365 2031 5404 ex
2064 5349 2299 5420 platanis
2327 5356 2490 5417 atque
2522 5363 2589 5402 ex
2622 5355 2776 5418 parte
2808 5359 2903 5401 eas
2950 5342 3332 5407 decorticasse,
3367 5349 3424 5394 et
3449 5352 3550 5409 po—

1969 5442 2143 5498 suisse
2172 5442 2225 5496 in
2243 5440 2540 5506 canalibus,
2562 5440 2654 5495 ubi
2675 5439 3054 5496 effundebatur
3074 5452 3214 5508 aqua
3235 5441 3363 5490 ante
3380 5446 3512 5488 oves
3534 5448 3550 5486 :

1966 5542 2030 5588 ut
2049 5549 2173 5588 cum
2195 5533 2472 5589 venissent
2499 5546 2688 5604 greges
2721 5532 2790 5588 ad
2813 5530 3128 5596 bibendum,
3163 5541 3348 5584 coram
3376 5539 3436 5581 se
3463 5523 3558 5578 ha-

1967 5625 2160 5680 berent
2180 5623 2380 5694 virgas,
2406 5633 2466 5678 ut
2493 5624 2547 5678 ixx
2571 5617 3002 5693 aspectu'earum
3025 5619 3390 5691 conciperent.
3413 5612 3552 5682 Quid

1967 5724 2052 5770 est
2102 5714 2281 5786 virgas
2326 5713 2528 5770 vixides
2573 5714 2975 5788 axnygdalixxas,
3012 5722 3175 5783 atque
3215 5727 3281 5766 ex
3323 5705 3555 5779 platanis

1969 5815 2096 5864 ante
2127 5805 2316 5862 oculos
2343 5820 2564 5878 gregum
2593 5822 2791 5878 ponere
2827 5824 2838 5861 :
2881 5805 2983 5862 nisi
3021 5820 3116 5876 per
3152 5801 3443 5872 Scriptura:
3462 5811 3524 5852 se
