4038 6324
491 394 598 454 515

1131 389 1194 454 Β.
1235 385 1489 454 mum
1525 377 1744 454 iiAUm
1781 379 2058 452 ARlllEP.
2085 378 2411 454 .MoGUNT.
2454 369 2750 452 o'PEIiUii
2787 391 2973 451 PARS
3007 387 3078 452 tt.

3652 388 3772 452 516

491 512 648 578 riem,
697 511 1042 584 antiquorum
1093 519 1308 583 patrum
1361 512 1500 568 vitas
1543 511 1630 589 vel
1673 511 1971 568 sententias
2017 510 2076 588 in
2179 509 2500 576 fornicatio,
2525 516 2583 566 et
2615 503 2869 564 universa
2901 489 3034 564 vitia
3057 507 3184 580 haec
3219 505 3416 582 blanda
3445 513 3575 563 sunt
3604 515 3662 562 et
3686 507 3778 563 la-

489 603 794 675 exemplum
813 603 1024 675 p0puiis
1049 603 1327 674 praebere?
1347 601 1478 671 Quae
1497 603 1752 659 nimirum
1774 603 1903 674 quia
1915 599 2072 674 juxta

489 697 720 755 rationis
772 712 1002 752 examen
1035 705 1212 752 recta:
1257 706 1386 752 sunt
1429 716 1444 752 :
1492 697 1658 770 virga:
1699 699 2072 764 nominantur,

491 791 689 864 quibus
714 806 782 846 ex
815 799 970 863 parte
1005 791 1262 847 corticem
1289 791 1562 848 subtrahit
1597 809 1611 846 :
1643 799 1706 847 ut
1725 793 1780 847 in
1811 792 1920 858 his,
1951 807 2077 862 qua;

489 884 878 956 exspoliantur,
911 883 1134 940 intimus
1163 883 1370 942 candor
1397 891 1655 954 appareat
1686 901 1701 937 :
1736 891 1793 940 et
1814 898 1884 938 ex
1918 889 2074 954 parte

391 1038 400 1048 ,
489 978 749 1034 corticem
777 983 1016 1044 servant,
1047 977 1187 1033 sicut
1215 976 1432 1034 fuerant
1461 977 1737 1044 exterius,
1765 979 1822 1034 in
1844 965 2075 1034 veritate

488 1077 844 1142 permaneant
883 1087 901 1124 :
957 1071 1249 1142 variusque
1288 1070 1563 1140 virgarum
1607 1070 1757 1126 color
1800 1069 2031 1127 edicitur
2053 1107 2072 1137 ,

489 1163 618 1218 dum
643 1169 831 1218 cortex
855 1176 925 1216 ex
961 1169 1115 1232 parte
1149 1161 1508 1228 subtrahitur,
1537 1171 1592 1216 et
1613 1178 1679 1218 ex
1703 1170 1858 1234 parte
1881 1163 2076 1218 retine-

489 1261 597 1310 tur.
625 1253 764 1308 Ante
789 1251 1238 1309 eonsideratiouis
1267 1255 1412 1310 enim
1441 1262 1643 1309 nostra:
1663 1254 1850 1310 oculos
1873 1268 2075 1324 praece-

488 1347 728 1404 dentium
771 1354 986 1418 patrum
1033 1347 1316 1402 sementim
1359 1346 1513 1418 quasi
1557 1347 1723 1417 virga:
1763 1347 1928 1402 varize
1973 1361 2073 1417 po-

487 1446 707 1496 nuntur.
731 1437 790 1492 in
811 1438 1008 1508 quibus
1027 1437 1154 1494 dum
1177 1438 1495 1510 plerumque
1505 1437 1849 1508 intellectum
1874 1438 2074 1500 littera:

485 1529 746 1602 fugimus,
783 1530 937 1600 quasi
973 1529 1230 1588 corticem
1265 1531 1639 1586 subtrahimus
1663 1548 1680 1582 :
1712 1538 1769 1584 et
1798 1529 1925 1585 dum
1959 1529 2074 1599 ple-

486 1637 714 1692 rumque
733 1611 1065 1678 intellectum
1086 1621 1281 1678 litterae
1305 1623 1603 1692 sequimur,
1630 1623 1785 1694 quasi
1813 1623 2074 1678 corticem

485 1730 846 1783 reservamus.
875 1713 1124 1786 Dumque
1145 1715 1214 1770 ab
1237 1715 1369 1787 ipsis
1384 1724 1568 1786 cortex
1592 1715 1785 1771 litterae
1803 1715 2076 1772 subtrahi-

485 1817 602 1877 tur,
641 1808 912 1880 allegoriae.
937 1808 1140 1864 candor
1164 1809 1392 1866 interior
1409 1809 1834 1875 demonstratur,
1863 1817 1920 1864 et
1943 1810 2071 1865 dum

2173 603 2372 667 scivia,
2403 596 2460 658 et
2488 615 2682 658 sensus
2715 599 3048 671 voluptatem
3076 599 3384 656 demulcent
3423 618 3438 654 :
3471 600 3777 670 statimque

2172 706 2234 766 ut
2275 703 2667 768 apparuerunt,
2735 693 2808 748 ad
2849 708 3006 748 usum
3060 692 3144 748 sui
3185 699 3486 764 provocant
3525 709 3538 746 :
3571 693 3780 763 quibus

2173 786 2296 846 ideo
2342 787 2652 843 luxuriosus
2703 785 3018 861 adolescens
3053 800 3162 840 non
3210 773 3424 856 poterat
3473 785 3716 840 saturari
3755 803 3774 840 ι

2172 879 2299 950 quia
2325 893 2538 950 semper
2571 876 2818 954 voluptas
2844 876 3044 932 famem
3074 873 3157 934 sui
3185 876 3382 942 habet,
3409 885 3464 932 et
3487 884 3778 932 transacta

2175 982 2285 1050 non
2316 968 2479 1024 satiat
2506 985 2519 1020 :
2549 975 2605 1022 ct
2633 967 2868 1024 Satanas
2897 961 3021 1024 cum
3041 967 3278 1038 aliquem
3303 983 3400 1024 sua
3423 959 3542 1022 arte
3561 967 3778 1039 ceperit

2174 1069 2232 1123 et
2261 1061 2541 1133 proprium
2580 1061 2632 1116 ei
2661 1061 2984 1134 imposuerit
3001 1059 3192 1134 jugum
3208 1101 3228 1129 ,
3253 1061 3394 1116 ultra
3415 1061 3484 1116 ad
3509 1061 3779 1116 vitiorum

2175 1154 2566 1210 abundantiam
2612 1169 2910 1224 provocare
2953 1169 3064 1210 non
3108 1163 3386 1226 procurat,
3427 1153 3609 1210 sciens
3651 1169 3780 1210 esse

2167 1244 2283 1316 jam
2311 1255 2584 1302 mortuum
2615 1262 2631 1301 :
2657 1247 2817 1302 sicuti
2845 1246 3044 1304 multos
3066 1247 3324 1304 idolatras
3343 1247 3594 1303 videmus
3612 1247 3778 1318 panis

2173 1339 2396 1394 miseria
2427 1346 2484 1394 et
2511 1347 2753 1410 egestate
2785 1338 3086 1396 confectos.
3121 1338 3255 1394 item
3280 1339 3584 1394 daemonum
3619 1339 3779 1395 cibus

2173 1439 2260 1486 est
2282 1431 2523 1486 carmina
2549 1441 2852 1502 poetarum,
2895 1431 3173 1488 saecularis
3202 1431 3494 1503 sapientia,
3534 1432 3778 1488 rhetori—

2173 1538 2362 1604 corum
2391 1537 2590 1594 pompa
2628 1523 2936 1579 verborum.
2982 1523 3112 1578 Haec
3145 1539 3242 1579 sua
3273 1538 3464 1579 omnes
3498 1523 3778 1579 suavitate

2174 1617 2476 1683 delectant,
2504 1625 2559 1672 et
2585 1616 2712 1672 dum
2741 1631 2903 1672 aures
2935 1617 3188 1675 versibus
3220 1618 3363 1673 dulci
3393 1618 3776 1674 modulatione

2171 1709 2518 1766 currentibus
2561 1710 2812 1782 capiunt,
2839 1710 3079 1766 animam
3120 1727 3336 1782 quoque
3364 1719 3688 1782 penetrant,
3719 1719 3779 1765 et

2171 1802 2407 1872 pectoris
2445 1802 2656 1856 interna
2689 1793 3002 1858 devincunt.
3035 1802 3240 1866 Verum
3269 1801 3364 1858 ubi
3399 1817 3522 1858 cum
3554 1816 3776 1858 summo

485 1907 672 1958 cortex
703 1899 1028 1970 relinquitur
1067 1898 1355 1974 exterioris
1397 1898 1790 1970 intelligentiae,
1835 1899 2066 1956 virentia

2177 1893 2354 1949 studio
2399 1891 2618 1947 fuerunt
2665 1907 2731 1948 ac
2777 1893 2966 1949 labore
2997 1893 3260 1964 perlecta,
3297 1893 3432 1949 nihil
3477 1893 3624 1950 aliud
3667 1893 3778 1950 nisi

483 1991 729 2063 exempla
755 1998 1162 2046 monstrantur:
1187 2006 1323 2061 quas
1348 1990 1486 2046 bene
1521 1989 1691 2048 Jacob
1712 1991 1768 2046 in
1793 2006 1948 2061 aquae
1973 2007 2066 2046 ca-

483 2082 698 2139 nalibus
735 2082 917 2154 posuit
947 2099 961 2136 :
993 2083 1118 2153 quia
1157 2090 1216 2137 et
1266 2081 1594 2154 Redemptor
1621 2091 1808 2139 noster
1914 2083 2068 2142 libris

483 2190 577 2231 eas
603 2189 770 2230 sacra:
799 2173 1072 2238 scientiae,
1114 2174 1310 2244 quibus
1337 2189 1436 2230 nos
1462 2173 1792 2232 intrinsecus
1826 2173 2066 2231 infundi-

481 2280 624 2332 mur,
656 2263 794 2320 ﬁxit.
817 2263 927 2321 Has
951 2265 1256 2336 aspicentes
1276 2266 1475 2322 arietes
1495 2281 1616 2320 cum
1631 2267 1824 2324 ovibus
1848 2276 2065 2336 coeunt,

481 2362 608 2432 quia
637 2361 981 2416 rationabiles
1020 2361 1193 2416 nostri
1237 2362 1462 2432 spiritus
1502 2363 1809 2420 intellectus
1853 2365 1980 2420 dum
2010 2365 2068 2420 in

451 2467 666 2510 .earum
723 2453 1022 2508 intentione
1065 2453 1228 2509 defixi
1280 2463 1440 2522 sunt,
1491 2454 1720 2524 singulis
1766 2456 2068 2526 quibusque

481 2545 788 2601 actionibus
811 2545 1227 2616 permiscentur,
1259 2555 1321 2602 ut
1350 2546 1484 2602 tales
1511 2545 1676 2602 foetus
1698 2562 1924 2619 operum
1943 2563 2068 2618 pro-

482 2645 690 2704 creent,
747 2637 928 2706 qualia
977 2637 1226 2707 exempla
1272 2639 1694 2708 praecedentium
1736 2640 1792 2695 in
1842 2640 2066 2696 vocibus

480 2737 874 2800 praeceptorum
906 2726 1108 2784 vident.
1136 2728 1459 2784 Castaneam
1487 2729 1664 2788 Latini
1700 2745 1732 2786 a
1751 2729 1942 2787 Graeco
1972 2741 2067 2800 ap-

481 2819 685 2892 pellant
721 2819 1026 2876 vocabulo:
1055 2819 1198 2874 hanc
1227 2821 1374 2876 enim
1423 2820 1596 2878 Graeci
1653 2830 1914 2878 castatton
1967 2837 2066 2877 vo-

361 2945 374 2962 .
483 2921 632 2977 cant,
653 2919 870 2982 propter
899 2911 1043 2981 quod
1070 2909 1280 2966 fructus
1307 2911 1424 2982 ejus
1445 2912 1648 2982 gemini
1668 2911 1724 2966 in
1746 2912 1961 2968 modum
1992 2919 2068 2970 te-

483 3007 798 3064 sticulorum
831 3007 978 3064 intra
1011 3005 1311 3064 folliculum
1341 3006 1606 3062 reconditi
1633 3014 1779 3073 sunt,
1805 3005 1899 3077 qui
1935 3005 2066 3061 dum

479 3099 788 3172 ejiciuntur,
833 3100 992 3171 quasi
1041 3109 1370 3156 casuantur.
1419 3099 1544 3156 Haec
1591 3100 1751 3154 arbor
1798 3097 1958 3156 simul
2004 3107 2066 3154 ut

479 3193 662 3250 excisa
685 3193 866 3259 fuerit,
901 3203 1156 3265 tanquam
1194 3195 1352 3260 silva,
1392 3193 1726 3266 expullulare
1763 3193 2060 3250 consuevit.

2172 1985 2386 2045 inanem
2430 2002 2678 2041 somnum
2725 1985 2972 2061 [sonum]
3020 1997 3075 2043 et
3117 2002 3430 2044 sermonum
3478 1987 3778 2060 strepitum

2171 2077 2288 2154 suis
2321 2077 2616 2133 lectoribus
2637 2077 2916 2134 tribuunt:
2940 2079 3084 2134 nulla
3117 2080 3190 2135 ibi
3217 2080 3478 2136 saturitas
3496 2080 3774 2147 veritatis,

2171 2169 2316 2224 nulla
2351 2167 2576 2240 justitiae
2613 2169 2834 2227 refectio
2868 2171 3142 2242 reperitur
3172 2190 3188 2228 :
3214 2173 3442 2230 studiosi
3474 2187 3669 2230 earum
3716 2173 3776 2228 in

2170 2261 2318 2318 fame
2355 2262 2467 2316 veri
2496 2272 2551 2318 et
2575 2262 2836 2320 virtutum
2864 2265 3093 2336 penuria
3121 2273 3498 2336 perseverant.
3525 2265 3772 2320 Pistacia

2170 2353 2388 2421 dicitur,
2433 2354 2578 2424 quod
2621 2363 2808 2410 cortex
2833 2356 2978 2426 pomi
3008 2353 3127 2425 ejus
3154 2357 3308 2412 nardi
3330 2356 3514 2428 pistiei
3541 2356 3776 2413 odorem

2169 2449 2392 2515 referat,
2421 2449 2488 2503 de
2513 2465 2620 2520 quo
2643 2450 2697 2504 in
2730 2451 3084 2520 sequentibus
3105 2451 3369 2508 dicemus.
3411 2450 3582 2506 Pinus
3605 2449 3775 2506 arbor

2169 2543 2322 2614 picea
2352 2543 2422 2600 ab
2449 2546 2700 2601 acumine
2727 2545 2979 2602 foliorum
3004 2557 3199 2602 vocata
3229 2563 3243 2600 :
3276 2545 3466 2615 pinum
3491 2544 3639 2600 enim
3667 2555 3773 2600 an-

2171 2636 2304 2713 tiqui
2329 2644 2547 2691 acutum
2568 2637 2940 2693 nominabant.
2969 2637 3165 2692 Pinum
3185 2645 3370 2694 autem
3405 2636 3572 2694 aliam
3599 2635 3771 2707 pitin,

2169 2728 2332 2784 aliam
2365 2727 2538 2784 Graeci
2578 2729 2790 2800 peuken
2817 2739 3046 2797 vocant,
3075 2741 3242 2801 quam
3266 2744 3368 2786 nos
3398 2729 3611 2800 piceam
3637 2728 3772 2784 dici-

2167 2838 2308 2889 mus,-
2352 2837 2417 2877 eo
2453 2824 2597 2892 quod
2639 2825 2864 2881 desudet
2897 2825 3073 2895 picem
3102 2843 3115 2879 :
3140 2833 3268 2880 nam
3300 2831 3358 2880 et
3385 2823 3568 2895 specie
3609 2822 3770 2878 ὥσθ-

2166 2925 2312 2970 runt.
2337 2915 2394 2971 In
2421 2915 2727 2973 Germania:
2748 2926 2932 2975 autem
2951 2918 3146 2986 insulis
3166 2919 3328 2990 hujus
3351 2917 3564 2974 arboris
3587 2916 3773 2988 uer]-

2166 3023 2255 3064 ma
2280 3008 2546 3066 electrum
2579 3011 2749 3082 gignit
2777 3031 2792 3067 ;
2822 3019 2980 3084 'gutta
3008 3014 3154 3068 enim
3193 3011 3440 3068 debetis
3467 3012 3648 3082 rigore
3681 3009 3776 3066 vel

2171 3111 2356 3171 tepore
2403 3102 2458 3156 in
2502 3101 2830 3160 soliditatem
2873 3103 3132 3170 durescit,
3189 3107 3248 3160 et
3298 3105 3573 3176 gemmam
3614 3101 3774 3168 facit,

2168 3194 2235 3251 de
2280 3194 2544 3264 qualitate
2584 3209 2684 3251 sua
2723 3203 2782 3250 et
2808 3211 3004 3252 nomen
3034 3196 3338 3266 accipiens,
3367 3196 3552 3260 idest,
3585 3194 3772 3251 sucei-

478 3285 606 3344 ilaec
645 3287 808 3343 arbor
848 3255 1242 3346 continentium
1281 3255 1482 3344 emtum
1519 3287 1826 3358 signiﬁcare
1864 3293 2062 3357 potest,
2093 3255 2137 3320 Ο
2171 3255 2334 3352 num,
2384 3301 2450 3342 eo
2493 3286 2642 3355 quod
2675 3283 2870 3342 suecus
2916 3288 2990 3343 sit
3026 3255 3258 3343 arboris.
3305 3255 3476 3342 [Sinus
3521 3255 3773 3344 creditur

475 3379 571 3452 qui
602 3395 699 3450 per
729 3379 1040 3437 castitatem
1067 3381 1314 3452 corporis
1339 3379 1539 3436 multos
1575 3379 1835 3435 virtutum
1855 3377 2064 3434 fructus

475 3469 654 3528 aﬁ‘ert.
707 3472 819 3529 llex
860 3473 928 3529 ab
971 3474 1145 3532 electo
1189 3482 1378 3530 vocata
1412 3490 1425 3528 :
1455 3471 1616 3541 hujus
1661 3472 1808 3528 enim
1857 3472 2066 3527 arboris

478 3567 714 3624 fructum
745 3569 998 3626 homines
1023 3571 1261 3641 primum
1294 3569 1362 3624 ad
1385 3567 1592 3624 victum
1616 3567 1723 3623 sibi
1743 3566 2020 3639 elegerunt
2046 3577 2067 3620 :

483 3660 628 3716 unde
655 3668 710 3716 et
737 3666 896 3731 poeta
924 3679 938 3715 :

601 3755 837 3812 Iertales
858 3761 1000 3826 primi
1025 3755 1277 3810 ructzlbant
1299 3765 1502 3821 gutture
1517 3756 1762 3821 glandem.

476 3843 636 3900 Prius
659 3844 804 3901 enim
825 3885 844 3910 ,
871 3859 1033 3914 quam
1064 3843 1323 3898 frumenti
1358 3859 1488 3899 usus
1512 3849 1688 3908 esSet,
1719 3843 1928 3912 amictui
1967 3843 2068 3898 ho-

483 3937 660 3991 mines
701 3937 896 4007 glande
937 3936 1210 3991 vixerunt.
1257 3935 1366 3990 ilex
1395 3951 1526 3992 vero
1567 3936 1886 4007 mysterium
1919 3943 2068 3990 tenet

476 4027 656 4082 crucis
679 4027 902 4082 Christi.
937 4026 1096 4082 Unde
1121 4027 1340 4098 iegitdr,
1374 4026 1520 4096 quod
1537 4026 1814 4080 Abraham
1853 4025 2066 4080 habita-

475 4119 617 4172 verit
643 4119 710 4173 ad
736 4111 916 4174 ilicem
949 4119 1188 4174 Mambre
1220 4137 1235 4173 :
1263 4119 1389 4188 quia
1421 4120 1474 4172 in
1515 4118 1772 4188 mysterio
1811 4115 2064 4187 praeﬁgu-

474 4209 630 4264 rabat
667 4211 976 4279 passionem
1013 4210 1239 4265 Christi.
1283 4208 1464 4279 Fagus
1483 4215 1540 4263 et
1570 4209 1804 4264 aesculus
1842 4210 2065 4264 arbores

477 4299 792 4370 glandifera:
829 4302 953 4356 ideo
991 4309 1198 4356 vocatae
1247 4299 1564 4366 creduntur,
1609 4300 1756 4369 quod
1797 4298 2064 4356 fructibus

475 4405 662 4445 earum
690 4392 818 4446 olim
842 4393 1088 4448 homines
1113 4394 1368 4449 vixerunt
1387 4409 1453 4448 ac
1470 4395 1659 4449 ’cibum
1693 4397 2060 4464 sumpserunt,

476 4497 765 4552 escamque
800 4483 1127 4539 habuerunt.
1168 4484 1306 4540 Nam
1345 4485 1576 4541 aesculus
1619 4486 1688 4542 ab
1726 4499 1851 4542 esca
1897 4487 2060 4554 dicta,

2167 3377 2426 3450 prodesse
2463 3378 2708 3446 cunctis,
2737 3393 2858 3448 quae
2899 3379 3003 3435 sub
3037 3393 3101 3435 ea
3138 3380 3416 3446 seruntnr,
3443 3380 3590 3436 sicut
3631 3378 3774 3435 tiens

2168 3479 2366 3527 nocere
2390 3471 2662 3528 omnibus.
2689 3471 2880 3528 Potest
2897 3476 3080 3527 autem
3101 3473 3264 3528 tium
3286 3473 3548 3545 gehennze
3569 3472 3772 3544 perpi-

2166 3571 2298 3621 num
2319 3576 2374 3622 et
2393 3568 2606 3636 pieearn
2627 3567 2955 3638 signiﬁcari:
2979 3565 3104 3640 Quia
3132 3569 3274 3625 sicut
3295 3569 3457 3640 [riuus
3477 3567 3772 3625 arboribus

2167 3659 2410 3714 creditur
2434 3661 2692 3730 prodesse
2733 3661 2982 3728 cunctis,
3015 3675 3139 3731 quae
3163 3655 3265 3718 sui]
3300 3675 3367 3717 ea
3399 3661 3768 3718 consistunt:

2167 3753 2248 3809 sic
2281 3752 2446 3808 timor
2479 3755 2740 3826 gehenna:
2783 3752 2890 3812 illis
2912 3757 3186 3827 proderit;
3217 3756 3310 3826 qui
3335 3761 3558 3826 propter
3597 3756 3767 3812 timo-

2166 3860 2284 3900 rem
2309 3853 2595 3916 ptenarum
2633 3845 2800 3919 agunt
2835 3849 3213 3918 paenitentiam
3241 3853 3595 3918 peccatorum
3634 3856 3770 3904 suo-

2167 3954 2312 3992 rum.
2345 3939 2386 3992 E
2411 3941 2690 3996 contrario
2723 3954 2854 3997 vero
2881 3937 3036 4009 lictis,
3066 3943 3171 3999 hoc
3199 3953 3304 4010 est,
3344 3943 3584 3998 carnalis
3605 3941 3770 3999 luxus

2165 4040 2326 4085 nocet
2367 4032 2620 4086 omnibus
2667 4033 2761 4102 qui
2807 4029 3130 4103 seqmmlur,
3160 4029 3222 4090 et
3263 4027 3560 4090 abuiuntui
3599 4035 3769 4090 rebus

2164 4121 2439 4178 concessis
2452 4139 2548 4192 per
2568 4123 2874 4178 illecebram
2895 4125 3254 4196 voluptatum.
3285 4121 3420 4181 item
3433 4127 3592 4196 pinus
3615 4124 3770 4180 lates

2164 4216 2219 4271 in
2244 4216 2487 4270 Ecclesia
2512 4213 2785 4287 signiﬁcat
2801 4259 2815 4283 ,
2846 4225 2902 4274 e‘t
2933 4214 3000 4273 aii
3026 4215 3188 4274 omne
3207 4227 3344 4290 opus
3371 4216 3570 4274 bonum
3595 4229 3764 4289 para-

2165 4318 2254 4364 tos
2281 4327 2299 4362 z
2328 4308 2470 4364 unde
2501 4308 2560 4362 in
2587 4309 2725 4364 lsaia
2753 4311 2828 4364 ita
2864 4296 3072 4380 legitui’
3093 4325 3111 4364 :
3133 4310 3290 4365 Aliies
3317 4320 3366 4366 et
3403 4310 3574 4364 buxus
3597 4318 3650 4363 et
3673 4307 3762 4380 pi-

2165 4415 2263 4457 nus
2309 4401 2468 4456 simul
2519 4400 2654 4474 (lsa.
2705 4402 2822 4476 ιχ).
2869 4403 3106 4458 Romam
3139 4403 3298 4474 pinus
3337 4405 3538 4463 divites
3577 4403 3764 4459 seculi

2163 4495 2324 4567 hujus
2353 4489 2640 4566 significat,
2658 4502 2718 4551 ut
2756 4503 2937 4567 supra.
2969 4496 3069 4552 Pix
3101 4498 3568 4568 itttjuinanientum
3597 4499 3654 4552 et
3679 4497 3766 4550 ni-

474 4574 632 4647 fagus
658 4589 784 4678 vero
803 4576 1039 4632 aGrmco
1059 4579 1378 4678 vocabulum
1410 4580 1594 4678 traxit.
1618 4581 1764 4678 Page
1781 4581 2060 4678 [phagein]
2087 4617 2142 4678 Β
2168 4591 2334 4661 gredo
2377 4589 2720 4645 delictorum.
2767 4591 2824 4644 In
2856 4589 3187 4647 Salomone:
3224 4591 3332 4657 Qui
3372 4586 3539 4660 (iungit
3568 4583 3758 4660 ρὸεεηι,

475 4677 656 4724 amem
683 4667 870 4724 61⁵³⁵0⁸
899 4670 1182 4724 comedere
1206 4671 1434 4736 ἀίείωτν
1474 4673 1528 4726 ill
1557 4689 1666 4744 quo
1706 4673 1848 4730 ἴατιο
1876 4675 2062 4729 admo-
2087 4667 2133 4678 ”
2164 4685 2527 4756 inquinabitur
2563 4685 2627 4739 ab
2672 4701 2732 4740 ea
2776 4683 2965 4758 (Eccli.
3019 4690 3162 4758 xm).
3205 4687 3369 4742 Abies
3404 4686 3571 4752 dicta,
3614 4686 3764 4754 quod

476 4775 673 4816 nemur
713 4760 1056 4816 abstinentiae
1095 4777 1318 4833 operam
1352 4758 1508 4831 dare,
1535 4773 1595 4820 ut
1635 4766 1808 4838 magis
1847 4765 2064 4822 studea-

473 4869 598 4910 mus
642 4871 810 4924 parco
862 4857 1008 4912 victu
1057 4860 1297 4913 contenti
1346 4875 1490 4925 esse,
1545 4876 1708 4930 quam
1754 4862 2064 4918 carnalibus

472 4947 648 5018 epulis
669 4948 826 5004 avide
846 4949 1179 5005 incumbere.
1214 4950 1526 5026 Xyliglycon
1553 4957 1718 5023 quam
1737 4953 1914 5008 Latini
1940 4968 2062 5008 cor-

475 5048 634 5111 rupte
677 5039 928 5109 siliquam
963 5051 1194 5108 vocant,
1227 5042 1346 5099 ideo
1381 5061 1415 5099 a
1453 5045 1657 5102 Griecis
1711 5045 1817 5100 tale
1859 5060 2056 5101 nomen
2162 5075 2165 5078 -

474 5137 708 5208 accepit,
760 5149 827 5192 eo
851 5139 996 5208 quod
1036 5134 1172 5211 ligni
1202 5135 1321 5211 ejus
1362 5131 1571 5197 fructus
1597 5135 1668 5196 sit
1695 5140 1868 5196 dulcis
1899 5159 1912 5195 :
1955 5141 2058 5196 sild

475 5227 688 5302 [sylon]
725 5229 923 5300 quippe
951 5230 1136 5285 dicunt
1157 5227 1359 5303 lignum
1399 5250 1412 5288 :
1455 5229 1597 5287 ileon
1626 5230 1833 5306 [glyky]
1877 5234 2052 5290 dulce.

471 5319 644 5392 Hujus
681 5321 893 5376 arboris
926 5323 1102 5393 pomis
1139 5337 1332 5381 succus
1359 5335 1652 5395 expressus
1693 5326 1877 5380 acacia
1915 5323 2053 5381 dici-

472 5421 561 5469 tur
588 5427 620 5467 a
649 5411 872 5470 Graecis.
903 5413 1126 5487 MystiCe
1155 5413 1340 5470 antarii
1371 5412 1566 5486 siliqua
1598 5422 1692 5471 aut
1723 5417 2053 5488 voluptatem

469 5504 680 5572 mundi,
729 5513 824 5560 aut
866 5505 1186 5578 sapientiam
1216 5507 1532 5565 mutarent
1567 5509 1836 5582 signiﬁcat
1867 5531 1880 5566 :
1911 5512 2086 5569 unde"

471 5595 784 5654 luxuriosus
821 5597 965 5655 ﬁlius
1011 5601 1068 5654 in
1117 5598 1409 5670 Evangelia
1457 5600 1620 5673 (Luc.
1671 5603 1776 5677 ιν)
1821 5599 2050 5676 legitur,

467 5687 598 5744 dum
627 5691 880 5760 pasceret
908 5704 1108 5762 porcos
1133 5697 1192 5745 et
1215 5689 1401 5762 egeret
1425 5691 1588 5761 fame,
1622 5696 1766 5766 quod
1793 5698 2054 5769 concupi-

470 5792 619 5837 ccret
668 5783 896 5854 siliquas
920 5823 935 5848 ,
979 5794 1117 5853 quas
1139 5783 1294 5853 porci
1329 5787 1764 5857 man‘dttca‘ban‘t,
1803 5797 1859 5844 et
1895 5795 2056 5845 nemo

473 5875 550 5932 illi
574 5877 760 5935 dabat.
785 5877 1104 5935 Daemonum
1118 5876 1266 5934 enim
1281 5879 1434 5936 cibus
1447 5889 1530 5937 est
1540 5882 1798 5951 ebrietas,
1821 5883 2051 5952 luxuria,

2161 4793 2273 4850 prae
2317 4779 2531 4834 emtcris
2585 4778 2871 4834 arboribus
2921 4778 3078 4849 longe
3129 4784 3218 4834 eat
3273 4782 3327 4833 et
3375 4779 3429 4832 in
3479 4774 3758 4834 excelsum

2159 4871 2464 4940 promineat
2493 4887 2505 4922 :
2541 4867 2700 4936 cujus
2718 4875 2909 4923 natura
2936 4883 3134 4940 expers
3153 4877 3238 4925 est
3255 4871 3460 4925 terreni
3488 4869 3756 4936 humoris,

2161 4979 2224 5020 ac
2245 4963 2471 5034 perinde
2498 4961 2694 5018 habilis
2719 4963 2882 5034 atque
2902 4949 3036 5018 leui
3065 4982 3077 5018 :
3111 4963 3180 5020 de
3209 4966 3314 5036 qua
3345 4963 3644 5034 vagatus:

2286 5059 2351 5114 Et
2366 5057 2508 5113 aius
2531 5049 2672 5112 able:
2695 5056 2862 5112 visdi‘d‘
2882 5055 3111 5126 mannos;

2160 5149 2286 5220 quia
2333 5151 2402 5204 es
2435 5155 2498 5204 ea
2539 5159 2707 5204 naves
2745 5147 2898 5204 sum.
2933 5147 3084 5205 sane
3113 5147 3329 5221 quiem
3355 5130 3618 5206 caucam
3665 5147 3756 5206 vd-

2159 5245 2292 5298 cartt‘
2323 5236 2544 5312 βωμὸν
2567 5241 2862 5297 caederem
2889 5259 2902 5296 :
2935 5233 3020 5297 iis!
3047 5241 3228 5298 autem
3259 5243 3378 5300 sine
3403 5238 3564 5300 r'ino.
3588 5244 3756 5302 Abies‘

2158 5349 2294 5391 vero
2314 5318 2538 5406 propter
2567 5329 2912 5390 'alt’itddiiieni'
2944 5333 3064 5402 sui,
3099 5334 3154 5392 et
3180 5316 3350 5392 idbur
3373 5314 3466 5394 diu
3483 5329 3752 5406 dixra‘bife,

2159 5425 2399 5484 menteiﬂ
2437 5422 2733 5483 eiecturum
2781 5421 2972 5482 intima
3014 5427 3240 5500 quam
3289 5428 3558 5487 desideria
3600 5445 3756 5502 sper-

2157 5517 2399 5584 netr'ttm;
2433 5520 2490 5574 et
2515 5519 2822 5574 Caelestium
2855 5517 3294 5590 comempliitiorii
3333 5529 3550 5594 semper
3576 5523 3755 5579 intert-

2161 5619 2298 5677 tam,
2332 5612 2534 5667 virtute“
2561 5619 2778 5683 quoque
2806 5599 3084 5682 panetius
3108 5609 3458 5686 singulariter
3484 5613 3753 5672 excellen-

2160 5713 2268 5762 tem
2295 5721 2401 5762 non
2430 5703 2726 5778 incongrue
2741 5690 3096 5790 Monstrat.
3123 5705 3276 5765 Unde
3292 5705 3346 5764 in
3373 5705 3512 5790 libro
3541 5703 3752 5782 Regum

2159 5797 2422 5868 scriptum
2450 5799 2534 5853 est
2577 5797 2642 5852 de
2683 5795 2974 5854 Saldni'one
3006 5801 3073 5855 ae'
3116 5799 3304 5870 templi
3340 5797 3698 5858 aedificatione
3729 5799 3752 5858 ἐ

2161 5889 2229 5945 Et
2261 5890 2410 5960 texit,
2433 5891 2628 5962 inquit,
2658 5891 3010 5960 pavimentum
3025 5891 3234 5949 Jabult’s
3255 5893 3514 5966 abiegnis,
3548 5894 3748 5952 vestivit
