4038 6324
489 351 599 410 519

1133 352 1196 407 Β.
1237 352 1490 410 RABANI
1527 351 1749 412 MAURI
1786 350 2104 411 ARCHIEP.
2139 349 2450 409 MOGUNT.
2491 349 2776 408 OPERUM
2811 351 2992 408 PARS
3027 351 3091 406 II.

3652 349 3767 405 520

486 452 862 540 aequanimiter
910 466 1093 523 omnia
1136 466 1336 524 ferunt.
1391 469 1497 526 Per
1531 483 1808 540 quercum,
1847 477 1911 524 ut
1937 469 2070 534 dixi,
2097 469 2154 531 Α
2176 466 2339 521 nimis
2364 480 2583 520 amarus
2613 473 2717 520 est.
2752 464 2878 520 Haec
2905 465 3066 519 arbor
3091 462 3147 517 in
3175 459 3465 519 solitudine
3483 468 3542 518 et
3562 475 3766 517 saxosa

487 561 664 617 sancti
702 560 840 626 ﬁde,
868 568 1030 629 atque
1059 560 1351 616 virtutibus
1377 562 1584 617 robusti
1609 561 1665 616 in
1681 561 1816 616 Isaia
1841 560 2071 631 mystice

487 654 838 725 designantur
857 693 874 720 ,
900 652 991 706 ubi
1017 652 1092 706 ita
1120 651 1354 720 legitur:
1389 653 1458 707 Et
1494 655 1591 708 erit
1612 654 1903 708 ostensione
1936 653 2070 706 sicut

486 745 835 810 terebinthus,
888 754 936 798 et
976 745 1111 799 sicut
1156 763 1399 816 quercus,
1447 764 1566 818 qua:
1606 748 1853 817 expandit
1896 763 2068 801 ramos

485 856 610 893 suos
642 837 778 909 (Isa.
807 835 906 910 γι).
944 837 1076 894 Item
1112 838 1165 893 in
1191 840 1350 902 aliam
1385 850 1594 910 partem
1628 855 1642 894 :
1679 841 1742 894 Et
1774 857 1929 912 super
1958 857 2068 894 om-

487 949 576 986 nes
603 947 842 1002 quercus,
876 930 1068 1013 inquit,
1097 930 1275 986 Basan
1302 932 1437 1002 (Isa.
1467 932 1552 1005 ιι).
1576 932 1848 988 Fraxinus
1882 931 2068 987 vocari

485 1024 678 1090 fertur,
719 1025 863 1094 quod
885 1025 1056 1096 magis
1077 1024 1132 1079 in
1160 1039 1350 1097 aspera
1385 1027 1502 1082 loca
1532 1035 1895 1095 montanaque
1915 1025 2067 1096 fraga

485 1129 762 1178 nascatur.
809 1121 949 1176 Hinc
990 1135 1087 1190 per
1135 1120 1522 1174 derivationem
1559 1117 1836 1184 fraxinus,
1869 1116 2011 1172 sicut
2036 1132 2067 1172 a

485 1223 671 1269 monte
696 1221 1026 1278 montanus;
1061 1211 1127 1266 de
1145 1226 1251 1280 qua
1277 1209 1501 1266 Ovidius
1533 1224 1548 1264 :

641 1357 656 1372 .
693 1359 707 1374 .
743 1359 757 1374 .
795 1360 807 1372 .
847 1357 862 1373 .
896 1359 911 1372 .
947 1329 1002 1373 et
1022 1321 1242 1373 fraxinus
1261 1322 1396 1373 utilis
1419 1323 1594 1374 hastis.

483 1426 667 1483 Potest
715 1435 896 1482 autem
954 1426 1264 1498 signiﬁcare
1313 1443 1464 1483 arma
1508 1429 1770 1483 virtutum
1798 1467 1813 1493 ,
1871 1427 2068 1496 quibus

483 1529 707 1574 utuntur
742 1520 915 1575 sancti
957 1528 1147 1574 contra
1177 1519 1360 1575 hostes
1399 1535 1544 1574 suos.
1583 1519 1764 1574 Taxus
1802 1526 2065 1574 venenata

483 1613 660 1676 arbor,
705 1614 848 1668 unde
881 1619 940 1667 et
975 1612 1154 1667 toxica
1190 1627 1398 1667 venena
1421 1611 1834 1680 exprimuntur;
1870 1627 1938 1665 ex
1965 1611 2067 1664 hac

481 1721 640 1762 arcus
664 1705 853 1762 Parthi
884 1714 940 1762 et
979 1706 1098 1760 aliae
1122 1715 1314 1778 gentes
1338 1702 1567 1760 faciunt.
1601 1704 1756 1760 Unde
1783 1714 1839 1759 et
1861 1712 2019 1775 poeta
2049 1718 2064 1756 :

637 1854 652 1869 .
691 1856 704 1869 .
740 1853 755 1868 .
791 1855 806 1871 .
845 1855 857 1867 .
895 1855 907 1866 .
947 1819 1136 1880 Ityreos
1164 1826 1310 1870 taxus
1332 1825 1592 1880 torquetur
1619 1819 1666 1868 in
1689 1830 1847 1868 arcus.

479 1922 607 1979 Haec
635 1923 798 1979 arbor
822 1931 1000 1995 potest
1025 1924 1176 1979 dolos
1213 1931 1268 1979 et
1303 1933 1569 1978 venenata
1597 1922 1849 1991 dogmata
1891 1921 2065 1976 haere-

479 2015 708 2069 ticorum
731 2015 1039 2085 exprimere
1074 2030 1193 2084 Quae
1230 2017 1449 2085 pariunt
1478 2023 1728 2079 mortem,
1752 2023 1808 2069 et
1834 2015 2068 2070 afferunt

478 2104 757 2160 interitum
779 2107 886 2174 his,
922 2106 1013 2176 qui
1039 2107 1093 2161 in
1116 2107 1184 2162 iis
1221 2107 1333 2162 laesi
1363 2107 1586 2162 fuerint.
1623 2108 1793 2162 Alnus
1815 2115 2063 2174 vocatur,

478 2197 622 2269 quod
647 2198 822 2254 alatur
847 2215 1034 2266 amne;
1058 2201 1306 2270 proxima
1330 2203 1474 2256 enim
1505 2217 1659 2272 aqua:
1679 2202 1941 2268 nascitur,
1965 2217 2066 2256 nec

479 2292 637 2349 facile
679 2302 834 2348 extra
878 2293 1050 2349 undas
1078 2295 1229 2348 vivit.
1250 2295 1399 2350 ,Hinc
1451 2305 1505 2352 et
1540 2305 1721 2351 tenera
1767 2304 1822 2350 et
1864 2295 2061 2362 mollis,

478 2384 604 2453 quia
633 2384 687 2439 in
719 2384 972 2440 humecto
1000 2385 1120 2440 loco
1158 2387 1416 2440 nutritur.
1453 2387 1643 2442 Ulmus
1679 2402 1874 2442 nomen
1911 2402 2065 2442 acce-

476 2475 556 2546 pit
584 2476 726 2546 quod
767 2475 1050 2547 uliginosis
1080 2477 1214 2532 locis
1239 2487 1293 2533 et
1330 2479 1566 2534 humidis
1597 2479 1790 2534 melius
1829 2481 2059 2550 proﬁcit.

477 2565 612 2621 Nam
640 2567 695 2621 in
727 2571 998 2642 montanis
1027 2577 1080 2622 et
1102 2570 1310 2640 asperis
1335 2572 1514 2626 minus
1543 2571 1666 2626 laeta
1697 2582 1800 2628 est.
1832 2572 2066 2630 Possunt

476 2670 657 2715 autem
689 2660 806 2715 haec
827 2661 947 2716 dua:
974 2663 1200 2718 arbores
1239 2663 1362 2719 illos
1389 2665 1718 2733 signiﬁcare,
1747 2667 1839 2736 qui
1877 2667 2062 2737 irriga-

477 2750 622 2805 tione
651 2764 932 2806 sacrarum
963 2751 1398 2822 Scripturarum,
1430 2762 1482 2808 et
1516 2757 1822 2811 humilitate
1849 2773 2060 2812 morum

475 2840 650 2909 magis
683 2842 1007 2910 proﬁciunt,
1040 2859 1205 2912 quam
1243 2845 1343 2912 illi,
1378 2847 1471 2916 qui
1499 2846 1552 2900 in
1572 2849 1814 2917 potentia
1842 2850 2060 2918 propria

475 2931 774 2988 conﬁdunt.
812 2933 1049 3004 Populus
1081 2936 1254 3000 dicta,
1281 2937 1424 3006 quod
1464 2951 1530 2992 ex
1561 2937 1678 3006 ejus
1702 2938 1849 2993 calce
1881 2941 2061 2994 multi-

473 3023 604 3078 tudo
632 3033 916 3091 nascatur;
957 3025 1111 3096 cujus
1145 3043 1313 3098 genus
1342 3029 1539 3099 duplex
1568 3039 1669 3086 est.
1708 3030 1845 3086 l‘tam
1887 3032 2059 3087 altera

472 3123 558 3172 est
604 3116 741 3180 alba,
787 3117 958 3173 altera
1002 3119 1176 3190 nigra.
1224 3118 1360 3174 Alba
1401 3128 1582 3176 autem
1620 3121 1848 3192 populus
1891 3123 2054 3189 dicta,

471 3212 598 3282 quia
629 3212 758 3269 folia
801 3213 919 3284 ejus
955 3231 1062 3269 una
1090 3224 1246 3286 parte
1279 3227 1406 3271 sunt
1445 3217 1586 3283 alba,
1625 3217 1810 3284 altera,
1839 3217 2052 3273 viridia.
2085 3213 2130 3276 C

469 3304 598 3363 Ilaec
620 3323 751 3380 ergo
779 3308 1008 3373 bicolor,
1043 3309 1246 3364 habens
1276 3309 1432 3379 quasi
1463 3310 1639 3365 noctis
1660 3319 1716 3365 et
1740 3310 1844 3365 diei
1874 3321 2052 3377 notas,

467 3413 590 3469 quze
629 3410 872 3470 tempora
903 3408 1026 3456 ortu
1057 3401 1186 3457 solis
1220 3416 1526 3472 occasuque
1560 3411 1832 3458 constant.
1880 3402 2054 3458 Gene-

468 3499 594 3544 rant
643 3492 808 3546 etiam
847 3491 1085 3546 resinam
1123 3493 1268 3547 circa
1301 3493 1593 3548 Eridanum
1636 3493 1876 3561 fluvium,
1909 3493 2054 3550 velut

467 3582 560 3638 alii
579 3592 826 3648 narrant,
861 3585 911 3638 in
937 3583 1134 3640 finibus
1157 3585 1345 3657 Syriae.
1376 3585 1611 3657 Populus
1632 3587 1861 3659 virgulta
1891 3589 2056 3643 casti-

469 3676 628 3742 tatis,
671 3686 730 3730 ut
757 3676 978 3746 quidam
1004 3679 1217 3744 volunt,
1251 3680 1304 3734 in
1336 3680 1578 3736 Levitico
1608 3682 1895 3753 signiﬁcat,
1919 3691 1974 3738 et
2001 3685 2054 3738 in

468 3768 668 3820 malam
704 3779 913 3837 partem
948 3769 1075 3826 illud
1113 3772 1376 3841 accipitur
1404 3773 1460 3827 in
1489 3772 1651 3838 Osee,
1684 3773 1773 3827 ubi
1806 3774 2004 3828 dicitur
2037 3792 2049 3828 :

468 3857 664 3913 Subtus
689 3860 941 3930 populum
963 3873 1010 3915 et
1041 3863 1385 3917 terebinthum
1403 3905 1418 3930 ,
1446 3865 1572 3936 quia
1598 3865 1733 3919 bona
1766 3875 1840 3919 est
1869 3866 2054 3920 umbra

465 3948 580 4017 ejus
606 3948 751 4018 (Ose.
780 3951 875 4022 ιν).
907 3950 1098 4006 Tiliam
1127 3953 1316 4008 dicunt
1335 3964 1583 4010 vocatam
1616 3972 1702 4021 eo,
1730 3956 1871 4026 quod
1907 3957 2054 4013 utilis

465 4042 538 4096 sit
585 4044 653 4098 ad
707 4059 862 4099 usum
901 4044 1154 4112 telorum,
1205 4047 1383 4102 nitore
1420 4056 1476 4102 et
1508 4048 1724 4103 levitate
1755 4047 2049 4118 jaculandi.

463 4131 559 4188 Est
587 4135 730 4188 enim
757 4151 926 4206 genus
951 4139 1193 4192 materiae
1219 4138 1526 4206 levissimae,
1552 4155 1672 4209 quae
1691 4149 1745 4196 et
1767 4141 1956 4210 apibus
1984 4141 2052 4196 ad

464 4225 571 4280 mel
606 4227 1002 4283 conﬁciendum
1033 4229 1324 4284 utilissima
1356 4239 1440 4286 est
1479 4250 1493 4285 :
1529 4232 1608 4287 sic
1631 4240 1686 4287 ct
1729 4233 1784 4286 in
1814 4232 2048 4287 doctori-

461 4319 564 4372 bus
594 4319 950 4374 mansuetudo
976 4319 1260 4376 laudabilis
1300 4329 1418 4387 est,
1463 4332 1520 4378 et
1559 4323 1712 4378 valde
1754 4325 1935 4378 suavis
1967 4334 2051 4379 est

462 4408 782 4478 praedicatio
811 4409 980 4463 verbi.
1012 4409 1161 4465 Salix
1190 4412 1364 4477 dicta,
1404 4414 1548 4482 quod
1585 4413 1837 4469 celeriter
1870 4415 2046 4482 saliat,

466 4498 571 4553 hoc
597 4507 712 4564 est,
741 4499 997 4556 velociter
1025 4510 1235 4557 crescat
1266 4520 1281 4568 ;
1325 4506 1488 4559 arbor
1514 4505 1680 4569 lenta,
1713 4506 1910 4562 vitibus
1944 4509 2047 4562 ha-

459 4591 585 4648 bilis
614 4591 917 4648 vinciendis
941 4610 954 4658 ;
989 4593 1142 4662 cujus
1175 4595 1398 4650 seminis
1426 4597 1567 4653 hanc
1598 4597 1784 4653 dicunt
1807 4612 1929 4655 esse
1954 4617 2047 4654 ua-
2073 4570 2127 4629 D

458 4692 636 4738 turam
662 4725 677 4750 ,
711 4693 772 4739 ut
811 4685 857 4740 si
902 4685 1023 4754 quis
1062 4685 1191 4742 illud
1235 4688 1289 4742 in
1327 4689 1521 4758 poculo
1558 4691 1835 4758 hauserit,
1866 4691 2051 4748 liberis

461 4786 648 4834 careat
685 4779 821 4834 :sed
867 4787 921 4833 et
970 4778 1203 4836 feminas
1250 4781 1568 4838 infecundas
1610 4782 1790 4838 ellicit.
1843 4785 2050 4840 Salices

453 4870 609 4940 juxta
633 4873 948 4942 mysterium
971 4873 1158 4929 ﬁdeles
1179 4885 1304 4929 sunt
1326 4876 1381 4929 in
1402 4875 1645 4931 Ecclesia
1667 4892 1832 4947 pr0pe
1847 4876 2048 4932 fluenta

460 4966 654 5028 divina:
678 4965 1082 5035 praedicationis
1117 4966 1365 5032 radicati,
1395 4967 1450 5021 in
1479 4966 1638 5034 Isaia,
1673 4968 1764 5022 ubi
1793 4968 1995 5024 dicitur
2031 4987 2044 5022 :

456 5056 524 5109 Et
553 5057 704 5127 quasi
734 5057 920 5112 salices
942 5058 1102 5128 juxta
1125 5059 1342 5126 [luentes
1372 5076 1536 5130 aquas
1565 5058 1679 5131 (Isa
1716 5058 1884 5130 κων).
1914 5060 2048 5114 Item

457 5147 654 5204 salices
704 5148 952 5204 homines
997 5148 1318 5205 infructuosi
1347 5160 1503 5218 sunt;
1549 5151 1692 5206 unde
1717 5160 1801 5206 est
1831 5151 1962 5206 illud
1991 5153 2047 5208 in

456 5233 556 5290 Joh
601 5255 612 5289 :
656 5233 1066 5292 Circumdabunt
1103 5255 1240 5305 eum,
1283 5241 1385 5296 hoc
1427 5249 1540 5307 cst,
1581 5241 1875 5308 diabolum,
1917 5243 2050 5296 sali-

456 5345 538 5382 ces
561 5329 805 5381 torrentis
829 5327 970 5400 (Job.
1001 5329 1122 5402 XL);
1147 5339 1200 5385 et
1231 5331 1487 5386 alibizzld
1520 5342 1801 5386 torrentem
1831 5332 2044 5388 salicem

457 5417 712 5473 deducent
744 5435 831 5474 eos
855 5418 970 5475 Isa.
1000 5422 1116 5494 xv).
1147 5421 1384 5494 Populus
1421 5432 1622 5489 autem,
1655 5432 1711 5478 ct
1735 5425 1870 5480 salix
1894 5435 1948 5480 et
1977 5427 2043 5482 ti-

457 5507 529 5565 lia
559 5510 747 5566 molles
777 5513 1017 5568 materiae
1042 5522 1206 5580 sunt,
1237 5524 1293 5569 et
1323 5515 1391 5570 ad
1419 5514 1748 5585 sculpturam
1777 5526 1934 5588 aptae.
1965 5519 2043 5575 De

456 5606 635 5679 populi
673 5617 851 5663 autem
882 5608 1276 5680 signiﬁcatione
1301 5617 1357 5664 et
1395 5619 1712 5666 czeterarum
1743 5610 1858 5682 jam
1886 5628 2044 5684 supe-

459 5698 570 5754 rius
622 5698 824 5755 dictum
877 5710 979 5756 est.
1027 5701 1263 5771 Myrica,
1313 5716 1475 5772 quam
1531 5701 1709 5759 Latini
1747 5714 2040 5762 tamarcem

456 5802 670 5862 vocant,
701 5810 765 5849 ex
797 5793 1161 5851 amaritudine
1195 5794 1510 5863 nominata;
1537 5807 1725 5868 gustus
1758 5800 1904 5855 enim
1924 5799 2042 5869 ejus

2173 557 2339 612 humo
2379 557 2656 623 nascitur;
2699 571 2767 612 ex
2807 571 2913 625 qua
2947 555 3112 610 etiam
3137 555 3334 626 arbore
3373 552 3637 610 maleﬁcis
3667 570 3770 608 ar-

2171 631 2316 704 tibus
2331 650 2614 715 misethra,
2637 649 2689 704 id
2715 661 2816 714 est,
2833 648 2954 703 odia
2977 646 3238 703 concitari
3262 648 3536 702 dicuntur.
3561 646 3638 702 De
3661 648 3772 703 hac

2171 743 2365 797 arbore
2387 741 2683 797 similitudo
2703 741 2902 796 dicitur
2917 741 2972 796 in
2991 738 3226 796 Ieremia
3237 740 3525 810 propheta,
3539 739 3635 809 qui
3656 739 3769 794 ait:

2171 833 2301 888 flare
2328 834 2453 888 dicit
2477 833 2734 888 Dominus
2759 847 2777 885 :
2803 832 3116 888 Maledictus
3141 834 3317 910 homo,
3341 832 3433 894 qui
3460 831 3682 901 conﬁdit
3711 834 3775 887 in

2169 925 2376 979 homine
2399 929 2446 978 et
2469 926 2613 994 ponit
2640 941 2851 979 carnem
2882 925 3152 985 brachium
3178 941 3329 978 suum
3349 965 3364 988 ,
3389 933 3439 978 et
3469 941 3502 978 a
3533 923 3773 979 Domino

2171 1017 2370 1070 recedet
2400 1033 2490 1070 cor
2520 1015 2653 1085 ejus.
2692 1013 2809 1070 Erit
2845 1016 2982 1070 enim
3014 1017 3168 1086 quasi
3203 1017 3418 1086 myrica:
3448 1016 3506 1070 in
3533 1017 3770 1082 deserto,

2167 1116 2214 1160 et
2257 1123 2360 1161 non
2402 1106 2629 1172 videbit,
2667 1123 2785 1160 cum
2813 1108 3006 1161 venerit
3035 1106 3248 1172 bonum,
3287 1105 3377 1160 sed
3417 1106 3672 1162 habitabit
3708 1109 3772 1162 in

2168 1198 2399 1252 siccitate
2433 1199 2488 1252 in
2513 1199 2716 1252 deserto
2735 1239 2750 1264 ,
2783 1199 2840 1252 in
2865 1208 3006 1252 terra
3036 1199 3321 1269 salsuginis
3347 1209 3395 1254 et
3430 1200 3770 1254 inhabitabili

2169 1287 2510 1376 (Jer..xvu).
2565 1290 2680 1345 Hoc
2707 1292 2774 1345 de
2810 1289 3006 1360 populo
3057 1291 3257 1346 dicitur
3296 1291 3626 1358 Judaaorum,
3669 1295 3769 1363 qui

2169 1380 2416 1436 habitant
2441 1381 2496 1436 in
2533 1382 2769 1446 deserto,
2798 1381 3114 1453 fructusque
3143 1399 3250 1438 non
3288 1383 3526 1451 faciunt,
3553 1395 3609 1441 et
3637 1395 3772 1441 sunt

2169 1473 2223 1526 in
2270 1481 2416 1528 terra
2463 1473 2749 1542 salsuginis
2777 1513 2791 1539 ,
2847 1489 2968 1543 qua:
3005 1474 3182 1530 nullos
3234 1473 3444 1531 fructus
3487 1475 3656 1543 facit,
3707 1489 3770 1532 et

2170 1562 2543 1629 inhabitabili,
2589 1580 2710 1632 qua:
2757 1565 3024 1635 hospitem
3068 1581 3176 1620 non
3213 1565 3380 1621 habet
3421 1566 3612 1633 Deum,
3662 1582 3768 1622 nec

2170 1655 2486 1726 angelorum
2534 1656 2806 1726 praesidia,
2861 1673 2963 1712 nec
3006 1658 3242 1728 Spiritus
3295 1659 3470 1714 sancti
3506 1659 3763 1731 gratiam,

2173 1766 2272 1805 nec
2320 1750 2605 1805 scientiam
2646 1751 3051 1821 magistrorum.
3091 1751 3299 1823 Myrtus
3336 1769 3367 1807 a
3411 1753 3548 1807 mari
3593 1753 3763 1816 dicta,

2091 1828 2140 1889 Β
2167 1857 2232 1898 eo
2254 1844 2399 1914 quod
2424 1843 2598 1914 magis
2625 1843 2839 1898 littorea
2870 1845 3030 1899 arbor
3077 1845 3176 1912 sit;
3210 1846 3354 1901 unde
3378 1855 3436 1901 et
3465 1846 3723 1918 Virgilius
3746 1865 3760 1900 :

2540 1956 2722 2008 Littera
2741 1961 2912 2021 myrtis
2934 1957 3184 2009 latissima
3203 1973 3221 2023 ;

2169 2036 2266 2084 et:

2363 2117 2600 2169 Amantes
2621 2117 2784 2169 littora
2806 2125 2996 2182 myrtm.

2169 2224 2307 2280 Hinc
2338 2234 2421 2280 est
2459 2225 2605 2294 quod
2632 2240 2662 2279 a
2693 2224 2900 2280 Graecis
2934 2224 3148 2297 myrine
3183 2224 3403 2304 dicitur.
3430 2224 3763 2282 Medicorum

2169 2327 2349 2372 autem
2363 2317 2484 2371 libri
2504 2317 2641 2372 hanc
2653 2317 2901 2371 arborem
2917 2326 3099 2387 aptam
3115 2318 3362 2373 scribunt
3374 2317 3662 2373 mulierum
3676 2335 3766 2373 ne-

2166 2409 2513 2464 cessitatibus
2532 2409 2810 2478 plurimis;
2845 2420 3053 2480 myrtus
3068 2411 3213 2464 enim
3239 2411 3495 2480 populum
3517 2412 3765 2481 gentium

2166 2503 2456 2573 signiﬁcat.
2484 2502 2636 2558 Unde
2670 2503 2830 2573 hujus
2861 2503 3073 2558 arboris
3102 2504 3308 2558 mentio
3332 2503 3393 2557 ﬁt
3414 2503 3468 2557 in
3495 2503 3764 2559 Zacharia

2165 2596 2448 2665 propheta,
2471 2594 2561 2648 ubi
2586 2595 2657 2649 ita
2682 2595 2879 2666 legitur
2903 2615 2916 2649 :
2948 2597 3016 2649 Et
3056 2613 3171 2651 ecce
3198 2598 3275 2650 vir
3297 2597 3581 2652 ascendens
3605 2615 3767 2667 super

2168 2703 2356 2756 equum
2393 2687 2594 2756 rufum,
2631 2696 2679 2740 et
2705 2688 2812 2756 ipse
2842 2687 3013 2742 stabat
3041 2689 3178 2743 inter
3202 2699 3582 2759 myrteta,qu¢e
3611 2698 3764 2742 erant

2162 2779 2220 2832 in
2262 2778 2544 2848 profundo,
2573 2786 2677 2834 etc.
2709 2777 2897 2848 (Zach.
2931 2780 2993 2848 ι).
3018 2779 3171 2834 Hunc
3192 2780 3374 2834 virum
3415 2779 3623 2835 Hebraei
3669 2779 3765 2834 Mi-

2165 2869 2408 2925 chaelem
2439 2870 2821 2941 archangelum
2870 2879 3080 2940 putant,
3119 2872 3209 2940 qui
3243 2871 3387 2926 ultor
3416 2872 3764 2942 iniquitatum

2163 2972 2219 3016 et
2246 2969 2594 3030 peccatorum
2628 2963 2699 3016 sit
2748 2963 2801 3016 in
2845 2961 3031 3028 Israel,
3065 2971 3120 3018 et
3172 2964 3317 3033 quod
3363 2963 3577 3019 steterit
3620 2963 3765 3018 inter

2162 3061 2415 3124 myrteta,
2441 3069 2560 3122 quae
2585 3063 2740 3108 erant
2771 3054 2824 3108 in
2844 3054 3132 3124 profundo,
3167 3054 3392 3126 intelligi
3417 3054 3606 3110 volunt
3636 3071 3764 3126 pro-

2160 3147 2352 3216 phetas
2376 3157 2431 3200 et
2463 3154 2700 3212 sanctos,
2722 3146 2812 3214 qui
2851 3147 2906 3200 in
2949 3147 3127 3202 medio
3154 3147 3296 3218 capti
3322 3148 3502 3218 populi
3531 3163 3764 3205 conver-

2163 3237 2424 3292 sabantur
2447 3245 2502 3290 et
2526 3244 2685 3291 erant
2708 3237 2762 3291 in
2811 3236 3095 3307 profundo.
3126 3236 3435 3304 Lentiscus,
3465 3240 3611 3309 quod
3634 3256 3764 3296 cus-

2155 3327 2241 3397 pis
2267 3328 2436 3396 ipsius
2467 3327 2643 3383 lentus
2689 3328 2762 3383 sit
2790 3337 2846 3383 et
2873 3329 3051 3385 mollis
3077 3348 3091 3384 :
3120 3345 3247 3385 nam
3276 3330 3481 3386 lentum
3509 3331 3763 3398 dicimus,

2157 3421 2419 3490 quidquid
2444 3418 2680 3476 flexibile
2704 3428 2807 3475 est.
2845 3420 2997 3476 Unde
3035 3429 3092 3477 et
3137 3421 3341 3476 lentum
3371 3423 3551 3476 vimen
3582 3431 3634 3477 ct
3679 3424 3764 3476 vi-

2158 3521 2257 3568 tes.
2297 3513 2589 3583 V’irgilius:
2620 3520 2668 3567 et
2712 3511 2867 3567 lenta:
2913 3514 3063 3579 vites,
3113 3529 3212 3584 pro
3259 3513 3542 3569 ﬂexibiles.
3591 3513 3766 3584 Hujus

2156 3605 2366 3662 fructus
2383 3605 2835 3671 oleumdesudat,
2866 3617 3051 3661 cortex
3098 3605 3361 3670 resinam,
3405 3621 3526 3674 quae
3556 3606 3764 3660 mastix

2157 3699 2476 3771 appellatur,
2507 3697 2662 3768 cujus
2696 3698 2928 3768 plurima
2965 3707 3019 3753 et
3063 3697 3256 3754 melior
3306 3699 3362 3753 in
3390 3697 3529 3753 Chio
3575 3699 3761 3754 Insula

2159 3791 2418 3862 gignitur.
2447 3788 2687 3845 Lentisci
2731 3789 2880 3844 enim
2905 3789 3108 3844 mentio
3130 3797 3214 3844 est
3244 3788 3297 3842 in
3326 3787 3569 3844 Danielis
3596 3788 3761 3854 libro,

2155 3881 2243 3935 ubi
2268 3882 2529 3936 Susannae
2560 3880 2784 3935 historia
2815 3881 3017 3951 scripta
3047 3891 3162 3937 est:
3192 3889 3248 3938 et
3280 3882 3371 3937 ubi
3397 3883 3464 3938 de
3487 3884 3678 3938 schino
3705 3895 3762 3938 et

2153 3972 2311 4041 prino
2363 3972 2643 4040 responsio
2700 3974 3138 4044 presbyterorum
3195 3974 3516 4030 ostenditur.
3578 3973 3758 4029 Latini

2153 4064 2301 4118 enim
2329 4063 2578 4118 schiuum
2606 4071 2662 4120 et
2688 4063 2906 4133 prinum
2948 4065 3128 4120 ilicem
3167 4075 3225 4121 et
3258 4065 3541 4122 lentiscum
3588 4067 3760 4122 inter-

2152 4163 2458 4225 pretantur,
2486 4150 2719 4224 quorum
2741 4171 2936 4211 sensus
2962 4155 3034 4210 ibi
3065 4157 3465 4213 manifestatur.
3493 4157 3758 4214 Terebin-

2155 4247 2278 4302 thus
2309 4247 2495 4312 arbor,
2527 4245 2776 4303 Graecum
2826 4263 3047 4315 nomen,
3085 4265 3352 4320 generans
3379 4249 3617 4305 resinam
3643 4265 3761 4305 om-

2152 4335 2301 4392 nium
2329 4339 2630 4394 resinarum
2674 4342 3128 4409 praestantiorem.
3155 4341 3376 4415 chitur
3401 4354 3456 4398 et
3479 4343 3535 4396 in
3567 4342 3756 4400 Gene-

2151 4445 2292 4494 scos,
2327 4431 2468 4499 quod
2512 4430 2822 4500 patriarcha
2860 4429 3026 4487 Jacob
3066 4442 3362 4489 convocata
3392 4435 3539 4490 omni
3591 4435 3757 4490 domo

2153 4534 2249 4572 sua
2282 4517 2438 4588 juxta
2464 4529 2793 4590 praeceptum
2836 4521 3049 4576 Domini
3099 4524 3296 4578 dixerit
3334 4525 3397 4580 ad
3427 4541 3564 4580 eos:
3608 4527 3759 4596 Abji-

2155 4607 2252 4660 cite
2289 4607 2423 4661 Deos
2447 4607 2669 4674 alienos,
2691 4610 2780 4680 qui
2828 4609 2882 4663 in
2912 4612 3082 4666 medio
3121 4616 3274 4666 vestri
3304 4624 3467 4668 sunt:
3515 4625 3562 4669 et
3592 4633 3750 4669 mun-

2155 4699 2355 4754 damini
2405 4718 2468 4755 ac
2502 4712 2701 4757 mutate
2738 4705 3039 4758 vestimenta
3086 4717 3251 4760 vestra
3274 4721 3291 4760 :
3318 4710 3542 4778 surgite,
3585 4720 3634 4762 et
3667 4728 3756 4764 as-

2155 4792 2440 4846 cendamus
2488 4794 2540 4846 in
2573 4793 2754 4848 Bethel
2787 4805 2844 4850 ut
2883 4796 3140 4864 faciamus
3170 4799 3244 4852 ibi
3274 4799 3442 4853 altare
3488 4800 3749 4866 Domino,

2153 4883 2242 4952 qui
2269 4884 2537 4938 exaudivit
2565 4901 2646 4939 me
2684 4886 2740 4940 in
2787 4886 2872 4941 die
2900 4887 3255 4943 tribulationis
3282 4907 3434 4956 mete,
3454 4900 3502 4945 et
3533 4890 3634 4960 fuit
3663 4909 3754 4946 so-

2153 4975 2265 5029 cius
2302 4976 2502 5029 itineris
2536 4978 2656 5030 mei.
2698 4976 2964 5031 Dederunt
3007 4995 3130 5048 ergo
3179 4980 3228 5034 ei
3253 4996 3429 5036 omnes
3459 4981 3594 5037 Deos
3619 4983 3751 5036 alie-

2152 5083 2266 5132 nos,
2299 5083 2428 5137 quos
2457 5067 2737 5134 habebant,
2766 5079 2813 5122 et
2853 5069 3064 5124 inaures
3091 5109 3106 5136 ,
3153 5087 3271 5140 qua:
3301 5082 3451 5126 erant
3499 5073 3554 5126 in
3602 5076 3752 5127 auri-

2151 5157 2246 5213 bus
2270 5175 2470 5213 eorum.
2499 5160 2669 5215 Atille
2695 5161 2884 5230 infodit
2911 5179 2998 5217 eas
3025 5163 3204 5216 subter
3229 5165 3593 5231 terebinthum,
3629 5183 3748 5237 qua:

2148 5261 2224 5303 est
2273 5263 2385 5322 post
2435 5253 2613 5308 urbem
2647 5251 2854 5330 Sichem
2890 5252 3041 5326 (Gen.
3075 5256 3275 5327 xxxv);
3304 5257 3446 5327 quod
3474 5258 3747 5328 significat

2146 5342 2433 5399 ecclesiam
2462 5346 2645 5401 munia
2697 5346 2989 5402 simulacra
3025 5348 3308 5419 gentilium
3359 5348 3632 5418 abjicere,
3691 5360 3748 5404 et

2146 5449 2422 5508 perpetute
2461 5441 2718 5496 oblivioni
2744 5443 3050 5498 damnando
3085 5443 3177 5497 illa
3203 5443 3436 5509 tradere,
3470 5452 3530 5498 ut
3574 5444 3745 5498 solius

2144 5539 2200 5585 et
2221 5531 2380 5585 unius
2413 5532 2523 5586 veri
2553 5531 2647 5588 Dei
2676 5532 2854 5588 cultus
2889 5534 3086 5604 ubique
3131 5533 3361 5590 celebris
3411 5535 3527 5590 ﬁat.
3578 5535 3745 5590 Terc-

2143 5618 2368 5675 binthus
2395 5621 2591 5687 sancti,
2609 5629 2669 5676 ut
2690 5623 2746 5676 in
2775 5623 2910 5678 Isaia
2937 5642 2949 5677 :
2993 5623 3057 5677 Et
3083 5625 3182 5678 erit
3208 5625 3263 5678 in
3283 5628 3577 5681 ostensione
3604 5628 3742 5680 sicut

2143 5711 2464 5766 terebinthus
2505 5712 2637 5782 (lsa.
2669 5713 2767 5783 Vl).
2802 5713 2956 5770 Sicut
2993 5715 3047 5770 in
3088 5715 3252 5771 aliam
3306 5725 3540 5786 partem,
3575 5729 3633 5773 ut
3683 5719 3740 5772 in

2143 5803 2282 5862 Osee
2315 5824 2326 5860 :
2357 5806 2553 5862 Subtus
2605 5806 2852 5877 populum
2915 5817 2962 5863 et
3009 5811 3381 5875 terebinthum,
3431 5813 3553 5882 quia
3602 5813 3737 5866 bona
