4038 6324
267 352 364 410 521

1224 347 1312 403 DE
1351 337 1696 402 UNIVERSO
1735 333 1912 390 LIBRI
1952 333 2112 389 XXII.
2152 363 2224 374 —
2261 331 2388 388 LIB.
2435 328 2571 386 XIX.

3429 323 3538 382 522

267 472 381 518 erat
408 460 596 516 umbra
618 459 732 529 ejus
760 455 905 531 (Ose.
930 456 1026 529 tv).
1054 455 1500 511 BuxusGraecum
1527 464 1724 506 nomen
1747 457 1848 510 εει,
1882 453 1922 511 Λ
1953 453 2199 515 pungunt
2223 443 2424 498 illicitis
2451 440 2736 498 desideriis
2782 447 3021 531 mentem
3049 437 3444 531 humanam-et
3466 433 3538 490 ad

269 569 337 610 ex
361 560 518 623 parte
539 567 570 605 a
594 550 803 605 Latinis
827 556 1138 619 corruptum
1163 565 1176 601 :
1199 561 1369 618 pyxos
1389 545 1532 600 enim
1558 541 1857 612 appellatur

272 645 414 716 apud
435 658 549 706 eos,
589 643 753 697 arbor
779 655 996 712 semper
1014 641 1196 696 virens
1219 680 1235 706 ,
1260 647 1316 695 et
1353 638 1574 694 lenitate
1615 636 1859 690 materia:

273 737 664 794 elementorum
711 734 952 804 apicibus
1004 741 1148 804 apta.
1184 733 1338 789 Unde
1375 741 1429 788 et
1463 731 1746 802 Scriptura
1775 730 1857 784 di-

274 827 389 882 cit:
422 825 602 881 Scribe
624 824 798 890 bua'o,
845 832 897 878 et
935 822 1212 894 diligenter
1235 824 1290 876 in
1335 821 1468 876 libro
1514 837 1677 876 exora
1726 819 1858 872 illud

275 917 414 990 (Isa.
449 917 602 986 xxx).
629 915 812 970 Buxus
835 923 1015 969 autem
1041 913 1191 968 lenes
1215 913 1270 968 in
1296 912 1539 968 Ecclesia
1568 908 1860 980 signiﬁcat,

275 1007 370 1080 qui
398 1005 527 1063 licet
553 1005 761 1062 fructus
787 1005 1059 1077 spiritales
1104 1005 1326 1060 minime
1363 1005 1626 1070 habeant,
1679 1009 1862 1054 tamen

276 1109 538 1174 perpetua
571 1099 695 1156 ﬁdei
720 1098 1058 1154 confessione
1093 1098 1308 1151 virent:
1340 1095 1481 1150 unde
1510 1101 1594 1150 est
1636 1090 1764 1146 illud
1808 1090 1864 1144 in

279 1191 419 1247 Isaia
445 1208 458 1245 :
489 1190 643 1244 Abies
671 1199 719 1243 et
749 1189 917 1242 buxus
957 1197 1005 1242 et
1034 1187 1189 1258 pinus
1227 1185 1359 1255 (Isa.
1395 1184 1507 1256 ιχ).
1535 1182 1754 1236 Arundo
1784 1179 1866 1235 di-

281 1293 392 1350 cta,
423 1283 567 1354 quod
590 1282 699 1338 cito
723 1289 935 1338 arescat
961 1298 974 1334 :
1018 1281 1158 1334 hanc
1191 1287 1406 1334 veteres
1435 1290 1662 1331 cannam
1705 1287 1866 1327 voca-

282 1383 500 1440 verunt,
528 1372 848 1428 arundinem
903 1379 1095 1442 postea
1143 1369 1319 1425 Varro
1369 1367 1524 1422 dixit.
1575 1363 1865 1421 Sciendum

283 1481 436 1532 sane,
475 1463 617 1535 quod
637 1463 887 1518 Latinum
911 1477 1084 1518 canna
1109 1460 1175 1516 de
1209 1459 1389 1532 lingua
1417 1457 1642 1513 Hebraea
1670 1467 1867 1510 nomen

283 1554 554 1624 sumpsit:
593 1552 735 1623 apud
775 1566 869 1606 eos
927 1551 1073 1606 enim
1136 1549 1375 1606 calamus
1423 1562 1598 1604 canna
1645 1544 1864 1600 dicitur.

284 1646 509 1702 Arundo
529 1653 707 1700 autem
722 1643 991 1714 signiﬁcat
1011 1642 1422 1698 mutabilitatem
1450 1641 1698 1695 humana:
1718 1651 1870 1691 men-

287 1739 378 1795 tis.
410 1737 566 1795 Unde
593 1736 854 1792 Dominus
880 1734 1096 1790 dicitde
1119 1731 1327 1787 Joanne
1353 1731 1420 1786 ad
1443 1729 1657 1785 Iudaeos
1681 1746 1694 1782 :
1728 1726 1868 1794 Quid

1957 535 2288 605 peccandum
2326 541 2644 605 provocant.
2678 530 2884 586 Tribuli
2920 545 3052 585 vero
3079 528 3251 583 aculei
3283 528 3542 583 vitiorum

1958 628 2042 682 vel
2091 628 2447 683 tentationum
2490 626 2886 697 intelliguntur,
2932 631 2993 676 ut
3039 631 3124 678 est
3168 621 3296 676 illud
3343 624 3396 678 in
3441 621 3542 677 Ge-

1962 723 2078 778 nesi
2105 741 2116 777 :
2152 722 2346 790 Spinas
2376 730 2425 776 et
2453 703 2673 774 tribulos
2706 717 3018 790 geminabit
3047 716 3138 769 tibi
3167 713 3320 786 (Gen.
3353 714 3456 786 ιιι).
3482 714 3550 769 Ει

1963 817 2016 871 in
2049 817 2354 886 propheta:
2393 812 2672 868 Peccatum
2699 852 2715 877 ,
2761 811 2955 879 inquit,
2980 808 3152 864 Israel
3173 807 3328 877 lappa
3369 817 3416 861 et
3457 807 3551 860 tri-

1965 903 2117 959 bulus
2149 902 2294 976 (Ose.
2327 904 2404 975 ι).
2438 903 2640 972 Vepres
2685 901 2886 956 ablatio
2914 908 3262 970 peccatorum
3293 899 3345 953 in
3372 897 3548 953 Isaia:

1966 996 2157 1053 Omnes
2192 1006 2388 1053 montes
2418 1037 2434 1064 ,
2467 997 2554 1067 qui
2587 996 2642 1050 in
2669 994 2878 1049 sarculo
2904 995 3218 1057 sarrientur,
3261 1008 3364 1046 non
3388 993 3554 1046 veniet

1964 1086 2092 1140 illuc
2126 1099 2296 1140 terror
2337 1087 2568 1157 veprium
2617 1095 2665 1139 et
2716 1085 2985 1155 spinarum
3037 1084 3172 1156 (Isa.
3201 1084 3320 1155 vn).
3355 1083 3560 1140 Urticm’
3597 1075 3610 1157 ξ

1966 1176 2187 1248 prurigo
2212 1177 2436 1230 luxuria:
2465 1177 2519 1231 in
2547 1176 2685 1230 Isaia
2709 1195 2720 1230 :
2742 1175 2991 1230 Orientur
3009 1175 3328 1238 invdomibus
3351 1192 3554 1240 eorum,
3595 1175 3599 1216 ἑ

1968 1270 2071 1325 hoc
2095 1277 2209 1334 est,
2254 1269 2308 1323 in
2345 1269 2598 1331 cordibus
2643 1269 3021 1338 reproborum,
3067 1267 3232 1338 spina:
3277 1275 3326 1321 et
3375 1268 3555 1321 urtica:

1970 1357 2105 1430 (Isa.
2135 1358 2345 1430 χχχιιι).
2371 1357 2619 1414 Oleaster
2653 1358 2830 1413 dictus
2857 1398 2872 1424 ,
2925 1359 3068 1428 quod
3113 1358 3185 1412 sit
3234 1355 3380 1413 foliis
3404 1357 3562 1413 olivze

1973 1451 2262 1516 similibus,
2291 1451 2386 1505 sed
2416 1449 2698 1504 latioribus
2727 1467 2740 1503 :
2773 1449 2935 1503 arbor
2962 1449 3248 1512 silvestris,
3271 1463 3457 1504 amara
3483 1457 3563 1502 at,

1971 1559 2076 1614 que
2101 1541 2436 1598 infructuosa
2461 1555 2478 1596 :
2515 1542 2602 1596 cui
2628 1542 2863 1598 insertus
2891 1541 3048 1597 olivae
3091 1557 3273 1597 ramus
3297 1543 3408 1596 vim
3438 1559 3563 1597 mu-

1972 1643 2053 1690 tat
2077 1634 2296 1701 radicis,
2325 1643 2381 1689 et
2427 1633 2588 1688 vertit
2630 1647 2752 1687 eam
2790 1633 2847 1688 in
2894 1633 3171 1704 propriam
3221 1633 3560 1703 qualitatem.

1973 1731 2240 1802 Lacryma
2270 1728 2493 1784 oleastri
2537 1727 2750 1783 arboris
2787 1727 3004 1797 duplex.
3036 1727 3154 1782 Alia
3181 1727 3327 1781 enim
3360 1727 3564 1797 gummi

284 1831 467 1886 existis
515 1829 570 1883 in
626 1827 887 1882 desertum
935 1824 1148 1880 videre?
1175 1821 1484 1877 arundinem
1512 1829 1659 1874 vento
1705 1819 1873 1889 agila-
1902 1815 1949 1875 B
1977 1825 2194 1881 simulat
2219 1823 2337 1880 sine
2365 1821 2476 1880 ullo
2504 1821 2785 1893 qualitatis
2834 1836 3020 1876 morsu
3045 1841 3058 1876 :
3093 1823 3196 1877 alia
3238 1821 3566 1876 ammoniaci

286 1924 439 1979 tam?
478 1921 693 1993 (Matth.
723 1917 826 1991 ιι.)
849 1917 957 1974 Sed
979 1915 1214 1972 Joannes
1240 1914 1444 1969 arundo
1468 1919 1628 1968 vento
1671 1909 1872 1982 agitata

287 2030 400 2073 non
445 2022 599 2070 erat:
637 2012 730 2082 qui
777 2024 1053 2081 nunquam
1105 2009 1163 2064 in
1196 2000 1425 2063 altei-am
1472 2013 1684 2077 partem
1729 2001 1872 2057 ﬂecti

286 2114 522 2180 poterat,
551 2114 606 2184 et
633 2119 734 2161 nec
761 2103 1010 2160 laudibus
1037 2101 1193 2158 vanis
1230 2100 1464 2167 favebat,
1496 2112 1597 2153 nec
1631 2096 1874 2153 adversi-

291 2199 495 2256 tatibus
515 2198 761 2253 cedebat.
789 2195 1011 2251 Arundo
1035 2207 1202 2250 aurea
1230 2189 1661 2248 incarnationem
1685 2187 1875 2243 Salva-

291 2291 427 2348 toris
451 2288 736 2362 signiﬁcat,
763 2289 878 2344 sive
903 2286 1140 2343 divinam
1170 2283 1526 2355 Scripturam,
1555 2279 1692 2336 utin
1726 2277 1874 2348 Apo-

291 2380 497 2452 calypsi
527 2398 540 2434 :
573 2379 640 2433 Et
665 2379 722 2434 in
743 2394 903 2433 manu
933 2377 1047 2448 ejus
1072 2374 1278 2431 arundo
1323 2389 1486 2427 aurea
1507 2371 1690 2444 (Apoc.
1734 2370 1872 2441 xxi).

287 2473 426 2530 Item
449 2471 690 2527 calamus
708 2469 1020 2541 praedicatio
1043 2475 1357 2524 sanctorum
1378 2472 1484 2530 est,
1509 2471 1572 2518 ut
1612 2463 1668 2518 in
1690 2460 1828 2517 Isaia
1859 2477 1873 2515 :

294 2561 512 2618 Orielur
540 2562 678 2616 viror
696 2560 887 2615 calami
917 2569 964 2615 et
993 2558 1147 2630 junci
1175 2557 1311 2630 (Isa.
1351 2557 1541 2622 xxxv).
1565 2552 1773 2610 Iuncus
1821 2552 1880 2608 ﬁ-

293 2654 432 2712 delis
456 2663 540 2710 est
565 2655 618 2708 in
660 2653 905 2711 Ecclesia
930 2652 1086 2723 juxta
1124 2652 1323 2706 ﬂuenta
1352 2649 1547 2705 divina:
1573 2648 1707 2721 legis
1732 2663 1877 2703 sem-

1974 1924 2182 1985 guttam
2219 1929 2288 1970 ex
2334 1913 2686 1969 distillatione
2715 1913 2998 1968 collectam
3042 1927 3106 1967 ac
3145 1911 3566 1968 remordentem.

1974 2005 2126 2062 Oliva
2151 2006 2339 2063 Graece
2367 2007 2539 2063 elaios
2567 2007 2788 2073 dicitur,
2837 2022 2905 2062 ex
2936 2020 3044 2076 quo
3094 2005 3150 2060 in
3178 2005 3432 2060 Latinum
3461 2013 3572 2059 tra-

1975 2107 2122 2154 ctum
2151 2107 2254 2165 est,
2280 2107 2342 2152 ut
2384 2097 2528 2154 oliva
2567 2098 2820 2154 dicatur:
2849 2097 2968 2152 olea
3015 2105 3195 2152 autem
3246 2096 3361 2166 ipsa
3412 2096 3574 2150 arbor

1975 2197 2059 2244 est
2088 2207 2102 2242 :
2139 2187 2349 2244 fmctus
2375 2188 2519 2244 oliva
2548 2205 2564 2244 ;
2595 2204 2787 2244 succus
2835 2189 3017 2244 oleum
3053 2197 3156 2243 est.
3203 2187 3383 2244 Arbor
3419 2187 3574 2258 pacis

1978 2279 2205 2350 insignis
2242 2279 2524 2352 [insigne],
2558 2279 2713 2348 cujus
2754 2279 2962 2335 fructus
3004 2279 3234 2335 diversis
3260 2280 3575 2336 nominibus

1979 2370 2300 2441 appellatur.
2328 2369 2574 2426 Oleaster
2612 2379 2793 2425 autem
2821 2369 3153 2425 infructuosa
3187 2369 3350 2425 arbor
3402 2371 3571 2442 signi-

1981 2462 2108 2518 ﬁcat
2133 2463 2380 2534 gentiles,
2429 2462 2520 2532 qui
2544 2463 2782 2532 quandiu
2810 2463 2928 2518 sine
2972 2461 3188 2518 Christo
3215 2472 3411 2528 erant,
3459 2463 3576 2518 fru-

1981 2561 2128 2608 ctum
2156 2562 2316 2608 rectae
2338 2553 2461 2608 ﬁdei
2485 2561 2540 2606 et
2561 2553 2826 2608 bonorum
2848 2567 3073 2622 operum
3101 2553 3321 2624 gignere
3346 2569 3456 2609 non
3480 2569 3577 2625 po-

1983 2652 2204 2698 terant:
2240 2652 2528 2714 postquam
2559 2652 2742 2698 autem
2773 2642 2843 2697 al)
2884 2657 3069 2698 errore
3093 2650 3306 2698 vetusto
3357 2644 3576 2712 abscisi,

295 2761 396 2818 per
417 2759 658 2811 plorans,
689 2745 822 2801 utin
850 2743 951 2801 Job
975 2762 988 2800 :
1021 2741 1274 2814 Nunquid
1301 2741 1468 2796 vivere
1488 2748 1650 2812 potest
1677 2740 1880 2808 scirpus
1985 2736 2053 2789 ad
2075 2735 2277 2791 Christi
2307 2735 2467 2791 ﬁdem
2490 2735 2736 2790 conversi
2756 2743 2900 2801 sunt,
2941 2735 3111 2790 radici
3141 2735 3579 2805 patriarcharum

296 2839 492 2909 absque
535 2837 794 2892 humore?
837 2844 929 2891 aut
987 2837 1168 2891 crescit
1218 2842 1482 2890 careetum
1534 2835 1646 2888 sine
1704 2832 1883 2903 aqua?
1985 2836 2038 2882 et
2082 2828 2468 2897 prophetarum
2492 2828 2740 2899 protinus
2785 2827 2974 2883 inserti
3013 2837 3169 2895 sunt,
3215 2839 3271 2885 et
3297 2829 3425 2886 facti
3455 2840 3584 2888 sunt

295 2927 443 3002 (Job.
469 2927 612 3000 VIII.)
641 2927 888 2984 Paliurus
915 2927 1084 2982 herba
1109 2925 1406 2996 asperrima
1428 2933 1484 2980 et
1513 2924 1750 2995 spinosa.
1779 2923 1884 2978 I’a-
1987 2923 2118 2978 socii
2147 2923 2347 2978 radicis
2377 2931 2433 2977 et
2460 2921 2804 2994 pinguedinis
2825 2921 2980 2978 olivae
3004 2937 3019 2976 :
3056 2924 3122 2978 de
3149 2939 3256 2994 quo
3291 2925 3582 2996 Apostolus

295 3020 473 3076 liurus
519 3027 602 3076 est
647 3019 890 3076 defensio
925 3019 1136 3091 peccati
1174 3017 1290 3073 sive
1333 3017 1616 3088 impuritas
1665 3015 1883 3071 mentis.
1988 3013 2056 3068 ad
2083 3012 2356 3069 Romanos
2387 3013 2629 3068 scribens
2659 3010 2834 3082 (Rom.
2867 3011 2967 3084 xi),
2995 3011 3269 3083 eleganter
3321 3015 3582 3085 disputat,

301 3110 460 3169 Unde
487 3110 541 3167 iu
571 3110 709 3166 Isaia
733 3128 747 3165 :
778 3109 848 3166 Et
873 3110 1114 3182 paliurus
1142 3110 1198 3163 in
1222 3109 1600 3164 munitionibus
1621 3108 1754 3180 ejus.
1782 3107 1887 3174 Qui
1918 3168 1958 3182 Α
1987 3111 2044 3159 ει
2070 3101 2338 3173 Propheta
2381 3104 2448 3158 de
2479 3101 2691 3157 Christi
2714 3117 2943 3172 corpore
2961 3143 2976 3167 ,
3028 3103 3173 3173 quod
3199 3111 3284 3158 est
3311 3103 3581 3173 Ecclesia,

301 3213 475 3260 rectus
507 3212 581 3258 est
604 3203 661 3257 in
686 3202 762 3257 eis
783 3168 918 3258 sicut
943 3201 1205 3274 paliurus,
1231 3211 1278 3256 et
1305 3200 1440 3254 sicut
1479 3168 1728 3270 spinwfde
1769 3213 1888 3269 sepe
1913 3168 1960 3231 Ο
1993 3212 2194 3254 canens
2223 3198 2278 3251 in
2308 3197 2572 3252 Psalterio
2599 3196 2703 3250 ait:
2737 3195 2853 3267 Ego
2877 3212 2992 3250 sum
3036 3198 3172 3250 sicut
3222 3195 3358 3252 oliva
3392 3197 3582 3268 fructi-

304 3289 444 3365 (Isa.
476 3306 675 3359 xxxiv;
718 3289 883 3347 Mich.
934 3291 1054 3361 vn).
1095 3291 1377 3345 Rhamnus
1406 3305 1575 3359 genus
1613 3297 1697 3344 εει
1746 3288 1888 3354 rubi,
1994 3288 2108 3358 fera
2144 3290 2200 3343 in
2245 3289 2398 3342 domo
2432 3288 2686 3343 Domini:
2730 3289 2932 3358 speravi
2985 3289 3040 3342 in
3072 3289 3431 3345 misericordia
3488 3291 3587 3347 Dei

303 3396 466 3453 quam
509 3381 702 3454 vulgus
747 3381 1007 3438 senticem
1033 3381 1278 3436 ursinam
1320 3381 1588 3452 appellat,
1637 3394 1892 3450 asperum
1993 3382 2094 3436 mei
2140 3381 2197 3440 in
2246 3392 2539 3449 (etei-num,
2585 3390 2633 3436 et
2668 3382 2723 3437 in
2752 3381 3004 3436 steculum
3035 3383 3215 3437 swculi
3261 3381 3435 3455 (Psal.
3484 3385 3582 3455 ιι).

302 3472 468 3528 nimis
495 3480 550 3528 et
577 3472 855 3542 spinosum
881 3485 896 3527 :
929 3471 1108 3527 sentix
1154 3471 1300 3526 dicta
1340 3485 1370 3525 a
1417 3471 1524 3526 situ
1552 3510 1568 3536 ,
1616 3471 1759 3540 quod
1809 3477 1895 3525 est
1995 3469 2183 3528 Oleum
2211 3472 2355 3527 enim
2385 3471 2674 3542 aliquando
2703 3472 2933 3543 gratiam
2958 3470 3193 3542 Spiritus
3219 3473 3392 3528 sancti
3420 3473 3588 3545 signi-

303 3570 452 3618 terra
486 3563 710 3628 inculta,
743 3563 795 3617 in
839 3577 945 3633 qua
976 3563 1211 3618 sentices
1255 3563 1529 3633 spinaaque
1573 3571 1890 3618 nascuntur.
1998 3561 2162 3617 ﬁcat:
2200 3560 2487 3630 aliquando
2512 3562 2861 3626 charitatem,
2886 3568 2942 3615 et
2967 3560 3254 3630 aliquando
3277 3563 3588 3618 misericor-

303 3650 537 3722 Maiores
599 3661 779 3707 autem
828 3652 1000 3707 nostri
1043 3668 1259 3707 omnem
1310 3651 1558 3707 a'rborem
1620 3652 1894 3721 spinosam
1998 3653 2164 3720 diam,
2191 3660 2245 3708 et
2273 3668 2303 3708 ε
2334 3653 2608 3707 contrario
2627 3651 2788 3706 aliam
2813 3651 3262 3722 signiﬁcationem
3283 3652 3469 3717 habet,
3495 3653 3586 3707 ubi

301 3758 528 3815 veprem
550 3744 820 3810 dicebant,
844 3745 988 3814 quod
1011 3746 1062 3799 vi
1087 3746 1352 3815 prendat:
1385 3746 1450 3801 de
1474 3746 1700 3800 rhamno
1731 3745 1899 3814 igitur

304 3837 383 3893 ita
410 3838 465 3892 in
491 3835 709 3894 Psalmo
748 3837 946 3908 legitur
981 3853 996 3890 :
1038 3834 1358 3907 Priusquam
1401 3837 1690 3908 producant
1733 3838 1899 3908 spinae

305 3936 491 3983 vestra:
530 3927 800 3993 rhamnos,
825 3927 960 3982 sicut
983 3928 1228 3991 viventes,
1254 3928 1330 3981 sic
1353 3929 1408 3982 in
1434 3929 1516 3981 ira
1546 3927 1786 3982 absorbet
1811 3944 1898 3983 eos

309 4019 483 4091 (Psal.
524 4018 677 4092 Lvtt).
730 4019 872 4092 Ergo
907 4021 1188 4086 rbamnus,
1229 4029 1289 4074 ut
1318 4019 1582 4084 diximus,
1623 4019 1900 4089 spinarum

310 4125 480 4183 genus
507 4117 586 4166 est
618 4109 1026 4180 permolestum,
1054 4111 1198 4181 quod
1245 4110 1396 4180 prius
1429 4110 1484 4162 in
1515 4109 1738 4164 herbam
1768 4109 1900 4164 mol-
1935 4137 1940 4142 ι

311 4201 575 4257 lissimam
600 4201 884 4272 pubescit:
915 4201 1011 4256 sed
1024 4201 1110 4255 ubi
1129 4200 1309 4256 adulta
1336 4209 1496 4256 aetate
1518 4200 1902 4265 coaluerit,ra-

311 4291 586 4350 musculos
609 4293 860 4363 producit
885 4294 1243 4358 acuminatos,
1272 4302 1568 4362 posteaque
1596 4291 1712 4360 ejus
1741 4291 1903 4348 sudes

311 4383 608 4439 durescunt
632 4383 688 4439 in
711 4385 966 4439 arborum
1003 4384 1336 4439 ﬁrmitatem.
1374 4383 1490 4440 Hoc
1524 4399 1655 4455 ergo
1703 4382 1903 4440 Judaeis

1997 3746 2283 3802 Psalmista
2309 3748 2385 3801 ait
2411 3765 2422 3800 :
2450 3745 2638 3802 Oleum
2660 3756 2836 3801 autem
2857 3746 3145 3817 peccatoris
3178 3762 3282 3799 non
3300 3745 3588 3817 impinguet

2001 3853 2155 3908 caput
2181 3853 2352 3890 meum
2384 3835 2556 3908 (Psal.
2587 3835 2733 3908 ch).
2765 3835 2864 3890 Est
2911 3835 3057 3892 enim
3087 3834 3264 3890 oleum
3306 3835 3361 3890 in
3391 3836 3590 3895 bonam

2000 3933 2212 3996 partem
2267 3940 2430 3980 causa
2481 3924 2802 3995 splendoris,
2841 3924 3097 3994 pabulum
3145 3924 3394 3988 luminis,
3447 3939 3587 3994 pra:-

2003 4027 2156 4073 stans
2185 4018 2410 4074 nitorem
2437 4017 2644 4088 pariter
2662 4027 2718 4072 et
2742 4017 2990 4072 salutem.
3019 4017 3076 4071 In
3107 4017 3304 4072 malam
3327 4033 3454 4073 vero
3472 4032 3594 4086 pav-

2003 4119 2114 4166 tem
2143 4111 2306 4176 (sicut
2332 4102 2420 4166 liic
2446 4111 2686 4182 ponitur)
2711 4109 2889 4166 oleum
2929 4111 3232 4180 peccatoris
3267 4117 3350 4165 est
3377 4110 3594 4166 dilectio

2005 4201 2276 4269 simulata,
2307 4205 2704 4274 verborumque
2727 4201 3130 4258 adulationibus
3157 4211 3210 4258 et
3258 4202 3594 4260 blandimen-

1977 4279 2075 4346 ,ἰίε
2104 4292 2319 4347 nostras
2348 4300 2576 4358 mentes,
2606 4292 2750 4348 velut
2790 4291 2895 4347 olei
2921 4292 3226 4363 pinguedo,
3273 4293 3467 4350 leuiter
3512 4293 3596 4349 in-

2005 4385 2255 4456 y‘ediens
2303 4386 2539 4457 rigorem
2584 4386 2830 4442 veritatis
2855 4384 3081 4451 emollit,
3113 4395 3167 4442 et
3193 4387 3260 4442 ad
3289 4388 3478 4444 noxias
3502 4403 3596 4444 co-

311 4488 554 4546 prtesens
569 4474 838 4530 sententia
856 4474 1235 4540 comminatur,
1250 4475 1394 4544 quod
1413 4474 1562 4544 prius
1575 4475 1906 4531 absorbean-
1933 4523 1984 4584 Β
2007 4475 2296 4547 gitationcs
2337 4477 2540 4532 amoris
2576 4477 2687 4532 ﬁcti
2724 4476 2903 4548 potius
2928 4478 3291 4534 ostentatione
3327 4479 3593 4549 perducit.

315 4572 424 4630 tur,
447 4579 613 4634 quam
659 4563 818 4636 longa
851 4573 1012 4619 aetate
1039 4579 1229 4620 eorum
1279 4565 1488 4620 malitia
1515 4565 1860 4622 convalescat
1888 4584 1901 4620 :

313 4656 457 4712 sicut
477 4664 532 4712 et
560 4655 616 4712 in
644 4655 749 4713 alio
787 4655 904 4713 loco
935 4657 1000 4712 de
1026 4656 1223 4712 talibus
1266 4655 1502 4712 dicitur:
1553 4656 1661 4712 Viri
1691 4659 1904 4729 sangui-

2011 4565 2162 4623 Oliva
2191 4567 2441 4622 Christus
2467 4568 2520 4622 in
2545 4567 2787 4623 Ecclesia
2815 4586 2827 4621 :
2862 4568 3004 4624 unde
3029 4576 3084 4623 et
3112 4569 3165 4622 in
3214 4568 3597 4624 Ecclesiastico

2009 4659 2246 4730 legitur:
2281 4657 2428 4713 Sicut
2467 4659 2656 4713 olivam
2706 4660 2994 4730 speciosam
3033 4659 3362 4730 fructiferam
3395 4659 3596 4713 vocavit

313 4764 441 4804 num
461 4757 508 4803 et
523 4747 692 4804 dolosi
704 4766 809 4804 non
821 4749 1172 4804 dimidiabunt
1187 4749 1298 4804 dies
1315 4766 1438 4805 suos
1463 4749 1638 4823 (Psal.
1663 4751 1793 4822 LIV).
1814 4749 1909 4806 Se-
2009 4752 2270 4806 Dominus
2297 4767 2482 4805 nomen
2508 4763 2655 4804 tuum
2690 4751 2880 4824 (Eccli.
2910 4752 3080 4823 xxiv).
3131 4752 3198 4808 Et
3225 4759 3346 4822 post
3373 4765 3548 4821 pauca
3577 4769 3593 4806 :

313 4842 502 4912 quitur
523 4841 775 4898 celeritas
793 4842 1116 4912 perditionis
1139 4857 1326 4898 eorum
1351 4860 1363 4896 :
1396 4842 1546 4898 Sicut
1570 4844 1810 4909 viventes,
1831 4843 1906 4896 sic

310 4930 372 4987 in
392 4931 476 4986 ira
500 4931 738 4987 absorbet
761 4948 848 4987 eos
887 4931 1063 5003 (LVII).
1092 4931 1242 4987 Bene
1268 4930 1405 4988 dixit
1431 4972 1447 4999 ,
1489 4933 1622 4986 sicut
1647 4932 1863 4987 viventes
1885 4944 1906 4984 :

314 5023 445 5096 quia
455 5023 638 5080 vivere
659 5024 929 5090 videntur,
944 5033 999 5079 et
1020 5025 1217 5080 mortui
1239 5032 1393 5080 sunt:
1419 5023 1598 5080 omnis
1617 5025 1759 5079 enim
1781 5039 1908 5094 pec-

2011 4842 2226 4896 Exarsit
2255 4843 2390 4912 ignis
2417 4842 2471 4896 in
2513 4859 2594 4895 ea.
2627 4841 2814 4897 Oleum
2840 4843 3012 4912 gratia
3051 4840 3286 4912 Spiritus
3322 4843 3494 4897 sancti
3540 4841 3597 4897 in

2013 4932 2432 4988 Deuteronomio
2461 4949 2473 4985 :
2505 4930 2770 4987 Saxerunt
2817 4933 2918 4986 mel
2947 4933 3011 4987 de
3045 4943 3222 5002 petra,
3270 4941 3319 4987 et
3342 4932 3512 4988 oleum
3533 4933 3598 4990 de

2017 5026 2323 5094 ﬁrmissima
2353 5035 2501 5098 petra
2537 5025 2724 5098 (Deut.
2773 5025 3000 5097 xxx");
3049 5033 3103 5080 et
3148 5025 3204 5080 in
3242 5022 3381 5080 Job:
3436 5022 3602 5080 Petra

316 5125 475 5174 cator
515 5116 570 5171 in
610 5115 882 5187 pravitate
919 5116 1122 5187 degens
1151 5116 1367 5170 veritati
1415 5116 1666 5170 moritur.
1717 5114 1913 5185 Spinas
2017 5119 2144 5172 mihi
2189 5117 2439 5188 fundebat
2487 5119 2621 5173 rivos
2651 5117 2750 5172 olei
2773 5116 2916 5189 (Job.
2942 5116 3127 5188 xxix);
3160 5124 3216 5172 et
3246 5115 3414 5172 alibi:
3445 5113 3600 5172 Com-

318 5210 468 5266 enim
495 5207 711 5265 divitias
744 5217 802 5264 et
827 5207 1214 5264 sollicitudines
1249 5209 1538 5265 saeculares
1571 5210 1685 5280 ipse
1726 5210 1910 5266 Domi-

320 5316 446 5369 nus,
461 5316 584 5356 cum
606 5301 945 5372 exposuisset
955 5300 1271 5370 parabolam
1286 5303 1567 5367 sementis,
1590 5304 1910 5372 interpreta-

323 5402 416 5448 tur
439 5392 494 5448 in
511 5392 817 5464 Evangelio,
837 5392 1058 5448 dicens:
1083 5391 1237 5459 Quod
1259 5403 1432 5448 autem
1449 5395 1503 5450 in
1517 5375 1680 5465 spinis
1703 5395 1908 5462 cecidit,

323 5484 380 5538 hi
409 5494 551 5550 sunt,
581 5485 671 5555 qui
705 5485 985 5538 audierunt
1016 5483 1251 5550 verbum,
1269 5493 1318 5538 et
1344 5502 1376 5539 a
1396 5485 1838 5540 sollicitudinibus
1863 5494 1911 5540 et

325 5575 519 5630 divitiis
543 5585 591 5630 et
621 5575 966 5646 voluptatibus
995 5575 1117 5629 vita:
1151 5584 1329 5630 euntes
1366 5576 1694 5645 su/focantur
1727 5585 1776 5630 et
1809 5593 1912 5632 non

327 5665 560 5736 referunt
595 5667 824 5736 fructum
877 5665 1027 5738 (Luc.
1060 5667 1202 5737 vm).
1232 5665 1496 5722 Similiter
1537 5667 1706 5737 spina:
1755 5666 1914 5737 juxta

330 5755 642 5827 allegoriam
666 5756 922 5812 vitiorum
963 5758 1150 5813 sordes
1183 5759 1491 5831 exprimere
1515 5767 1765 5831 possunt,
1794 5775 1914 5832 qua:

775 5851 1048 5911 Ps'raoc.
1087 5853 1250 5913 CXI.

2016 5220 2270 5281 putrescet
2313 5211 2508 5282 jugum
2541 5228 2575 5264 a
2612 5209 2748 5280 facie
2789 5209 2890 5263 olei
2932 5207 3067 5281 (Isa.
3097 5207 3175 5279 ι).
3217 5205 3408 5264 Oleum
3435 5221 3600 5278 opera
3644 5213 3652 5225 '

2016 5301 2420 5366 misericordiae,
2451 5310 2511 5356 ut
2559 5301 2610 5354 in
2640 5299 2884 5371 psalmo:
2922 5299 2992 5353 Et
3017 5316 3140 5354 caro
3170 5315 3285 5354 mea
3323 5299 3601 5354 immutata

2018 5402 2094 5448 est
2147 5402 2357 5464 prapter
2408 5391 2579 5447 oleum
2640 5389 2810 5463 (Psal.
2839 5389 3010 5464 cvrn).
3067 5389 3257 5446 Oleum
3285 5429 3302 5457 ,
3354 5390 3600 5447 hilaritas

2019 5485 2240 5550 mentis,
2271 5494 2329 5538 ut
2368 5484 2420 5539 in
2473 5483 2764 5554 Evangelio
2792 5501 2804 5536 :
2839 5480 2971 5537 Cum
3004 5482 3246 5554 jejunus,
3279 5498 3414 5552 unge
3443 5490 3599 5553 caput

2020 5585 2166 5630 tuum
2197 5575 2412 5647 (Matth.
2454 5575 2553 5647 τι).
2587 5576 2653 5630 Ει
2679 5576 2732 5630 in
2767 5575 3070 5652 Psalterio:
3111 5571 3180 5631 Ut
3233 5576 3489 5632 exhilaret
3519 5577 3603 5646 fa-

2022 5668 2150 5722 ciem
2179 5667 2292 5737 ejus
2325 5668 2381 5722 in
2406 5666 2520 5724 oleo
2565 5665 2740 5740 (Psal.
2784 5667 2920 5740 cur).
2967 5669 3189 5736 Oleum,
3233 5670 3600 5724 testimonium

2021 5759 2368 5816 conscientia:
2393 5760 2577 5826 bonae,
2626 5769 2685 5814 ut
2726 5761 2778 5815 in
2815 5760 3145 5832 Evangelio:
3189 5757 3478 5814 Prudentes
3509 5774 3604 5811 au-

3097 5854 3171 5913 17

3595 1145 3605 1177 Ι
