4038 6324
1070 282 1077 289 “
1120 311 1186 368 B.
1227 307 1482 370 unum
1518 306 1739 367 usum
1775 302 2095 363 ARCHIEP.
2146 247 2456 360 uocum.
2490 300 2785 361 ornavit
2821 299 3003 356 psus
3038 299 3104 354 ιι.

480 440 584 488 tem
620 434 950 502 sumpserunt
996 424 1169 482 deum
1212 428 1273 480 in
1318 424 1454 481 uasis
1501 424 1609 479 satis
1646 421 1864 495 (Matth.
1913 419 2063 491 xxv).
2093 421 2145 481 Α
2172 426 2355 474 monte
2390 416 2625 482 Arabia,
2650 415 2745 475 ubi
2780 413 2953 471 Sabaei
3000 420 3146 468 sunt.
3194 410 3332 468 Nam
3377 425 3536 468 utens
3568 427 3774 469 comm

479 523 670 583 Oleum
688 536 874 579 sermo
894 518 1232 590 deceptoris,
1273 519 1336 573 in
1380 518 1626 588 psalmo:
1657 515 1845 577 Oleum
1886 524 2066 571 autem

480 613 765 689 peccatoris
814 629 919 666 non
966 612 1255 682 impinguet
1286 620 1442 680 caput
1486 624 1660 691 meum
1692 604 1867 679 (Paul.
1913 604 2063 675 exn).

462 707 689 770 .(Ieum,
725 703 1102 780 haereticorum
1153 700 1365 756 subtilis
1417 708 1474 755 et
1530 698 1728 754 blanda
1779 697 2061 768 deceptio:

398 852 409 863 ,
480 800 624 855 sicut
642 798 698 852 in
718 796 1008 872 Salomone
1037 793 1104 848 de
1136 793 1326 847 eadem
1356 807 1527 862 prava
1555 790 1800 847 doctrina
1823 789 2061 846 dicitur:

483 889 703 946 Nitidus
730 887 842 942 olea
882 895 1062 958 guttur
1093 885 1208 956 ejus
1258 883 1445 957 (Prov.
1478 884 1555 955 ν).
1587 883 1654 938 Et
1698 884 1751 938 in
1784 883 1924 941 Osee
1953 901 1966 937 :
1996 883 2067 937 Et

480 982 654 1037 oleum
679 982 738 1035 in
770 979 1001 1050 Egyplo
1042 976 1274 1048 ferebant
1319 975 1468 1048 (Ose.
1517 974 1650 1046 xu),
1687 976 1791 1030 hoc
1837 983 1949 1038 est,
1995 975 2065 1031 ad

481 1073 821 1130 saecularium
866 1079 1075 1127 mentes
1099 1069 1462 1139 decipiendus.
1495 1069 1840 1140 Unguentum
1868 1083 2066 1124 nomen

482 1167 794 1223 Salvatoris.
824 1165 882 1220 In
906 1154 1193 1223 Salomone
1220 1181 1232 1216 :
1269 1161 1602 1234 Unguentum
1625 1163 1850 1232 amicum
1877 1177 2066 1215 nomen

479 1269 630 1314 tuum
656 1257 832 1331 (Cant.
865 1256 927 1323 ti.
963 1256 1321 1328 Unguentum,
1350 1256 1525 1327 gratia
1552 1254 1788 1325 Spiritus
1814 1256 1987 1311 sancti
2009 1256 2066 1310 in

480 1350 801 1408 Salomone:
839 1350 1040 1405 Musca:
1060 1348 1353 1414 morituris,
1377 1347 1432 1402 id
1450 1355 1556 1412 est,
1580 1346 1873 1412 daemones,
1895 1356 2067 1401 enter—

476 1443 682 1497 minant
724 1449 1044 1511 unguentum
1078 1439 1356 1493 suavitatis
1385 1438 1583 1511 (Eccle.
1618 1438 1693 1510 κ).
1720 1439 2064 1513 Unguentum

477 1533 792 1589 chrismatis
818 1531 1023 1587 unctio.
1062 1530 1120 1585 in
1163 1529 1461 1594 Psalterio,
1500 1537 1562 1583 ut
1591 1530 1809 1599 quidam
1832 1528 2060 1584 velunt:

476 1627 522 1679 Α
555 1626 731 1696 fructu
764 1625 1014 1696 frumenti
1036 1634 1085 1678 et
1108 1621 1214 1683 olei
1243 1620 1580 1692 multiplicati
1602 1630 1722 1675 sunt
1743 1618 2061 1694 (Psal._1v);

473 1726 533 1774 et
565 1718 620 1772 in
666 1717 852 1775 Exodo
886 1715 1118 1787 plurima
1145 1715 1215 1775 de
1269 1714 1372 1769 hec
1404 1720 1714 1768 narrantur.
1764 1712 1954 1769 Oleum
1984 1712 2066 1769 fo-

2170 509 2407 564 Libanus
2434 508 2650 571 dicitur,
2672 505 2766 561 ubi
2821 506 2980 561 thura
3024 504 3372 575 colliguntur.
3404 503 3625 576 Myrrha
3670 520 3775 559 ab

2166 602 2269 657 bor
2291 598 2528 665 Arabia,
2553 597 2855 655 altitudinis
2894 597 3132 666 quinque
3187 596 3528 662 cubitorum,
3568 596 3775 652 similis

2168 695 2374 766 spinae,
2424 704 2591 762 quam
2621 692 2893 747 achantnn
2938 689 3148 745 dicunt.
3178 686 3347 757 Cujus
3383 697 3537 759 gutta
3574 689 3775 745 viridis

2168 792 2331 854 atque
2359 797 2545 838 amara
2575 799 2588 835 :
2618 781 2760 836 unde
2805 787 2862 835 et
2902 794 3102 834 nomen
3142 779 3355 849 accqiit
3394 780 3663 850 myrrha:
3710 789 3777 836 et

2167 840 2319 946 διιῶ
2341 873 2457 943 ejus
2480 881 2671 943 arente
2696 887 2925 928 manans
2952 872 3240 943 pretiosior
3372 888 3387 927 :
3435 840 3619 929 elicita
3642 890 3778 931 ωτ-
3818 840 3833 957 (

2168 967 2294 1022 ticis
2319 967 2541 1021 vulnere
2570 966 2729 1021 vilior
2740 966 3040 1036 iudicatur.
3069 966 3356 1025 Sarmenta
3400 967 3521 1036 ejus
3554 968 3775 1027 Arabes

2168 1057 2383 1129 ignibus
2408 1057 2630 1112 ferent:
2660 1072 2895 1127 quorum
2934 1056 3085 1111 fumo
3132 1057 3268 1112 satis
3312 1058 3507 1125 noxio,
3556 1060 3661 1114 nisi
3697 1060 3775 1117 ad

2166 1151 2391 1207 odorem
2440 1151 2668 1207 storacis
2712 1159 3025 1216 occurrant,
3072 1150 3388 1220 plerumque
3434 1150 3774 1207 insanabiles

2166 1244 2387 1299 morbos
2438 1243 2783 1299 contrahunt.
2817 1242 3036 1313 Myrrha
3061 1252 3243 1299 autem
3270 1243 3650 1315 Troglodytica
3695 1242 3773 1299 ab

2167 1339 2346 1396 insula
2368 1338 2584 1394 Arabiae
2611 1339 2777 1405 dicta,
2803 1339 2893 1395 ubi
2938 1338 3130 1395 melior
3153 1339 3426 1410 colligitur
3467 1348 3523 1395 et
3552 1340 3768 1410 purior.

2169 1431 2392 1487 Diversa
2420 1431 2565 1487 enim
2595 1439 2845 1485 aromata
2894 1431 3141 1486 diversas
3190 1432 3405 1500 species
3457 1432 3773 1503 signiﬁcant

2169 1524 2453 1590 virtutum,
2480 1524 2679 1594 quibus
2705 1532 2894 1580 sancta
2917 1525 3203 1580 decoratur
3228 1525 3491 1581 Ecclesia.
3522 1525 3676 1582 Unde
3708 1527 3769 1581 in

2165 1612 2392 1670 Cantico
2410 1615 2752 1670 canticorum
2785 1616 3046 1685 scriptum
3084 1626 3169 1671 est
3198 1633 3211 1669 :
3242 1615 3380 1682 Qua:
3413 1625 3489 1671 est
3522 1618 3625 1672 ista
3646 1634 3769 1679 qua:

2168 1705 2402 1761 ascendit
2428 1721 2521 1776 per
2548 1704 2810 1759 desertum
2834 1705 2969 1759 sicut
2994 1705 3198 1777 virgula
3228 1706 3386 1776 fumi,
3415 1722 3479 1761 ea:
3508 1707 3768 1762 aromati-

477 1818 717 1866 meutum
744 1808 1017 1864 blanditiae
1063 1807 1118 1860 in
1149 1804 1532 1875 pmodicatione
1562 1804 1764 1870 divina,
1799 1804 1861 1858 in
1884 1803 2065 1858 Evan-
2090 1805 2142 1865 Β
2170 1797 2263 1853 bus
2290 1799 2519 1869 myrrha:
2544 1806 2595 1852 et
2639 1797 2828 1862 thuris,
2855 1805 2904 1851 et
2934 1797 3161 1851 universi
3192 1798 3422 1868 pulveris
3469 1801 3766 1871 pigmenta-

477 1903 648 1974 gelio:
674 1901 742 1955 Et
767 1899 1084 1970 appropians
1108 1896 1345 1967 alligavit
1362 1896 1580 1951 uulnera
1602 1896 1717 1966 ejus
1740 1909 1758 1947 :
1784 1895 2066 1965 infundens

479 1994 654 2048 tinum
683 2001 731 2045 et
766 1990 939 2043 oleum
973 1987 1125 2060 (Lup.
1157 1987 1238 2058 ι).
1290 1987 1525 2042 Amurca
1561 1987 1667 2042 olei
1698 2001 1825 2057 pars
1858 2001 2066 2058 aquosa

478 2082 547 2138 ab
577 2079 900 2150 emergentia
946 2077 1112 2140 dicta,
1142 2077 1196 2131 id
1224 2084 1331 2140 est,
1368 2073 1513 2144 quod
1548 2076 1617 2130 ab
1637 2074 1758 2131 oleo
1783 2089 1843 2133 se
1890 2088 2068 2131 emer-

469 2174 591 2243 ‘gat,
612 2179 672 2225 et
697 2170 802 2227 faex
821 2166 1024 2237 sitejus
1050 2181 1066 2221 :
1099 2168 1239 2222 hanc
1260 2166 1440 2223 Croci
1472 2179 1728 2235 amocgen
1752 2173 1968 2231 vocant,
1994 2180 2067 2221 ex

477 2261 674 2322 Latina
727 2259 909 2330 lingua
954 2256 1251 2313 mirantes.
1310 2255 1517 2311 Gumen
1562 2255 1818 2315 Gnaeum
1867 2271 2065 2311 nomen

474 2359 593 2409 est:
623 2352 728 2407 hoc
744 2348 890 2406 enim
921 2347 999 2403 illi
1023 2348 1221 2404 cummi
1261 2347 1467 2402 dicunt.
1494 2347 1750 2403 Resinam
1775 2346 1948 2403 Graeci
1980 2362 2068 2407 re-

472 2442 624 2501 tinen
659 2448 889 2501 vocant:
920 2454 1052 2499 mon
1095 2439 1241 2495 enim
1285 2437 1478 2497 Graece
1526 2439 1756 2506 dicitur,
1806 2440 2066 2510 quidquid

474 2544 681 2595 must.
710 2534 808 2592 Est
829 2535 976 2591 enim
994 2533 1235 2604 lacryma
1258 2533 1459 2589 sudore
1476 2532 1728 2588 erlialata
1754 2532 2023 2603 lignorum
2048 2549 2062 2586 :

474 2634 539 2687 ut
574 2627 767 2689 cerasi,
794 2625 1025 2691 lentisci,
1058 2624 1304 2691 balsami,
1332 2625 1418 2681 vel
1446 2625 1781 2695 reliquarum
1806 2626 2062 2681 arborum

474 2718 593 2779 sive
619 2716 994 2788 virgultorum,
1023 2730 1143 2786 qua:
1171 2716 1368 2772 sudare
1420 2718 1723 2787 produntur
1753 2734 1766 2771 :
1824 2717 1965 2772 sicut
2009 2724 2066 2772 et

473 2807 701 2873 ριιυηιιι
734 2804 974 2867 Orientis
992 2805 1155 2877 ligna,
1195 2806 1337 2863 sicut
1364 2816 1517 2877 gutta
1558 2806 1783 2861 balsami
1811 2821 1877 2865 ac
1918 2807 2066 2865 feru-

472 2900 655 2963 larum
700 2897 787 2962 vel
842 2897 1211 2963 succinctum,
1249 2895 1405 2966 cujus
1451 2896 1692 2969 lacryma
1738 2899 1979 2953 durescit
2006 2900 2064 2954 in

475 3006 767 3065 gemmam.
820 2989 1001 3049 Prima
1035 2996 1122 3045 est
1170 2989 1353 3045 resina
1403 2989 1766 3045 terebinthina
1820 2989 2063 3045 omnium

474 3080 838 3153 praestantior.
850 3078 1089 3135 Atrei-tur
1107 3086 1286 3135 autem
1306 3095 1373 3135 ex
1384 3079 1586 3135 Arabia
1606 3081 1782 3150 patria
1805 3081 2060 3155 [Petma]

2170 1889 2237 1942 rii
2251 1889 2275 1942 .’
2300 1886 2480 1960 (Cant.
2506 1886 2614 1959 ut.)
2637 1887 2865 1942 Miratur
2890 1886 3200 1959 Synagega,
3217 1890 3493 1958 quomodo
3518 1892 3767 1962 gentium

2169 1981 2398 2053 populus
2436 1980 2585 2037 nullo
2618 1971 3053 2037 circuntcisionis
3104 1983 3363 2053 mysterio
3418 1985 3765 2053 emendatus,

2166 2072 2317 2127 nulla
2343 2073 2728 2144 prophetarum
2756 2074 3127 2130 admonitione
3158 2075 3432 2141 eruditus,
3480 2076 3660 2133 subito
3694 2077 3767 2134 ab

2169 2163 2374 2219 inlimis
2402 2164 2769 2235 voluptatibus
2788 2179 2887 2236 per
2915 2166 3188 2223 desertum
3228 2168 3549 2240 gentilitatis
3567 2180 3623 2225 et
3651 2170 3769 2226 ido-

2169 2255 2397 2311 lolatria
2418 2256 2484 2310 ad
2507 2256 2616 2311 alta
2638 2259 2898 2312 vinctum
2921 2257 3158 2313 eulmina
3182 2267 3241 2314 et
3268 2258 3455 2329 sponsi
3482 2258 3769 2331 amplexus

2170 2346 2520 2411 ascendisset,
2539 2347 2662 2417 igne
2681 2349 2885 2404 ameris
2910 2362 3158 2415 accensa,
3176 2352 3322 2405 omni
3350 2352 3473 2407 nisu
3502 2352 3768 2407 virtutum

2170 2440 2238 2494 ad
2266 2439 2510 2496 cmisstia
2541 2441 2732 2507 tendit,
2769 2454 2837 2497 ex
2882 2441 3298 2501 mortiﬁcatione
3342 2443 3642 2499 carnalium
3668 2458 3767 2500 vo-

2166 2528 2457 2600 luptatum,
2484 2538 2541 2586 et
2562 2532 2806 2602 puritate
2828 2533 3141 2589 orationum
3163 2574 3176 2600 ,
3225 2542 3282 2588 et
3325 2534 3569 2589 omnium
3592 2534 3767 2589 virtu-

2168 2630 2285 2677 tum
2304 2623 2489 2681 odors.
2516 2623 2657 2679 Hinc
2684 2625 2814 2679 item
2842 2626 3104 2695 scriptum
3131 2633 3214 2682 est
3242 2645 3254 2680 :
3292 2625 3499 2681 Vadam
3520 2626 3589 2681 ad
3612 2643 3767 2682 mon-

2168 2725 2270 2771 tem
2306 2718 2559 2788 myrrhae,
2589 2726 2641 2771 et
2675 2719 2744 2773 ad
2780 2718 2968 2774 collem
3009 2720 3183 2775 thuris
3211 2719 3387 2793 (Ca-nt.
3416 2720 3527 2793 tv);
3556 2722 3681 2790 quia
3711 2722 3769 2775 in

2168 2809 2391 2881 myrrha
2416 2808 2762 2865 mortiﬁcatio
2788 2812 2992 2878 carnis,
3020 2811 3077 2866 in
3122 2812 3280 2889 thure
3310 2812 3524 2868 devotio
3566 2812 3773 2867 oratio-

2167 2899 2254 2954 nis
2276 2899 2617 2970 exprimitur.
2668 2899 2807 2958 Hinc
2863 2917 3079 2957 rursum
3108 2916 3339 2974 sponsus
3366 2904 3535 2958 dicit:
3568 2902 3771 2960 Messsi

2167 2994 2437 3065 myrrham
2482 3009 2671 3058 meam,
2699 3010 2817 3049 cum
2846 2995 3170 3051 aromalibus
3208 2995 3337 3052 meis
3364 2996 3541 3069 (Cant.
3565 2995 3643 3068 v).
3665 2994 3773 3054 Per

2167 3086 2449 3157 myrrham
2478 3086 2659 3156 passio
2681 3086 2765 3141 vel
2794 3086 3164 3152 mortiﬁ'catio,
3181 3103 3279 3158 per
3304 3097 3549 3145 aromata
3577 3103 3774 3146 omna

478 3177 645 3241 atque
686 3167 867 3227 Judaaa
924 3178 982 3225 et
1018 3169 1197 3241 Syria,
1233 3169 1410 3240 Cypro
1453 3177 1510 3225 et
1550 3170 1752 3238 Africa,
1776 3187 1845 3227 ex
1878 3171 2070 3228 insulis
2097 3174 2143 3242 C
2173 3177 2405 3233 virtutes
2441 3177 2839 3247 exprimuntur.
2880 3178 3029 3234 Metit
3049 3179 3329 3251 myrrham
3354 3195 3475 3234 cum
3512 3179 3774 3236 aromati-

474 3276 693 3335 quoque
737 3260 1061 3332 Cycladibus
1100 3281 1112 3315 :
1150 3264 1388 3321 secunda
1423 3272 1507 3318 est
1564 3262 1850 3319 lentiscina
1876 3304 1892 3330 ,
1947 3279 2068 3334 quae

479 3352 681 3417 mastix
729 3360 954 3411 vocatur
994 3370 1008 3407 :
1061 3354 1178 3411 haec
1216 3368 1284 3409 ex
1332 3352 1469 3411 Chio
1500 3354 1675 3425 insula
1707 3356 2065 3428 deportatur:

476 3447 639 3511 tertia
665 3446 881 3517 pinalis.
1480 3464 1489 3471 -

1080 3535 1310 3593 CAPUT
1351 3536 1458 3593 VII.

901 3628 979 3687 De
1008 3629 1312 3685 aromaticis
1342 3629 1634 3683 arboribus.

549 3724 811 3782 Aromats
835 3731 960 3781 sunt
980 3739 1210 3794 quaque
1230 3722 1522 3795 fragrantis
1546 3724 1752 3790 odoris,
1778 3738 1899 3796 quae
1919 3725 2070 3781 ludia

477 3815 561 3875 vel
586 3815 786 3877 Arabia
825 3816 1008 3880 mittit,
1043 3816 1159 3871 sive
1194 3815 1313 3869 alia:
1345 3815 1609 3886 regiones.
1651 3814 1861 3871 Nomen
1890 3825 2072 3871 autem

476 3916 723 3971 aromata
772 3909 1001 3963 traxisse
1026 3908 1297 3974 videntur,
1330 3908 1444 3965 sive
1468 3909 1611 3979 quod
1655 3909 1767 3964 aris
1795 3909 2068 3980 imposita,

476 3999 676 4057 divinis
734 3998 1165 4067 invocationibus
1218 4007 1345 4070 apta
1394 3999 1726 4055 videantur:
1781 4015 1876 4057 seu
1926 4003 2072 4073 quod

474 4107 597 4151 sese
615 4094 728 4151 aeri
752 4094 996 4150 inserere
1015 4108 1080 4149 ac
1100 4093 1332 4153 miscere
1344 4094 1643 4163 probantur
1661 4111 1674 4147 :
1692 4110 1818 4149 nam
1838 4095 1970 4164 quid
1988 4102 2072 4150 cst

478 4185 636 4252 odor,
665 4186 770 4243 nisi
796 4202 890 4241 aer
911 4186 1225 4242 contactus?
1264 4186 1521 4242 Aromata
1550 4227 1565 4253 ,
1613 4188 1765 4241 varia
1812 4187 2071 4244 virtutum

476 4285 797 4334 ouuamenta
837 4277 1181 4349 signiﬁcant:
1212 4276 1353 4331 sicut
1390 4278 1445 4331 in
1492 4277 1633 4333 libro
1652 4277 1857 4350 Regum
1883 4279 1949 4333 de
1972 4277 2072 4334 Sa-

481 4379 551 4434 ba
581 4372 768 4445 regina
790 4370 985 4441 legitur
1013 4387 1027 4425 :
1063 4368 1190 4424 Non
1215 4378 1335 4424 sunt
1379 4369 1544 4424 allata
1571 4372 1930 4441 hujuscemodi
1951 4387 2073 4426 aro-

480 4475 647 4532 mata,
682 4464 818 4523 sicut
845 4460 991 4516 Saba
1015 4461 1196 4530 regina
1214 4457 1355 4514 dedit
1386 4458 1659 4515 Salomoni
1688 4459 1807 4532 (III
1831 4460 1961 4532 Reg.
1990 4461 2067 4533 ς).

2169 3266 2294 3333 bus,
2322 3268 2540 3337 quando
2576 3276 2843 3340 martyres
2868 3284 2994 3324 cum
3025 3269 3235 3325 caeteris
3266 3269 3459 3325 eiectis
3504 3268 3571 3325 ad
3595 3279 3775 3326 matu-

2170 3360 2391 3415 ritatem
2418 3360 2764 3433 praemiorum
2790 3361 3058 3430 perducit.
3096 3361 3236 3417 Hinc
3267 3376 3484 3418 rursum
3506 3377 3608 3435 per
3632 3362 3771 3418 Prom

2170 3451 2391 3522 phetam
2411 3452 2479 3507 de
2499 3451 2728 3507 Domino
2757 3450 3044 3509 Salvatore
3080 3446 3282 3508 dictum
3314 3461 3437 3509 est:
3471 3453 3694 3525 Myrrha
3724 3464 3773 3509 et

2170 3553 2318 3616 gutta
2359 3553 2408 3600 et
2437 3545 2583 3600 casia
2611 3562 2644 3599 a
2672 3545 2989 3601 vestimentis
3029 3548 3173 3601 tuis?
3202 3546 3375 3619 (Paul.
3430 3546 3602 3619 κων.)
3632 3546 3772 3603 San-

2173 3646 2320 3693 ctum
2368 3638 2582 3693 Domini
2627 3651 2823 3710 corpus
2868 3639 3139 3710 quoddam
3194 3638 3424 3696 Deitatis
3470 3639 3641 3696 fuisse
3672 3654 3771 3695 co-

2174 3735 2452 3805 gnoscitur
2470 3733 2874 3791 vestimentum.
2926 3733 3064 3791 Nam
3114 3735 3252 3791 sicut
3276 3737 3521 3792 vestibus
3571 3751 3772 3806 coope-

2173 3825 2391 3880 t-iuntur
2416 3826 2660 3881 membra
2701 3825 3036 3894 mortalium,
3091 3826 3165 3881 ita
3212 3834 3269 3883 et
3302 3826 3560 3899 majestas
3606 3825 3773 3882 Verbi

2170 3916 2229 3970 in
2250 3915 2487 3972 ﬁdelium
2521 3915 2692 3972 oculis
2714 3916 2897 3971 carnis
2932 3915 3199 3972 velamine
3227 3916 3511 3973 videbatur
3537 3917 3770 3973 abscon-

2170 4006 2249 4061 di.
2287 4006 2370 4063 Ab
2406 4007 2511 4063 hoc
2540 4022 2669 4078 ergo
2695 4006 3022 4064 vestimento
3044 4049 3058 4074 ,
3118 4009 3172 4064 id
3215 4018 3298 4064 est
3323 4050 3337 4074 ,
3378 4009 3772 4064 incarnationis

2176 4114 2374 4156 arcano
2400 4115 2638 4171 congrue
2655 4101 2870 4158 venisse
2903 4100 3103 4157 dicitur
3133 4101 3374 4175 myrrha,
3399 4110 3551 4174 gutta
3598 4111 3653 4157 et
3681 4118 3771 4158 ca-

2175 4191 2277 4247 sia.
2325 4190 2539 4263 Myrrha
2575 4199 2806 4248 mortem
2853 4192 3123 4265 signiﬁcat
3144 4235 3158 4260 ,
3188 4178 3369 4266 quam
3402 4208 3501 4265 pro
3524 4195 3771 4250 omnium

2175 4282 2348 4339 salute
2371 4283 2645 4355 suscepit:
2680 4291 2834 4357 gutta
2860 4299 3008 4351 vero,
3039 4298 3158 4355 quae
3181 4284 3378 4340 dicitur
3402 4284 3767 4349 ammoniaca,

2175 4375 2401 4430 duritiae
2449 4383 2603 4431 curat
2648 4374 2828 4447 aliqua
2877 4377 3202 4433 necessitate
3254 4384 3563 4431 contractas
3598 4395 3611 4431 :
3645 4392 3772 4448 quas

2172 4464 2398 4535 pulchre
2432 4465 2795 4522 incarnationi
2836 4467 3048 4523 Domini
3078 4475 3462 4538 comparatur:
3498 4467 3626 4538 quia
3667 4468 3771 4522 du-

480 4558 784 4631 Pigmenta,
805 4554 955 4610 varia
982 4554 1241 4608 virtutum
1266 4552 1640 4618 odoramenta,
1667 4554 1758 4609 ubi
1783 4561 1839 4608 et
1867 4569 2028 4624 supra
2053 4574 2067 4609 :
2098 4542 2152 4604 D
2178 4555 2359 4609 ritiam
2385 4555 2566 4611 cordis
2596 4555 2818 4611 humani
2870 4565 3056 4612 sancta
3084 4558 3469 4627 praedicatione
3495 4558 3764 4613 dissolvit.

477 4665 605 4709 cum
628 4645 897 4707 universis
949 4644 1260 4715 pulveribus
1283 4645 1694 4715 ‘pigmentariis.
1728 4645 1877 4702 Thus
1908 4646 2071 4703 arbor

476 4740 713 4801 Arabica
733 4739 999 4799 imrnensa
1032 4746 1194 4805 atque
1232 4748 1479 4801 ramosa,
1538 4736 1797 4793 levissimi
1828 4739 2068 4805 corticis,

479 4834 650 4891 ramis
674 4831 744 4886 ad
773 4830 948 4886 aceris
967 4828 1304 4900 qualitatem,
1334 4829 1629 4901 amygdalae
1652 4830 1813 4887 modo
1847 4846 2070 4887 succum

480 4923 838 4982 aromaticum
878 4921 1109 4977 lundsns
1158 4920 1368 4989 album,
1423 4930 1480 4977 et
1523 4924 1590 4977 ad
1638 4925 2070 4980 masticationem

479 5015 632 5073 velut
660 5014 714 5069 in
742 5012 963 5083 pulvere
1002 5012 1299 5068 resolutum
1327 5028 1342 5068 :
1372 5022 1430 5070 et
1456 5031 1578 5071 cum
1608 5014 1877 5087 frangitur
1899 5017 2066 5084 intus,

480 5106 705 5178 pingue,
729 5110 787 5158 et
804 5102 916 5174 igni
934 5103 1236 5172 appositum
1264 5103 1424 5160 facile
1452 5105 1687 5161 ardescit
1714 5122 1726 5159 :
1760 5114 1815 5161 et
1835 5107 2070 5178 appella-

484 5206 578 5253 tur
596 5193 742 5266 apud
768 5207 869 5250 nos
910 5193 1185 5251 masculus
1222 5209 1289 5250 eo
1332 5196 1475 5267 quod
1508 5185 1591 5251 sit
1628 5204 1823 5252 natura
1874 5206 2066 5253 rotun-

484 5287 636 5353 dum,
665 5286 723 5341 in
748 5285 968 5341 modum
997 5285 1371 5342 testiculon
1390 5327 1405 5352 ,
1430 5286 1699 5357 reliquum
1737 5288 1981 5359 planum,
2012 5299 2069 5346 et

480 5391 624 5453 pene
647 5378 981 5444 scabros-tn,
1001 5378 1182 5435 minus
1204 5380 1484 5451 optimum.
1509 5378 1858 5437 Adulteratur
1886 5391 2066 5439 autem

482 5468 648 5526 uicta
668 5468 848 5527 resina
860 5469 980 5546 sive
994 5469 1223 5541 gummi,
1236 5469 1330 5524 sed
1352 5468 1687 5540 dignoscitur
1705 5487 1802 5528 sua
1817 5476 2065 5546 proprie-

482 5565 616 5621 tate.
644 5558 781 5617 Nam
809 5542 936 5617 tim;
976 5561 1088 5631 igni
1118 5560 1429 5635 impositum
1456 5561 1691 5619 ardescit
1715 5584 1727 5620 :
1756 5542 1939 5623 resina
1976 5566 2066 5622 fu-

482 5651 696 5709 nescit.
723 5650 933 5711 Gumcn
954 5665 1085 5708 vero
1124 5652 1374 5721 liquescit
1400 5653 1737 5712 calefactum.
1786 5658 1933 5714 Thus
1972 5674 2067 5714 au-

483 5748 597 5802 un
619 5759 651 5801 a
670 5745 944 5801 tundendo
977 5744 1179 5801 dictum
1205 5762 1218 5797 :
1255 5745 1356 5802 hoc
1385 5756 1439 5802 et
1466 5746 1726 5804 Libanum
1757 5758 2005 5807 vocatum
2033 5767 2065 5807 a

2172 4646 2351 4711 Casia,
2383 4660 2504 4717 qua:
2529 4662 2560 4700 a
2588 4647 2789 4703 nostris
2816 4647 2996 4704 ﬁstula
3038 4649 3258 4716 dicitur,
3280 4648 3582 4720 redemptio
3609 4665 3772 4723 gene-

2175 4740 2252 4794 ris
2286 4740 2508 4795 humani
2552 4754 2651 4811 per
2677 4754 2872 4810 aquam
2903 4740 3241 4813 baptismatis
3280 4741 3593 4796 indicatur:
3626 4757 3766 4813 quo~

2175 4832 2320 4887 niam
2345 4832 2449 4888 hoc
2477 4833 2661 4888 herbae
2682 4848 2854 4905 genus
2879 4833 3095 4904 aquosis
3123 4833 3258 4890 locis
3283 4834 3481 4893 dicitur
3503 4835 3765 4893 inveniri.

2174 4922 2272 4981 His
2301 4924 2466 4980 rebus
2488 4925 2653 4980 etiam
2692 4926 2828 4981 odor
2857 4936 2940 4982 est
2987 4928 3189 4995 suavis,
3222 4937 3282 4984 ut
3319 4930 3514 4986 merito
3563 4938 3770 4987 sancta:

2177 5017 2538 5073 incamationi
2578 5026 2634 5074 et
2670 5020 2843 5074 virtus
2874 5020 3163 5077 herbarum
3210 5031 3265 5077 et
3299 5022 3481 5081 odoris
3524 5022 3769 5081 suavitas

2176 5116 2538 5178 comparetur.
2570 5104 2735 5165 Gutta'
2762 5111 2847 5166 vis
2886 5111 3088 5166 amoris
3116 5111 3235 5177 Dei,
3285 5120 3341 5168 et
3378 5111 3541 5171 arbor
3589 5113 3772 5169 chari-

2174 5201 2303 5256 tatis
2331 5200 2682 5274 intelligitur,
2726 5203 2817 5258 ubi
2863 5212 2915 5259 et
2946 5216 3145 5274 supra:
3177 5202 3542 5277 Ligamenfum
3599 5216 3769 5281 gutta:

2174 5291 2392 5347 dilectus
2420 5310 2568 5351 meus
2617 5294 2747 5349 mihi
2774 5294 2947 5367 (Cant.
2983 5293 3044 5366 ι).
3097 5293 3295 5351 Storax
3333 5295 3497 5352 arbor
3524 5295 3767 5367 Arabiae,

2174 5384 2367 5441 similis
2401 5384 2542 5440 maio
2571 5384 2834 5457 Cydonio,
2859 5386 3012 5456 cujus
3038 5387 3259 5458 virgulae
3307 5387 3450 5443 inter
3501 5387 3769 5445 ceruicula:

2171 5488 2354 5541 ortum
2390 5484 2722 5539 cavernatim
2759 5484 3055 5557 lacrymam
3083 5482 3296 5541 fluunt:
3330 5484 3609 5541 distillatio
3647 5487 3771 5559 ejus

2172 5573 2225 5629 in
2260 5582 2407 5629 terra
2439 5574 2637 5631 cadens
2682 5576 2883 5631 munda
2919 5594 3023 5633 non
3053 5585 3177 5632 est:
3212 5576 3307 5632 sed
3354 5593 3477 5633 cum
3526 5578 3771 5650 propria:

2170 5664 2387 5720 corticis
2428 5667 2619 5721 scrobe
2651 5674 2937 5722 servat-ur:
2972 5668 3059 5723 illa
3099 5677 3303 5737 autem,
3340 5683 3458 5741 quae
3493 5669 3664 5743 virgis
3704 5677 3771 5725 et

2170 5753 2394 5813 calamis
2442 5756 2737 5827 inhaeserit,
2762 5761 2959 5817 munda
2996 5768 3080 5817 est
3103 5768 3158 5817 et
3179 5761 3388 5817 albida:
3420 5763 3619 5818 dehinc
3654 5762 3767 5819 ful-

3825 964 3830 975 ι
