4038 6324
330 334 438 392 525

1292 340 1381 398 nr:
1417 339 1771 401 umvsaso
1808 342 1989 400 unm
2022 308 2189 402 iam.
2228 375 2303 390 -
2332 344 2463 405 LIB.
2499 346 2640 407 xix.

3503 357 3608 417 526

330 465 399 506 va
439 450 496 507 ﬁt
534 451 665 508 solis
701 466 883 519 causa,
913 460 969 508 et
1002 450 1117 525 ipsa
1144 458 1331 511 storax
1368 454 1647 510 calamites
1675 455 1912 527 pinguis,
1941 457 1995 519 Α
2021 455 2253 513 ticorum
2292 460 2553 529 scriptum
2586 466 2672 516 est
2702 477 2715 514 :
2748 437 2975 517 Fistula:
3003 472 3050 519 et
3075 464 3463 525 cinnamomum
3486 486 3606 528 cum

330 544 600 610 resinosa,
630 545 811 601 odoris
847 546 1069 615 jucundi
1095 589 1109 614 ,
1158 546 1427 613 humecta,
1459 555 1515 603 et
1533 538 1697 604 veluti
1728 548 1917 605 melio—

332 649 452 691 sum
482 635 1048 706 liquorem-eminens.
1081 638 1275 696 Storax
1305 648 1486 698 autem
1533 651 1744 709 vocata,
1772 636 1917 713 quod

334 729 405 785 sit
429 737 578 800 gutta
613 729 824 786 arboris
860 731 1134 802 proﬂuens
1170 742 1225 790 et
1251 735 1551 809 congelata.
1580 734 1720 791 Nam
1740 734 1917 792 Graeci

330 820 542 875 Stiriam
584 828 791 892 guttam
820 822 1022 878 dicunt.
1050 822 1240 880 Graece
1272 832 1453 899 autem
1483 832 1690 897 styrax,
1724 822 1917 895 Latine

332 918 515 965 sturax
552 911 769 967 dicitur.
822 912 937 968 Hoc
989 929 1119 989 ergo
1165 915 1498 986 pigmentum
1546 931 1670 972 cum
1705 916 1915 974 caeteris

329 1004 664 1060 aromatihus
684 1006 956 1062 duxerunt
984 1007 1079 1063 lilii
1102 1007 1268 1064 Israel
1309 1010 1364 1063 in
1392 1007 1708 1082 Egyptum,
1734 1019 1790 1067 et
1816 1010 1915 1066 ob-

330 1095 566 1151 tulerunt
591 1094 789 1168 Ioseph
825 1113 926 1170 pro
970 1114 1211 1166 munere,
1240 1101 1383 1171 quod
1415 1102 1589 1157 sancti
1617 1103 1721 1158 viri
1742 1102 1797 1157 in
1826 1118 1916 1173 pe-

329 1190 696 1261 regrinatione
729 1191 889 1263 hujus
943 1193 1123 1248 saeculi
1153 1192 1423 1250 Salvatori
1464 1203 1652 1250 nostro
1682 1193 1916 1251 afferunt

328 1281 468 1339 dona
486 1281 643 1338 bonae
676 1282 969 1340 voluntatis
1002 1293 1058 1340 et
1097 1300 1377 1342 sacrarum
1404 1286 1689 1357 virtutum,
1719 1287 1913 1359 quibus

327 1373 442 1445 ipse
480 1374 799 1442 delectatur,
825 1382 884 1430 ut
910 1370 1190 1451 placabilis
1220 1377 1291 1433 sit
1319 1386 1373 1433 et
1404 1393 1648 1435 annuens
1662 1379 1805 1434 votis
1827 1394 1915 1435 eo-

286 1512 295 1519 .
327 1483 468 1522 rum.
492 1466 765 1523 Bdellium
786 1467 949 1524 Indiae
971 1477 1027 1524 et
1047 1470 1261 1525 Arabia:
1289 1471 1469 1551 arbor,
1495 1470 1648 1542 cujus
1669 1470 1915 1542 lacryma

326 1559 518 1616 melior
560 1559 795 1617 Arabica
833 1576 849 1615 :
880 1569 964 1617 est
989 1563 1133 1617 enim
1176 1562 1376 1628 lucida,
1407 1563 1710 1629 subalbida,
1754 1562 1910 1629 levis,

324 1652 563 1724 pinguis,
587 1650 869 1722 aequaliter
889 1667 1066 1718 cerea,
1090 1661 1288 1725 etquae
1321 1652 1480 1710 facile
1507 1654 1750 1709 mollitur
1766 1695 1779 1721 ,
1812 1668 1913 1709 ne-

326 1757 431 1814 que
462 1744 608 1816 ligno
648 1742 735 1798 vel
772 1750 935 1799 terrae
959 1745 1263 1812 commista,
1296 1760 1514 1812 amara,
1538 1744 1720 1801 odoris
1750 1746 1905 1800 boni.

2021 549 2280 606 universis
2306 549 2459 624 tignis
2504 550 2695 606 Libani
2741 549 2917 623 (Cant.
2950 553 3048 628 IV).
3104 555 3313 613 Fistula
3342 599 3358 625 ,
3405 576 3526 631 quas
3553 572 3609 620 et

2022 644 2189 712 casia,
2220 645 2384 701 arbor
2405 646 2699 702 aromatica
2724 654 2831 713 est,
2860 646 2955 703 sed
2984 649 3195 705 modica
3221 666 3234 706 :
3265 660 3323 708 et
3359 652 3481 709 ideo
3507 656 3608 712 hu-

2022 734 2179 792 miles
2208 736 2401 806 spiritu
2431 735 2699 808 designat.
2753 735 2975 808 Mystice
3023 738 3171 794 casia
3226 748 3311 796 est
3362 743 3608 801 doctrina

2021 837 2172 885 recta
2199 830 2312 886 sive
2335 830 2519 901 opinio
2547 831 2814 885 bonorum
2843 828 3086 903 operum,
3116 839 3175 885 ut
3207 832 3259 886 in
3304 832 3567 891 Psalterio
3591 850 3606 890 :

2021 922 2095 977 Et
2113 923 2257 978 casia
2282 941 2314 977 a
2336 923 2652 979 vestimentis
2691 923 2795 976 tuis
2835 922 3008 994 (Psat.
3058 923 3223 995 κων).
3257 924 3389 980 [tem
3414 927 3609 991 cinna-

2021 1029 2262 1071 momum
2302 1014 2394 1084 qui
2420 1015 2630 1086 seipsos
2652 1013 2957 1084 despiciunt
2983 1013 3162 1083 signat
3207 1033 3220 1068 :
3251 1016 3378 1085 quia
3406 1025 3462 1071 et
3492 1017 3607 1086 ipsa

2020 1112 2106 1161 est
2127 1105 2307 1161 brevis
2338 1105 2521 1172 arbor,
2556 1106 2652 1160 sed
2686 1102 2958 1160 odorifera
2986 1112 3042 1159 et
3072 1105 3243 1161 dulcis
3273 1124 3285 1160 :
3314 1105 3396 1162 sic
3430 1115 3490 1161 et
3514 1102 3609 1160 hu-

2019 1195 2223 1251 militas
2257 1209 2509 1265 magnam
2538 1195 2700 1251 habet
2727 1194 2941 1250 laudem
2985 1203 3043 1250 et
3086 1196 3427 1252 dulcedinem
3467 1197 3610 1267 apud

2020 1285 2221 1341 Deum:
2238 1284 2364 1355 quia
2384 1285 2525 1340 sicut
2536 1284 2792 1349 ﬁstulaet
2806 1286 3208 1341 cinnamomum
3234 1287 3464 1343 humiles
3485 1303 3611 1343 sano

2018 1386 2227 1433 ctorum
2258 1376 2659 1448 cogitationes:
2701 1377 2782 1457 sic
2820 1386 2876 1432 et
2925 1378 3067 1449 ligna
3120 1377 3312 1434 Libani
3352 1379 3613 1437 sublimes

2018 1476 2209 1525 eorum
2247 1468 2490 1524 actiones
2535 1468 2927 1525 demonstrant.
2977 1469 3232 1525 Calamus
3280 1472 3613 1529 aromaticus

2019 1559 2425 1616 asimilitudine
2458 1560 2664 1616 .calami
2716 1561 2921 1617 usualis
2963 1570 3208 1625 vocatur.
3265 1563 3517 1635 Gignitur
3554 1566 3611 1620 in

2016 1650 2189 1719 India,
2214 1652 2398 1708 multis
2421 1650 2578 1708 nodis
2600 1652 2955 1725 geniculatus,
2990 1653 3188 1720 fulvus,
3219 1654 3466 1727 fragrans
3499 1656 3613 1727 spi-

2017 1745 2158 1802 ritus
2186 1746 2474 1801 suavitate.
2504 1745 2610 1813 Qui
2644 1760 2768 1802 cum
2791 1745 3078 1817 frangitur,
3102 1746 3163 1801 in
3192 1748 3392 1804 multas
3414 1747 3473 1802 ﬁt
3494 1762 3615 1820 par-

324 1834 463 1892 Nam
487 1851 555 1892 ex
582 1835 735 1892 India
782 1834 999 1892 sordida
1022 1844 1106 1891 est
1130 1844 1185 1893 et
1232 1836 1388 1907 nigra
1416 1844 1470 1891 et
1494 1836 1700 1906 majore
1739 1836 1913 1908 gleba.
1946 1831 1996 1895 Β
2023 1846 2108 1895 tes
2140 1838 2383 1905 scissilis,
2414 1837 2675 1894 simulans
2725 1846 2886 1910 gustu
2914 1840 3119 1895 casiam
3169 1855 3294 1896 cum
3336 1841 3443 1897 levi
3475 1844 3615 1898 acri-

324 1929 678 1987 Adulteratur
720 1929 866 1984 enim
949 1928 1181 1985 admisto
1245 1928 1486 2000 gummi,
1538 1928 1631 1999 qui
1688 1942 1798 1983 non
1840 1927 1916 1982 ita

328 2021 631 2081 amarillcat
661 2030 898 2095 gustum.
923 2021 1118 2078 Mastix
1137 2022 1348 2079 arboris
1370 2022 1583 2078 lentisci
1612 2029 1764 2095 gutta
1791 2027 1874 2077 est
1896 2035 1913 2074 :

325 2116 444 2175 haec
471 2116 842 2189 granomastix
871 2115 1030 2181 dicta,
1066 2115 1190 2186 quia
1242 2116 1301 2171 in
1347 2115 1568 2172 modum
1622 2129 1916 2186 granorum

326 2216 431 2266 est.
454 2207 665 2281 Piperis
701 2204 864 2265 arbor
894 2205 1137 2262 nascitur
1163 2205 1218 2260 in
1258 2204 1408 2261 ludia
1437 2205 1492 2260 in
1516 2204 1687 2261 latere
1711 2206 1916 2263 montis

325 2298 573 2365 Caucasi,
604 2298 747 2372 quod
773 2297 872 2354 soli
897 2298 1185 2354 obversum
1206 2305 1326 2353 est:
1356 2296 1485 2353 folia
1504 2296 1739 2368 juniperi
1763 2298 1913 2353 simi-

327 2391 611 2448 litudinem
634 2389 857 2456 habent,
890 2389 1043 2461 cujus
1066 2389 1230 2445 silvas
1257 2397 1536 2461 serpentes
1560 2390 1910 2446 custodiunt:

329 2481 428 2538 sed
458 2480 646 2538 incolae
671 2480 905 2552 regionis
930 2479 1096 2545 illius,
1136 2495 1259 2535 cum
1309 2487 1537 2534 maturae
1579 2477 1800 2545 fuerint,
1833 2479 1916 2535 in-

327 2571 562 2630 cendunt
588 2591 601 2627 :
633 2581 687 2629 et
716 2574 796 2629 sic
826 2580 1104 2644 serpentes
1128 2572 1255 2642 igne
1277 2572 1564 2645 fugantur,
1609 2581 1664 2627 et
1691 2573 1817 2628 inde
1847 2588 1915 2629 ex

328 2665 546 2725 ﬂamma
577 2665 791 2738 nigrum
839 2667 995 2738 piper
1020 2664 1267 2727 efﬁcitur.
1298 2663 1434 2720 Nam
1462 2660 1686 2736 piperis
1719 2673 1917 2721 natura

328 2758 450 2815 alba
478 2767 598 2827 est,
644 2759 798 2830 cujus
830 2758 1047 2829 quidem
1087 2757 1335 2813 diversus
1371 2764 1456 2812 est
1504 2756 1729 2813 fructus.
1780 2756 1917 2812 Nam

327 2852 473 2925 quod
496 2853 842 2908 immaturum
870 2857 972 2915 est,
1000 2851 1155 2921 piper
1194 2850 1415 2921 longum
1461 2858 1682 2905 vocatur
1711 2867 1724 2903 :
1771 2848 1918 2920 quod

327 2938 699 3015 incorruptum
735 2940 802 2996 ab
832 2940 976 3012 igne,
1000 2940 1156 3012 piper
1203 2939 1385 2994 album
1412 2957 1425 2993 :
1459 2938 1603 3010 quod
1632 2953 1761 2994 vero
1791 2948 1917 2995 cute

327 3032 526 3107 rugosa
553 3042 607 3109 et
632 3033 849 3089 horrida
893 3032 1075 3099 fuerit,
1108 3048 1173 3088 ex
1228 3031 1408 3089 calore
1456 3032 1595 3104 ignis
1646 3033 1815 3088 trahit
1863 3039 1920 3089 et

329 3129 566 3187 colorem
594 3136 651 3184 et
689 3142 905 3182 nomen.
946 3126 1109 3197 Piper
1137 3125 1180 3181 si
1221 3124 1338 3180 leve
1362 3132 1464 3192 est,
1490 3133 1763 3181 vetustum
1788 3134 1873 3181 est
1900 3139 1913 3178 :

2018 1928 2200 1987 monia
2221 1927 2584 1984 remordente.
2616 1927 2870 1984 Calamus
2899 1943 3029 2000 ergo
3054 1929 3220 1984 simul
3244 1945 3369 1986 cum
3404 1932 3616 1987 caeteris

2017 2021 2373 2088 aromatibus,
2390 2021 2493 2078 hoc
2506 2028 2609 2086 est,
2626 2036 2751 2077 cum
2773 2022 3379 2095 myrrha,'cinnamomo
3392 2030 3449 2079 et
3466 2025 3617 2080 casia

2017 2114 2185 2172 verbo
2205 2113 2419 2170 Domini
2443 2128 2614 2169 sacra:
2640 2108 2707 2169 ad
2734 2114 3003 2171 unctionis
3022 2115 3199 2171 oleum
3219 2117 3436 2173 misceri
3466 2117 3620 2187 jube-

2017 2212 2126 2273 tur,
2150 2212 2212 2262 ut
2237 2203 2609 2261 sanctiﬁcetur
2619 2205 3031 2261 tabernaculum
3050 2207 3166 2273 Dei,
3189 2215 3246 2271 et
3262 2206 3450 2264 omnia
3478 2222 3611 2266 vasa

2017 2297 2154 2368 ejus.
2192 2297 2368 2355 Porro
2408 2305 2745 2370 unguentum
2784 2301 3252 2371 quoperungitur
3288 2301 3617 2359 tabernacu-

2014 2389 2149 2463 lum,
2187 2389 2425 2447 cbrisma
2470 2396 2558 2447 est
2594 2405 2702 2463 quo
2746 2392 2967 2464 ungitur
3012 2391 3184 2449 fidelis
3236 2395 3509 2466 populus,
3559 2396 3617 2451 in

2017 2484 2217 2555 quibus
2243 2483 2523 2550 divinitas,
2557 2491 2817 2558 tanquam
2847 2485 2901 2539 in
2955 2484 3305 2541 tabernaculo
3329 2528 3344 2551 ,
3385 2487 3615 2543 habitat.

2017 2564 2204 2630 Potest
2238 2574 2456 2645 quidem
2498 2574 2726 2647 intelligi
2770 2576 2875 2631 hoc
2907 2584 3241 2649 unguentum
3277 2579 3442 2634 etiam
3498 2579 3616 2634 vir-

2022 2675 2164 2746 tutes
2192 2668 2656 2734 sanctorum,sive
2680 2666 2814 2723 oder
2838 2667 3065 2737 justitia:
3086 2668 3248 2740 longe
3278 2668 3491 2740 lateque
3515 2669 3620 2724 dif-

2019 2757 2191 2815 fusus.
2216 2759 2299 2814 De
2350 2773 2460 2831 quo
2499 2758 2629 2816 dicit
2654 2758 2982 2831 Apostolus:
3016 2758 3126 2814 Deo
3175 2769 3352 2835 autem
3393 2762 3618 2833 gratias,

2019 2851 2109 2925 qui
2138 2849 2428 2922 triumphat
2461 2867 2554 2906 nos
2590 2851 2647 2905 in
2671 2849 2881 2905 Christo
2911 2847 3065 2918 Iesu,
3098 2860 3146 2906 et
3178 2851 3389 2907 odorem
3420 2853 3621 2907 notitiae

2020 2959 2132 2998 sua:
2162 2942 2468 3013 manifestat
2496 2959 2588 3014 per
2613 2958 2707 2997 nos
2737 2940 2824 3014 (II
2846 2939 2971 2996 Cor.
3004 2940 3090 3014 ιι).
3117 2939 3351 2998 Balsami
3379 2943 3545 2998 arbor
3565 2943 3622 2998 in

2020 3031 2203 3089 Iudaea
2233 3032 2378 3087 intra
2406 3032 2668 3088 terminos
2714 3039 2925 3087 tantum
2951 3021 3144 3101 viginti
3178 3031 3431 3104 jugerum
3458 3040 3578 3090 erat
3603 3053 3620 3091 :

2022 3132 2211 3194 postea
2244 3123 2497 3194 quoniam
2521 3124 2711 3180 eadem
2748 3111 2970 3196 regione
2990 3122 3224 3180 Romani
3271 3125 3427 3195 potiti
3472 3134 3618 3193 sunt,

328 3219 375 3276 si
412 3232 598 3291 grave,
626 3216 917 3273 novellum.
942 3187 1179 3271 Vitanda
1220 3224 1301 3272 est
1328 3187 1508 3270 autem
1554 3224 1917 3272 mercatorum
1943 3187 1993 3252 CI
2022 3187 2191 3273 etiam
2216 3187 2498 3272 latissimis
2518 3215 2747 3272 collibus
2787 3187 3085 3289 propagata
3111 3224 3197 3273 est
3218 3231 3234 3271 :
3259 3187 3432 3288 stirpe
3477 3187 3623 3273 simi;

328 3312 515 3369 fraus:
555 3310 731 3367 solent
774 3310 919 3366 enim
946 3308 1318 3365 vetustissimo
1347 3308 1523 3379 piperi
1551 3306 1805 3363 humecto
1831 3324 1919 3363 ar-

327 3405 476 3483 genti
516 3419 762 3475 spumam
792 3410 886 3457 aut
914 3401 1192 3472 plumbum
1226 3414 1532 3471 aspergere,
1564 3407 1623 3454 ut
1658 3399 1919 3470 pondero-

329 3512 449 3552 sum
477 3494 592 3550 fiat.
624 3492 757 3549 Alce
790 3493 845 3547 in
864 3492 1013 3547 india
1041 3501 1205 3563 atque
1232 3489 1433 3545 Arabia
1479 3491 1732 3562 gignitur,
1757 3490 1920 3545 arbor

329 3589 513 3645 odoris
541 3585 847 3642 suavissimi
874 3600 941 3641 ac
976 3583 1172 3639 summi
1200 3601 1212 3637 :
1243 3582 1476 3653 denique
1492 3582 1703 3655 lignum
1748 3583 1919 3657 ipsius

327 3682 449 3737 vice
478 3678 895 3749 thymiamatum
925 3675 1185 3730 altaribus
1212 3673 1459 3729 adoletur
1480 3715 1495 3742 ,
1545 3674 1688 3729 unde
1717 3681 1772 3730 et
1817 3690 1916 3731 no-

321 3789 457 3839 men
486 3758 720 3831 traxisse
750 3768 1011 3825 creditur.
1040 3768 1119 3824 De
1150 3767 1269 3823 aloe
1315 3776 1495 3822 autem
1530 3768 1586 3823 in
1627 3769 1919 3840 Evangelio

320 3866 399 3929 .de
422 3862 697 3939 sepultura
723 3862 935 3923 Domini
962 3861 1037 3917 ita
1087 3859 1282 3933 legitur
1312 3878 1325 3914 :
1363 3857 1517 3917 Venit
1557 3876 1677 3935 ergo
1702 3860 1917 3931 Ioseph,

323 3967 378 4019 et
402 3954 523 4013 tulit
550 3970 738 4026 corpus
760 3953 908 4008 Jesu.
966 3949 1116 4009 Venit
1146 3961 1322 4006 autem
1364 3959 1415 4007 et
1455 3950 1796 4018 Nicodemus,
1830 3953 1922 4024 qui

326 4057 535 4107 verterat
569 4046 638 4100 ad
674 4044 858 4100 Jesum
908 4054 1058 4100 nocte
1107 4046 1365 4117 primum,
1420 4044 1592 4115 ferens
1643 4046 1920 4099 misturam

328 4141 558 4210 myrrha:
588 4146 637 4193 et
672 4134 815 4192 alces
838 4177 854 4205 ,
905 4138 1059 4209 quasi
1104 4135 1266 4193 libras
1290 4146 1496 4192 centum
1540 4136 1725 4210 (Joan.
1777 4135 1916 4210 xIx).

326 4229 470 4287 Hinc
492 4229 623 4287 etin
650 4228 873 4285 Cautico
908 4229 1243 4285 canticorum
1283 4227 1546 4299 scriptum
1577 4237 1662 4284 est
1713 4228 1769 4285 in
1809 4222 1919 4282 lau’-

326 4324 451 4380 dem
484 4336 734 4393 sponsa:
775 4319 996 4391 Hyrrha
1040 4328 1089 4374 et
1134 4319 1249 4375 aloe
1289 4336 1408 4374 cum
1448 4320 1687 4375 omnibus
1736 4319 1920 4391 primis

331 4414 612 4489 unguentis
645 4412 827 4493 (Cant.
856 4412 951 4485 ιν).
983 4410 1202 4485 Myrrha
1236 4411 1382 4469 enim
1431 4419 1486 4468 et
1535 4411 1652 4467 aloe
1697 4411 1922 4467 arbores

328 4513 460 4565 sunt
482 4503 811 4570 aromaticae,
826 4517 946 4573 quae
965 4502 1353 4560 continentiam
1382 4502 1563 4559 carnis
1586 4504 1918 4575 exprimunt,
1940 4568 1945 4573 _

332 4615 457 4658 cum
483 4597 731 4657 omnibus
756 4596 951 4669 primis
998 4594 1306 4673 unguentis,
1340 4596 1395 4651 id
1433 4606 1536 4664 est,
1570 4596 1919 4652 charismati-

335 4692 432 4749 bus
456 4690 736 4751 virtutum.
780 4686 939 4744 Casia
964 4687 1207 4743 nascitur
1248 4686 1304 4741 in
1333 4685 1556 4753 Arabia,
1582 4687 1737 4759 virga
1760 4687 1921 4743 robu-

331 4783 402 4839 sti
428 4781 669 4847 corticis,
699 4788 754 4845 et
773 4780 1064 4855 purpureis
1087 4778 1250 4849 foliis,
1271 4786 1332 4834 ut
1356 4779 1558 4852 piperis
1582 4797 1594 4834 :
1624 4786 1708 4835 est
1737 4788 1920 4836 autem

333 4875 537 4933 virtute
557 4875 903 4933 ciunamomo
924 4871 1135 4941 similis,
1163 4872 1259 4929 sed
1277 4873 1521 4945 potentia
1544 4870 1800 4928 inferior:
1821 4888 1921 4928 un-

334 4966 401 5023 de
418 4982 520 5041 pro
540 4964 869 5027 cinnamomi
889 4966 1007 5020 vice
1027 4963 1224 5037 duplex
1244 4962 1360 5034 ejus
1378 4963 1589 5034 pondus
1603 4962 1658 5019 in
1685 4964 1922 5023 medica-

333 5060 533 5117 mentis
565 5060 912 5115 admiscetur.
936 5057 1353 5116 Cinnamomum
1375 5058 1602 5125 dictum,
1628 5060 1772 5130 quod
1806 5072 1923 5113 cor-

334 5166 425 5212 tex
452 5155 569 5227 ejus
603 5156 659 5215 in
703 5156 926 5213 modum
960 5170 1148 5212 canna:
1178 5154 1249 5211 sit
1294 5155 1558 5211 rutundus
1591 5162 1647 5210 et
1679 5152 1919 5227 gracilis.

337 5248 587 5321 Giguitur
627 5256 810 5305 autem
844 5249 911 5305 in.
940 5248 1103 5307 ludia:
1151 5255 1206 5303 et
1244 5245 1538 5319 Ethiopiae
1584 5246 1921 5321 regionibus,

336 5340 534 5403 frutice
565 5342 718 5400 brevi
749 5340 980 5403 duOrum
1002 5349 1212 5399 tantum
1240 5341 1565 5408 cubitorum,
1591 5338 1773 5397 colore
1796 5339 1928 5396 sub-

336 5434 495 5509 nigro
505 5433 592 5497 vel
604 5434 838 5503 cinereo,
858 5435 1297 5497 tennissimarum
1316 5433 1613 5507 virgarum.
1628 5431 1762 5489 Nam
1782 5432 1927 5507 quod

338 5526 398 5586 in
422 5527 836 5594 crassitudinem
888 5528 1237 5595 extenditur,
1294 5526 1572 5603 despectui
1615 5537 1737 5593 est;
1780 5528 1926 5603 quod

338 5634 469 5678 vero
492 5618 750 5694 gracilius
773 5621 1100 5691 provenerit,
1128 5619 1384 5676 eximium
1410 5638 1423 5673 :
1460 5621 1603 5692 quod
1629 5635 1753 5677 cum
1777 5619 1926 5677 fran-

334 5712 512 5789 gitur,
531 5712 739 5773 visibile
762 5714 1150 5785 spiramentum
1177 5714 1373 5770 emittit
1414 5715 1482 5777 ad
1508 5714 1800 5788 imaginem
1832 5729 1926 5771 ne-

342 5806 484 5864 bulae
507 5823 604 5865 seu
627 5807 883 5880 pulveris.
921 5807 999 5864 De
1044 5809 1129 5870 his
1152 5808 1435 5867 arboribus
1456 5806 1511 5864 in
1536 5804 1764 5866 Cantico
1789 5823 1923 5865 can-
1944 5817 1960 5835 ‘

2020 3306 2090 3362 lis
2124 3305 2408 3377 vitigfoliis
2441 3306 2637 3362 similis
2657 3313 2814 3374 rutra,
2839 3307 2938 3363 sed
2979 3307 3334 3365 albidioribus
3378 3323 3621 3380 semper-

2023 3412 2131 3469 que
2150 3398 2513 3454 mauentibus.
2536 3397 2714 3454 Arbor
2729 3407 2908 3454 autem
2928 3399 3254 3467 balsamum,
3271 3400 3476 3473 lignum
3500 3399 3621 3471 ejus
3692 3406 3699 3415 '

2022 3490 2452 3563 xylobalsamum
2483 3477 2682 3547 dicitur
2712 3511 2725 3547 2
2757 3492 2970 3549 fructus
2998 3493 3114 3549 sive
3138 3508 3321 3549 semen
3345 3495 3626 3565 carpobal-

2023 3594 2235 3635 samum
2267 3597 2281 3633 :
2315 3594 2509 3635 succus
2529 3581 2957 3650 opobalsamum.
2990 3581 3144 3649 Quod
3182 3583 3307 3639 ideo
3326 3597 3451 3639 cum
3477 3582 3620 3652 adje-

2023 3673 2203 3727 ctione
2229 3672 2596 3744 significatur,
2638 3688 2704 3729 eo
2756 3674 2899 3745 quod
2934 3689 3229 3746 percussus
3278 3674 3472 3730 ferreis
3520 3691 3623 3730 un-

2023 3764 2163 3836 gulis
2188 3772 2377 3820 cortex
2409 3764 2543 3835 ligni
2577 3780 2675 3837 per
2707 3779 2969 3822 cavernas
2997 3767 3184 3822 eximii
3221 3767 3406 3823 odoris
3438 3774 3621 3839 guttas

2023 3854 2268 3910 distillat.
2300 3854 2544 3912 Caverna
2567 3857 2714 3912 enim
2736 3856 2929 3914 Graeco
2956 3873 3210 3914 sermone
3235 3873 3339 3929 ope
3379 3859 3617 3914 dicitur:

2024 3945 2181 4017 cujus
2229 3953 2387 4016 gutta
2431 3947 2791 4014 adulteratur,
2823 3949 3059 4005 admisto
3093 3950 3321 4021 cyprino
3362 3950 3484 4005 oleo
3532 3951 3622 4008 vel

2024 4041 2183 4098 melle
2214 4060 2228 4098 :
2262 4041 2356 4098 sed
2385 4042 2596 4098 sincera
2648 4041 2915 4113 probatur
2943 4058 2971 4097 a
3008 4042 3183 4108 melle,
3216 4026 3261 4098 si
3305 4055 3429 4097 cum
3479 4043 3621 4100 lacte

2025 4136 2433 4207 coagulaverit:
2478 4134 2547 4190 ab
2586 4134 2729 4203 oleo,
2760 4135 2805 4191 si
2858 4134 3118 4191 inStillata
3161 4149 3334 4205 aqum,
3389 4142 3484 4189 aut
3530 4135 3622 4190 ad-

2025 4229 2207 4297 mista,
2256 4227 2415 4284 facile
2473 4227 2634 4282 fuerit
2675 4227 2937 4295 resoluta,
2986 4236 3250 4297 praeterea
3292 4225 3396 4282 etsi
3447 4226 3620 4283 lanea:

2024 4331 2203 4377 vestes
2230 4335 2298 4376 ex
2324 4321 2442 4392 ipsa
2468 4320 2683 4391 polluta:
2723 4335 2832 4375 non
2853 4318 3225 4387 maculantur;
3255 4319 3620 4376 adulteratum

2024 4414 2241 4485 quidem
2266 4427 2442 4485 neque
2463 4428 2587 4470 cum
2611 4413 2751 4469 lacte
2762 4411 3030 4484 coagulat,
3045 4420 3099 4467 et
3122 4411 3367 4468 utoieum
3395 4412 3450 4467 in
3477 4427 3620 4482 aqua

2026 4510 2361 4575 supernatat,
2392 4510 2449 4560 et
2477 4511 2680 4560 vestem
2731 4504 2986 4559 maculat.
3034 4501 3290 4559 Balsama
3341 4512 3520 4559 autem
3570 4503 3621 4560 si

2024 4614 2160 4671 pura
2175 4598 2398 4665 iuerint,
2417 4605 2621 4654 tantam
2634 4598 2744 4653 vim
2760 4598 2989 4665 habent,
3009 4607 3066 4653 ut
3088 4599 3132 4655 si
3147 4597 3227 4655 sol
3242 4599 3617 4666 excanduerit,

2029 4688 2285 4747 sustineri
2316 4690 2369 4744 in
2392 4703 2557 4744 manu
2601 4704 2710 4744 non
2732 4690 2958 4758 possint.
2985 4687 3156 4760 Hujus
3196 4702 3327 4757 ergo
3368 4687 3618 4758 liquoris,

2029 4783 2134 4838 hoc
2153 4788 2238 4838 est
2252 4780 2503 4847 balsami,
2525 4781 2753 4852 mystice
2783 4782 2987 4836 mentio
3011 4780 3074 4835 ﬁt
3108 4781 3162 4834 in
3191 4779 3331 4834 libro
3358 4778 3486 4835 Jesu
3519 4778 3619 4836 ﬁlii

2032 4873 2244 4943 Sirach,
2276 4873 2369 4931 ubi
2394 4874 2470 4929 ita
2501 4874 2761 4944 scriptum
2786 4880 2907 4929 est:
2939 4871 3009 4926 Et
3046 4870 3340 4926 balsamum
3375 4886 3482 4926 non
3520 4872 3620 4927 mi-

2030 4981 2187 5039 stum,
2222 4970 2353 5027 odor
2380 4987 2524 5025 meus
2556 4968 2750 5043 (Eccli.
2776 4967 2949 5039 xxxv).
2982 4966 3052 5022 Et
3096 4966 3152 5021 in
3186 4963 3414 5022 Cantico
3443 4966 3618 5023 canti-

2026 5081 2235 5134 corum,
2263 5065 2476 5122 dicente
2505 5079 2703 5136 sponsa
2725 5063 2791 5119 de
2826 5076 3044 5132 sponso,
3073 5060 3149 5115 ita
3180 5059 3440 5131 scriptum
3482 5058 3618 5132 legi-

2028 5168 2115 5216 tur
2144 5177 2156 5214 :
2188 5157 2330 5216 Dum
2355 5166 2485 5215 esset
2509 5174 2601 5213 rea:
2624 5157 2679 5211 in
2701 5155 2940 5211 accubitu
2969 5171 3086 5220 suo,
3113 5153 3313 5209 nardus
3336 5170 3451 5209 mea
3471 5152 3617 5209 dedit

2028 5251 2241 5307 odorem
2268 5263 2461 5305 suum:
2492 5245 2780 5320 fasciculus
2796 5244 3022 5317 myrrha:
3046 5243 3266 5300 dilectus
3287 5259 3435 5299 meus
3465 5243 3611 5307 mihi,

2028 5345 2164 5399 inter
2196 5343 2355 5398 ubera
2375 5358 2491 5398 mea
2516 5337 2944 5395 commorabitur.
2978 5334 3176 5393 Botrus
3206 5334 3368 5408 Cypri
3394 5334 3617 5390 dilectus

2029 5452 2175 5491 meus
2218 5433 2346 5495 mihi
2377 5433 2433 5487 in
2474 5432 2634 5487 vineis
2684 5427 2931 5500 Engaddi
2955 5425 3132 5493 (Cant.
3162 5428 3225 5501 1).
3249 5426 3448 5485 Botrus
3482 5442 3615 5498 ergo

2030 5527 2192 5605 Cypri
2208 5526 2417 5584 factum
2446 5535 2529 5584 est
2548 5526 2813 5582 Dominus
2844 5524 2899 5579 in
2926 5526 3342 5591 resurrectione,
3369 5523 3458 5594 qui
3505 5522 3617 5578 fue-

2030 5630 2115 5677 rat
2138 5619 2428 5679 l'asciculus
2457 5616 2692 5693 myrrhae
2712 5616 3051 5688 inpassione.
3086 5614 3188 5683 Qui
3207 5615 3346 5671 bene
3363 5613 3524 5669 etiam
3556 5611 3614 5667 in

2028 5713 2202 5771 vineis
2232 5710 2471 5785 Engaddi
2510 5727 2628 5767 esse
2652 5718 3029 5767 memoratur:
3068 5722 3301 5779 namque
3340 5707 3395 5762 in
3435 5705 3616 5761 vineis

1983 5855 1989 5860 .
2026 5802 2269 5878 Engaddi
2279 5846 2293 5875 ,
2306 5811 2366 5862 ut
2379 5802 2586 5878 praefati
2599 5819 2808 5875 sumus,
2820 5803 3125 5862 balsamum
3138 5794 3543 5874 gignitur,quod
3555 5793 3618 5855 in
