4038 6324
457 323 561 380 527

1101 320 1161 375 n.
1203 318 1455 374 uanam
1495 274 1714 374 θὶᾸῦἡί
1753 315 2074 373 ARCHIEP.
2115 317 2426 375 uocum.
2462 313 2749 374 orarum
2788 314 2968 371 rans
3003 315 3068 371 ιι.

3627 316 3745 372 528

457 435 771 492 chrismatis
826 435 1162 490 confectione
1212 435 1408 505 liquori
1450 433 1606 490 oliva:
1643 434 1931 490 admisceri
1975 449 2040 488 ac
2069 440 2117 501 Α
2147 434 2381 497 humilis,
2415 433 2569 502 cujus
2616 435 2826 489 radices
2873 450 3062 490 saxum
3104 444 3393 506 penetrant
3429 455 3440 491 :
3473 439 3618 508 quod
3663 439 3746 495 si-

456 525 752 599 pontiﬁcali
796 526 1171 581 benedictione
1219 527 1357 582 solet
1403 527 1751 582 consecrari:
1783 535 2048 596 quatenus

458 620 644 676 ﬁdeles
675 633 867 674 omnes
897 634 1019 673 cum
1050 619 1392 686 impositione
1435 633 1635 672 manus
1671 616 2044 683 sacerdotalis,

456 726 564 784 qua
588 709 824 768 Spiritus
846 719 1068 766 sanctus
1093 709 1380 779 accipitur,
1418 710 1521 764 hac
1558 709 1812 765 unctione
1837 707 2048 780 signen-

457 813 560 860 tur.

1055 889 1282 947 CAPUT
1320 889 1455 945 Vlll.

675 995 747 1050 De
767 993 940 1048 herbis
966 993 1268 1047 aromaticis
1310 992 1414 1047 sive
1441 989 1823 1045 communibus.

525 1088 755 1144 Exstant
790 1094 844 1141 et
899 1085 1257 1156 quarumdam
1310 1084 1600 1140 herbarum
1632 1083 1875 1150 nomina,
1919 1097 2040 1153 qua:

449 1199 517 1239 ex
543 1182 722 1252 aliqua
751 1179 836 1236 sui
861 1194 1027 1235 causa
1056 1185 1313 1234 resonant
1350 1177 1611 1232 habentes
1636 1177 1912 1231 nominum
1945 1191 2041 1230 ex-

449 1271 813 1344 planationem
840 1288 852 1323 :
887 1283 993 1324 non
1019 1277 1200 1324 tamen
1230 1268 1473 1323 omnium
1511 1268 1802 1323 herbarum
1831 1274 2040 1336 etymo-

447 1365 649 1436 logiam
686 1362 930 1418 invenies
956 1379 970 1416 :
1002 1375 1130 1414 nam
1163 1376 1261 1430 pro
1289 1359 1422 1414 locis
1449 1367 1728 1413 mutantur
1753 1357 1916 1411 etiam
1944 1371 2040 1410 no-

447 1456 616 1510 mina.
661 1453 872 1508 Folium
917 1452 1156 1516 dictum,
1199 1451 1342 1521 quod
1390 1450 1507 1505 sine
1543 1449 1649 1503 ulla
1683 1448 1862 1503 radice
1886 1447 2038 1501 inna-

451 1556 570 1604 tans
599 1549 650 1603 in
697 1547 862 1602 Indiae
908 1546 1181 1600 littoribus
1237 1543 1540 1614 colligatur,
1570 1543 1714 1613 quod
1752 1541 1860 1596 lino
1910 1556 2036 1610 pera-

447 1637 682 1693 foratum
712 1637 918 1692 siccant
943 1635 1077 1699 Indi,
1101 1643 1266 1704 atque
1289 1641 1575 1704 reponunt.
1616 1632 1811 1687 Fertur
1853 1642 2036 1686 autem

446 1726 684 1799 paradisi
713 1741 834 1781 esse
870 1723 1058 1790 herba,
1085 1737 1242 1794 gustu
1277 1723 1503 1777 nardum
1535 1721 1794 1778 referens.
1824 1721 2037 1777 Nardus

2151 527 2370 597 gniﬁcat
2409 526 2765 581 humilitatem
2813 527 3168 596 poenitentizc,
3207 528 3318 583 sive
3374 527 3744 599 Baptismum,

2148 628 2209 673 ut
2239 621 2289 673 iu
2314 619 2576 676 Psalterio
2608 639 2620 673 :
2655 622 2905 691 Asperges
2953 637 3032 675 me
3075 622 3297 692 hyssopo
3322 662 3336 686 ,
3363 633 3412 676 et
3441 622 3745 678 mundabor

2149 708 2323 781 (Psal.
2351 710 2425 782 ι).
2452 709 2671 766 Costum
2700 709 2855 764 radix
2892 711 3073 766 berbze
3102 719 3204 774 est,
3236 713 3506 766 nascentis
3549 712 3606 767 in
3649 710 3747 768 ln-

2146 800 2261 863 dia,
2292 800 2492 856 Arabia
2536 808 2593 855 et
2635 798 2812 871 Syria,
2863 801 2958 856 sed
3007 799 3200 855 melius
3254 800 3547 856 Arabicum
3589 815 3605 854 :
3651 813 3747 861 est

2145 894 2286 948 enim
2311 895 2494 949 album
2526 904 2581 950 et
2607 893 2744 962 leve,
2769 910 2958 962 suave,
2980 893 3204 964 jucundi
3235 896 3418 952 odoris
3447 914 3461 950 :
3490 897 3743 954 Indicum

2144 986 2327 1042 colore
2351 993 2491 1053 atro,
2520 995 2576 1042 et
2599 986 2736 1056 leve,
2760 996 2822 1042 ut
2845 987 3017 1044 ferula
3046 1005 3061 1045 :
3105 987 3390 1061 Syriacum
3418 1006 3551 1046 vero
3592 1007 3743 1062 pon-

2142 1078 2271 1132 dere
2299 1093 2492 1149 grave,
2517 1079 2697 1135 colore
2723 1081 2920 1146 buxeo,
2952 1081 3119 1137 odore
3148 1083 3261 1136 acri
3298 1100 3311 1135 τ
3342 1097 3617 1138 summum
3649 1091 3741 1137 ta-

2141 1185 2266 1224 men
2301 1169 2503 1235 album,
2534 1170 2669 1236 leve,
2703 1172 2936 1236 aridum,
2982 1182 3199 1243 gustum
3242 1174 3556 1228 incendens.
3609 1172 3741 1229 Flos

2140 1262 2285 1317 enim
2315 1263 2399 1317 vel
2428 1262 2705 1318 Christum
2743 1263 3034 1334 signiﬁcat,
3071 1265 3165 1334 qui
3215 1265 3282 1319 de
3330 1265 3481 1335 virga
3532 1265 3740 1321 radicis

2139 1353 2292 1410 Jesse
2321 1353 2572 1420 elﬂoruit,
2605 1355 2690 1409 vel
2721 1355 2992 1425 specimen
3027 1353 3276 1425 justitiac,
3305 1365 3361 1411 ut
3390 1356 3445 1411 in
3472 1355 3684 1426 psalmo
3717 1375 3734 1412 :

2138 1447 2352 1514 Justus,
2377 1447 2573 1518 inquit,
2607 1457 2660 1501 ut
2693 1446 2869 1518 palma
2898 1447 3102 1518 ﬂorebit
3133 1447 3310 1519 (Psal.
3353 1449 3485 1520 χει).
3526 1448 3673 1504 Rosa
3701 1465 3737 1505 a

2139 1542 2320 1612 specie
2357 1541 2506 1596 ﬂoris
2534 1549 2840 1610 nuncupata
2867 1543 3009 1610 quod
3048 1542 3292 1596 rutilanti
3315 1541 3494 1597 colore
3515 1543 3732 1596 rubeat.

2141 1635 2425 1705 Significat
2452 1644 2632 1690 autem
2660 1651 2784 1690 rosa
2815 1644 3080 1707 martyres
3110 1653 3122 1688 :
3151 1644 3212 1690 ut
3250 1645 3336 1690 est
3362 1635 3491 1690 illud
3533 1653 3546 1689 :
3580 1634 3733 1689 Sicut

2140 1743 2261 1781 rosa
2280 1728 2573 1798 germinant
2595 1744 2752 1798 super
2773 1728 2991 1782 humida
3036 1729 3233 1798 ﬂuenta
3275 1727 3466 1796 (Eccli.
3511 1728 3729 1799 xxxrx).

442 1821 617 1876 herba
645 1826 731 1873 est
752 1819 967 1889 spicosa
1003 1837 1016 1872 :
1055 1817 1197 1870 unde
1229 1824 1286 1869 et
1328 1831 1358 1867 a
1388 1815 1594 1870 Gmcis
1641 1815 2034 1869 nardostachus
2063 1813 2110 1873 B
2138 1818 2274 1874 Lilia
2304 1819 2462 1874 lactei
2490 1817 2639 1874 ﬂoris
2677 1819 2844 1874 herba
2880 1837 2893 1873 :
2926 1820 3069 1875 unde
3114 1827 3168 1875 et
3213 1828 3543 1890 nuncupata,
3571 1820 3729 1891 quasi

445 1911 736 1982 appellata,
775 1924 1004 1979 quarum
1036 1907 1141 1962 alia
1172 1906 1373 1969 Indica,
1403 1905 1508 1959 alia
1537 1904 1759 1976 Syriaca
1787 1913 2028 1970 vocatur,

442 2019 552 2058 non
581 2003 726 2074 quod
753 2002 807 2056 in
839 2000 998 2073 Syria
1026 2005 1307 2063 nascatur,
1331 1997 1426 2052 sed
1455 1997 1600 2068 quod
1631 2013 1808 2062 mons,
1841 1998 1893 2051 in
1924 2011 2032 2066 quo

441 2093 739 2157 invenitur,
766 2091 872 2145 alio
913 2091 1082 2145 latere
1112 2088 1315 2143 Indiam
1347 2095 1584 2156 spectat,
1615 2087 1721 2142 alio
1764 2087 1980 2157 Syriam
2013 2105 2027 2141 :

439 2194 525 2241 est
565 2193 746 2240 autem
784 2181 966 2237 Indica
1007 2177 1384 2242 multiformis,
1423 2177 1517 2231 sed
1556 2177 1746 2232 melior
1781 2176 2027 2248 Syriaca,

440 2276 611 2342 levis,
675 2274 847 2340 fulva,
899 2286 1146 2336 comosa,
1195 2269 1340 2340 spica
1387 2285 1576 2339 parva,
1624 2270 2026 2334 odoratissima,

440 2383 699 2438 cyperum
726 2365 987 2422 simulans
1021 2381 1033 2418 :
1065 2362 1207 2433 quod
1235 2361 1280 2415 si
1304 2361 1530 2415 multum
1562 2362 1616 2416 in
1645 2377 1740 2416 ore
1777 2362 2029 2417 tardave-

435 2461 527 2524 rit,
571 2459 810 2530 linguam
846 2459 1033 2513 siccat.
1072 2455 1283 2512 Nardus
1322 2453 1523 2511 Celtica
1570 2472 1599 2509 a
1645 2453 1864 2526 regione
1905 2451 2031 2507 Gal-

437 2551 522 2608 lia:
549 2566 746 2605 nomen
778 2550 945 2604 traxit
979 2568 990 2602 :
1026 2551 1270 2605 nascitur
1292 2550 1435 2604 enim
1471 2548 1666 2618 saepius
1706 2547 1759 2600 in
1793 2544 2026 2616 Liguria:

437 2645 650 2715 alpibus
674 2652 730 2699 et
759 2643 813 2698 in
844 2641 1024 2714 Syria,
1052 2641 1246 2697 frutice
1272 2657 1438 2713 parvo
1459 2681 1474 2707 ,
1504 2639 1779 2695 radicibus
1816 2638 1870 2692 in
1909 2652 2026 2690 ma-

432 2736 686 2809 nipulum
716 2734 958 2791 collectis
987 2734 1314 2806 ligamentis.
1345 2732 1471 2787 Flos
1500 2731 1616 2800 ejus
1647 2737 1855 2784 tantum
1897 2742 2030 2798 pro-

439 2840 562 2902 pter
589 2829 810 2884 odorem
834 2827 1059 2892 bonum,
1077 2827 1246 2898 thyrsi
1270 2825 1387 2894 ejus
1403 2834 1566 2894 atque
1589 2821 1844 2876 radiculae
1867 2820 2028 2876 utiles

435 2922 736 2993 probantur
765 2919 952 2975 usibus
1002 2919 1222 2973 nostris.
1267 2918 1478 2971 Nardus
1533 2923 1709 2969 autem
1760 2911 2030 2983 signiﬁcat

346 3023 350 3025 ’
433 3016 657 3074 odorem
673 3015 936 3068 virtutum
957 3021 1268 3069 sanctorum
1293 3011 1345 3064 in
1369 3007 1638 3064 Ecclesia:
1663 3006 1805 3061 unde
1828 3019 2026 3074 sponsa

434 3107 568 3161 dicit
597 3107 650 3160 in
671 3105 910 3161 Cantico
935 3107 1274 3162 canticorum
1305 3122 1316 3157 :
1353 3103 1490 3156 Dum
1515 3109 1644 3155 esset
1673 3115 1765 3153 rex
1793 3099 1849 3152 in
1870 3113 2027 3151 accu-

2136 1909 2318 1975 laclia,
2348 1910 2504 1981 cujus
2533 1912 2659 1965 dum
2696 1901 2920 1966 candor'
2947 1912 3021 1968 sit
3061 1913 3114 1966 in
3161 1911 3326 1976 foliis,
3375 1913 3491 1968 auri
3543 1921 3729 1970 tamen

2136 2003 2345 2074 species
2372 2004 2518 2058 intus
2546 2002 2782 2073 eﬂ'ulget.
2813 2003 3008 2059 Lilium
3034 2015 3216 2059 autem
3246 2005 3520 2060 Christum
3556 2007 3729 2078 signi-

2135 2093 2280 2156 ﬁcat,
2311 2095 2402 2163 qui
2429 2095 2484 2149 in
2511 2095 2736 2149 Cantico
2775 2095 3108 2150 canticorum
3138 2097 3214 2150 ait
3242 2114 3254 2149 :
3287 2095 3398 2162 Ego
3431 2099 3530 2166 ﬂos
3555 2098 3730 2167 campi

2133 2197 2180 2241 et
2213 2185 2382 2240 lilium
2415 2187 2728 2240 convallium
2758 2184 2936 2258 (Cant.
2967 2187 3052 2258 Ir).
3078 2187 3143 2241 Et
3175 2188 3304 2242 item
3334 2201 3350 2242 :
3384 2185 3450 2240 Ut
3475 2197 3731 2257 pascatur

2133 2277 2188 2331 in
2217 2277 2404 2340 hortis,
2452 2286 2501 2331 et
2528 2275 2642 2330 lilia
2683 2276 2892 2346 colligat
2923 2275 3101 2347 (Cant.
3131 2276 3242 2347 vl);
3292 2291 3357 2332 ac
3392 2277 3435 2332 si
3466 2276 3674 2332 diceret
3709 2296 3723 2332 :

2133 2369 2247 2440 Ego
2276 2385 2394 2424 sum
2425 2371 2591 2424 decus
2631 2369 2848 2432 mundi,
2875 2377 2931 2423 et
2958 2357 3126 2439 gloria
3156 2368 3439 2423 humilium
3470 2389 3482 2422 :
3517 2369 3610 2438 qui
3659 2369 3729 2425 de

2133 2475 2334 2529 sponsa
2392 2474 2488 2513 sua
2545 2457 2623 2512 sic
2664 2460 2784 2512 ait:
2819 2458 2968 2513 Sicut
3019 2457 3190 2511 lilium
3236 2458 3373 2511 inter
3418 2458 3620 2528 spinas,
3653 2459 3728 2511 sic

2133 2553 2304 2606 amica
2339 2567 2454 2605 mea
2485 2551 2621 2604 inter
2643 2549 2784 2619 ﬁlias
2811 2547 2986 2621 (Cant.
3023 2549 3084 2620 II)
3104 2591 3118 2615 ,
3149 2549 3272 2621 quia
3313 2549 3518 2604 candor
3563 2550 3730 2603 casti-

2132 2644 2261 2698 tatis
2283 2642 2401 2713 ejus
2431 2641 2872 2696 tribulationibus
2897 2641 3179 2711 probatur,
3210 2650 3264 2694 et
3291 2639 3463 2709 major
3485 2648 3569 2694 est
3615 2639 3731 2693 fru-

2131 2744 2252 2791 ctus
2276 2734 2680 2805 praedicationis
2704 2749 2865 2803 quam
2908 2732 3124 2803 quietis.
3173 2731 3357 2786 Potest
3405 2739 3461 2785 et
3513 2731 3567 2785 in
3613 2731 3729 2786 lilio

2134 2827 2417 2898 virginitas
2475 2827 2706 2896 exprimi
2741 2845 2752 2879 :
2785 2825 2910 2895 quia
2960 2825 3311 2880 excellentior
3365 2831 3449 2878 est
3500 2823 3728 2878 caslitas

2131 2917 2432 2988 virginalis,
2451 2932 2610 2985 quam
2635 2925 2846 2970 anteme
2875 2915 3119 2976 virtutes,
3145 2913 3286 2968 sicut
3313 2913 3367 2966 in
3402 2913 3727 2983 Apocalypsi

2130 3009 2455 3064 ostenditur.
2487 3007 2636 3062 Viola
2667 3014 2889 3076 propter
2911 3005 3018 3058 vim
3041 3003 3225 3058 odoris
3250 3017 3448 3057 nomen
3479 3003 3726 3070 accepit:

2131 3100 2289 3170 hujus
2308 3113 2507 3170 genera
2533 3106 2658 3154 sunt
2680 3097 2782 3151 tria
2809 3114 2822 3150 :
2847 3110 3202 3166 purpureum,
3221 3094 3423 3160 album,
3440 3092 3724 3148 melinum.

435 3197 545 3250 bitu
568 3213 686 3262 suo,
720 3197 917 3252 nardus
942 3214 1056 3252 mea
1086 3196 1228 3250 dedit
1273 3195 1486 3249 adorent
1531 3208 1684 3246 suum
1731 3189 1910 3262 (Cant.
1963 3191 2024 3258 ι),
2055 3177 2101 3239 C
2135 3189 2288 3247 Viola
2316 3205 2530 3260 quoque
2558 3189 2828 3259 signiﬁcat
2853 3187 3194 3243 confessores
3220 3187 3290 3242 ob
3317 3185 3728 3242 similitudinem

436 3291 541 3345 hoc
561 3297 667 3356 est,
692 3304 819 3360 rege
847 3279 1066 3345 Christo
1104 3287 1158 3342 in
1192 3285 1529 3342 beatitudine
1551 3282 1789 3338 caalestis
1828 3279 2027 3335 secreti

435 3383 750 3454 quiescente
765 3389 1082 3438 sanctorum
1102 3381 1277 3434 virtus
1297 3379 1351 3432 in
1369 3375 1609 3431 Ecclesia
1634 3365 1844 3444 magna:
1869 3370 2028 3426 nobis

434 3476 664 3547 gratiam
701 3474 988 3530 suavitatis
1031 3470 1396 3528 administrat.
1442 3467 1573 3521 Item
1617 3477 1848 3534 sponsus
1895 3460 2030 3517 dicit

431 3568 498 3622 de
524 3581 738 3636 sponsa:
763 3565 935 3636 gloria
990 3564 1044 3619 in
1094 3563 1284 3619 eodem
1333 3560 1472 3616 libro
1505 3572 1519 3611 :
1559 3555 1879 3610 Emissiones
1919 3563 2026 3607 tua:

431 3657 713 3728 paradisus
735 3654 996 3710 malorum
1026 3654 1352 3708 Punicorum
1385 3666 1505 3704 cum
1523 3661 1796 3719 pomorum
1832 3644 2024 3714 fructi-

434 3747 552 3812 bus,
576 3747 722 3817 cypri
746 3763 865 3800 cum
917 3745 1084 3800 nardo
1134 3743 1310 3816 (Cant.
1357 3742 1455 3813 Iv).
1500 3741 1712 3796 Nardus
1739 3747 1796 3794 et
1832 3752 2027 3793 crocus

428 3853 528 3908 per
553 3837 937 3908 .irrigationem
972 3836 1112 3892 sacri
1141 3833 1486 3905 Baptismatis
1518 3839 1708 3888 sancta
1744 3829 2020 3895 Ecclesia;

425 3928 713 4000 paradisus
787 3928 1106 3984 emissiones
1184 3927 1449 3982 malorum
1518 3924 1886 3986 Punicorum,
1970 3919 2024 3974 id

426 4028 510 4075 est
549 4027 863 4076 sanctorum
899 4027 1230 4090 martyrum;
1271 4032 1395 4071 cum
1425 4030 1707 4087 pomorum
1735 4013 2020 4077 fructibus,

429 4111 485 4166 id
511 4121 594 4167 est
623 4127 747 4168 cum
771 4121 1082 4167 sanctorum
1107 4112 1367 4166 virtutum
1391 4110 1593 4164 fructu.
1626 4108 1837 4179 Cyprus
1861 4107 2026 4161 arbor

433 4202 732 4257 aromatica
787 4211 892 4267 est,
927 4201 1238 4272 signiﬁcans
1285 4199 1527 4254 cmlestis
1575 4199 1760 4268 gratiae
1808 4196 2029 4252 benedi-

430 4292 689 4347 ctionem.
723 4291 936 4346 Nardus
961 4291 1257 4346 Dominicte
1283 4291 1552 4360 passionis
1578 4281 1764 4359 typum
1783 4329 1797 4352 ,
1829 4303 2023 4344 crocus

434 4383 726 4436 charitatis
763 4381 1036 4436 fervorem
1082 4381 1339 4450 exprimit
1382 4397 1395 4434 :
1440 4381 1783 4449 conjungitur
1823 4395 2024 4450 cyprus

433 4472 631 4538 nardo,
661 4486 785 4525 cum
823 4472 1006 4525 divina
1037 4473 1213 4543 gratia
1244 4471 1516 4526 confortat
1540 4487 1640 4526 nos
1673 4487 1770 4542 pro
1805 4471 2022 4528 Christo

432 4561 566 4632 pati.
623 4561 757 4616 item
815 4561 1018 4616 nardus
1063 4576 1224 4618 croco
1263 4562 1528 4633 jungitur,
1581 4577 1703 4616 cum
1756 4562 2022 4618 charitate

429 4653 634 4709 Christi
664 4661 896 4708 mortem
921 4653 1154 4708 libenter
1182 4647 1524 4722 suscipimus.
1554 4653 1785 4709 Crocum
1817 4653 2020 4708 dictum

429 4745 497 4800 ab
539 4744 737 4814 oppido
793 4743 1016 4811 Ciliciae,
1045 4746 1189 4815 quod
1237 4754 1466 4801 vocatur
1515 4745 1806 4811 Coricium,
1849 4761 2021 4816 quan-

431 4852 594 4908 quam
635 4845 690 4891 et
715 4836 842 4892 alibi
875 4847 1130 4893 nascatur
1162 4857 1174 4891 :
1206 4838 1300 4893 sed
1353 4854 1459 4893 non
1509 4847 1716 4893 tantum
1760 4839 1844 4893 vel
1893 4838 2018 4904 tale,

438 4931 595 5002 quale
619 4931 674 4986 in
702 4929 910 4996 Cilicia,
932 4932 1074 4987 unde
1101 4941 1157 4985 et
1183 4949 1211 4986 a
1241 4934 1436 5001 potiori
1465 4942 1614 5002 parte
1642 4949 1838 4988 nomen
1868 4949 2023 4988 acce-

441 5023 519 5092 pit
549 5039 562 5076 :
596 5038 722 5077 nam
746 5022 929 5076 multa:
956 5039 1043 5077 res
1074 5023 1292 5077 nomina
1319 5030 1664 5091 sumpserunt
1689 5037 1720 5076 a
1745 5022 1907 5088 locis,
1932 5024 2022 5079 ubi

439 5113 557 5184 plus
582 5115 831 5185 pervenit
857 5114 1148 5187 [provenit]
1190 5124 1241 5170 et
1276 5117 1468 5170 melius
1494 5115 1714 5184 aliquid.
1747 5115 2020 5187 Optimum

437 5215 744 5272 autemest,
766 5207 910 5276 quod
941 5206 1100 5263 fuerit
1130 5222 1342 5274 recens,
1370 5207 1554 5264 odoris
1584 5209 1711 5264 boni
1731 5249 1744 5274 ,
1772 5209 2021 5265 albedine

427 5315 615 5370 parva,
643 5309 908 5369 porrectae
935 5299 1311 5372 longitudinis,
1335 5301 1604 5372 integrum
1639 5310 1695 5357 et
1743 5316 1916 5372 neque
1961 5301 2017 5357 in

430 5391 733 5459 fragmenta
759 5391 1172 5456 comminutum,
1203 5392 1558 5462 inspiratione
1599 5392 1762 5459 bona,
1791 5403 1848 5448 et
1891 5407 2018 5448 cum

431 5481 694 5552 carpitur,
725 5496 919 5538 manus
959 5481 1218 5547 inﬁciens,
1261 5493 1317 5541 et
1352 5485 1544 5542 leviter
1588 5500 1735 5543 acre.
1779 5483 1934 5553 Quod
1971 5485 2017 5541 si

432 5572 699 5642 ejusmodi
737 5590 846 5630 non
900 5574 1064 5631 fuerit
1100 5595 1112 5629 :
1147 5586 1240 5632 aut
1294 5587 1587 5646 vetustum,
1626 5590 1722 5636 aut
1778 5579 2016 5636 infusum

434 5666 800 5737 cognoscitur.
831 5665 964 5723 Item
993 5683 1192 5738 cyprus
1213 5669 1674 5740 incorruptionem
1706 5672 1975 5742 signiﬁcat
2000 5690 2012 5726 :

435 5757 640 5816 nardus
653 5757 1042 5827 fortitudinem,
1057 5774 1252 5817 crocus
1262 5771 1546 5834 martyres.
1563 5762 1836 5835 Hyss0pus
1849 5764 2018 5819 herba

2134 3287 2422 3342 lividorum
2461 3299 2769 3354 corporum.
2803 3282 2956 3340 Unde
3000 3283 3261 3354 scriptum
3299 3291 3384 3336 est
3412 3281 3468 3335 in
3499 3279 3729 3336 Cantico

2133 3378 2470 3434 canticorum
2507 3393 2519 3429 :
2549 3374 2735 3429 Flores
2759 3374 2814 3427 in
2839 3384 2981 3426 terra
3001 3373 3096 3428 visi
3124 3381 3245 3426 sunt
3275 3371 3450 3444 (Cant.
3471 3370 3534 3442 ιι)
3559 3387 3574 3435 ;
3609 3371 3730 3440 qui-

2129 3471 2233 3523 bus
2257 3467 2423 3523 etiam
2451 3479 2678 3534 regnum
2709 3463 2970 3519 ccelorum
3000 3462 3328 3533 promissum
3373 3469 3478 3516 est.
3511 3459 3725 3515 Hedera

2129 3564 2295 3628 dicta,
2325 3561 2471 3632 quod
2505 3559 2794 3615 arboribus
2843 3557 3106 3628 reptando
3151 3556 3465 3610 adhaereat:
3499 3555 3566 3610 de
3614 3569 3723 3624 qua

2135 3655 2390 3729 Virgilius
2420 3672 2433 3708 :
3371 3709 3390 3735 ε

2253 3745 2390 3795 lnter
2407 3743 2641 3794 victrices
2666 3741 2904 3792 hederam
2927 3740 3018 3790 tibi
3041 3751 3247 3802 serpere
3272 3739 3456 3790 lauros.

2128 3830 2232 3884 Alii
2256 3829 2523 3885 Hederam
2542 3827 2694 3881 aiunt
2715 3834 2989 3891 vocatam,
3011 3825 3156 3895 quod
3183 3824 3353 3880 haedis
3377 3839 3542 3896 supra
3565 3823 3726 3881 lactis

2129 3921 2517 3976 abundantiam
2537 3919 2593 3973 in
2617 3932 2740 3973 esca
2763 3931 2794 3970 a
2812 3915 3089 3971 veteribus
3115 3914 3477 3985 praebebatur.
3500 3913 3727 3969 Hedera

2127 4011 2338 4084 frigidae
2371 4021 2531 4066 terrae
2570 4009 2775 4065 indices
2799 4016 2925 4064 sunt
2960 4006 3256 4063 secundum
3283 4005 3557 4076 physicos,
3595 4019 3725 4061 nam

2128 4105 2575 4174 antipharmacon
2626 4101 2906 4156 ebrietatis
2944 4107 3048 4162 est,
3091 4099 3135 4153 si
3176 4099 3298 4168 quis
3333 4107 3491 4168 potus
3521 4098 3726 4153 hedera

2127 4204 2438 4252 coronetur.
2463 4193 2673 4250 Hedera
2701 4201 2879 4247 autem
2901 4200 3082 4263 typum
3102 4189 3308 4245 Iudaici
3330 4188 3509 4259 populi
3533 4187 3721 4258 habet,

2126 4290 2216 4360 qui
2246 4288 2536 4358 aliquando
2560 4287 2816 4341 ﬂorebat:
2841 4286 2936 4340 sed
2961 4300 3066 4339 non
3091 4285 3178 4338 diu
3208 4284 3260 4337 in
3287 4284 3463 4337 virore
3487 4283 3724 4353 pristino

2125 4382 2460 4435 remanebat.
2494 4379 2645 4436 Unde
2670 4379 2722 4433 in
2754 4378 2891 4433 libro
2919 4376 3069 4432 Jome
3099 4375 3379 4445 Propheta:
3399 4376 3596 4430 hedera
3618 4377 3723 4430 sub

2127 4471 2280 4540 cujus
2310 4472 2630 4528 umbraculo
2657 4470 2824 4526 Jonas
2874 4471 3096 4526 sedebat
3137 4470 3190 4523 in
3241 4470 3562 4525 ascensione
3592 4485 3722 4525 ver-

2050 4538 2102 4598 Ῑ)
2128 4565 2234 4618 mis
2264 4562 2484 4617 dilueuli
2521 4563 2576 4616 in
2605 4562 2927 4626 crastinum,
2955 4561 3169 4616 exaruit
3215 4561 3272 4614 in
3316 4562 3724 4617 resurrectione

2129 4653 2273 4708 illius
2299 4654 2522 4718 vermis,
2550 4655 2642 4724 qui
2670 4655 2744 4708 ait
2775 4672 2787 4707 :
2821 4655 2935 4725 Ego
2963 4671 3079 4708 sum
3101 4656 3325 4719 vermis,
3353 4663 3403 4708 et
3431 4670 3536 4707 non
3563 4654 3724 4708 homo

2130 4745 2302 4818 (Psal.
2329 4747 2466 4819 χχι).
2497 4744 2722 4800 Judaica
2752 4747 2903 4816 plebs
2927 4761 3024 4817 per
3069 4746 3442 4802 inﬁdelitatem
3480 4749 3721 4814 exaruit,

2127 4859 2248 4914 qua:
2268 4845 2539 4914 quondam
2579 4842 2805 4898 ﬂorebat
2842 4844 2894 4897 in
2938 4842 3264 4912 patriarchis
3309 4849 3363 4897 et
3412 4843 3718 4912 prophetis.

2127 4933 2429 4989 Galbanum
2453 4949 2650 4995 succus
2672 4943 2755 4988 est
2791 4932 2998 4988 ferulae.
3022 4932 3189 5003 Dycta
3218 4941 3302 4987 est
3329 4947 3486 4988 mons
3520 4933 3719 4999 Cretze,

2127 5042 2194 5082 ex
2241 5042 2348 5097 quo
2385 5028 2732 5098 dyctamnum
2772 5025 2938 5080 herba
2980 5040 3176 5080 nomen
3219 5026 3447 5095 accepit,
3495 5036 3722 5095 propter

2126 5133 2287 5188 quam
2331 5117 2472 5187 apud
2495 5115 2776 5188 Virgilium
2791 5132 2953 5172 cerva
2974 5116 3252 5170 vulnerata
3277 5117 3446 5172 saltus
3463 5125 3721 5187 peragrat

2125 5208 2373 5280 Dyctaeos
2399 5227 2411 5262 :
2447 5217 2610 5264 tanta:
2635 5209 2776 5264 enim
2805 5209 3061 5279 potentiae
3089 5218 3191 5274 est,
3220 5218 3279 5263 ut
3303 5209 3505 5264 ferrum
3532 5223 3563 5263 a
3589 5224 3719 5264 cor-

2123 5314 2254 5371 pore
2275 5300 2529 5370 expellat,
2562 5300 2789 5371 sagittas
2813 5301 3071 5355 exculiat.
3108 5299 3262 5355 Unde
3288 5310 3343 5355 et
3371 5299 3488 5369 ejus
3515 5301 3718 5372 pabulo

2122 5389 2251 5446 ferae
2274 5405 2549 5460 percussa:
2575 5391 2796 5462 sagittas
2822 5406 2852 5444 a
2878 5405 3106 5462 corpore
3121 5392 3447 5446 inhzerentes
3465 5389 3713 5462 ejiciunt.

2125 5481 2276 5538 Hanc
2289 5482 2508 5552 quidam
2523 5481 2836 5538 Latinorum
2847 5481 3084 5552 poleium
3096 5482 3284 5538 Martis
3296 5483 3719 5554 dicuntpropter

2123 5573 2251 5632 belli
2281 5574 2385 5629 tela
2406 5574 2748 5630 excutienda.
2773 5574 3126 5646 Mandragora
3155 5575 3317 5639 dicta,
3343 5574 3486 5644 quod
3518 5575 3716 5629 habeat

2126 5668 2264 5722 mala
2296 5681 2462 5722 suave
2490 5667 2688 5724 olentia
2720 5669 2773 5723 in
2817 5669 3243 5739 magnitudinem
3286 5667 3412 5723 mali
3444 5667 3666 5722 Matiani
3698 5683 3714 5720 :

2125 5761 2267 5817 unde
2293 5769 2348 5816 et
2366 5776 2488 5817 eam
2507 5761 2683 5818 Latini
2713 5761 2910 5817 malum
2941 5771 3101 5818 terra:
3124 5771 3339 5817 vocant.
3364 5760 3516 5817 Hauc
3541 5769 3715 5830 poeta:
