4038 6324
313 410 422 495 829

1280 426 1369 491 DE
1407 431 1758 492 UNIVERSO
1795 430 1977 489 LIBRI
2013 427 2175 488 XXII.
2210 418 2285 473 [——
2319 431 2446 489 LIB.
2487 430 2628 491 XIX.

3484 434 3589 491 550

313 549 849 621 anthropomorphon
890 548 1194 622 appellant,
1233 550 1376 620 quod
1418 549 1617 605 habeat
1660 548 1899 604 radicem
1926 549 1981 611 Α
2005 548 2060 603 in
2113 547 2404 620 Evangelio
2448 549 2648 606 dicitur
2694 548 2912 623 (Matth.
2949 546 3099 623 xui),
3127 548 3271 621 quod
3318 550 3374 607 in
3401 552 3587 621 segete

312 639 543 698 formam
571 639 810 696 hominis
841 640 1205 707 simulantem,
1237 638 1391 708 cujus
1424 649 1614 697 cortex
1637 640 1765 695 vino
1789 640 1895 694 im-

313 733 475 790 mista
503 732 569 788 ad
588 731 880 787 bibendum
906 730 1068 786 datur
1088 730 1156 786 iis
1180 745 1411 801 quorum
1438 746 1636 803 corpus
1674 738 1899 802 propter

316 837 502 893 curam
527 820 818 879 secandum
857 832 962 888 est,
1014 829 1074 876 ut
1104 821 1345 892 soporati
1366 821 1608 877 dolorem
1636 836 1742 877 non
1768 836 1897 877 sen-

313 914 473 970 tiant.
495 910 666 983 Hujus
688 912 898 985 species
924 914 1061 968 duze.
1085 912 1311 968 Femina
1339 911 1481 967 foliis
1501 912 1725 969 lactuca:
1746 911 1899 968 simi-

312 1005 452 1062 libus
478 1004 621 1061 mala
644 1012 867 1078 generat
892 1004 1374 1061 insimilitudiuem
1400 1019 1700 1075 prunorum
1727 1022 1740 1060 :
1777 1020 1898 1061 ma-

309 1097 492 1155 sculus
534 1112 665 1153 vero
705 1095 849 1152 foliis
884 1096 1023 1153 beta:
1066 1096 1350 1152 similibus.
1408 1097 1485 1153 De
1533 1097 1896 1169 mandragora

307 1206 505 1264 sponsa
525 1190 657 1247 dicit
677 1190 733 1246 in
754 1188 980 1246 Cantico
998 1190 1334 1245 canticorum
1361 1209 1374 1245 :
1402 1190 1777 1262 Mandragom’
1798 1191 1892 1246 de-

306 1284 494 1340 derunt
509 1283 721 1339 odorem
740 1283 796 1337 in
818 1282 981 1354 portis
996 1283 1183 1337 nostris
1203 1281 1380 1353 (Cant.
1400 1282 1521 1356 vn).
1542 1282 1894 1352 Mandragora

304 1388 525 1449 propter
548 1362 864 1431 multimoda
898 1376 1316 1445 medicaminum
1348 1390 1547 1446 genera
1578 1383 1894 1431 sanctorum

304 1470 598 1526 virtutibus
620 1476 987 1540 comparatur.
1019 1467 1195 1525 Porta:
1222 1468 1477 1524 Ecclesiae
1497 1470 1747 1525 doctores
1769 1476 1895 1524 sunt

305 1562 498 1618 sancti.
525 1561 584 1617 In
613 1560 923 1632 huiusmodi
944 1560 1116 1632 portis
1160 1561 1537 1632 mandragorm
1584 1562 1717 1615 dant
1756 1561 1893 1616 odo-

304 1669 419 1708 rem
449 1671 463 1707 :
491 1668 614 1707 cum
655 1650 926 1722 spiritales
954 1651 1153 1722 quique
1176 1667 1244 1707 ex
1274 1668 1333 1707 se
1353 1653 1613 1707 virtutum
1656 1651 1893 1721 palmam

301 1744 461 1817 longe
485 1745 702 1815 lateque
728 1753 1007 1816 spargunt.
1036 1744 1262 1815 Legitur
1286 1745 1340 1799 in
1375 1743 1649 1800 Geneseos
1679 1740 1889 1816 (Cenes.

301 1839 458 1911 xxx),
491 1839 633 1909 quod
674 1836 865 1893 Ruben
903 1836 1046 1892 ﬁlius
1070 1837 1179 1891 Lite
1209 1852 1459 1908 egressus
1486 1835 1541 1889 in
1585 1851 1773 1906 agrum
1804 1835 1889 1889 in-

2000 642 2214 697 Domini
2241 642 2493 699 inimicus
2534 642 3055 713 superseminaverit
3090 642 3322 699 zizania.
3375 641 3586 699 Fenum

1999 730 2223 797 dictum,
2241 732 2384 802 quod
2403 746 2470 787 eo
2491 729 2709 786 ﬂamma
2732 731 3035 787 nutriatur:
3052 732 3192 803 phos
3203 732 3350 788 enim
3367 730 3586 789 ﬂamma

1998 828 2103 874 est.
2140 817 2348 876 Fenum
2389 820 2535 876 enim
2581 818 2810 894 [autem]
2831 821 2987 893 juxta
3017 820 3334 894 allegoriam
3380 822 3588 896 signiﬁ-

1999 919 2088 967 cat
2122 911 2462 985 fragilitatem
2509 913 2761 970 humana:
2809 924 3057 969 naturae:
3093 916 3238 972 unde
3282 914 3483 988 legitur
3528 916 3587 973 in

1997 1003 2205 1074 psalmo
2230 1004 2296 1059 de
2320 1005 2733 1076 peccatoribus:
2768 1004 3065 1072 Quoniam,
3105 1016 3359 1080 tanquam
3381 1007 3583 1079 fenum,

1997 1091 2237 1147 velociter
2257 1104 2489 1149 arescent
2514 1106 2534 1146 :
2553 1103 2623 1160 et,
2636 1096 2771 1150 sicut
2793 1094 2937 1151 olera
2955 1097 3373 1165 herbarum,cito
3396 1097 3586 1154 cadent

1998 1178 2171 1254 (Psal.
2205 1184 2411 1257 xxxvi).
2442 1183 2648 1241 Fenum
2701 1187 2927 1257 pulchra
2973 1196 3058 1245 est
3110 1202 3219 1255 res,
3251 1190 3379 1246 dum
3418 1190 3586 1259 viret,

1997 1273 2125 1330 dum
2151 1271 2325 1343 ﬂoret,
2356 1276 2449 1332 sed
2477 1292 2601 1333 cum
2630 1280 2855 1346 arnerit,
2891 1289 3099 1336 mutato
3137 1281 3382 1351 protinus
3407 1281 3588 1337 colore

1996 1365 2326 1422 marcescit:
2365 1367 2444 1423 sic
2468 1377 2594 1423 sunt
2621 1368 2795 1440 impii,
2822 1370 2914 1441 qui
2953 1371 3108 1441 quasi
3155 1370 3345 1426 ﬂorida
3395 1371 3585 1427 laetitia

1996 1455 2323 1522 relucentes,
2374 1467 2703 1527 pramature
2742 1458 2847 1514 ﬁne
2889 1461 3181 1515 siccantur.
3226 1459 3410 1516 Primo
3457 1459 3585 1516 fcno

1995 1548 2291 1616 comparati
2325 1556 2469 1615 sunt,
2495 1556 2554 1604 ut
2580 1558 2891 1605 arescet-ent
2921 1568 2933 1604 :
2967 1567 3110 1606 nunc
3139 1552 3444 1623 agrestibus
3470 1550 3585 1606 ole-

1998 1636 2168 1703 ribus,
2205 1646 2265 1692 ut
2294 1638 2606 1695 deciderent
2650 1659 2662 1694 :
2704 1657 2810 1696 non
2848 1642 2990 1697 enim
3019 1642 3182 1707 dixit,
3219 1642 3367 1697 olera
3407 1643 3583 1697 horto-

1995 1745 2134 1795 rum,
2163 1731 2257 1785 sed
2281 1731 2558 1786 herbarum
2587 1746 2605 1784 :
2637 1740 2695 1786 ut
2726 1733 3056 1805 signiﬁcaret
3080 1735 3260 1803 potius
3302 1734 3390 1789 illa
3439 1733 3585 1789 vilis-

1994 1819 2152 1884 sima,
2177 1835 2296 1890 qua:
2322 1836 2419 1890 per
2449 1838 2609 1893 agros
2637 1832 2826 1894 sponte
2870 1834 3188 1879 nascuntur.
3234 1824 3441 1881 Fenum
3491 1824 3582 1880 hi-

301 1930 513 1986 venerit
538 1929 947 2002 mandragoras,
978 1936 1034 1984 et
1063 1928 1384 1984 dederiteas
1407 1926 1518 1982 Liae
1547 1926 1704 1981 matri
1735 1942 1845 1981 sum
1872 1943 1884 1980 :

2000 1914 2217 1969 storiam
2245 1912 2381 1988 legis
2403 1924 2497 1970 aut
2523 1915 2836 1985 temporalia
2858 1915 3148 1987 significat,
3174 1916 3308 1971 utin
3333 1915 3541 1986 psalmo
3565 1934 3580 1971 :

300 2020 448 2093 quod
473 2019 742 2091 signiﬁcat
782 2019 983 2075 famam
1013 2020 1232 2085 bonam,
1261 2034 1426 2090 quam
1472 2018 1703 2090 quisque
1750 2018 1890 2076 bene

302 2112 577 2170 studiosus
603 2112 922 2184 adipiscitur
941 2127 1010 2167 ex
1027 2112 1315 2168 mundanis
1337 2112 1664 2179 hominibus,
1684 2112 1891 2168 referre

300 2205 444 2262 hanc
469 2206 665 2262 debere
687 2205 755 2261 ad
785 2213 1020 2262 matrem
1057 2204 1376 2260 Ecelesiam.
1411 2202 1564 2259 Unde
1595 2202 1888 2273 dicitApo-

301 2296 474 2351 stolas
501 2296 568 2351 de
592 2296 844 2365 episcopo
881 2295 1223 2351 ordinando:
1267 2292 1481 2366 Oportet
1533 2297 1689 2348 etiam
1740 2293 1891 2348 illum

300 2388 651 2442 testimonium
699 2387 889 2442 habere
942 2386 1133 2441 bonum
1185 2386 1250 2440 ab
1306 2386 1381 2440 eis
1447 2385 1538 2456 qui
1589 2385 1719 2455 foris
1769 2392 1891 2440 sunt

302 2476 358 2552 (I
382 2477 518 2534 Tim
547 2478 665 2554 Ill);
702 2479 795 2549 qui
820 2478 949 2534 licet
976 2493 1168 2548 parum
1196 2477 1432 2548 sapiant,
1455 2476 1690 2532 reddunt
1710 2484 1890 2532 tamen

298 2568 621 2641 plerumque
645 2569 818 2625 labori
844 2584 1055 2635 eorum,
1075 2583 1176 2639 per
1198 2583 1335 2638 quos
1359 2568 1463 2623 sibi
1490 2567 1811 2633 consulitur,
1836 2574 1893 2623 et

301 2660 645 2732 splendorem
700 2660 877 2717 laudis
903 2702 917 2728 ,
965 2669 1022 2716 et
1067 2661 1331 2716 honorem
1382 2659 1538 2715 home
1596 2659 1888 2729 opinionis.

302 2752 499 2809 Herba:
524 2762 725 2810 acterna
761 2751 997 2825 paradisi
1031 2750 1279 2807 viriditas
1323 2759 1379 2806 et
1420 2758 1729 2806 sanctarum
1777 2750 1893 2806 ani-

302 2859 515 2900 marum
568 2859 770 2915 pascua
801 2863 814 2899 :
848 2852 909 2898 ut
950 2843 1006 2898 in
1051 2842 1343 2914 Evangelio
1374 2860 1389 2898 :
1424 2840 1484 2897 Si
1517 2843 1636 2915 quis
1675 2859 1767 2914 per
1810 2859 1891 2898 me

301 2928 929 3004 introierit,salvabitur;
976 2946 1024 2991 et
1045 2936 1368 3007 ingredietur
1405 2943 1456 2990 et
1494 2935 1811 3007 egredietur,
1843 2943 1892 2990 et

299 3047 498 3104 pascua
531 3030 753 3086 inveniet
785 3029 969 3102 (Joan.
1002 3030 1081 3103 χ).
1125 3029 1193 3085 Ει
1246 3040 1345 3101 per
1389 3029 1731 3085 Ezechielem
1766 3046 1779 3083 :
1824 3027 1893 3083 In

301 3121 564 3178 montibus
588 3121 805 3178 excelsis
829 3121 1024 3189 Israel,
1051 3121 1140 3177 ubi
1174 3110 1498 3193 pascaineas
1525 3124 1579 3178 in
1608 3122 1779 3177 herbis
1815 3122 1893 3177 vi-

302 3212 537 3268 rentibus
564 3210 781 3286 (Ezech.
810 3215 1021 3285 xxxrv).
1065 3212 1133 3267 Et
1179 3198 1594 3280 econtrariti‘de
1637 3212 1890 3267 ariditate

1996 2001 2100 2069 Qui
2120 2005 2361 2074 producit
2382 2005 2438 2059 in
2460 2005 2719 2059 montibus
2751 2006 2928 2076 fenum
2956 2003 3347 2078 (Psal.cxmn).
3376 2005 3581 2060 Fenuln

1991 2103 2326 2164 peccatores,
2365 2105 2423 2151 ut
2462 2097 2517 2150 in
2546 2096 2834 2167 Evangelio
2870 2115 2883 2150 :
2920 2097 2981 2153 Si
3025 2099 3161 2151 enim
3208 2097 3417 2166 fenum,
3442 2097 3583 2169 quod

1994 2184 2148 2239 hodie
2167 2186 2222 2239 in
2247 2202 2375 2256 agro
2402 2197 2495 2251 est,
2513 2197 2561 2240 et
2590 2204 2707 2241 cras
2728 2187 2783 2241 in
2804 2187 3065 2241 clibanum
3093 2188 3317 2241 mittitur
3348 2186 3579 2260 (Matth.

1992 2291 2045 2331 vt
2062 2274 2101 2338 ).
2135 2274 2294 2332 Olera
2324 2277 2467 2332 enim
2489 2276 2559 2331 ab
2582 2276 2686 2331 olla
2714 2278 2856 2331 dicta
2879 2284 3025 2343 sunt,
3057 2277 3148 2331 ubi
3174 2276 3398 2332 collecta
3424 2276 3585 2333 deco-

1994 2378 2237 2437 quuntur
2279 2379 2648 2439 :quapropter
2673 2367 2856 2423 fenum
2885 2368 3066 2422 mundi
3120 2362 3394 2423 nobilibus
3436 2384 3582 2424 com-

1992 2476 2270 2530 paremus,
2288 2461 2379 2531 qui
2405 2469 2459 2517 et
2480 2460 2641 2517 facile
2666 2461 2975 2531 proﬁciunt,
2993 2469 3048 2517 et
3077 2459 3366 2517 viriditatis
3388 2475 3583 2533 magna

1993 2551 2146 2621 quasi
2176 2552 2349 2620 gratia
2376 2550 2698 2606 vestiuntur.
2736 2550 2893 2607 Olera
2938 2550 3250 2617 herbarum,
3280 2551 3585 2608 mediocres

1990 2652 2263 2716 ponantur
2288 2654 2343 2699 et
2386 2643 2638 2709 humiles,
2682 2658 2802 2723 qua:
2843 2658 2941 2714 per
2986 2643 3104 2699 loca
3159 2642 3379 2709 inculta,
3426 2641 3584 2713 copia

1994 2735 2313 2809 pullulante,
2339 2743 2704 2808 consurgunt,
2737 2744 2791 2791 et
2825 2744 3034 2791 naturae
3064 2751 3175 2791 sum
3203 2743 3474 2807 agrestem
3502 2742 3585 2789 at—

1995 2842 2102 2896 que
2132 2825 2400 2897 hispidam
2429 2826 2665 2882 retinent
2691 2826 3029 2896 qualitatem.
3062 2824 3170 2882 Sed
3216 2835 3273 2883 et
3319 2824 3450 2882 illud
3492 2838 3589 2883 ve-

1995 2917 2190 2975 lociter
2214 2918 2453 2975 arescit:
2484 2925 2540 2974 et
2563 2918 2667 2974 ista
2702 2918 2811 2974 cito
2837 2918 3110 2973 decidunt.

2578 3032 2852 3091 CAPUT
2889 3032 2992 3089 IX.

2610 3105 2686 3160 De
2715 3104 2963 3159 oleribus.
3572 3168 3575 3171 _

2064 3195 2269 3253 Hortus
2296 3196 2606 3252 nominatur
2625 3196 2769 3267 quod
2794 3210 3006 3266 semper
3031 3194 3105 3250 ibi
3128 3192 3331 3265 aliquid
3350 3192 3582 3249 oriatur.

305 3304 506 3360 mentis
524 3282 636 3361 sua:
661 3306 727 3361 de
750 3302 952 3362 Iudaeis
974 3282 1074 3377 per
1104 3303 1432 3361 Hieremiam
1463 3305 1661 3361 dicitur
1693 3322 1706 3358 :
1735 3303 1891 3374 Defe-
1921 3282 1967 3346 (ἶ
1999 3286 2134 3343 Nam
2159 3305 2283 3345 cum
2313 3288 2419 3343 alia
2447 3297 2594 3344 ιθιτεὶ
2634 3287 2803 3343 εθιηθι
2840 3288 2894 3342 in
2945 3304 3089 3343 anno
3139 3286 3341 3358 aliqum
3376 3287 3584 3359 Signat:

304 3405 486 3452 serunt
512 3397 651 3452 oculi
675 3414 878 3467 eorum,
908 3398 1033 3470 quia
1075 3414 1180 3453 non
1217 3407 1328 3452 erat
1370 3397 1529 3453 herba
1577 3395 1712 3469 (Jer.
1755 3396 1892 3469 xiv).

304 3487 486 3546 Herba
513 3490 627 3546 vita
644 3489 828 3547 carnis
852 3496 958 3556 εει,
986 3496 1048 3545 ιιι
1076 3490 1131 3544 in
1168 3487 1270 3546 Job
1295 3503 1395 3560 pro
1425 3489 1639 3544 diabolo
1691 3506 1705 3543 :
1753 3486 1894 3542 Huic

303 3590 527 3649 montes,
574 3581 681 3637 hoc
734 3588 838 3648 est,
886 3580 1151 3636 luxuriosi
1194 3580 1391 3636 divites
1414 3620 1429 3646 ,
1490 3579 1674 3634 herbas
1718 3578 1894 3650 ferunt

304 3670 452 3743 (Job.
499 3668 613 3743 XL).
644 3669 823 3725 Herba
855 3670 967 3724 vita
1023 3668 1358 3736 mortalium,
1404 3677 1464 3724 ut
1524 3667 1580 3722 in
1634 3667 1888 3738 psalmo:

303 3763 468 3820 Hane
486 3764 621 3819 sicut
638 3763 799 3817 herba
821 3770 1054 3816 transeat
1077 3759 1250 3833 (Psal.
1266 3761 1513 3832 uxxrx).
1537 3760 1760 3815 Pratum
1787 3768 1892 3825 est,

1997 3379 2188 3436 hortus
2214 3396 2489 3451 nunquam
2520 3381 2639 3435 sine
2663 3379 2840 3435 fructu
2869 3388 2971 3435 εει.
3002 3378 3132 3436 Olus
3162 3378 3231 3434 ab
3266 3377 3458 3435 alendo
3500 3379 3584 3435 di—

1997 3482 2164 3540 ctum,
2192 3489 2259 3530 eo
2279 3474 2425 3545 quod
2449 3474 2685 3545 primum
2729 3474 2977 3529 homines
3024 3473 3263 3530 oleribus
3286 3472 3586 3539 alerentur,

1997 3572 2287 3636 antequam
2329 3564 2514 3637 fruges
2550 3573 2605 3620 ει
2638 3580 2831 3621 carnes
2870 3566 3115 3621 ederent.
3158 3564 3391 3619 Tantum
3439 3564 3586 3620 enim

1994 3658 2173 3726 pomis
2200 3657 2451 3712 arborum
2480 3666 2535 3712 et
2557 3656 2793 3713 oleribus
2813 3657 3118 3723 alebantur,
3144 3657 3285 3712 sicut
3328 3655 3586 3711 animalia

1997 3745 2203 3801 herbis.
2234 3745 2436 3802 Hortus
2460 3747 2606 3803 enim
2654 3756 2897 3803 sanctam
2942 3747 3211 3818 signiﬁcat
3261 3745 3584 3813 Ecclesiam,

303 3854 463 3927 cujus
490 3851 622 3910 freni
652 3842 811 3924 cepia
849 3859 1096 3908 armenta
1145 3859 1368 3908 tuetur:
1404 3851 1490 3907 cui
1528 3860 1742 3906 veteres
1786 3849 1894 3905 Ro-

2000 3836 2053 3890 in
2105 3852 2211 3906 qua
2268 3838 2433 3893 varia:
2474 3839 2681 3910 species
2733 3839 2996 3894 virtutum
3059 3839 3370 3910 gignuntur.
3428 3838 3586 3896 Unde

305 3924 455 4003 mani
482 3961 680 4002 nomen
707 3944 1018 4002 indiderunt
1045 3944 1114 4000 ab
1152 3957 1217 4000 eo
1250 3943 1394 4013 quod
1421 3943 1669 4015 protinus
1693 3941 1766 3997 sit
1791 3955 1894 4012 pa-t

2000 3924 2242 3996 Sponsus
2269 3926 2336 3982 de
2382 3942 2579 3999 sponsa
2628 3927 2760 3983 dicit
2792 3946 2806 3982 :
2842 3927 3044 3984 Hortus
3092 3927 3587 4005 conclusushsoror

307 4048 480 4106 talus,
534 4054 636 4095 nec
685 4052 943 4111 magnum
989 4035 1232 4093 laborem
1286 4034 1514 4092 cultum
1568 4035 1837 4091 desidere;
1876 4052 1890 4091 ε
1993 4037 2110 4078 mea
2131 4022 2559 4092 sponsa:hortus
2581 4021 2878 4089 conclusus,
2892 4023 3011 4094 fons
3031 4025 3269 4094 signatus
3292 4024 3584 4099 (Cant.tv).

303 4139 463 4203 prata
486 4138 666 4187 autem
697 4144 817 4185 esse
856 4143 978 4200 qua:
1016 4127 1191 4184 secari
1226 4135 1471 4198 possunt.
1523 4126 1744 4182 Pratum
1773 4142 1892 4198 my-
1995 4115 2196 4173 Hortus
2219 4116 2523 4183 conclusus,
2548 4116 2792 4174 Ecclesia
2816 4125 2903 4173 est
2925 4136 2937 4172 :
2962 4118 3088 4189 quia
3110 4117 3406 4175 multifaria
3428 4120 3589 4191 spiri-

307 4220 442 4280 stice
469 4219 691 4292 intelligi
738 4227 919 4290 potest
975 4227 1163 4274 sancta
1191 4217 1453 4286 Ecclesia,
1482 4217 1569 4273 vel
1609 4216 1893 4289 Scriptura
1996 4209 2186 4265 talium
2212 4223 2436 4279 Operam
2473 4209 2718 4280 germina
2763 4210 2947 4282 gignat
2980 4227 2992 4264 :
3028 4209 3149 4287 fons
3195 4219 3297 4277 est,
3325 4212 3453 4283 quia
3495 4213 3591 4269 do-

306 4326 486 4379 sacra,
521 4313 576 4368 in
606 4313 802 4383 quibus
845 4310 1004 4367 ﬂores
1048 4310 1388 4367 diversarum
1432 4311 1694 4366 virtutum
1740 4324 1893 4381 repe-
1995 4302 2172 4358 ctrina
2226 4301 2452 4357 salutari
2500 4302 2786 4358 redundat.
2834 4300 3157 4375 Conclusus,
3199 4303 3327 4374 quia
3373 4304 3588 4360 Domini

308 4404 545 4471 riuntur,
568 4412 623 4458 et
645 4412 832 4475 pastus
855 4403 1114 4474 spiritalis
1143 4403 1247 4473 piis
1271 4402 1615 4469 animalibus,
1650 4403 1754 4458 hoc
1784 4411 1890 4469 est,
1994 4394 2331 4465 Ρνοιϐοῑίοῐιε
2352 4403 2514 4449 uncta
2539 4393 2796 4464 persistat
2827 4411 2841 4449 :
2877 4394 3123 4466 signatus
3159 4409 3413 4451 sermone
3440 4395 3586 4450 ﬁdei.

310 4496 559 4553 ﬁdelibus
606 4495 914 4553 hominibus
963 4505 1317 4569 praeparatur.
1376 4495 1531 4552 Unde
1579 4510 1778 4566 sponsa
1834 4494 1891 4549 in
1995 4486 2125 4542 Item
2147 4486 2307 4540 aliam
2340 4484 2792 4557 significationem
2814 4484 2979 4541 habet
3006 4486 3196 4571 hortus
3222 4485 3278 4541 in
3306 4487 3411 4541 hoc
3439 4484 3589 4541 testi-

309 4588 536 4645 Cantico
580 4587 916 4643 canticorum
961 4587 1093 4643 dicit
1136 4604 1150 4641 :
1209 4584 1396 4640 Floras
1437 4595 1791 4656 apparuerunt
1834 4585 1893 4641 in
1919 4633 1970 4656 ἢ
1997 4579 2181 4634 monio
2206 4578 2329 4633 libri
2358 4578 2590 4649 Regum,
2616 4578 2707 4634 ubi
2738 4586 2943 4645 narrat,
2976 4581 3121 4650 quod
3148 4579 3337 4635 Achab
3366 4595 3459 4634 rex
3508 4579 3590 4634 di-

310 4688 455 4749 terra
486 4673 662 4751 (Cant.
695 4676 779 4750 u),
800 4677 854 4733 id
877 4685 980 4744 est,
1011 4678 1066 4733 in
1090 4676 1203 4732 otio
1228 4676 1353 4730 ﬁdei
1381 4685 1436 4730 et
1456 4673 1667 4744 justitia
1698 4675 1895 4731 ﬂorue-
1921 4668 1971 4692 ¹¹
1998 4680 2148 4726 ceret
2174 4672 2240 4725 ad
2296 4669 2509 4726 Nahoth
2561 4668 2945 4726 Jezrahelitam
3006 4689 3019 4726 :
3063 4671 3147 4725 Da
3197 4671 3327 4725 mihi
3381 4672 3589 4725 vineam

308 4779 442 4829 runt
483 4770 536 4826 in
574 4770 794 4837 mundo,
844 4776 1125 4826 crescente
1151 4766 1412 4824 Ecclesia.
1442 4764 1582 4821 Hinc
1617 4766 1745 4821 item
1778 4766 1893 4836 ipsa
1999 4770 2166 4824 ιιιαηι,
2191 4768 2244 4812 ιιι
2260 4758 2456 4828 faciam
2481 4759 2611 4814 mihi
2632 4760 2843 4814 hortum
2865 4760 3231 4829 olerum,quia
3255 4758 3424 4813 vicina
3442 4768 3514 4812 est
3540 4767 3589 4813 et

248 4881 257 4885 ·
310 4864 627 4923 doctoribus
652 4864 785 4920 dicit
814 4880 827 4917 :
862 4861 1070 4918 Fulcite
1097 4878 1177 4916 me
1203 4859 1646 4932 ﬂoribus,stipate
1671 4875 1753 4912 me
1782 4875 1897 4912 ma—
1999 4865 2158 4920 prope
2180 4849 2395 4903 domum
2418 4865 2608 4915 meam,
2626 4856 2733 4904 etc.
2752 4848 2871 4922 (III
2889 4848 3015 4921 Reg.
3038 4847 3177 4919 xxx).
3203 4846 3414 4903 Naboth
3436 4862 3585 4919 ergo,

311 4957 547 5028 lis,quia
574 4973 752 5012 amore
785 4955 1009 5027 langueo
1035 4953 1258 5029 (Ibid.);
1302 4969 1368 5010 ac
1411 4952 1459 5010 si
1489 4952 1694 5009 diceret
1720 4970 1733 5006 :
1763 4967 1896 5007 con-
2002 4942 2094 5013 qui
2148 4943 2535 5014 interpretatur
2582 4942 2923 5013 conspicuus,
2985 4940 3256 5012 signiﬁcat
3300 4938 3587 5029 Dominum

311 5052 565 5110 solamini
591 5066 682 5108 me
706 5049 966 5123 exemplis
1005 5028 1101 5105 seu
1136 5046 1532 5118 incipientium,
1573 5061 1670 5102 seu
1710 5044 1894 5101 termi-

2004 5033 2339 5090 Salvatorem
2365 5033 2456 5105 qui
2484 5041 2568 5089 est
2596 5048 2800 5099 semen,
2828 5032 2970 5103 quod
3000 5032 3384 5100 interpretatur
3403 5028 3589 5085 chm-

311 5143 561 5201 nantium
582 5144 727 5200 viam
746 5143 956 5209 salutis,
981 5142 1110 5198 dum
1137 5141 1312 5197 adhuc
1354 5140 1409 5196 in
1452 5138 1613 5210 hujus
1660 5138 1900 5212 peregri-

312 5236 552 5294 nationis
590 5237 750 5293 ttedio
787 5250 972 5292 amore
1013 5248 1260 5305 supernae
1303 5233 1528 5289 visionis
1584 5232 1897 5303 languesco.

313 5327 475 5384 Prata
500 5326 766 5397 patefacta
783 5334 866 5383 est
891 5323 1172 5395 Scriptura
1196 5324 1395 5391 divina,
1411 5332 1471 5379 ut
1491 5323 1547 5378 in
1575 5322 1899 5379 Salomone:

312 5418 508 5494 Aperta
536 5428 657 5475 sunt
683 5426 859 5490 prata,
881 5424 930 5472 et
967 5423 1221 5489 apparent
1248 5413 1419 5470 herba:
1442 5415 1659 5469 virentes
1713 5411 1900 5486 (Prov.

313 5507 511 5583 xxvn).
527 5507 662 5565 Item
683 5507 737 5564 in
761 5505 955 5563 malam
978 5512 1211 5577 partem,
1234 5513 1294 5559 ut
1314 5504 1371 5560 in
1398 5503 1688 5561 Salomone
1719 5522 1732 5559 :
1763 5503 1903 5559 Nul-

315 5601 428 5658 lum
460 5611 670 5674 pratum
699 5601 786 5667 sit,
814 5598 954 5673 quod
981 5614 1085 5654 non
1117 5605 1442 5669 pertranseat
1479 5594 1693 5651 luxuria
1723 5602 1904 5651 nostra

319 5691 482 5766 (Sap.
521 5692 623 5764 ιι).
664 5691 915 5746 Avena...
958 5687 1237 5744 Lolium...
1265 5686 1485 5742 Zizania
1523 5701 1684 5757 quam
1727 5693 1905 5756 poeta:

317 5797 536 5855 semper
562 5781 747 5839 infelix
772 5778 960 5837 lolium
986 5778 1191 5844 dicunt,
1221 5777 1366 5848 quod
1387 5776 1460 5833 sit
1481 5776 1673 5832 inutile
1694 5783 1749 5831 et
1770 5774 1906 5831 infe-

318 5874 576 5936 cundum.
596 5866 826 5949 Mystice
848 5869 1157 5943 signiﬁcant
1172 5874 1483 5941 peccatores
1503 5876 1557 5924 et
1579 5865 1733 5933 vitia,
1766 5865 1905 5925 unde

2000 5127 2109 5194 hel,
2140 5128 2267 5198 quia
2293 5142 2453 5184 verus
2474 5123 2753 5181 csuFilius
2805 5125 2901 5179 Dei
2936 5142 2949 5177 :
2979 5124 3069 5179 hic
3115 5122 3302 5178 habuit
3349 5121 3587 5186 vineam,

2002 5221 2072 5277 de
2100 5236 2207 5291 qua
2251 5220 2306 5275 in
2334 5218 2471 5275 Isaia
2501 5218 2761 5287 scriptum
2804 5223 2888 5272 est
2922 5233 2935 5270 :
2990 5213 3154 5270 Vinea
3188 5212 3325 5269 enim
3374 5212 3588 5267 Domini

2007 5310 2240 5368 Sabaoth
2267 5309 2456 5366 domus
2478 5307 2649 5363 Israel
2682 5317 2757 5362 est
2798 5305 3026 5379 (Isa.v).
3072 5305 3224 5362 Hanc
3279 5302 3591 5374 concupivit

2005 5403 2216 5470 Achab,
2237 5401 2331 5474 qui
2356 5401 2745 5471 interpretatur
2781 5399 2947 5470 frater
2976 5399 3162 5471 patris,
3189 5398 3419 5470 populus
3442 5397 3591 5452 vide-

2007 5496 2137 5552 licet
2176 5492 2454 5561 Judaicus,
2482 5493 2549 5548 de
2597 5507 2706 5562 quo
2752 5490 3000 5548 Christus
3051 5505 3272 5547 carnem
3312 5503 3594 5546 assumere

2010 5589 2259 5660 dignatus
2281 5591 2386 5651 est,
2403 5593 2466 5639 ut
2482 5582 2702 5640 fecisset
2729 5583 2783 5638 in
2798 5597 2861 5639 ea
2882 5582 3098 5639 hortum
3111 5581 3345 5647 olerum,
3377 5579 3482 5635 hoc
3507 5586 3593 5634 est

2012 5690 2072 5737 ut
2102 5680 2196 5737 ubi
2217 5678 2402 5735 vinum
2433 5678 2621 5748 gratia:
2650 5676 2905 5748 spiritalis
2935 5675 3240 5747 germinare
3285 5669 3491 5735 debuit,
3515 5669 3593 5725 ibi

2012 5771 2223 5846 fragilia
2256 5785 2482 5843 quaeque
2512 5770 2762 5841 dogmata
2788 5784 2887 5839 per
2921 5766 3289 5822 Pharisaicam
3325 5758 3592 5835 supersti-

2015 5867 2214 5925 tionem
2238 5862 2679 5935 transplantaret.
2710 5860 2818 5921 Sed
2842 5858 3054 5920 Naboth
3075 5858 3216 5914 hanc
3232 5857 3447 5914 vineam
3459 5853 3593 5914 dare
