4038 6324
456 400 552 457 551

1104 399 1166 453 Β.
1210 397 1464 455 RABANI
1499 397 1719 457 HAURI
1752 394 2075 455 ARCHIEP.
2116 393 2427 454 IOGUNT.
2462 391 2750 451 OPERUI
2786 390 2969 448 PARS
3006 391 3071 446 II.

3616 387 3732 444 Εὕα

442 511 683 577 .nolenti,
710 511 767 566 id
795 517 911 575 εει,
934 510 1157 566 Christo
1198 510 1599 567 Pharisaeorum
1647 510 2039 583 superstitioni-
2066 512 2117 574 Α
2144 509 2489 566 comederent
2514 523 2637 563 cum
2670 506 2808 562 assis
2840 506 2967 577 agni
2992 505 3266 561 carnibus.
3304 502 3557 559 Lactuca:
3593 517 3732 559 vero

453 602 561 660 bus
576 617 683 657 non
710 600 1082 671 consentienti
1135 601 1299 672 impia
1342 617 1480 658 uxor
1521 600 1764 669 Iezabel,
1811 602 1914 657 hoc
1956 609 2039 656 εει

453 703 731 763 synagoga
769 686 1105 755 Iudaeorum,
1158 691 1463 745 machinata
1508 699 1595 747 est
1643 698 1873 746 mortem
1901 689 2035 760 ejus.

454 777 660 837 Hortus
685 779 933 835 internas
953 779 1175 837 delicias
1192 781 1431 852 paradisi
1454 780 1727 854 signiﬁcat
1749 799 1762 835 :
1793 781 1936 837 unde
1957 780 2041 836 di-

456 869 600 926 citur
621 884 637 924 :
653 869 805 927 Intra
820 870 1028 925 hortum
1048 887 1240 937 meum,
1261 888 1413 927 soror
1430 888 1547 926 mea
1563 889 1752 943 sponsa
1768 871 1943 943 (Cant.
1960 871 2035 943 v).

454 957 592 1016 Item
620 959 811 1017 hortus
840 968 925 1016 est
960 960 1188 1030 populus
1211 958 1542 1028 Iudaeorum,
1571 960 1639 1017 de
1666 978 1775 1033 quo
1797 962 1992 1017 dicitur
2020 976 2036 1016 :

456 1049 693 1106 Dilectus
714 1068 857 1127 meus
881 1051 1144 1107 descendit
1170 1054 1226 1107 in
1248 1053 1456 1109 hortum
1487 1070 1641 1108 suum
1681 1054 1753 1109 ad
1806 1053 2040 1109 areolam

459 1151 755 1197 aromatum
779 1140 954 1214 (Cant.
981 1142 1080 1214 vr).
1109 1141 1345 1199 Rursum
1374 1145 1566 1200 hortus
1591 1146 1835 1214 quasdam
1873 1145 2042 1215 hypo-

455 1235 717 1289 critarum
744 1234 1034 1302 simulatio,
1064 1244 1124 1290 ut
1152 1236 1205 1291 in
1226 1236 1363 1291 Isaia
1397 1256 1409 1290 :
1442 1239 1543 1309 qui-
1560 1238 1781 1292 mundos
1805 1254 1859 1291 se
1890 1247 2042 1307 puta-

457 1322 580 1377 bant
600 1326 656 1379 in
674 1325 838 1380 hortis
865 1323 1185 1400 (hmani).
1212 1327 1407 1383 Areola
1433 1329 1589 1398 virgo
1621 1328 1790 1383 Maria
1823 1329 1877 1382 in
1906 1326 2045 1383 Can-

455 1414 566 1471 tico
595 1417 931 1481 canticorum
968 1436 981 1471 :
1013 1414 1248 1474 Dilectus
1284 1437 1428 1475 meus
1465 1420 1698 1475 ascendit
1728 1420 1798 1473 ad
1834 1420 2045 1474 hortum

453 1523 631 1575 suum,
659 1508 729 1562 ad
759 1509 991 1564 areolam
1010 1512 1262 1566 aromatis
1302 1508 1479 1583 (Cant.
1504 1511 1601 1584 vr).
1631 1510 1842 1568 Areolte
1878 1511 2043 1567 corda

455 1606 792 1667 sanctorum,
822 1600 1083 1655 virtutum
1107 1602 1273 1657 odore
1296 1583 1615 1674 fragrantes,
1643 1603 1732 1658 ubi
1757 1611 1813 1658 et
1833 1617 2035 1673 supra:

454 1688 659 1744 Areolw
682 1702 978 1747 aromatum
1016 1695 1233 1749 consita:
1280 1713 1313 1749 a
1357 1696 1715 1765 pigmentariis
1762 1694 1939 1768 (Cant.
1964 1694 2042 1768 ν).

455 1779 606 1846 Olus,
621 1781 846 1849 simplex
869 1790 952 1838 est
972 1792 1029 1838 et
1050 1792 1236 1854 aperta
1255 1785 1585 1855 pradicatio,
1604 1794 1664 1839 ut
1686 1786 1739 1840 in
1754 1784 2041 1857 Apostolo:

2140 609 2383 674 agrestes
2406 598 2562 654 valde
2592 613 2791 654 amara:
2823 605 2949 653 sunt
2981 615 2994 651 :
3034 611 3228 652 carnes
3254 608 3381 650 vero
3430 594 3555 665 agni
3600 609 3732 649 cum

2138 692 2368 750 lactucis
2398 689 2706 763 agrestibus
2732 697 2859 746 sunt
2882 688 3122 753 edenda,
3152 694 3214 742 ut
3238 702 3361 742 cum
3387 700 3584 756 corpus
3623 684 3737 742 Re-

2139 783 2436 854 demptoris
2477 781 2809 852 accipimus,
2853 795 2952 836 nos
2996 794 3099 851 pro
3138 777 3378 851 peccatis
3421 778 3629 833 matris
3672 778 3737 834 in

2136 872 2354 930 fletibus
2373 871 2693 943 allligamus,
2724 878 2991 943 quatenus
3031 869 3147 940 ipsa
3199 868 3508 925 amaritudo
3552 866 3736 939 potni-

2141 967 2329 1023 tentiat
2352 966 2628 1036 abstergat
2653 980 2685 1020 a
2714 964 2912 1020 mentis
2939 962 3225 1031 stomacho
3270 974 3544 1033 perversa:
3587 973 3740 1014 amo-

2139 1074 2257 1117 rem
2284 1059 2426 1113 vitaz.
2452 1057 2785 1114 Cucumeres
2808 1056 2952 1127 quod
2978 1056 3089 1115 sint
3110 1054 3382 1110 interdum
3411 1052 3613 1119 amari,
3638 1051 3737 1122 qui

2142 1150 2327 1208 dulces
2388 1149 2538 1205 nasci
2585 1150 2974 1220 perhibentur,
3007 1148 3056 1204 si
3103 1147 3247 1203 lacte
3298 1146 3504 1202 mellito
3539 1160 3739 1201 eorum

2143 1257 2328 1298 semen
2356 1239 2686 1295 infundatur.
2718 1240 2797 1295 De
2832 1238 3216 1295 cucumerihus
3251 1245 3307 1291 et
3347 1237 3647 1308 pepouibus
3680 1235 3741 1289 in

2143 1329 2514 1387 Pentateucho
2540 1330 2756 1403 legitur,
2791 1331 2936 1402 quod
2964 1346 3059 1387 eos
3099 1330 3195 1385 ﬁlii
3241 1327 3408 1384 Israel
3433 1327 3744 1398 'concupie-

2144 1429 2302 1487 runt,
2332 1431 2651 1493 spernentes
2694 1438 2892 1478 manna
2924 1439 2940 1478 :
2974 1422 3120 1478 sicut
3151 1420 3591 1490 concupiscentia
3617 1435 3744 1474 car-

2146 1512 2285 1567 nalis
2314 1512 2523 1568 fastidit
2546 1513 2726 1568 cibum
2750 1513 3069 1584 spiritalem,
3095 1521 3150 1568 et
3186 1512 3392 1583 spernit
3440 1527 3586 1566 eum.
3632 1510 3743 1565 Cu-

2087 1661 2095 1667 ,
2148 1604 2360 1660 curbita
2390 1604 2558 1659 herba
2603 1612 2685 1661 est
2730 1604 2910 1660 alieno
2956 1620 3120 1676 egens
3165 1604 3582 1660 sustentaculo:
3619 1616 3745 1673 qua:

2150 1693 2418 1765 signiﬁcat
2448 1694 2693 1751 infirmos
2721 1708 2966 1766 quosque
3005 1703 3061 1750 et
3089 1694 3352 1759 indoctos,
3377 1694 3469 1764 qui
3509 1692 3741 1748 aliorum

2150 1783 2397 1855 indigent
2433 1786 2649 1851 solatio,
2695 1801 2803 1856 quo
2848 1784 3163 1852 fulciantur,
3209 1800 3278 1840 ne
3330 1791 3606 1841 corruant.
3667 1782 3744 1837 De

459 1870 563 1938 Qui
589 1873 830 1942 inﬁrmus
870 1884 979 1941 est,
1004 1877 1149 1930 olera
1186 1877 1467 1934 manducet
1516 1876 1691 1950 (Rom.
1734 1877 1872 1951 xiv).
1915 1877 2046 1936 Olus
2072 1867 2121 1929 B
2149 1875 2443 1933 cucurbitis
2470 1877 2522 1932 in
2544 1876 2679 1933 Iona
2709 1879 2973 1948 propheta
3000 1877 3194 1948 legitur
3226 1874 3374 1950 (Jan.
3407 1874 3506 1948 ιν).
3531 1873 3733 1945 Apium

457 1964 741 2019 minimum
782 1967 1027 2036 operatio
1067 1968 1229 2035 bona,
1254 1985 1322 2026 ex
1350 1986 1455 2040 qua
1495 1972 1716 2041 quidam
1746 1972 2044 2043 hypocrita!

458 2055 768 2111 hominibus
811 2057 1025 2127 placere
1082 2060 1322 2129 student,
1364 2070 1426 2116 ut
1470 2062 1524 2116 in
1573 2063 1911 2134 Evangelia:
1954 2062 2045 2118 Vte

455 2145 619 2210 vobis,
651 2144 912 2203 Pharisaei
940 2151 1222 2221 hypocrita:
1244 2168 1263 2206 :
1287 2154 1378 2218 qui
1414 2152 1687 2208 deeimatis
1725 2163 1954 2208 mentum
1996 2163 2044 2208 et

457 2238 730 2306 anethum,
756 2243 1021 2312 cyminum
1042 2252 1091 2298 et
1124 2261 1274 2299 omne
1298 2245 1411 2300 olus
1443 2245 1658 2316 (Matth.
1684 2247 1862 2319 mu).
1903 2247 2047 2317 Cepe

456 2339 515 2388 et
546 2331 672 2388 allia
697 2336 1099 2405 corruptionem
1143 2337 1363 2403 mentis,
1396 2346 1450 2393 et
1486 2339 1793 2395 acredinem
1837 2340 2045 2410 peccati

455 2423 786 2494 signiﬁcant,
819 2442 941 2497 qua:
974 2437 1178 2498 quanto
1200 2429 1431 2500 amplius
1460 2430 1716 2496 eduntur,
1746 2438 1898 2486 tanto
1930 2447 2046 2486 ma-

457 2516 542 2586 gis
570 2515 754 2572 dolore
780 2519 1030 2574 cruciant
1063 2538 1076 2573 z
1111 2520 1252 2576 unde
1301 2529 1356 2574 et
1398 2521 1452 2576 in
1503 2520 1864 2577 Numerorum
1908 2523 2047 2578 libro

457 2606 555 2661 ﬁlii
581 2606 748 2664 Israel
782 2619 1185 2666 murmurantes
1206 2612 1457 2683 leguntur
1479 2613 1713 2669 dixisse:
1732 2613 1799 2668 In
1825 2624 2048 2670 mentem

456 2696 670 2753 ueniunt
710 2698 857 2752 nobis
885 2716 1201 2765 cucumeres,
1223 2712 1272 2756 et
1303 2719 1545 2773 pepones,
1562 2707 1807 2776 porrique
1828 2714 1876 2759 et
1903 2720 2045 2772 cepe,

457 2794 506 2838 et
529 2783 678 2838 allia.
706 2785 897 2840 Anima
920 2798 1098 2843 nostra
1127 2791 1281 2845 arida
1300 2802 1373 2845 est
1399 2793 1566 2847 :nihil
1586 2793 1735 2848 aliud
1766 2796 2045 2865 respiciunt

459 2874 600 2929 oculi
622 2878 808 2941 nostri,
824 2878 926 2932 nisi
946 2896 1141 2934 manna
1167 2879 1244 2953 (Ν
1250 2898 1358 2935 um.
1375 2881 1476 2954 xu).
1506 2883 1724 2954 Sinapis
1747 2885 2048 2954 appellatur

457 2968 604 3038 quod
638 2968 795 3024 foliis
815 2970 887 3025 sit
915 2972 1106 3028 similis
1137 2974 1308 3043 napis.
1340 2973 1465 3030 Haec
1498 2976 1665 3031 herba
1697 2977 1926 3048 mystice
1968 2978 2045 3032 si-

457 3056 680 3128 gniﬁcat
736 3059 1088 3131 Evangelium
1148 3062 1372 3131 Christi,
1428 3067 1568 3121 sicut
1621 3068 1735 3137 ipse
1786 3068 2048 3124 Dominus

457 3147 698 3203 ostendit
721 3149 907 3205 dicens
934 3170 947 3204 :
979 3151 1164 3209 Simile
1201 3163 1276 3209 est
1320 3172 1534 3227 regnum
1586 3157 1832 3212 calorum
1880 3173 2047 3228 grano

2151 1966 2378 2034 dictum,
2398 1969 2542 2037 quod
2565 1984 2629 2023 ex
2661 1983 2725 2023 eo
2755 1983 2913 2038 apex,
2943 1966 3000 2023 id
3046 1975 3151 2033 est,
3184 1974 3346 2035 caput
3393 1964 3742 2034 antiquorum

2152 2060 2599 2130 triumphantium
2628 2060 3010 2116 coronabatur.
3059 2058 3323 2114 Hercules
3367 2066 3546 2113 autem
3593 2055 3743 2110 hanc

2151 2151 2374 2207 herbam
2402 2152 2610 2221 primus
2632 2151 2795 2223 capiti
2827 2150 3161 2206 circumtulit
3193 2168 3205 2204 :
3239 2165 3364 2204 nam
3396 2163 3541 2203 nunc
3566 2161 3745 2217 popu-

2150 2247 2262 2303 lum
2290 2247 2467 2318 capite
2497 2246 2840 2318 praeferebat,
2855 2261 2999 2301 nunc
3027 2244 3343 2309 oleastrum,
3372 2256 3515 2297 nunc
3534 2241 3743 2312 apium,

2151 2338 2306 2408 cujus
2334 2338 2543 2394 radices
2570 2336 2862 2393 ellicaciter
2898 2344 3139 2408 pugnant
3178 2344 3367 2391 contra
3395 2333 3620 2388 insidias
3647 2347 3743 2386 ve-

2149 2444 2415 2486 nenorum
2444 2444 2457 2482 :
2486 2428 2603 2497 ejus
2629 2429 2845 2500 generis
2870 2436 2996 2482 sunt
3026 2426 3419 2497 pelroselinou,
3446 2422 3746 2513 hiwoseli-

2151 2537 2260 2578 non
2286 2531 2343 2578 et
2364 2522 2713 2578 oleoselinon.
2761 2519 3138 2578 Petroselinon
3185 2527 3460 2585 vocatum,
3485 2517 3629 2587 quod
3673 2517 3747 2571 sit

2151 2616 2328 2672 simile
2372 2616 2494 2686 apio
2521 2625 2576 2671 et
2602 2623 2858 2671 nascatur
2885 2615 2939 2670 in
2972 2614 3142 2685 petris
3193 2611 3573 2681 montibusque
3598 2625 3744 2681 pra:-

2152 2708 2329 2778 ruptis
2358 2726 2371 2761 :
2401 2708 2544 2778 quod
2570 2724 2668 2763 nos
2690 2706 2994 2778 petrapium
3022 2706 3205 2760 dicere
3242 2718 3548 2773 possumus.
3596 2700 3740 2756 Seli-

2152 2812 2261 2853 non
2289 2797 2432 2851 enim
2457 2796 2645 2853 Graece
2672 2797 2854 2867 apium
2883 2796 3103 2860 dicitur,
3133 2794 3229 2850 sed
3257 2802 3341 2850 est
3380 2807 3648 2848 summum
3678 2806 3745 2846 ac

2151 2889 2430 2960 probabile
2448 2886 2872 2952 Macedonicum,
2889 2896 3047 2961 gustu
3069 2901 3255 2953 suave,
3270 2894 3323 2942 et
3349 2886 3515 2942 odore
3534 2900 3746 2939 aroma-

2153 2980 2282 3036 tico.
2315 2980 2631 3036 Feniculum
2651 2980 2831 3036 Latini
2860 2988 3072 3045 vocant,
3106 2979 3249 3050 quod
3287 2975 3405 3047 ejus
3442 2975 3613 3047 thyrsi
3646 2990 3744 3031 seu

2152 3073 2352 3129 radicis
2380 3090 2575 3130 succus
2618 3084 2779 3131 acuat
2822 3076 3019 3141 visum,
3070 3074 3224 3146 cujus
3265 3073 3437 3128 virtus
3489 3069 3741 3133 traditur,

2152 3174 2213 3220 ut
2236 3176 2516 3237 serpentes
2544 3183 2777 3224 annnam
2832 3175 3167 3225 senectutem
3213 3164 3330 3234 ejus
3371 3171 3532 3235 gustu
3578 3162 3744 3231 depo-

455 3241 676 3312 sinapis,
698 3252 803 3298 etc.
828 3243 1042 3316 (Matth.
1068 3247 1188 3321 xm)
1226 3266 1239 3303 :
1272 3252 1413 3319 quod
1439 3250 1496 3305 in
1515 3251 1678 3306 corde
1703 3250 2038 3308 credentium
2067 3246 2113 3309 C
2144 3258 2430 3313 nant:hoc
2449 3259 2569 3315 olus
2603 3258 2773 3316 Grazci
2799 3258 3115 3313 marathron
3144 3264 3359 3323 vocant.
3390 3253 3526 3321 Quid
3559 3260 3744 3307 autem

458 3333 783 3393 seminatum
811 3337 1101 3407 germinat,
1125 3349 1172 3394 et
1201 3351 1355 3396 rectae
1376 3342 1503 3411 ﬁdei
1532 3360 1593 3398 ac
1635 3344 1885 3399 bonarum
1927 3361 2048 3415 ope-

458 3438 578 3478 rum
598 3424 797 3495 profert
819 3427 1069 3498 fructum.
1102 3429 1424 3503 Raphanum
1455 3433 1650 3503 Graeci,
1682 3451 1783 3493 nos
1808 3437 2047 3494 radicem

456 3528 736 3583 vocamus,
763 3532 831 3575 eo
857 3522 1002 3591 quod
1042 3530 1186 3579 totus
1223 3526 1477 3582 deorsum
1503 3528 1692 3584 nititur
1718 3548 1730 3583 :
1773 3530 1899 3585 dum
1929 3529 2050 3585 reli-

456 3619 565 3676 qua
591 3606 737 3662 olera
764 3609 815 3664 in
850 3625 1061 3667 summa
1092 3614 1265 3686 magis
1292 3616 1615 3686 prosiliant:
1644 3617 1798 3687 cujus
1839 3619 2047 3674 semine

458 3709 737 3758 macerato
764 3704 1010 3776 quisquis
1051 3722 1177 3763 suas
1228 3725 1418 3765 manus
1456 3710 1723 3776 infecerit,
1769 3719 2047 3783 serpentes

460 3788 682 3860 impune
712 3797 972 3852 tractabit
1002 3815 1016 3852 :
1048 3799 1314 3868 siquidem
1346 3815 1413 3855 es
1438 3801 1610 3871 ipsius
1655 3801 1841 3857 radice
1883 3801 2047 3857 etiam

457 3880 596 3937 ebur
620 3881 866 3952 albescit,
897 3884 951 3941 in
982 3887 1105 3944 cibo
1143 3904 1359 3960 quoque
1387 3890 1613 3945 venenis
1644 3891 1867 3946 resistit.
1910 3888 2047 3945 Nam

456 3986 648 4032 contra
678 3993 887 4034 venena
922 3980 1082 4052 hujus
1109 3982 1341 4049 radices,
1369 3998 1552 4047 nuces,
1584 3982 1775 4052 lupini,
1806 3982 2045 4046 citrium,

444 4069 639 4139 apium
658 4078 887 4139 prosunt
909 4086 926 4138 ;
951 4072 1045 4127 sed
1058 4080 1249 4128 contra
1271 4071 1530 4136 futurum,
1556 4088 1663 4128 non
1684 4080 1873 4128 contra
1895 4086 2048 4127 acce-

457 4168 609 4232 ptum
624 4176 913 4220 venenum.
934 4162 1086 4220 Unde
1108 4173 1164 4219 et
1184 4167 1323 4237 apud
1343 4174 1555 4222 veteres
1575 4165 2048 4235 antealiasepulas

461 4249 579 4305 lucc
606 4248 853 4306 solebant
900 4254 1103 4309 mensis
1151 4270 1443 4325 apponere.
1488 4255 1615 4313 Hmc
1654 4257 2047 4314 continentiam

457 4335 757 4407 figuraliter
777 4348 953 4411 potest
973 4343 1312 4412 exprimere,
1336 4355 1391 4400 et
1434 4346 1720 4413 cautelam,
1752 4362 1873 4417 quae
1918 4345 2050 4402 muL

459 4434 574 4482 tum
602 4428 745 4484 valet
766 4441 954 4486 contra
984 4444 1280 4491 venenatas
1322 4437 1691 4507 suggestiones
1737 4436 1935 4493 diaboli
1994 4445 2050 4492 et

462 4528 653 4575 contra
681 4521 813 4576 vitia
843 4524 1045 4579 carnis.
1081 4524 1319 4581 Lactuca
1357 4525 1503 4581 dicta
1542 4534 1659 4593 est,
1688 4527 1832 4597 quod
1873 4527 2044 4583 abun-

2150 3346 2321 3413 olera,
2354 3364 2474 3418 quae
2504 3358 2694 3406 contra
2724 3363 2988 3404 venenum
3031 3346 3213 3402 valent
3238 3344 3487 3415 'mystice
3531 3340 3741 3413 signiﬁ-

2150 3445 2296 3503 cent,
2322 3436 2437 3507 jam
2468 3438 2714 3509 superius
2742 3436 2946 3492 dictum
2974 3444 3076 3492 est.
3107 3426 3439 3505 Ligusticum
3466 3448 3495 3486 a
3522 3430 3744 3501 regione

2150 3545 2345 3587 nomen
2370 3530 2579 3600 accepit
2606 3548 2618 3584 :
2644 3529 2884 3584 nascitur
2914 3528 3058 3583 enim
3087 3514 3378 3597 plurimum
3410 3520 3464 3578 in
3494 3520 3737 3593 Liguria,

2150 3623 2317 3677 odore
2371 3621 2688 3684 aromatico,
2740 3627 2796 3674 et
2851 3627 3010 3690 gustu
3063 3616 3196 3671 acri.
3246 3608 3606 3670 Corinndrum
3671 3627 3741 3666 ex

2150 3715 2338 3772 Graeco
2370 3714 2587 3770 nomine
2626 3720 2918 3782 sumptum,
2965 3709 3110 3782 quod
3150 3708 3225 3764 illi
3267 3698 3454 3763 corion
3503 3712 3737 3768 vocant,

2149 3805 2303 3876 cujus
2327 3821 2509 3862 semen
2542 3806 2597 3860 in
2626 3804 2768 3861 dulci
2796 3805 2921 3859 vino
2956 3804 3138 3858 datum
3168 3800 3454 3872 proniores
3475 3796 3655 3853 reddit
3683 3794 3739 3853 in

2149 3911 2403 3952 venerem
2436 3914 2450 3949 :
2484 3895 2530 3951 si
2556 3909 2719 3964 supra
2763 3894 2984 3950 modum
3032 3891 3265 3955 dederis,
3297 3888 3592 3944 amentiam
3639 3902 3742 3940 nu-

2150 3988 2287 4043 trit:
2327 4003 2490 4043 cauos
2513 3986 2679 4042 etiam
2700 4001 2767 4041 ex
2790 3984 3077 4040 coriandro
3133 3978 3279 4037 inﬁci
3322 3978 3580 4035 traditum
3630 3982 3738 4032 est.

2149 4078 2371 4151 Legitur
2401 4079 2454 4134 in
2480 4078 2684 4146 Exodo,
2710 4077 2853 4149 quod
2884 4090 3083 4131 manna
3121 4072 3297 4131 simile
3345 4077 3492 4128 esset
3541 4068 3741 4125 semini

2150 4173 2441 4239 coriandri,
2475 4173 2654 4228 album
2682 4182 2738 4228 et
2764 4170 3104 4229 sublucidum
3137 4188 3148 4200 ·
3186 4169 3266 4225 sic
3292 4177 3350 4225 et
3376 4162 3604 4224 verbum
3638 4162 3741 4221 Dei

2151 4265 2453 4322 albedinem
2474 4265 2639 4322 habet
2666 4266 2956 4332 castitatis,
2978 4274 3032 4321 et
3064 4264 3244 4320 lumen
3289 4260 3530 4319 scientia:
3577 4258 3741 4330 spiri-
3772 4262 3783 4269 ’

2150 4354 2273 4415 talis
2298 4371 2313 4410 :
2345 4356 2484 4412 unde
2512 4357 2706 4412 animae
2734 4356 2922 4412 fideles
2949 4356 3188 4427 quotidie
3225 4362 3546 4426 pascuntur.
3592 4350 3738 4406 Ruta

2150 4446 2314 4513 dicta,
2346 4447 2492 4518 quod
2518 4448 2589 4503 sit
2620 4447 3051 4512 ferventissima,
3082 4447 3236 4517 cujus
3280 4440 3451 4500 altera
3501 4441 3742 4514 agrestis

2149 4547 2312 4608 atque
2334 4539 2533 4595 virtute
2558 4538 2758 4604 acrior,
2782 4539 2877 4594 sed
2907 4547 3134 4606 utraque
3163 4535 3561 4591 fcrventissima
3588 4549 3741 4588 com—

460 4610 824 4700 dantialactis
843 4615 1137 4681 exuberet,
1155 4630 1247 4671 seu
1290 4618 1436 4687 quod
1465 4616 1604 4673 lacte
1632 4616 1936 4687 nutrientes
1960 4618 2039 4673 fe-
2066 4603 2121 4663 Ῑ)
2144 4603 2444 4703 ρτόιηιωιε
2476 4631 2616 4687 hanc
2645 4603 2868 4691 venenis
2899 4603 3194 4701 repugnare
3232 4629 3475 4688 ωυειριςθ
3513 4627 3738 4691 dacem,

456 4703 631 4759 minas
655 4690 841 4776 implet
867 4725 879 4761 :
912 4706 1029 4763 haec
1055 4716 1111 4765 et
1139 4708 1192 4763 in
1216 4708 1349 4766 viris
1380 4710 1595 4766 veneris
1626 4725 1781 4765 usum
1802 4719 2036 4767 coercet.

415 4844 423 4849 .
456 4790 689 4871 Lactuca
737 4797 998 4867 agrestis,
1047 4814 1210 4869 quam
1245 4799 1528 4856 sarraliam
1562 4800 1922 4865 nominamus,
1973 4815 2040 4855 eo

458 4883 601 4952 quod
640 4885 857 4941 dorsum
896 4886 1014 4957 ejus
1040 4888 1093 4943 in
1124 4889 1339 4945 modum
1369 4906 1533 4947 serrae
1566 4894 1666 4946 est.
1702 4890 2038 4959 Praeceptum

455 4980 539 5027 est
558 4987 685 5042 ergo
712 4974 837 5032 ﬁliis
862 4974 1048 5045 Israel,
1078 4987 1138 5034 ut
1166 4979 1407 5037 lactucas
1450 4990 1690 5053 agrestes
1737 4981 1790 5036 in
1837 4982 2039 5052 pascha

2147 4739 2268 4794 qua:
2296 4724 2420 4779 dum
2462 4739 2586 4780 cum
2638 4733 2891 4794 serpente
2917 4724 3312 4789 dimicaverint,
3341 4723 3464 4779 cibo
3494 4718 3612 4791 ejus
3644 4736 3739 4776 ar-

2148 4826 2384 4872 mantur.
2414 4817 2537 4873 ﬂare
2578 4818 2737 4874 ﬁdem
2782 4817 2985 4874 Christi
3034 4817 3350 4889 signiﬁcat:
3379 4833 3500 4889 quae
3542 4823 3739 4873 contra

2148 4910 2354 4979 antiqui
2384 4910 2647 4981 serpentis
2668 4924 2873 4966 venena
2901 4909 3194 4980 plurimum
3221 4908 3383 4964 valet.

454 5106 3723 5160 -————___,___.._________.___.____——————-

1622 5230 1931 5313 LIBER
1981 5232 2580 5315 VIGESIMUS.

968 5552 1197 5614 CAPUT
1230 5554 1522 5616 PRIMUM.

1099 5645 1179 5702 De
1214 5646 1381 5704 bellis.

522 5734 735 5792 Primus
765 5734 908 5793 bella
935 5736 1169 5793 instituit
1198 5736 1369 5794 Ninus
1389 5752 1485 5795 rex
1506 5738 1873 5811 Assyriorum.
1913 5738 2030 5811 Ipse

446 5829 593 5887 enim
636 5829 835 5889 finibus
881 5831 997 5890 suis
1041 5845 1382 5905 nequaquam
1422 5842 1731 5903 contentus,
1779 5835 2026 5892 humana:

2136 5555 2411 5616 societatis
2433 5553 2609 5610 foedus
2635 5553 2964 5625 irrumpens,
3001 5553 3275 5610 exercitus
3293 5549 3513 5619 ducere,
3550 5550 3730 5610 aliena

2134 5659 2372 5716 vastare,
2405 5648 2605 5704 liberos
2639 5647 2864 5719 populos
2889 5656 2984 5703 aut
3017 5646 3311 5714 trucidare,
3340 5654 3434 5701 aut
3457 5645 3735 5718 subjicere

2137 5745 2321 5815 empit,
2368 5743 2784 5812 universamque
2825 5740 3008 5797 Asiam
3055 5756 3227 5811 usque
3272 5740 3338 5795 ad
3376 5738 3560 5811 Libya:
3590 5739 3734 5796 ﬁnes

2136 5852 2274 5895 nova
2319 5834 2579 5893 servitute
2623 5832 2948 5905 perdomuit.
2995 5832 3131 5891 Hinc
3168 5830 3281 5903 jam
3329 5830 3539 5888 studuit
3572 5829 3731 5887 orbis
