4038 6324
290 392 395 449 553

1255 386 1343 445 ns
1382 346 1741 445 uutvsnso
1771 374 1955 441 munt
1990 380 2157 439 xxn.
2196 412 2265 429 -
2303 376 2432 438 LIB.
2474 378 2593 438 xx.

3460 364 3567 445 at

291 512 342 565 in
374 513 564 564 mutuo
611 505 871 578 sanguine
915 504 1123 560 alterna
1168 505 1403 577 grassari
1432 502 1879 574 mle.,Quatuor
1904 509 1953 571 Α
1981 501 2123 574 ligna
2169 501 2367 572 quibus
2388 514 2497 555 uva
2534 501 2817 570 premitur.
2847 500 3028 576 Pugna
3072 510 3282 573 vocata,
3319 514 3389 565 eo
3425 510 3570 580 quod

289 610 469 655 autem
501 602 626 654 sunt
669 612 866 670 genera
894 595 1156 651 bellonnn
1184 612 1198 653 :
1233 590 1289 652 id
1321 600 1426 662 est,
1469 592 1695 668 justum,
1733 596 1871 667 inju4

289 700 452 757 stum,
481 682 663 755 civile,
693 699 747 745 et
767 690 1055 760 plusquam
1086 684 1261 746 civile.
1295 686 1507 744 Iustum
1532 684 1732 744 bellum
1766 692 1868 757 est,

289 790 434 859 quod
456 800 521 842 ex
549 785 805 856 pmdicto
830 783 1039 855 geritur
1065 782 1131 839 de
1160 784 1323 840 rebus
1339 780 1604 854 repetitis,
1629 786 1721 837 aut
1748 792 1875 853 pro:

290 880 675 953 pulsandorum
719 878 956 934 hostium
1005 893 1186 935 causa.
1219 875 1480 946 injustam
1525 876 1722 931 bellum
1766 885 1869 943 est,

289 973 431 1042 quod
454 971 523 1026 de
564 969 766 1035 furore,
798 984 906 1024 non
938 968 1006 1024 de
1046 968 1284 1039 legitima
1327 968 1543 1023 ratione
1578 968 1765 1033 hitur,
1794 967 1873 1022 de

289 1078 396 1133 quo
428 1063 482 1117 in
523 1061 815 1132 Republica
855 1059 1047 1116 Cicero
1077 1060 1247 1115 dicit:
1294 1078 1313 1112 ι
1362 1059 1457 1115 illa
1501 1057 1701 1128 iiuna
1734 1058 1874 1115 bella

290 1162 436 1219 sunt,
469 1168 588 1223 qua:
616 1160 743 1207 sunt
773 1152 893 1207 sine
919 1166 1085 1207 eausa
1105 1159 1383 1221 suscepta:
1414 1170 1437 1202 ι
1461 1162 1591 1206 nant
1611 1158 1765 1206 extra
1787 1149 1872 1205 ul-

289 1245 527 1307 ciscendi
566 1252 660 1300 aut
690 1242 1177 1315 propulsandorum
1220 1243 1459 1298 hostium
1489 1255 1711 1298 causam
1754 1240 1874 1296 bel-

286 1318 401 1392 lum
425 1336 543 1408 geri
562 1335 770 1405 justum
811 1333 1017 1392 nullum
1053 1342 1253 1405 potest.
1298 1333 1367 1391 Et
1410 1334 1510 1390 hoc
1574 1334 1715 1389 idem
1748 1330 1875 1387 Tul-

287 1428 411 1494 lius,
443 1428 629 1499 parvis
664 1422 988 1496 interiectis,
1038 1425 1276 1482 subdidit
1305 1444 1317 1479 :
1359 1445 1376 1476 ‹
1433 1423 1648 1480 Nullum
1676 1420 1877 1479 bellum

282 1520 488 1594 justum
530 1520 759 1577 habetur
805 1518 910 1574 nisi
964 1518 1362 1583 denuntiatum,
1417 1508 1523 1572 nisi
1590 1512 1873 1584 indictum,

286 1622 395 1680 nisi
419 1622 487 1678 de
516 1620 762 1693 repetitis
797 1618 980 1675 rebus.
1011 1637 1031 1670 ι
1064 1617 1234 1672 Civile
1277 1615 1477 1672 bellum
1509 1621 1594 1670 est
1628 1614 1770 1669 inter
1794 1610 1874 1667 ci-

1976 593 2033 648 in
2065 592 2219 647 initio
2252 606 2383 648 usus
2426 592 2615 647 fuisse!
2653 592 2707 646 in
2752 593 2897 648 bello
2940 597 3136 666 pugtris
3192 599 3565 657 contendere:

1974 685 2061 742 vel
2109 686 2233 757 quia
2275 686 2451 756 primo
2499 686 2701 740 bellum
2746 687 2941 757 pugnis
2984 688 3318 759 incipiebant
3363 706 3379 747 :
3429 694 3573 750 unde

1974 788 2151 849 pugna
2187 779 2355 833 etiam
2385 778 2613 835 duorum
2654 785 2739 834 est
2766 779 3056 850 aliquando
3095 782 3214 837 sine
3240 782 3406 840 ferro.
3446 785 3573 842 Haec

1976 868 2119 924 enim
2148 868 2287 924 bella
2316 870 2457 940 apud
2490 868 2735 925 carnales
2760 879 2904 937 sunt,
2934 872 3029 942 qui
3057 873 3125 929 de
3146 875 3389 945 potentia
3417 890 3577 931 mun-

1977 963 2115 1017 dana
2139 961 2452 1035 conﬂigunt.
2482 962 2755 1019 Caeterum
2777 964 2919 1037 apud
2941 965 3282 1025 Christianos
3304 970 3359 1025 et
3385 968 3574 1027 ﬁdeles

1976 1054 2073 1110 Dei
2112 1053 2344 1111 famulos
2388 1056 2525 1112 alius
2565 1072 2683 1112 mos
2704 1059 2979 1130 pugnandi
3021 1069 3124 1127 est,
3156 1062 3223 1118 de
3251 1076 3360 1133 quo
3386 1062 3576 1119 scribit

1980 1146 2306 1219 Apostolus:
2342 1147 2467 1204 Non
2500 1158 2576 1204 est
2616 1150 2764 1205 nobis
2806 1149 3109 1208 colluctatio
3156 1152 3407 1211 adversus
3456 1170 3577 1210 cara

1980 1249 2096 1294 nem
2124 1248 2173 1294 et
2209 1240 2540 1311 sanguinem,
2582 1241 2673 1295 sed
2700 1246 2951 1298 adversus
2979 1244 3238 1316 principes
3266 1255 3314 1301 et
3342 1253 3573 1318 potestas

1979 1338 2073 1396 tes,
2103 1330 2351 1387 adversus
2380 1332 2565 1386 mundi
2591 1341 2815 1388 rectores
2843 1334 3175 1391 tenebrarum
3204 1338 3415 1403 harum,
3451 1352 3579 1393 con-

1979 1428 2063 1477 tra
2092 1421 2350 1493 spiritalia
2398 1422 2642 1494 nequitia:
2667 1423 2724 1477 in
2764 1423 3057 1480 amicalibus
3099 1424 3315 1498 (Ephes.
3366 1427 3463 1500 Vt).
3507 1425 3578 1483 Et

1980 1513 2110 1569 item
2138 1532 2149 1567 :
2180 1511 2416 1585 Castiga,
2450 1510 2645 1584 inquit,
2670 1532 2860 1586 corpus
2884 1533 3078 1584 meum,
3102 1529 3149 1573 et
3178 1519 3415 1575 servituti
3451 1518 3577 1576 sub-

1970 1608 2145 1678 jicio:
2194 1625 2257 1662 ne
2285 1608 2443 1677 forte,
2473 1623 2590 1663 cum
2621 1607 2742 1663 aliis
2782 1611 3197 1680 pradicmrim,
3245 1616 3355 1681 ipse
3401 1630 3576 1687 repro-

214 1704 217 1707 ‘
286 1730 381 1775 ws
427 1724 546 1781 om
592 1713 789 1771 seditio
814 1719 871 1768 ει
903 1709 1197 1768 concitatio
1227 1708 1513 1774 ιυιιιυιιυε,
1551 1708 1697 1764 sicut,
1735 1705 1877 1760 inter
1980 1699 2075 1752 bus
2099 1699 2291 1768 e/ﬁciar
2319 1697 2372 1769 (Ι
2413 1698 2536 1753 Cor.
2570 1698 2669 1771 lx).
2702 1699 2835 1754 Item
2869 1700 3008 1757 bella
3050 1703 3135 1759 vel
3174 1720 3367 1776 pugna:
3398 1712 3576 1762 certa-

288 1806 493 1879 δικαίη
521 1814 578 1864 ei
598 1805 850 1871 Marium,
877 1803 972 1874 qui
992 1801 1190 1858 bellum
1227 1800 1383 1857 civile
1428 1799 1658 1855 invicem
1686 1798 1741 1852 in
1768 1811 1875 1851 una
1902 1862 1951 1879 ﬂ
1980 1804 2102 1844 men
2131 1789 2391 1879 adversus
2411 1790 2685 1860 nequitias
2709 1791 2999 1861 spiritales,
3024 1794 3111 1849 vel
3133 1789 3392 1852 adversus
3416 1797 3580 1853 vitio-

285 1862 445 1971 gente
479 1862 783 1971 gesserunt.
830 1862 1127 1968 i’lusquam
1171 1896 1328 1953 civile
1377 1893 1579 1951 bellum
1622 1902 1726 1960 est,
1780 1889 1874 1946 ubi

1982 1894 2101 1936 rum
2129 1878 2519 1946 eontlictiones,
2547 1889 2609 1949 ut
2649 1881 2706 1936 in
2743 1880 3045 1952 Apostolo:
3088 1882 3179 1939 Sic
3223 1902 3420 1957 pugno,
3471 1899 3579 1945 non

284 1970 395 2047 non
439 1970 617 2046 solum
655 1991 802 2047 cives
851 1997 1083 2055 certant,
1136 1989 1233 2045 sed
1279 1996 1334 2042 et
1395 1987 1658 2059 cognati:
1716 1984 1875 2056 quale

1982 1971 2131 2042 suasi
2159 1986 2335 2026 acrem
2361 1970 2643 2027 verberans
2662 1970 2887 2059 (Ibid.)._
2907 1973 3143 2031 Rursum
3172 1976 3310 2031 bella
3346 1977 3431 2033 vel
3460 1992 3580 2034 cer-

286 2089 469 2146 actum
507 2090 591 2138 est
618 2081 760 2137 inter
784 2080 1056 2138 Caesarem
1077 2088 1132 2135 et
1157 2056 1494 2149 Pompeium,
1540 2078 1755 2149 quando
1789 2091 1875 2148 ge-

1982 2072 2161 2119 tamen
2203 2063 2405 2124 diaboli
2461 2064 2724 2121 adversus
2782 2056 3022 2133 satietas,
3083 2076 3144 2123 ut
3193 2068 3249 2123 in
3296 2069 3576 2126 Jeremia:

285 2189 389 2231 uer
412 2184 471 2231 et
491 2188 647 2231 socer
673 2172 905 2229 invicem
928 2173 1323 2228 dimicaverunt
1347 2189 1360 2225 :
1392 2170 1660 2241 siquidem
1693 2171 1745 2226 itt
1768 2170 1872 2226 hac

285 2282 466 2343 pugna
495 2266 665 2323 frater
689 2283 811 2323 eum
836 2267 1009 2322 fratre
1036 2265 1337 2331 dimicavit,
1362 2277 1418 2321 et
1435 2272 1590 2336 pater
1614 2263 1874 2319 adversus

286 2356 457 2414 lilium
482 2374 628 2414 arma
658 2360 912 2430 portavit.
949 2359 1236 2417 Lucanus:

416 2536 429 2549 .
467 2496 532 2551 .'.
570 2536 582 2550 .
614 2499 669 2550 lu
694 2499 896 2550 fratrem
913 2500 1200 2552 ceciderim
1225 2500 1421 2563 praemia
1440 2497 1619 2549 fratris.

288 2599 422 2656 Item
449 2620 462 2655 :

508 2752 535 2778 ζ
558 2752 571 2765 .
611 2751 624 2764 .
665 2752 677 2764 .
714 2712 798 2766 Cui
823 2717 990 2766 cervix
1013 2722 1137 2765 casa
1160 2698 1383 2778 parentis

503 2777 733 2830 Cederet.
772 2816 786 2829 .
824 2808 840 2827 .
877 2814 890 2827 .
931 2810 945 2827 .

284 2899 432 2957 Bella
474 2902 655 2972 itaque
695 2902 950 2958 dicuntur
978 2901 1210 2966 interna,
1239 2906 1481 2965 externa,
1524 2897 1760 2966 servilia,
1790 2906 1880 2955 so-

287 2993 470 3059 cialia,
517 2994 765 3065 piratica.
811 2986 945 3049 Nam
975 2990 1203 3064 piratica
1231 2990 1371 3047 bella
1400 3001 1527 3049 sunt
1574 3002 1765 3063 sparsa
1796 2991 1877 3047 ιιι

285 3090 505 3139 trouum
533 3086 747 3156 agmina
787 3100 886 3156 per
927 3084 1095 3140 maria
1129 3082 1549 3156 myopa‘ronibus
1588 3082 1796 3139 levibus
1823 3088 1881 3140 et

284 3174 585 3247 fugacibus,
615 3193 720 3234 non
760 3178 933 3235 solum
957 3179 1184 3233 navibus
1209 3185 1565 3244 commeatus,
1590 3174 1684 3232 sed
1711 3175 1878 3232 etiam

286 3270 490 3327 insulas
516 3274 931 3345 provinciasque
953 3273 1309 3341 vastantibus,
1341 3286 1478 3344 quos
1505 3274 1741 3344 primum
1773 3271 1872 3328 Cn.

284 3359 572 3434 Pompeius
623 3372 748 3435 post
796 3364 1021 3420 multam
1071 3364 1469 3432 vastationem,
1520 3376 1683 3434 quam
1729 3371 1877 3418 terra

288 3455 535 3523 marique
572 3455 662 3509 diu
692 3460 939 3526 egerant,
976 3456 1113 3510 mira
1142 3456 1422 3511 celeritate
1458 3454 1787 3526 compressit
1809 3464 1877 3512 ac

288 3545 580 3614 superavit.
612 3544 769 3600 Sicut
793 3550 973 3602 autem
996 3546 1193 3601 bellum
1231 3552 1481 3613 vocatur,
1504 3547 1650 3617 quod
1683 3557 1875 3603 contra

284 3632 471 3689 hostes
496 3633 712 3705 agitur:
767 3634 844 3691 ita
896 3635 1182 3704 tumultus,
1228 3639 1374 3708 quod
1417 3637 1564 3693 civili
1611 3637 1881 3695 seditione

284 3724 613 3781 concitatur.
643 3721 780 3780 Nam
804 3726 999 3783 seditio
1020 3736 1102 3783 est
1129 3727 1393 3803 dissensio
1435 3728 1631 3783 civium
1657 3748 1669 3783 :
1709 3729 1873 3796 dicta,

283 3817 431 3888 quod
455 3830 700 3872 seorsum
731 3817 821 3875 alii
848 3818 918 3873 ad
946 3818 1079 3877 alios
1104 3826 1250 3875 eant.
1281 3818 1389 3874 Alii
1434 3819 1727 3888 aestimant,
1769 3821 1880 3877 dis-

285 3909 598 3967 sensionem
663 3910 969 3967 animorum
1038 3911 1358 3967 sed-itionem
1430 3912 1635 3977 vocari,
1710 3927 1881 3982 quam

286 3996 460 4055 Grmci
506 3999 767 4056 diastasin
828 4008 1063 4058 vocant:
1108 4001 1363 4071 quoniam
1408 4010 1588 4057 autem
1625 3996 1878 4057 differant

288 4098 578 4162 utrumque
607 4090 798 4148 Cicero
827 4093 1022 4150 docet:
1059 4113 1081 4146 ι
1111 4093 1296 4151 Potest
1329 4095 1495 4161 enim,
1530 4092 1728 4165 inquit,
1755 4109 1879 4151 esse

285 4181 509 4246 bellum,
542 4191 600 4236 ut
634 4181 901 4240 tumultus
937 4199 1045 4240 non
1081 4184 1184 4251 sit;
1238 4185 1499 4240 tumultus
1540 4194 1722 4241 autem
1758 4199 1879 4241 esse

291 4273 405 4329 sine
430 4264 569 4329 bello
587 4290 694 4329 non
716 4282 915 4344 potest.
937 4295 956 4328 ι
978 4274 1116 4343 Quid
1136 4283 1220 4333 est
1244 4275 1390 4332 enim
1416 4274 1566 4330 aliud
1592 4273 1874 4344 tumultus,

290 4363 393 4421 nisi
430 4358 763 4433 perturbatio
793 4373 943 4421 tanta
972 4375 1032 4422 ut
1066 4366 1240 4436 major
1266 4366 1430 4423 timor
1453 4362 1697 4423 oriatur?
1725 4358 1880 4424 Unde

288 4458 455 4514 etiam
484 4458 662 4516 dictus
686 4458 970 4527 tumultus,
1012 4460 1168 4531 quasi
1196 4452 1359 4516 timor
1383 4460 1587 4517 multus
1612 4479 1625 4515 :
1657 4459 1880 4531 gravior

1978 2149 2049 2204 Et
2074 2150 2339 2207 bellabunt
2362 2152 2641 2208 adversum
2669 2163 2740 2222 te,
2766 2162 2816 2210 et
2844 2173 2950 2212 non
2974 2157 3329 2227 prmalebunt
3347 2159 3483 2232 (Jer.
3509 2159 3576 2231 ι).

1980 2244 2211 2317 Semper
2241 2247 2388 2302 enim
2428 2249 2607 2304 sancti
2630 2250 2733 2305 viri
2761 2260 2955 2307 contra
2985 2253 3117 2308 vitia
3147 2263 3204 2310 et
3229 2265 3417 2311 contra
3461 2265 3580 2311 tela-

1979 2346 2219 2395 tamenta
2248 2340 2477 2406 diﬂaoli,
2531 2351 2832 2413 contraque
2877 2344 3273 2403 oblectamenta
3315 2346 3499 2402 carnis
3523 2353 3582 2402 et

1978 2430 2263 2487 ileeebras
2311 2431 2651 2503 voluptatum
2706 2433 3005 2491 dimicant:
3037 2443 3099 2491 ut
3145 2436 3258 2492 sint
3306 2437 3481 2493 sancti
3525 2446 3588 2495 et

1979 2521 2312 2577 inmaculati
2344 2522 2398 2578 in
2428 2532 2721 2595 conspectu
2745 2524 2842 2580 Dei
2883 2524 3235 2596 perﬁcientes
3266 2527 3579 2584 sanctiﬁca-

1981 2614 2185 2671 tiouens
2213 2615 2269 2670 in
2292 2616 2488 2672 ttinere
2518 2617 2708 2687 ipsius,
2740 2617 2937 2687 quibus
2972 2633 3075 2689 pax
3102 2619 3356 2676 Christus
3377 2628 3465 2677 est
3486 2620 3584 2694 qui

1976 2706 2258 2777 discipulis
2304 2709 2419 2764 suis
2464 2709 2543 2764 ait
2580 2728 2593 2763 :
2642 2710 2838 2765 Pacem
2888 2726 3060 2767 meum
3100 2713 3170 2768 do
3196 2713 3364 2780 vobis,
3391 2726 3580 2785 pacata

1977 2812 2150 2852 meum
2173 2796 2412 2868 aliaeue
2451 2798 2594 2855 vobis
2640 2800 2827 2872 (locu.
2873 2804 3009 2874 ιη).
3043 2803 3166 2875 Ipse
3199 2810 3277 2860 est
3301 2806 3443 2861 enim
3474 2821 3583 2878 pas

1981 2897 2183 2954 nostra,
2212 2890 2303 2960 qui
2346 2887 2470 2960 fecit
2507 2899 2732 2963 utraque
2769 2904 2935 2948 unum
2964 2894 3181 2967 (Ephes.
3215 2896 3301 2969 ιι).
3341 2895 3586 2964 Quatuor

1980 2987 2162 3034 autem
2186 2980 2241 3034 in
2270 2978 2414 3037 bello
2438 2992 2741 3054 geruntur:
2768 2999 2969 3057 pugna,
2997 2985 3145 3057 fuga,
3174 2988 3428 3054 victoria,
3452 3002 3580 3059 pax.

1980 3070 2139 3128 Pacis
2163 3074 2484 3139 vocabulum
2513 3075 2731 3133 videtur
2771 3092 2801 3133 a
2830 3088 2993 3149 pacto
3035 3090 3348 3153 sumptam:
3393 3091 3580 3154 peste-

1981 3168 2101 3224 rius
2142 3177 2325 3226 autem
2374 3182 2481 3242 pax
2534 3174 2820 3245 accipitur.
2880 3174 3057 3233 fmdus
3104 3177 3342 3249 primum
3392 3178 3581 3234 initur.

1983 3258 2183 3316 Fmdus
2211 3260 2297 3318 est
2319 3276 2449 3332 pax.
2484 3276 2606 3333 qua
2648 3265 2711 3320 ﬁt
2737 3265 2882 3321 inter
2908 3266 3256 3335 dimicantes,
3289 3269 3377 3324 rei
3417 3282 3451 3322 ε
3477 3268 3586 3326 ﬁde

1980 3351 2069 3408 vel
2094 3366 2126 3408 a
2158 3353 2450 3411 ﬁctialibus
2483 3355 2855 3431 [faecialibus],
2900 3360 2956 3416 id
2999 3368 3084 3417 est
3134 3376 3165 3416 a
3209 3360 3585 3418 sacerdotibus

1980 3446 2225 3502 dctum:
2269 3462 2370 3518 per
2416 3448 2567 3520 ipsos
2598 3451 2746 3509 enim
2798 3451 3003 3508 ﬂebant
3046 3451 3277 3520 foedera,
3318 3455 3460 3510 sicut
3485 3468 3588 3526 per

1980 3539 2269 3596 saeculares
2313 3540 2473 3597 bella.
2526 3541 2634 3599 Alii
2663 3543 2873 3601 foedera
2923 3546 3068 3602 dicta
3116 3551 3311 3618 putant
3354 3564 3385 3603 a
3416 3561 3584 3617 porca

1980 3630 2126 3688 ftede
2163 3639 2221 3689 et
2252 3633 2543 3690 crudeliter
2570 3635 2751 3692 occisa
2794 3655 2810 3691 :
2848 3636 3003 3707 cuius
3033 3653 3181 3697 mors
3218 3640 3511 3700 outabatur
3530 3636 3586 3696 ei

1981 3724 2074 3795 qui
2099 3738 2129 3779 a
2168 3736 2302 3794 pace
2328 3724 2612 3782 resilisset.
2642 3727 2899 3798 Virgilius
2925 3744 2939 3784 :

2166 3814 2230 3866 Et
2249 3827 2379 3867 cassa
2394 3817 2672 3881 jungebant
2690 3818 2880 3871 leaders
2903 3832 3069 3885 porca.

1981 3895 2228 3954 Fmderis
2251 3907 2434 3970 partes
2462 3892 2733 3969 induciae;
2765 3911 2822 3959 et
2847 3904 3006 3961 dictae
3034 3904 3285 3975 induciae,
3316 3905 3474 3979 quasi
3526 3904 3584 3963 in

1983 3988 2104 4046 dies
2132 3990 2274 4047 ocia.

2262 4124 2275 4128 -
2603 4082 2835 4144 CAPUT
2889 4088 2953 4145 11.

2578 4178 2659 4235 De
2693 4180 2991 4252 trimpltis.

2054 4267 2231 4331 Olﬁus
2248 4283 2474 4343 regnum
2505 4271 2689 4328 saeculi
2712 4269 2877 4342 hujus
2899 4271 3058 4329 bellis
3088 4274 3371 4345 quaeritur,-
3402 4274 3581 4332 vieto-

1982 4361 2083 4418 riis
2109 4369 2455 4435 propagatur.
2493 4363 2729 4421 Victoria
2755 4363 2923 4431 dicta,
2954 4365 3101 4435 quod
3144 4365 3216 4428 vi,
3247 4366 3304 4422 id
3333 4371 3440 4433 est,
3471 4365 3585 4421 vir-

1982 4462 2102 4512 tute
2154 4456 2518 4527 adipiscatur:
2548 4457 2653 4515 hoe
2681 4466 2768 4515 est
2798 4458 2943 4513 enim
2968 4456 3060 4529 jus
3088 4459 3350 4531 gentium,
3375 4459 3486 4515 vim
3529 4457 3584 4514 vi

288 4559 470 4607 autem
515 4561 600 4607 est
646 4552 909 4609 tumultus
972 4570 1135 4625 quam
1178 4552 1376 4610 bellum
1420 4573 1431 4609 :
1468 4570 1594 4610 nam
1640 4553 1695 4610 in
1734 4554 1877 4612 bello
1909 4548 2257 4649 Dexpellere
2282 4566 2437 4606 :nam
2458 4551 2629 4623 turpis
2656 4560 2741 4649 est
2758 4551 2881 4607 dolo
2902 4552 3129 4623 quaesita
3153 4550 3583 4607 victoria.Certa

288 4645 603 4702 vacationes
639 4645 842 4713 valent,
891 4645 949 4701 in
993 4647 1226 4703 tumultu
1275 4662 1384 4702 non
1434 4646 1635 4703 valent.
1686 4646 1878 4704 Diil‘ert

287 4747 473 4795 autem
500 4739 721 4806 bellum,
765 4754 944 4811 pugna
970 4746 1027 4795 et
1050 4739 1293 4809 praelium
1321 4757 1333 4794 :
1370 4754 1496 4794 nam
1530 4739 1726 4795 bellum
1758 4740 1880 4795 uni-

289 4844 511 4886 versum
553 4830 752 4887 dicitur
778 4839 839 4886 ut
874 4830 1162 4898 Punicum,
1212 4831 1367 4902 cujus
1409 4838 1594 4900 partes
1622 4839 1750 4886 sunt
1773 4845 1876 4901 pu-

290 4936 432 4995 gna,
467 4930 526 4978 ut
549 4920 867 4989 Cannensis,
912 4920 1241 4978 Trebiensis.
1288 4921 1524 4977 Rursum
1557 4922 1611 4977 in
1642 4937 1750 4977 una
1780 4937 1878 4992 pu-

289 5028 395 5087 gna
437 5014 609 5071 multa
657 5023 787 5071 sunt
826 5013 1058 5086 praalia:
1112 5012 1259 5069 aliud
1299 5011 1446 5068 enim
1493 5012 1548 5068 in
1597 5012 1874 5079 cornibus.

290 5104 439 5162 aliud
463 5106 518 5162 in
556 5115 799 5163 extrema
835 5106 954 5162 acie
984 5106 1209 5179 geritur.
1252 5104 1460 5162 Bellum
1500 5105 1667 5178 igitur
1692 5114 1777 5162 est
1798 5113 1882 5163 to—

293 5205 429 5264 tum,
470 5213 648 5270 pugna
700 5199 861 5256 unius
891 5198 1022 5266 diei,
1072 5197 1320 5270 praelium
1362 5213 1495 5270 pars
1543 5212 1737 5271 pugna:
1771 5204 1876 5255 est.

290 5287 499 5344 Bellum
539 5298 699 5345 antea
740 5288 976 5345 duellum
1005 5297 1277 5356 vocatum,
1309 5304 1375 5345 eo
1419 5288 1564 5359 quod
1614 5289 1734 5345 duae
1774 5289 1884 5345 sint

292 5390 481 5451 partes
506 5382 877 5439 dimicantium
904 5401 917 5437 :
942 5382 1028 5438 vel
1056 5378 1203 5454 quod
1243 5381 1473 5439 alterum
1516 5382 1681 5439 faciat
1709 5383 1882 5439 victo-

294 5488 434 5539 rem,
473 5474 705 5531 alterum
740 5475 985 5531 victum:
1035 5483 1245 5547 postea,
1291 5482 1496 5530 mutata
1540 5483 1596 5531 et
1638 5476 1882 5531 detracta

293 5565 498 5635 littera,
527 5568 732 5624 dictum
769 5568 987 5625 bellum.
1033 5567 1139 5623 Alii
1165 5582 1268 5639 per
1312 5566 1663 5637 Antipbrasiu
1690 5574 1887 5638 putant

298 5658 528 5726 dictam,
563 5672 631 5716 eo
670 5660 815 5731 quod
862 5660 935 5715 sit
976 5658 1289 5726 horridum,
1334 5658 1478 5714 unde
1521 5657 1650 5714 illud
1696 5678 1710 5713 :
1757 5659 1884 5712 hor-

297 5750 420 5807 rida
454 5749 589 5806 bella
620 5768 641 5807 :
681 5766 805 5808 cum
837 5749 1036 5806 bellum
1065 5758 1256 5807 contra
1289 5750 1362 5807 sit
1389 5750 1717 5821 pessimum.
1740 5749 1887 5806 Prae-

298 5839 1889 5917 liatlicuuturapremeudohostemzundoetprela

1985 4649 2166 4698 autem
2194 4643 2423 4699 victoria
2455 4651 2558 4709 est,
2586 4640 2672 4698 vel
2712 4642 2915 4699 oecisio
2953 4644 3148 4710 hostis,
3186 4644 3271 4699 vel
3307 4642 3581 4712 exspolia-

1984 4734 2080 4802 tio,
2114 4734 2200 4790 vel
2228 4743 2539 4806 utrumque.
2566 4733 2684 4790 Non
2724 4741 2812 4791 est
2850 4743 3033 4791 autem
3059 4734 3303 4804 jucunda
3335 4734 3582 4800 victoria,

1986 4838 2106 4896 qua
2125 4840 2225 4896 per
2265 4826 2530 4882 immensa
2558 4825 2887 4883 detrimenta
2914 4825 3198 4898 contingit.
3248 4825 3316 4881 Et
3344 4825 3448 4881 hoc
3477 4832 3580 4889 est,

1985 4918 2130 4989 quod
2154 4917 2342 4974 laudat
2379 4916 2691 4986 Sallustius,
2744 4918 2913 4975 duces
2962 4918 3250 4973 victoriam
3300 4917 3585 4973 incruento

1985 5012 2228 5068 exercitu
2270 5011 2606 5083 deportasse.
2637 5011 2840 5083 Pompa
2883 5010 3027 5069 dicta
3053 5021 3136 5067 est
3158 5008 3349 5067 Grzeca
3380 5008 3587 5081 signiti-

1989 5104 2203 5161 catione
2229 5118 2329 5175 apo
2366 5113 2460 5161 tou
2493 5105 2837 5185 pgnpeuein,
2866 5105 2970 5160 hoc
3009 5112 3114 5170 est,
3155 5102 3371 5174 publice
3402 5109 3585 5157 osten-

1990 5197 2116 5252 tari.
2148 5195 2415 5253 Prmcedit
2464 5204 2655 5253 autem
2700 5195 2929 5252 victoria
2970 5210 3223 5267 pompam
3258 5195 3400 5262 ideo,
3439 5195 3585 5265 quod

1989 5285 2150 5344 ituris
2189 5288 2257 5343 ad
2299 5289 2403 5344 hoc
2434 5294 2713 5344 certamen
2758 5287 2911 5357 prius
2936 5270 3041 5343 'est
3084 5287 3329 5344 victoria:
3373 5294 3581 5342 votum.

1990 5377 2316 5449 Trophaeum
2358 5378 2562 5435 dictum
2597 5392 2701 5450 apo
2727 5385 2811 5435 tes
2837 5388 3052 5449 propes,
3080 5378 3133 5433 id
3173 5387 3278 5446 est,
3308 5394 3340 5434 a
3364 5392 3588 5434 conver-

1989 5470 2144 5526 sione
2167 5470 2339 5525 hostis
2368 5476 2425 5525 et
2466 5468 2592 5541 fuga
2620 5487 2634 5524 :
2660 5478 2793 5526 nam
2838 5470 2908 5525 ab
2942 5483 3011 5526 eo
3037 5470 3180 5541 quod
3221 5470 3433 5526 hostem
3458 5469 3584 5539 quis

1987 5559 2248 5634 fugasset,
2308 5562 2623 5618 merebatur
2692 5563 2993 5632 tropbeum
3041 5578 3056 5616 :
3118 5562 3212 5633 qui
3269 5560 3581 5627 occidisset,

1987 5653 2346 5723 triumphum,
2385 5653 2479 5724 qui
2519 5653 2698 5710 dictus
2721 5661 2807 5712 est
2838 5668 2945 5726 apo
2971 5660 3055 5711 tes
3084 5654 3364 5721 triambes,
3385 5651 3443 5708 id
3475 5657 3582 5719 est,

1991 5746 2061 5801 ab
2085 5746 2466 5803 exsultatione.
2498 5746 2677 5805 Pisum
2704 5748 2855 5807 enim
2874 5747 3121 5805 victoriae
3156 5745 3461 5817 triumphus
3492 5744 3587 5800 de-

1990 5839 2171 5943 betur,
2200 5838 2522 5931 κωωωυ,
2545 5840 2884 5917 tropaeum
2932 5839 3060 5918 quia
3099 5838 3340 5905 nondum
3363 5834 3592 5914 ριθιοηι
