4038 6324
487 350 603 430 ,εδδ

1141 351 1201 407 Β.
1243 352 1500 412 RABANI
1538 351 1757 412 MAURI
1795 350 2113 409 ARCHIEP.
2154 350 2467 412 MOGUNT.
2507 350 2793 411 OPERUM
2831 351 3010 410 PARS
3044 352 3110 409 Il.

3644 355 3766 415 536

489 471 574 520 cst
600 462 885 519 victoriam
924 476 1282 521 consecutus:
1319 481 1425 520 non
1477 467 1623 522 enim
1678 465 1932 531 obtinuit,
1978 467 2074 521 sed
2101 469 2153 530 Α
2176 467 2337 540 primi
2382 468 2735 534 invenerunt,
2791 468 2920 522 tuba
2957 467 3135 534 dicta,
3185 469 3338 539 quasi
3387 469 3523 538 toi'a,
3560 472 3615 529 id
3651 484 3771 541 est,

489 553 699 627 fugavit
735 555 1056 611 exercitum.
1103 555 1232 612 Haec
1289 568 1468 613 tamen
1520 557 1737 613 nomina
1778 558 2072 628 scriptores

487 649 824 706 confundunt
847 665 864 708 :
887 659 1006 706 erat
1029 659 1210 706 autem
1239 651 1606 708 Romanorum
1632 669 1768 719 mos,
1800 661 1858 708 ut
1876 653 2071 707 trium-

485 743 718 814 phantes
761 743 1040 815 quadrigis
1076 743 1421 807 veherentur,
1477 759 1544 800 ex
1591 745 1704 811 illo,
1744 745 1888 814 quod
1930 744 2071 799 soliti

485 835 598 889 sint
624 835 834 904 priores
865 835 1031 889 duces
1053 834 1154 890 hoc
1183 834 1372 889 habitu
1399 834 1538 890 bella
1571 835 1727 890 inire.
1755 834 2073 904 Quicunque

483 932 668 980 autem
689 924 744 979 in
769 922 1020 982 conﬂictu
1044 924 1316 990 vicissent,
1340 923 1521 996 palma
1544 941 1709 981 aurea
1729 923 2070 983 coronaban-

482 1023 593 1080 tur,
620 1015 747 1086 quia
775 1015 954 1086 palma
996 1015 1242 1070 stimulos
1273 1015 1436 1071 habet
1468 1033 1480 1069 :
1513 1016 1607 1086 qui
1633 1032 1763 1072 vero
1787 1017 1906 1072 sine
1941 1032 2071 1074 con-

479 1107 627 1164 ﬂictu
658 1107 948 1179 fugientem
973 1108 1373 1179 prostravisset,
1419 1108 1606 1163 laurea
1635 1127 1648 1164 :
1679 1124 1746 1166 eo
1777 1110 1925 1180 quod
1950 1111 2068 1167 haec

479 1199 644 1255 arbor
671 1200 788 1255 sine
812 1199 980 1270 spinis
1007 1208 1108 1254 est.
1144 1199 1362 1254 Duobus
1388 1207 1570 1288 autem
1600 1201 1890 1270 generibus
1918 1201 2066 1258 dele-

480 1299 572 1345 tur
624 1292 930 1346 exereitus:
977 1299 1071 1344 aut
1115 1290 1508 1356 internecione,
1564 1300 1658 1344 aut
1706 1292 2062 1360 dispersione.

479 1379 766 1434 Sallustius
797 1379 1008 1449 inquit:
1045 1398 1064 1429 ‹
1109 1378 1303 1433 Hostes
1343 1380 1588 1448 oppressi
1629 1389 1723 1434 aut
1751 1381 1946 1450 dilapsi
1976 1381 2062 1437 fo-

473 1479 613 1526 rent.
651 1490 670 1523 ι
710 1468 803 1524 Sic
830 1477 882 1524 et
907 1477 1200 1540 utrumque
1236 1468 1525 1540 Virgilius;
1578 1470 1988 1526 internecione:

601 1619 617 1635 .
651 1621 664 1634 .
701 1624 716 1640 .
752 1620 768 1636 .
805 1622 816 1634 .
855 1584 1245 1647 Submersasque
1268 1583 1427 1634 obrue
1462 1597 1672 1649 puppes.

474 1665 820 1737 Dispersione
855 1682 868 1722 :

599 1758 699 1808 Aut
720 1770 814 1820 age
834 1757 1072 1821 diversos,
1098 1762 1181 1808 aut
1202 1757 1374 1820 disjice
1396 1769 1600 1820 corpora
1619 1763 1784 1820 ponto.

472 1863 654 1934 Spolia
699 1873 880 1921 autem
923 1864 1180 1930 hostium,
1231 1865 1434 1933 prmda,
1488 1863 1772 1930 manubize,
1829 1839 2135 1944 exuviae,’B

467 1964 672 2026 partes.
727 1955 917 2012 Prasda
972 1971 1002 2009 a
1055 1956 1344 2025 praedando
1391 1965 1618 2012 vocata:
1677 1956 1945 2011 manubias
1995 1971 2062 2013 eo

471 2047 616 2116 quod
635 2046 887 2101 manibus
905 2033 1268 2103 detrahuiitur
1287 2063 1298 2100 :
1324 2047 1407 2101 lia:
1423 2055 1477 2100 et
1498 2047 1706 2102 exuvia:
1725 2047 1792 2102 ab
1812 2047 2060 2104 exuendo

470 2137 647 2203 dictae,
695 2138 821 2207 quia
867 2147 1176 2193 exuuntur:
1226 2137 1309 2192 hac
1349 2145 1404 2192 et
1440 2147 1627 2208 partes
1676 2153 1706 2191 a
1754 2139 1876 2209 pari
1924 2139 2060 2194 divi-

467 2229 641 2294 sione,
669 2245 768 2300 pro
796 2245 1152 2302 personarum
1197 2230 1481 2300 qualitate,
1532 2237 1589 2286 et
1632 2230 1880 2288 laborum
1910 2231 2058 2302 justa

466 2319 755 2376 divisione.
794 2319 977 2390 Spolia
1025 2329 1206 2376 autem
1246 2337 1277 2376 a
1316 2321 1514 2394 palliis,
1560 2323 1718 2392 quasi
1755 2339 1820 2379 ex
1849 2323 2054 2394 pallia:

463 2411 624 2466 victis
683 2412 827 2465 enim
873 2412 1252 2466 detrahuntur.
1298 2411 1539 2466 Victoria
1582 2421 1766 2467 nostra
1807 2412 2059 2470 Christus

463 2511 549 2558 cst
575 2517 588 2555 :
617 2501 772 2572 cujus
799 2503 1057 2572 triumphi
1084 2503 1299 2574 signum
1333 2518 1468 2558 crux
1505 2511 1612 2569 est,
1645 2518 1754 2574 quo
1779 2503 2057 2562 diabolum

460 2594 612 2659 vicit,
631 2601 687 2650 et
709 2602 938 2649 mortem
982 2593 1277 2664 superavit.
1329 2592 1513 2664 Spolia
1554 2602 1736 2649 autem
1762 2593 1902 2664 ejus,
1933 2611 2055 2666 qua:

461 2684 529 2739 de
558 2685 713 2740 hoste
747 2685 1000 2753 sumpsit,
1032 2684 1280 2740 homines
1309 2693 1435 2740 sunt
1459 2685 1514 2739 in
1543 2684 1714 2740 Deum
1733 2687 2054 2744 credentes:

353 2827 360 2840 ,
458 2774 550 2841 qui
589 2774 655 2828 de
683 2782 950 2844 potestate
975 2773 1172 2830 diaboli
1203 2774 1366 2840 eruti,
1410 2774 1522 2863 regi
1563 2791 1661 2831 suo
1694 2775 1937 2848 legitimo
1966 2794 2056 2835 so-

459 2863 694 2918 ciantur.
745 2863 898 2920 Unde
938 2863 1057 2932 ipsa
1085 2863 1299 2918 Veritas
1345 2863 1399 2917 in
1441 2863 1732 2935 Evangelio
1763 2867 1839 2921 ait
1869 2884 1884 2922 :
1911 2867 2054 2922 Dum

457 2953 612 3023 fortis
663 2964 898 3008 armatus
938 2953 1164 3008 custodit
1221 2954 1414 3008 atrium
1446 2971 1623 3021 suum,
1673 2957 1730 3010 in
1765 2973 1891 3027 pace
1931 2967 2052 3012 sunt

458 3047 637 3102 omnia
657 3063 773 3116 qua:
793 3047 1022 3116 possidet
1045 3063 1063 3101 :
1090 3047 1134 3101 si
1157 3055 1332 3102 autem
1355 3047 1545 3117 fortior
1570 3047 1662 3102 illo
1685 3051 2050 3119 superveniens

455 3136 635 3192 uicerit
663 3152 800 3202 eum,
833 3139 1074 3192 universa
1109 3154 1257 3192 arma
1290 3139 1405 3210 ejus
1429 3139 1624 3209 aufert,
1648 3140 1704 3194 in
1723 3141 1910 3212 quibus
1931 3159 2051 3196 con-

456 3230 675 3300 ﬁdebat,
697 3240 747 3286 et
765 3229 936 3303 spolia
960 3231 1075 3303 ejus
1101 3229 1365 3286 distribuit
1389 3229 1542 3305 (Luc.
1572 3233 1672 3303 x1).
1701 3231 1940 3288 Victoria
1965 3241 2050 3290 est

455 3319 656 3377 diaboli
685 3321 771 3377 vel
799 3321 1095 3377 adversarii
1143 3322 1468 3392 triumphus,
1517 3332 1578 3378 ut
1619 3333 1704 3380 est
1750 3324 1878 3380 illud
1906 3325 2052 3396 Apo-

453 3412 580 3468 stoli
612 3431 626 3467 :
671 3412 782 3468 Deo
811 3423 988 3468 autem
1033 3415 1257 3486 gratias,
1285 3416 1373 3484 qui
1419 3415 1563 3470 dedit
1593 3415 1739 3471 nobis
1778 3416 2050 3474 victoriam

455 3505 509 3578 (Ι
541 3504 666 3561 Cor.
690 3506 801 3579 xv).
834 3506 1088 3563 Bravium
1117 3517 1204 3563 est
1229 3507 1590 3564 constitutum
1621 3510 1886 3567 bonorum
1916 3527 2051 3583 pra:-

453 3597 622 3650 mium
665 3597 1017 3662 meritorum;
1071 3597 1125 3652 in
1169 3597 1464 3668 Apostolo:
1505 3598 1839 3654 Destinatum
1877 3617 2049 3672 perse-

450 3703 584 3756 quar
624 3687 857 3741 bravium
898 3705 1138 3758 supernae
1169 3689 1455 3744 vocationis
1487 3687 1654 3761 (Phil.
1695 3690 1801 3761 iii).
1834 3689 2047 3747 Corona

452 3786 668 3833 aeterna:
703 3777 888 3848 gloriae
914 3792 1012 3848 pro
1032 3776 1245 3848 iustitia
1282 3795 1513 3846 merces,
1565 3780 1704 3834 utin
1737 3780 1998 3851 Apostolo
2026 3801 2042 3838 :

452 3867 530 3922 De
552 3868 748 3939 reliquo
777 3869 1002 3939 reposita
1039 3879 1114 3924 est
1154 3871 1282 3924 milii
1306 3886 1498 3924 corona
1521 3871 1750 3941 justitia:
1784 3871 1871 3944 (11
1903 3872 2040 3930 Tim.

451 3961 548 4034 iv).
585 3961 696 4016 Pax
739 3962 988 4020 Christus
1025 3973 1131 4031 est,
1158 3965 1285 4034 quia
1330 3966 1438 4036 ipse
1463 3975 1539 4020 est
1565 3967 1655 4038 qui
1679 3967 1801 4037 fecit
1824 3977 2045 4040 utraque

449 4070 616 4110 unum
637 4055 853 4128 (Ephes.
880 4056 964 4130 ii).
989 4057 1100 4112 Pax
1122 4058 1305 4113 carnis
1331 4057 1591 4115 adversus
1612 4059 1886 4130 spiritum,
1917 4075 2044 4116 con-

451 4148 634 4203 cordia
666 4149 719 4202 in
746 4149 947 4204 bonum
969 4190 984 4216 ,
1017 4157 1078 4204 ut
1104 4149 1159 4204 in
1189 4149 1400 4220 psalmo
1429 4167 1440 4203 :
1469 4147 1665 4220 Rogate
1705 4167 1824 4221 qua:
1854 4150 1924 4203 ad
1949 4168 2044 4220 pa-

448 4254 560 4291 cem
604 4249 726 4292 sunt
773 4239 828 4292 in
889 4238 1223 4294 Hierusalem
1259 4237 1431 4311 (Psal.
1489 4239 1658 4311 cui).
1693 4239 1761 4295 Et
1790 4241 1846 4295 in
1876 4241 2043 4319 aliam

447 4337 658 4398 partem
703 4344 802 4396 pro
853 4329 1054 4384 Judaeis
1107 4329 1194 4384 vel
1237 4329 1507 4385 haereticis
1558 4331 1840 4400 accipitur,
1890 4341 1950 4387 ut
1985 4332 2044 4390 in

449 4419 913 4475 Deuteronomio:
949 4417 1072 4476 Non
1115 4419 1344 4491 loqueris
1371 4421 1419 4476 ei
1463 4420 1684 4492 paciﬁca
1729 4422 1873 4478 omni
1911 4433 2041 4479 tent-

447 4526 573 4579 pore
602 4509 781 4582 (Deut.
813 4511 897 4583 ll).

1064 4603 1290 4660 CAPUT
1328 4604 1412 4660 Ill.

877 4695 952 4751 De
985 4695 1345 4751 instrumentis
1392 4694 1610 4751 bellicis.

519 4785 684 4856 Signa
713 4786 979 4843 bellorum
1004 4786 1279 4853 dicuntur,
1313 4788 1458 4856 quod
1483 4802 1549 4843 ex
1575 4788 1662 4845 his
1689 4790 1962 4846 exercitus
1984 4798 2040 4846 et

445 4880 720 4948 pugnandi
746 4889 802 4935 et
838 4881 1077 4938 victoria:
1103 4889 1160 4936 et
1180 4889 1432 4950 receptus
1460 4883 1657 4952 accipit
1684 4885 1987 4955 symbolum
2019 4902 2034 4938 :

447 4983 572 5022 nam
596 4977 691 5023 aut
719 4986 814 5039 per
839 4986 1026 5028 vocem
1062 4973 1223 5038 tubae,
1263 4979 1357 5027 aut
1382 4987 1482 5043 per
1508 4974 1811 5044 symbolum
1845 4976 2034 5033 admo-

447 5067 608 5115 uetur
636 5063 926 5119 exercitus.
1449 5108 1502 5162 ο

876 5153 885 5168 ⁸
1055 5155 1283 5214 CAPUT
1321 5157 1412 5214 IV.

925 5247 1000 5303 De
1037 5250 1266 5306 buccinis
1303 5260 1351 5306 et
1389 5250 1549 5305 tubis.

521 5337 775 5404 Buccina,
804 5355 909 5410 qua
937 5340 1150 5409 signum
1173 5342 1331 5398 datur
1354 5343 1410 5399 in
1440 5345 1616 5411 hoste,
1649 5343 1794 5401 dicta
1823 5361 1854 5400 a
1879 5361 2030 5414 voce,

447 5431 603 5501 quasi
631 5432 822 5486 voeina
852 5449 864 5484 :
914 5447 1041 5487 nam
1083 5435 1278 5504 pagani
1330 5445 1683 5506 agrestesque
1717 5437 1783 5491 ad
1814 5453 2031 5492 omnem

446 5537 604 5578 usum
650 5522 876 5578 buccina
923 5523 991 5576 ad
1017 5524 1251 5594 compita
1295 5527 1754 5582 convocabantur.
1806 5527 2032 5599 Proprie

448 5629 578 5686 ergo
609 5615 712 5670 hoc
741 5613 1046 5684 agrestibus
1067 5614 1276 5686 signum
1303 5616 1428 5682 fuit,
1453 5617 1518 5673 de
1546 5634 1654 5689 quo
1676 5619 1990 5690 Propertius
2014 5639 2026 5675 :

572 5724 780 5774 Buccina
801 5726 902 5788 jam
923 5725 1334 5787 priscos-cogebat
1357 5727 1418 5777 ad
1440 5740 1572 5780 arma
1592 5730 1830 5789 Quirites.

446 5828 619 5902 Hujus
665 5830 886 5908 clangor
911 5831 1217 5892 buccinium
1245 5831 1460 5893 dicitur.
1509 5833 1715 5896 Tubam
1765 5838 2035 5912 Tyrrheni

2172 572 2325 612 cava.
2368 557 2502 614 Item
2535 559 2686 624 tuba,
2716 559 2871 629 quasi
2897 559 3050 616 tibia.
3091 559 3238 616 Inter
3263 561 3445 618 tubam
3482 573 3669 621 autem
3713 577 3775 624 et

2171 646 2457 703 buccinam
2494 657 2708 706 veteres
2734 650 3132 744 discernebant.
3179 650 3318 709 Nam
3354 653 3590 713 buccina
3618 657 3776 716 inso-

2171 755 2308 797 nans
2329 740 2743 800 sollicitudinem
2765 744 2835 801 ad
2857 743 2998 801 bella
3020 740 3323 804 nuntiabat.
3359 747 3619 822 Virgilius
3648 768 3668 809 :

2448 941 2462 954 .
2499 940 2513 954 .
2550 941 2565 957 .
2601 939 2615 954 .
2649 937 2666 954 .
2701 905 2908 956 Buccina
2931 917 3127 972 signum

2440 965 2560 1018 Dira
2580 967 2735 1018 dedit.
2773 1001 2790 1017 .
2827 1004 2840 1017 .
2877 1003 2893 1018 .
2929 1005 2945 1018 .

2168 1045 2320 1104 Tuba
2359 1057 2539 1105 autem
2574 1049 2762 1120 praelia
2802 1050 3118 1108 indicabat:

2445 1141 2510 1192 At
2531 1141 2649 1192 tuba
2669 1141 2942 1194 terribilem
2959 1145 3191 1196 sonitum.
3232 1180 3251 1199 .
3278 1181 3296 1197 .
3333 1182 3349 1198 .

2165 1261 2332 1333 Cujus
2366 1279 2534 1322 sonus
2561 1267 2746 1322 varius
2770 1275 2854 1322 est
2883 1285 2896 1321 :
2946 1283 3073 1323 nam
3116 1268 3388 1325 interdum
3416 1271 3654 1336 canitur,
3699 1276 3766 1326 ut

2164 1356 2304 1412 bella
2346 1358 2789 1412 committantur:
2832 1347 3125 1428 interdum,
3165 1368 3226 1416 ut
3253 1361 3613 1432 insequantur
3641 1377 3760 1426 eos,

2164 1449 2257 1519 qui
2281 1449 2493 1520 fugiunt
2521 1467 2535 1504 :
2577 1449 2847 1506 interdum
2893 1451 3108 1506 canitur
3138 1452 3402 1522 receptui.
3436 1451 3572 1507 Nam
3597 1467 3764 1508 rece-

2162 1549 2290 1610 ptus
2312 1541 2530 1608 dicitur,
2567 1557 2673 1612 quo
2699 1558 2756 1597 se
2784 1543 3056 1598 exercitus
3085 1543 3280 1612 recipit
3305 1561 3319 1597 :
3347 1542 3492 1599 unde
3520 1551 3577 1599 et
3599 1544 3763 1616 signa

2163 1635 2402 1704 receptui
2424 1650 2618 1691 canere
2653 1636 2924 1691 dicuntur.
2968 1634 3122 1691 Tuba
3165 1645 3346 1692 autem
3383 1636 3501 1691 sive
3525 1637 3764 1692 buccina

2162 1736 2474 1784 sanctorum
2519 1728 2934 1799 praedicatorum
2983 1742 3172 1783 vocem
3217 1727 3505 1799 signiﬁcat,
3545 1743 3670 1798 qua:
3697 1727 3762 1783 in

2164 1831 2278 1879 toto
2299 1823 2498 1878 mundo
2528 1836 2625 1892 per
2645 1822 3084 1892 praedicationem
3114 1820 3389 1893 Evangelii
3415 1829 3590 1887 sonat,
3618 1819 3765 1876 etad

2163 1925 2444 1972 certamen
2497 1915 2770 1987 spiritales
2831 1915 3032 1970 milites
3082 1913 3289 1970 Christi
3337 1923 3601 1985 provocat
3647 1931 3661 1966 :
3716 1913 3759 1970 ii

2163 2009 2426 2074 docendo,
2475 2007 2816 2064 admonendo
2871 2016 2926 2064 et
2967 2007 3307 2063 exhortando
3353 2005 3610 2078 populum
3658 2005 3761 2061 Dei

2163 2103 2436 2158 instruunt
2461 2120 2473 2156 :
2503 2111 2574 2166 et,
2601 2102 2728 2172 quid
2770 2101 3100 2164 faciendum,
3126 2100 3212 2155 vel
3248 2101 3379 2170 quid
3407 2098 3761 2155 devitandum

2163 2194 2252 2260 sit,
2285 2193 2682 2248 demonstrant.
2715 2191 2970 2261 Quisquis
2995 2200 3177 2245 autem
3207 2190 3364 2260 juxta
3406 2189 3522 2260 ejus
3549 2188 3758 2244 indicia

2161 2303 2222 2345 se
2245 2290 2516 2353 observat,
2561 2297 2615 2343 ct
2652 2288 2948 2344 secundum
2991 2287 3108 2357 ejus
3131 2287 3501 2360 magisterium
3529 2285 3757 2354 vixerit,

2159 2383 2328 2438 vitam
2355 2382 2622 2454 percipiet
2667 2381 3076 2452 sempiternam.

2797 2491 3025 2551 CAPUT
3063 2494 3130 2548 ν.

2813 2587 2889 2643 De
2947 2588 3132 2642 armis.

2229 2682 2396 2738 Arma
2449 2682 2778 2755 generaliter
2835 2672 3079 2737 omnium
3134 2697 3316 2738 rerum
3385 2683 3755 2738 instrumenta

2157 2781 2283 2830 sunt
2316 2792 2330 2828 :
2359 2774 2503 2828 unde
2547 2783 2604 2830 et
2637 2773 2732 2829 ubi
2775 2781 3131 2844 reponuntur,
3161 2773 3398 2828 armaria
3426 2774 3570 2828 dicta
3601 2782 3750 2829 sunt.

2155 2866 2291 2923 Item
2346 2883 2499 2923 arma
2547 2867 2803 2923 dicuntur
2851 2866 2955 2921 tela
2999 2865 3242 2922 omnium
3296 2881 3606 2937 generum:
3657 2868 3753 2922 sed

2159 2973 2310 3014 arma
2363 2968 2508 3025 sunt,
2563 2958 2761 3029 quibus
2811 2957 2916 3029 ipsi
2960 2943 3219 3013 tuemur:
3279 2956 3385 3012 tela
3432 2963 3580 3022 sunt,
3627 2972 3752 3026 qua:

2157 3051 2664 3128 emittimus._Nam
2704 3066 2858 3107 arma
2908 3051 3141 3121 duplicia
3190 3057 3348 3122 sunt,
3396 3049 3452 3104 id
3506 3057 3614 3115 est,
3664 3048 3752 3104 vel

2155 3144 2354 3214 quibus
2377 3143 2734 3214 percutimus,
2791 3143 2878 3200 vel
2907 3143 3105 3214 quibus
3151 3142 3406 3213 tegimur.
3458 3140 3626 3197 Arma
3653 3157 3753 3198 au-

2154 3242 2265 3290 tem
2299 3235 2442 3291 dicta
2492 3235 2712 3306 proprie
2745 3243 2871 3290 sunt
2928 3249 3012 3300 eo,
3073 3235 3217 3305 quod
3269 3249 3455 3290 armos
3512 3241 3748 3306 tegant:

2151 3343 2279 3384 nam
2317 3343 2470 3385 arma
2502 3328 2588 3386 vel
2617 3329 2686 3385 ab
2709 3329 2880 3385 armis
2905 3329 3184 3395 dicuntur,
3211 3327 3270 3384 id
3299 3337 3406 3395 est,
3439 3327 3510 3384 ab
3551 3328 3751 3385 hume-

2151 3420 2268 3476 ris:
2297 3428 2394 3476 ut:

2276 3546 2291 3560 .
2329 3545 2345 3561 .
2383 3551 2395 3562 .
2435 3548 2446 3558 .
2488 3547 2499 3559 .
2535 3509 2684 3561 Latos
2703 3511 2818 3560 huic
2841 3511 2981 3561 hasta
3005 3522 3097 3574 per
3119 3521 3279 3561 armos
3377 3525 3382 3532 ’

2369 3574 2489 3624 Acta
2515 3575 2701 3624 tremit.
2741 3608 2755 3622 .
2793 3607 2806 3621 .
2844 3609 2856 3620 .
2894 3606 2908 3620 .

2149 3655 2246 3710 Vel
2281 3641 2381 3726 apo
2410 3665 2498 3709 (ou
2526 3671 2696 3720 areas,
2731 3655 2785 3710 id
2809 3663 2913 3722 est,
2965 3671 2997 3710 a
3044 3654 3235 3711 Marte.
3291 3653 3517 3726 Mystice
3563 3661 3746 3711 autem

2145 3765 2245 3820 pro
2285 3750 2570 3806 sententiis
2601 3759 2914 3807 sanctarum
2959 3748 3389 3821 Scripturarum,
3417 3749 3504 3807 vel
3527 3750 3746 3807 exerci-

2147 3852 2234 3899 tus
2265 3843 2586 3917 [exercitiis]
2617 3845 2878 3900 virtutum
2905 3843 3286 3913 accipiuntur;
3336 3843 3479 3900 unde
3515 3845 3748 3915 Aposto-

2147 3938 2229 3994 lus
2258 3938 2336 3995 ait
2359 3957 2372 3992 :
2407 3938 2550 3993 Nam
2572 3953 2724 3991 arma
2748 3934 2953 3991 militia:
2995 3945 3190 3991 nostra:
3214 3952 3319 3990 non
3347 3935 3611 4002 carnalia,
3651 3935 3746 3992 sed

2145 4032 2407 4102 spiritalia
2429 4041 2569 4093 sunt,
2598 4040 2644 4086 et
2686 4031 2918 4100 potentia
2951 4029 3062 4085 Deo
3091 4029 3162 4084 ad
3204 4029 3614 4085 destructionem
3643 4030 3745 4084 ad-

2144 4141 2411 4179 versarum
2437 4125 2788 4179 munitionum
2811 4122 2899 4195 (II
2922 4120 3045 4178 Cor.
3089 4121 3171 4194 x),
3203 4123 3308 4177 hoc
3343 4129 3445 4186 est,
3480 4121 3744 4176 vitiorum

2144 4225 2200 4271 et
2251 4202 2515 4281 errorum,
2562 4216 2799 4286 quibus,
2853 4214 3069 4271 diabolo
3120 4213 3436 4286 instigante,
3493 4212 3746 4269 homines

2145 4308 2358 4364 adversi
2397 4317 2586 4365 contra
2637 4308 2838 4365 milites
2865 4308 3067 4366 Christi
3111 4316 3376 4379 pugnant.
3426 4306 3746 4362 Armarium

2141 4412 2272 4453 vero
2301 4397 2582 4469 Scriptura
2616 4407 2700 4455 est
2726 4414 2906 4468 sacra,
2933 4399 3019 4456 vel
3050 4399 3184 4456 fides
3210 4407 3359 4456 recta
3393 4417 3407 4454 :
3440 4398 3586 4454 unde
3608 4412 3745 4468 pro-

2142 4486 2390 4542 feruntur
2417 4503 2570 4544 arma
2599 4489 2867 4560 spiritalia
2895 4499 3086 4546 contra
3113 4490 3299 4546 hostes
3318 4487 3644 4545 Christianas
3673 4488 3746 4567 ii-

2065 4569 2121 4629 D
2145 4577 2253 4645 dei,
2309 4589 2365 4635 et
2413 4589 2814 4652 oppugnatores
2857 4595 3002 4637 vera:
3054 4581 3352 4650 religionis.
3399 4580 3535 4637 Item
3583 4594 3743 4636 arma

2143 4667 2533 4736 protectioncm
2563 4666 2800 4722 divinam
2826 4666 3151 4738 signiﬁcant,
3180 4676 3235 4723 et
3259 4665 3589 4737 adjutorium
3617 4664 3742 4735 ejus

2143 4757 2198 4812 in
2242 4767 2508 4814 sanctos:
2552 4767 2612 4813 ut
2646 4755 2708 4813 in
2756 4757 3064 4814 Psalterio:
3115 4759 3456 4829 Apprehende
3491 4775 3644 4813 arma
3688 4768 3741 4814 et

2141 4859 2348 4904 scutum
2375 4847 2549 4920 (Psal.
2590 4849 2800 4921 xxxrv).
2847 4849 3036 4915 Arma,
3068 4865 3236 4920 opera
3267 4847 3492 4919 iustitia:
3540 4851 3740 4905 adver-

2139 4957 2234 4998 sus
2256 4943 2455 4998 diaboli
2496 4943 2650 5011 vitia,
2681 4952 2742 4999 ut
2787 4943 2844 4998 in
2881 4941 3182 5013 Apostolo:
3235 4942 3466 5013 Accipite
3495 4952 3740 4998 armatu-

2139 5052 2254 5089 ram
2313 5034 2435 5101 Dei,
2489 5045 2545 5089 ut
2594 5035 2804 5106 possitis
2835 5035 3074 5089 resistere
3115 5033 3334 5105 (Ephes.
3382 5033 3479 5105 v1).
3538 5033 3736 5100 Arma,

2138 5142 2303 5197 Opera
2335 5127 2569 5198 peccati,
2611 5126 2698 5183 vel
2742 5125 2940 5183 diaboli
2985 5125 3220 5191 insidiae,
3268 5132 3330 5180 ut
3376 5125 3431 5182 in
3476 5124 3734 5195 psalmo:

2135 5220 2299 5276 Arma
2320 5230 2368 5275 et
2388 5228 2538 5275 scuta
2565 5218 2826 5274 comburet
2848 5217 2958 5290 igni
2987 5214 3162 5289 (Psal.
3187 5215 3334 5288 xu).

2757 5353 2984 5413 CAPUT
3024 5355 3114 5411 VI.

2789 5447 2866 5504 De
2890 5447 3102 5520 gladiis.

2205 5561 2430 5617 Gladius
2475 5559 2801 5631 generaliter
2855 5560 3056 5614 dicitur
3101 5559 3250 5615 ensis
3303 5559 3358 5614 in
3391 5558 3600 5629 praelio,
3632 5559 3732 5616 sed

2137 5655 2284 5712 ensis
2327 5653 2531 5709 ferrum
2563 5661 2775 5708 tantum
2804 5659 2906 5706 cst.
2936 5649 3160 5706 Gladius
3207 5665 3339 5707 vero
3385 5658 3532 5708 totus
3559 5669 3572 5705 :
3599 5667 3733 5720 pro-

2136 5748 2254 5818 prie
2281 5755 2461 5801 autcm
2494 5744 2793 5816 appellatur
2819 5742 3050 5815 gladius,
3090 5742 3233 5812 quod
3268 5743 3448 5814 gulam
3509 5742 3726 5810 dividit,

2137 5842 2192 5899 id
2216 5851 2317 5909 erit,
2367 5827 2634 5898 cervicem
2661 5845 2828 5894 secat.
2861 5835 2940 5892 Ad
2967 5835 3068 5893 hoc
3094 5835 3237 5902 enim
3267 5835 3505 5914 primum
3534 5843 3620 5894 est
3638 5832 3729 5894 ia.
