4038 6324
260 405 367 466 537

1215 395 1303 456 DE
1341 392 1688 456 UNIVERSO
1722 392 1901 451 LIBRI
1935 393 2098 453 XXII.
2134 427 2204 436 —
2241 396 2370 452 LIB.
2407 395 2526 452 XX.

3415 401 3522 460 558

260 532 409 578 etum
447 536 461 573 :
499 531 625 573 nam
679 516 920 571 membra
975 515 1259 572 securibus
1313 516 1485 586 magis
1536 515 1834 578 cmduntur,
1864 512 2072 573 Acarii
2103 513 2249 567 dicti.
2279 513 2502 569 Gladius
2541 515 2684 570 enim
2733 515 2916 585 plures
2972 515 3391 588 signiﬁcationes
3415 517 3520 574 ha-

261 610 460 666 collum
483 606 660 680 gladio
683 613 890 661 tantum
914 621 927 660 :
947 605 1092 661 acies
1119 613 1298 661 autem
1323 605 1484 677 gladii
1511 608 1578 660 ab
1593 605 1839 660 acumine

203 758 206 762 ί
261 700 430 757 dicta.
481 696 714 767 Capulus
762 704 1006 762 vocatus,
1039 695 1122 750 vel
1155 697 1279 767 quia
1335 704 1499 766 caput
1523 704 1606 752 est
1655 695 1840 767 gladii,

204 776 351 861 ἐπεὶ
382 791 510 861 quia
559 787 770 858 capitur
824 787 921 853 ibi,
957 796 1016 843 ut
1044 797 1311 844 teneatur.
1351 787 1486 843 Nam
1540 787 1673 843 alias
1699 788 1844 843 acies

262 879 400 940 ferri
426 897 531 938 non
570 881 718 938 sinit.
768 879 953 936 Mucro
982 895 1088 935 non
1117 888 1321 935 tantum
1348 879 1508 949 gladii
1539 888 1643 945 est,
1671 879 1766 935 sed
1787 885 1844 934 et

236 963 550 1045 {cujuslibet
582 972 674 1029 teli
723 987 949 1028 acumen
981 990 995 1027 :
1028 973 1207 1028 dictus
1241 985 1273 1025 ι
1302 971 1636 1043 longitudine
1666 988 1679 1025 :
1713 983 1842 1024 nam

263 1066 480 1122 hlacron
535 1064 709 1122 Graeci
760 1063 980 1135 longum
1011 1071 1210 1118 vocant
1239 1080 1252 1116 :
1284 1061 1412 1117 hinc
1465 1071 1522 1118 et
1549 1060 1839 1116 machara.

263 1156 528 1212 Machazra
560 1163 739 1211 autem
778 1163 864 1211 est
911 1153 1118 1226 gladius
1171 1152 1380 1225 longus,
1438 1166 1506 1208 ex
1545 1167 1652 1208 una
1690 1160 1843 1223 parte

263 1259 473 1308 acutus.
522 1249 753 1307 Framea
787 1263 917 1305 vero
964 1247 1173 1320 gladius
1217 1257 1302 1304 est
1330 1262 1395 1302 ex
1427 1257 1656 1320 utraque
1687 1255 1844 1317 parte

262 1353 474 1410 acutus,
499 1360 662 1414 quam
690 1342 880 1414 vulgus
907 1344 1155 1414 spatham
1188 1353 1347 1398 vocat
1371 1359 1384 1395 :
1419 1341 1536 1412 ipsa
1582 1349 1668 1396 est
1694 1355 1844 1394 rom-

261 1437 434 1508 phzea.
465 1435 693 1491 Framea
736 1443 916 1491 autem
947 1437 1109 1503 dicta,
1140 1437 1264 1507 quia
1324 1434 1500 1491 ferrea
1555 1442 1678 1490 est:
1716 1449 1842 1488 nam

263 1529 403 1584 sicut
429 1527 839 1594 ferramentum,
867 1527 947 1584 sic
997 1527 1205 1583 framea
1238 1527 1439 1582 dicitur
1479 1543 1492 1579 :
1526 1540 1591 1580 ac
1617 1523 1843 1594 proinde

262 1620 442 1674 omnis
480 1619 690 1691 gladius
724 1617 948 1674 framea.
983 1617 1208 1674 Gladius
1255 1618 1399 1672 enim
1436 1616 1490 1670 in
1538 1617 1680 1671 bono
1705 1615 1842 1670 etin

263 1711 406 1765 malo
457 1711 722 1780 accipitur
751 1728 765 1764 :
799 1710 853 1765 in
903 1710 1067 1775 bono,
1113 1718 1174 1764 ut
1212 1708 1267 1763 in
1298 1706 1557 1777 Apostolo
1589 1725 1600 1760 :
1631 1705 1698 1759 Et
1725 1704 1842 1774 gla-

262 1800 408 1854 dium
460 1801 694 1870 spiritus,
727 1800 865 1871 quod
894 1808 968 1854 est
1025 1799 1234 1854 verbum
1267 1796 1366 1852 Dei
1415 1797 1628 1868 (Ephes.
1657 1795 1753 1866 vi).
1785 1795 1842 1848 In

264 1893 428 1957 malo,
458 1903 518 1947 ut
547 1901 632 1948 est
666 1892 795 1947 illud
849 1891 1149 1948 Psalmistae
1189 1911 1202 1946 :
1242 1887 1489 1944 Gladium
1537 1890 1840 1959 evaginave-
1866 1873 1914 1933 Β

265 1994 384 2037 runt
407 1994 699 2054 peccatores
731 1981 902 2056 (Psal.
935 1979 1143 2055 XXXVI).
1174 1981 1396 2038 Gladius
1422 1981 1722 2050 peccatoris
1760 1985 1844 2034 est

264 2075 490 2144 quilibet
517 2075 689 2141 dolus,
729 2075 954 2131 alterius
989 2083 1245 2145 appetens
1294 2073 1592 2129 laesionem.
1624 2070 1759 2125 Nam
1791 2078 1846 2125 et

265 2167 378 2232 ille,
406 2167 500 2236 qui
550 2167 762 2236 inopem
793 2166 1024 2237 spoliare
1079 2164 1375 2232 contendit,
1424 2178 1678 2234 perverse
1717 2177 1846 2218 conv

263 2257 372 2311 silii
410 2257 493 2312 sui
529 2256 763 2328 gladium
793 2256 1003 2323 educit;
1038 2263 1095 2311 et
1129 2256 1234 2321 ille,
1267 2255 1358 2325 qui
1394 2270 1560 2326 prava
1591 2253 1846 2308 suasione

263 2346 537 2402 desiderat
579 2346 828 2417 decipere
878 2347 1085 2401 animas
1111 2345 1476 2408 innocentum,
1509 2357 1692 2399 ensem
1719 2356 1846 2413 pes-

263 2439 420 2494 sima:
440 2437 781 2510 cogitationis
817 2438 1070 2494 ostendit.
1101 2435 1523 2508 Evaginaverunt
1561 2442 1741 2489 autem
1767 2432 1846 2487 si-

263 2530 509 2601 gniﬁcat,
549 2530 876 2585 nudaverant
910 2549 923 2584 :
953 2539 1013 2585 ut
1041 2530 1187 2600 quod
1231 2537 1358 2584 ante
1395 2536 1514 2584 erat
1557 2528 1609 2583 in
1637 2527 1846 2599 cogita-

265 2618 434 2685 tione,
467 2627 722 2689 tanquam
744 2619 800 2674 in
829 2620 1021 2690 vagina
1048 2618 1409 2684 reconditum,
1438 2626 1562 2688 post
1589 2615 1846 2674 eductum

264 2698 520 2766 revelatis
542 2708 956 2780 cogitationibus
983 2717 1285 2780 appareret.
1324 2707 1556 2763 Framea
1587 2707 1847 2762 ultionem

265 2799 508 2855 divinam
538 2798 804 2870 significat
834 2799 891 2854 in
929 2799 1119 2870 impio,
1164 2797 1304 2855 unde
1345 2806 1431 2854 est
1457 2797 1588 2853 illud
1626 2797 1680 2851 in
1706 2797 1851 2867 psal-

266 2905 404 2948 mo:
455 2890 686 2962 Eﬂ'unde
739 2891 1018 2963 frameam,
1063 2900 1112 2946 et
1161 2889 1414 2946 conclude
1460 2890 1710 2945 adversus
1740 2905 1848 2956 eos,

266 2986 358 3056 qui
380 3001 462 3040 me
486 2994 866 3058 persequuntur
891 2983 1065 3058 (Psal.
1097 2984 1308 3056 xxxrv).
1341 2984 1409 3039 Et
1435 2984 1489 3038 in
1516 2982 1676 3038 aliam
1722 2996 1849 3053 par-

274 3085 383 3132 tem
413 3094 427 3130 :
458 3075 618 3147 Eripe
653 3093 687 3131 a
723 3077 927 3147 framea
982 3076 1214 3130 animum
1261 3091 1431 3130 meam
1477 3070 1651 3145 (Psal:
1686 3070 1798 3144 xxx)
1834 3087 1849 3138 ;

269 3183 397 3223 nam
426 3167 644 3223 liberari
675 3182 735 3224 se
769 3166 1061 3238 postulavit
1087 3183 1119 3222 a
1146 3176 1342 3234 morte,
1381 3181 1542 3237 quam
1571 3164 1851 3220 subiturus

1945 603 2075 658 bet:
2116 603 2253 658 etin
2310 605 2474 670 bono,
2527 613 2584 668 et
2629 605 2684 661 in
2742 607 2884 662 malo
2937 607 3216 676 accipitur,
3268 616 3326 662 ut
3358 623 3522 679 supra

1944 697 2296 754 ostendimus.
2348 696 2483 753 Nam
2531 697 2740 768 gladius
2774 700 2996 754 verbum
3030 699 3148 764 Dei,
3179 707 3234 755 et
3262 701 3524 757 severita-

1947 800 2056 847 tem
2081 791 2216 862 legis
2263 785 2851 864 atque'prophetarum
2881 792 3170 864 significat,
3203 801 3263 846 ut
3293 793 3348 847 in
3375 793 3523 866 Apo-

1946 883 2150 955 calypsi
2180 901 2194 937 :
2234 884 2304 938 Et
2345 883 2554 955 gladius
2585 885 2949 955 egrediebatur
2974 885 3039 940 de
3067 902 3156 939 ore
3185 885 3300 955 ejus
3336 886 3522 958 (Apoc.

1945 979 2008 1049 ι),
2037 978 2092 1032 id
2120 986 2224 1043 est,
2250 978 2473 1032 verbum
2522 977 2756 1032 Domini.
2809 975 3033 1033 Gladius
3083 977 3166 1032 vis
3194 985 3276 1032 est
3323 977 3525 1033 amoris

1945 1068 2062 1134 Dei,
2091 1077 2151 1124 ut
2179 1069 2231 1123 in
2276 1068 2566 1140 Evangelio
2597 1085 2610 1121 :
2651 1067 2776 1122 Non
2819 1069 2932 1122 veni
2967 1084 3148 1136 pacem
3179 1068 3403 1134 mittere,
3433 1066 3524 1122 sed

1944 1156 2177 1230 gladium
2209 1157 2426 1229 (Matth.
2452 1156 2528 1230 χ).
2565 1155 2738 1212 Gladii
2795 1166 2924 1212 sunt
2951 1157 3003 1212 in
3033 1158 3282 1212 manibus
3311 1165 3526 1212 sancto-

1945 1265 2067 1305 rum
2105 1249 2412 1305 testimonia
2463 1249 2656 1304 divinae
2711 1247 3007 1318 Scripturae
3060 1265 3124 1304 ex
3159 1257 3391 1318 utroque
3422 1247 3526 1303 Te-

1945 1354 2212 1401 stamento
2262 1345 2393 1414 legis
2420 1345 2472 1400 in
2502 1344 2753 1399 acumine
2789 1344 3072 1412 perducta,
3100 1351 3160 1395 ut
3189 1341 3242 1395 in
3274 1339 3480 1410 psalmo
3506 1357 3521 1395 :

1945 1437 2014 1491 Et
2037 1437 2199 1508 gladii
2231 1436 2306 1490 bis
2333 1436 2474 1490 acuti
2528 1437 2584 1490 in
2626 1434 2863 1488 manibus
2887 1449 3068 1487 eorum
3097 1430 3270 1503 (Psal.
3318 1429 3522 1500 CXLIX).

1944 1529 2012 1584 Et
2037 1531 2090 1584 in
2119 1527 2377 1598 Apostolo
2405 1546 2418 1582 τ
2455 1526 2524 1580 Et
2552 1525 2790 1595 gladium
2836 1525 3074 1595 spiritus,
3109 1523 3247 1594 quod
3291 1531 3365 1576 est
3404 1538 3518 1576 ver-

1945 1624 2065 1677 bum
2113 1622 2211 1676 Dei
2245 1619 2458 1692 (Ephes.
2510 1617 2606 1688 v1).
2645 1617 2842 1683 Gladii,
2889 1617 2996 1671 duo
3021 1624 3146 1670 sunt
3173 1614 3520 1669 Testamenta

1943 1715 2096 1785 legis,
2156 1722 2216 1768 ut
2268 1713 2321 1766 in
2378 1709 2668 1779 Evangelio
2719 1707 3016 1763 secundum
3068 1705 3270 1759 Lucam
3319 1721 3333 1756 :
3382 1701 3520 1756 Ecce

1944 1807 2106 1879 gladii
2132 1810 2238 1860 duo
2262 1805 2346 1858 hic
2379 1802 2529 1874 (Luc.
2564 1800 2722 1873 χχιι).
2773 1796 2995 1854 Gladius
3039 1805 3122 1852 est
3143 1794 3522 1850 haereticorum

1944 1897 2274 1969 praedicatio,
2313 1904 2371 1948 ut
2400 1895 2454 1948 in
2487 1893 2776 1948 Salomone
2809 1909 2821 1945 :
2853 1889 2986 1956 Quae
3019 1904 3114 1958 pro
3140 1886 3380 1940 dentibus
3409 1883 3523 1954 gla-

1946 1990 2060 2043 dios
2088 1989 2237 2042 habet
2267 1984 2449 2059 (Prov.
2502 1984 2652 2055 xxx).
2684 1983 2750 2037 Et
2777 1982 2832 2036 in
2855 1978 3145 2054 Evangelio
3177 1996 3190 2031 :
3227 1974 3410 2030 Omnis
3434 1973 3526 2045 qui

1945 2079 2250 2150 percusserit
2305 2077 2500 2148 gladio,
2555 2074 2732 2146 gladia
2792 2073 3042 2127 morietur
3097 2068 3312 2142 (Matth.
3349 2066 3520 2137 xxvn).
3575 2096 3578 2098 η

1947 2172 2170 2228 Gladius
2217 2179 2302 2225 εει
2335 2168 2581 2224 seductio
2629 2165 2848 2230 diaboli,
2893 2173 2956 2219 ut
2997 2163 3051 2218 in
3080 2161 3386 2217 Psalterio:
3421 2158 3528 2225 Qui

1948 2263 2181 2318 liberasti
2204 2277 2408 2316 servum
2423 2269 2571 2314 tuum
2585 2257 2648 2312 de
2665 2255 2840 2326 gladio
2863 2253 3092 2325 maligno
3116 2250 3288 2323 (Psal.
3315 2248 3526 2321 cum).

1947 2355 2171 2411 Gladius
2191 2361 2276 2409 est
2303 2351 2575 2408 damnatio
2602 2349 2952 2418 sempiterna,
2980 2354 3041 2399 ut
3062 2344 3116 2398 in
3140 2343 3241 2399 Job
3269 2360 3283 2397 :
3314 2341 3375 2398 Si
3396 2339 3533 2395 mul-

1949 2445 2168 2517 tiplicati
2198 2445 2391 2516 fuerint
2426 2441 2523 2511 filii
2547 2441 2680 2511 ejus,
2719 2439 2773 2493 id
2813 2445 2914 2502 est,
2959 2435 3341 2492 haereticorum
3362 2431 3559 2488 disci--

1947 2537 2080 2610 puli,
2109 2539 2164 2591 in
2193 2534 2370 2608 gladio
2403 2541 2552 2589 erunt
2569 2531 2710 2604 (Job.
2760 2527 2954 2600 xxvii).
3007 2526 3230 2584 Gladius
3263 2534 3348 2582 est
3385 2523 3531 2596 judi-

1950 2628 2096 2685 cium
2136 2626 2253 2692 Dei,
2302 2634 2364 2680 ut
2414 2625 2467 2679 in
2515 2622 2750 2679 Jeremia
2777 2641 2790 2676 :
2820 2621 2865 2674 A
2898 2621 3033 2691 facie
3082 2618 3246 2690 gladii
3280 2617 3534 2672 columba:

1951 2721 2308 2789 unusquisque
2367 2717 2435 2770 ad
2495 2714 2744 2786 populum
2810 2729 2967 2768 suum
3020 2721 3347 2766 convertetur
3397 2707 3534 2780 (Jer.

1953 2812 2124 2882 XLVI).
2156 2811 2378 2868 Gladius
2407 2819 2490 2864 est
2520 2798 2754 2862 vindicta
2804 2804 2889 2858 vel
2918 2819 3098 2859 sermo
3129 2801 3364 2868 Domini,
3389 2808 3451 2854 ut
3479 2799 3537 2855 in

1951 2905 2206 2978 Apostolo
2232 2922 2246 2958 :
2290 2901 2445 2956 Vivus
2471 2911 2544 2955 est
2575 2900 2713 2954 enim
2734 2913 2903 2953 sermo
2926 2895 3045 2962 Dei,
3073 2904 3122 2950 et
3148 2893 3359 2963 efﬁcax,
3382 2900 3430 2946 et
3451 2907 3541 2962 pe-

1955 2995 2261 3053 netrabilior
2282 2993 2422 3048 omni
2447 2990 2624 3063 gladio
2650 2987 2868 3058 ancipiti
2897 2985 3087 3058 (Hebr.
3119 2983 3215 3054 ιν).
3241 2979 3540 3052 Romphaea

1955 3091 2097 3148 idem
2122 3096 2224 3154 est,
2256 3087 2400 3158 quod
2437 3093 2490 3140 et
2514 3098 2696 3154 supra.
2749 3079 3037 3146 Machaera,
3093 3092 3274 3132 sermo
3323 3074 3544 3132 deIOSus

1957 3191 2012 3240 et
2039 3180 2251 3240 insidiis
2279 3179 2490 3250 plenus,
2520 3184 2581 3232 ut
2610 3181 2694 3231 est
2717 3173 2849 3229 illud
2869 3173 2924 3228 in
2943 3170 3192 3242 psalmo:
3226 3167 3357 3223 Filii
3378 3166 3548 3222 homi-

267 3251 406 3324 e‘rat,
441 3258 635 3315 collato
668 3258 877 3315 scilicet
901 3257 1316 3315 resurrectionis
1358 3257 1581 3312 auxilio.
1614 3253 1846 3308 Framea
1876 3259 1922 3324 α
1953 3291 2099 3339 ηψπ,
2131 3274 2310 3328 deum
2333 3286 2512 3326 eorum
2548 3285 2698 3322 arma
2741 3276 2788 3321 ει
2815 3265 3043 3336 sagum,
3071 3275 3120 3318 ει
3151 3260 3332 3332 lingua
3361 3273 3544 3315 eorum

269 3347 415 3403 enim
452 3364 811 3421 synonymum
863 3363 1060 3406 nomen
1111 3358 1214 3414 est,
1275 3348 1585 3418 signiﬁcans
1615 3347 1729 3402 sive
1753 3347 1852 3402 ha-

269 3454 436 3511 stam,
467 3445 581 3501 sive
610 3444 870 3518 gladium,
925 3445 1040 3500 sive
1078 3443 1332 3514 quzelibet
1381 3457 1551 3509 arma,
1603 3455 1703 3513 per
1730 3455 1853 3510 quae

269 3535 443 3591 voluit
468 3535 712 3591 futurum
739 3535 917 3592 crucis
947 3537 1154 3591 exitum
1204 3543 1574 3607 competenter
1621 3533 1848 3597 adverti,

269 3623 363 3695 qui
389 3641 488 3697 per
510 3626 683 3695 ipsam
707 3625 1024 3695 plerumque
1050 3626 1326 3681 succedit:
1357 3626 1450 3681 sed
1477 3626 1654 3694 primo
1675 3625 1809 3680 dixit
1833 3641 1847 3678 :

267 3719 412 3789 eripe
439 3718 674 3772 animam
701 3733 906 3773 meam:
939 3717 1099 3774 modo
1127 3719 1262 3789 petit
1287 3718 1501 3774 liberari
1531 3717 1849 3785 Ecclesiam,

269 3829 393 3884 qua:
421 3819 510 3867 est
533 3811 609 3868 illi
638 3813 821 3881 unica,
851 3813 906 3869 id
933 3820 1037 3878 est,
1069 3814 1391 3869 catholicam
1424 3831 1438 3868 :
1471 3823 1534 3868 ut
1582 3813 1851 3884 intelliga-

273 3911 364 3958 tur
383 3903 660 3960 doctrinas
685 3919 854 3960 novas
881 3913 936 3959 et
976 3904 1332 3961 conciliabula
1377 3905 1710 3976 perditorum
1735 3905 1856 3960 uni-

272 3996 404 4052 tatis
424 3995 686 4052 vocabulo
714 3997 1004 4067 respuisse.
1035 3995 1170 4053 Item
1198 3996 1404 4052 framea
1436 3995 1704 4069 signiﬁcat
1731 3997 1853 4052 vin-

272 4087 476 4144 dictam
505 4088 561 4143 in
588 4088 863 4144 insontem
889 4088 1099 4160 prolata
1126 4105 1140 4143 :
1172 4097 1230 4143 ut
1263 4097 1348 4144 est
1372 4087 1504 4145 illud
1551 4088 1856 4146 Psalmistte

273 4181 343 4238 de
363 4181 780 4252 peccatoribus:
804 4181 1019 4238 Inimici
1040 4183 1342 4254 defecerunt
1373 4183 1589 4254 framea:
1615 4184 1672 4238 in
1695 4185 1855 4253 ﬁnem

275 4273 451 4344 (Psal.
489 4273 590 4345 ix).
621 4273 852 4340 Inimici,
883 4276 1154 4347 genitivus
1199 4292 1359 4332 casus
1393 4285 1495 4342 est,
1522 4276 1574 4333 id
1606 4284 1709 4344 est,
1739 4277 1857 4332 dia-

273 4367 405 4433 boli,
439 4365 595 4437 cujus
628 4365 830 4424 framea
883 4366 1148 4424 defecisse
1173 4377 1420 4424 testatur.
1451 4369 1681 4426 Framea
1710 4371 1857 4425 enim

275 4457 577 4514 Hebraicus
629 4473 811 4516 sermo
837 4469 942 4526 est,
971 4459 1285 4531 signiﬁcans
1314 4460 1571 4532 gladium,
1623 4476 1731 4530 quo
1751 4461 1853 4516 ho-

277 4549 379 4604 stis
422 4549 512 4605 ille
561 4549 928 4606 bacchabatur
957 4568 969 4604 :
1000 4550 1141 4620 quod
1163 4559 1346 4605 autem
1401 4551 1556 4616 dixit,
1588 4552 1642 4604 in
1673 4551 1854 4620 ﬁnem,

1950 3369 2216 3424 machaera
2251 3373 2409 3421 acuta
2433 3359 2608 3435 (Psal.
2643 3359 2776 3431 LVI).
2807 3357 3041 3414 Secures
3070 3356 3225 3428 signa
3245 3361 3373 3410 sunt
3416 3365 3539 3424 qua:

1950 3472 2078 3517 ante
2102 3459 2353 3516 consules
2377 3456 2710 3518 ferebantur,
2735 3467 2873 3522 quas
2896 3448 3120 3521 Hispani
3150 3446 3218 3502 ab
3245 3461 3347 3501 usu
3371 3444 3544 3500 Fran-

1951 3567 2138 3609 corum
2152 3565 2250 3621 per
2262 3546 2649 3604 derivationem
2662 3541 2959 3597 franciscas
2972 3544 3184 3595 vocant.
3201 3536 3278 3590 Ea
3299 3534 3546 3590 solebant

1952 3644 2106 3714 signa
2145 3647 2271 3695 ante
2297 3637 2573 3695 consulem
2606 3635 2816 3706 portari
2845 3650 2858 3686 :
2891 3646 2960 3688 ne
2983 3638 3078 3684 aut
3101 3643 3258 3683 usum
3290 3625 3545 3696 perderet

1953 3734 2100 3800 belli,
2125 3740 2220 3788 aut
2249 3746 2450 3786 vacans
2471 3728 2583 3784 otio
2609 3733 2887 3797 aspectum
2921 3721 3197 3778 amitteret
3217 3717 3538 3790 gladiorum.

1954 3825 2160 3884 Dicitur
2201 3832 2383 3878 autem
2416 3820 2625 3877 securis
2661 3817 3070 3881 ferramentum,
3122 3826 3230 3882 quo
3265 3808 3546 3865 caeduntur
3646 3823 3648 3826 ν

1954 3921 2097 3992 ligna
2146 3917 2215 3973 ad
2249 3931 2409 3971 usum
2449 3911 2766 3969 hominum:
2801 3907 2944 3979 quod
2969 3906 3135 3962 etiam
3182 3901 3413 3972 mystice
3451 3905 3546 3953 aut

1955 3989 2321 4082 evangelicam
2339 4003 2783 4078 praedicationem
2806 4006 2898 4054 aut
2918 3995 3106 4068 iudicii
3128 3992 3453 4051 sententiam
3473 3989 3548 4044 si-

1955 4106 2214 4180 gniﬁcat;
2250 4101 2392 4158 unde
2415 4106 2500 4156 est
2524 4094 2654 4152 illud
2694 4094 2750 4150 in
2784 4089 3121 4180 Evangelia:
3148 4086 3274 4180 Jam
3301 4084 3548 4180 enimse-

1956 4165 2097 4253 Euris
2122 4195 2191 4250 ad
2201 4165 2416 4248 radices
2439 4189 2687 4246 arborum
2714 4185 2887 4258 posita
2911 4191 2985 4238 est
3006 4179 3223 4254 (Matth.
3243 4175 3349 4250 ιιι).
3370 4165 3559 4232 Arbor

1957 4287 2116 4357 hujus
2137 4285 2323 4341 mundi
2345 4291 2429 4340 est
2450 4280 2764 4336 universum
2789 4290 2958 4349 genus
2985 4273 3315 4334 humanum;
3343 4266 3550 4324 securis
3572 4335 3574 4338 ν

1954 4393 2088 4436 vero
2113 4385 2197 4433 est
2234 4373 2564 4444 Redemptor
2602 4378 2809 4434 noster,
2841 4365 2933 4437 qui
2959 4364 3117 4418 velut
3152 4377 3221 4417 ex
3264 4357 3552 4416 manubrio

1958 4481 2014 4527 et
2031 4469 2176 4527 ferro
2196 4474 2427 4530 constat,
2445 4472 2763 4531 teneturque
2781 4474 2849 4514 ex
2869 4453 3226 4518 humanitate,
3245 4451 3341 4506 sed
3360 4448 3552 4504 incidit

1961 4577 2026 4616 ex
2063 4559 2366 4614 divinitate.
2408 4554 2538 4620 Qua:
2562 4551 2816 4607 videlicet
2840 4546 3045 4604 securis
3073 4544 3187 4615 jam
3219 4541 3287 4596 ad
3313 4539 3553 4595 radicem

277 4639 674 4695 consummatio
726 4639 910 4696 saeculi
959 4640 1117 4694 datur
1145 4640 1387 4710 intelligi,
1429 4641 1644 4709 quando
1687 4641 1853 4696 virtus

1964 4651 2176 4706 arboris
2207 4649 2350 4703 illius
2386 4644 2564 4716 posita
2613 4649 2737 4697 est:
2769 4638 2896 4709 quia
2939 4636 3042 4692 etsi
3083 4649 3181 4704 per
3233 4629 3550 4702 patientiam

277 4734 480 4790 diaboli
509 4735 866 4805 omnipotenti
911 4735 1003 4790 illo
1051 4735 1228 4806 gladio
1285 4735 1544 4806 probatur
1572 4735 1856 4789 interimi:

279 4827 347 4882 de
373 4841 482 4896 quo
505 4826 643 4882 dixit
666 4827 720 4882 in
761 4826 992 4896 septimo
1028 4825 1275 4896 psalmo:
1313 4823 1437 4879 Nisi
1482 4824 1859 4890 convertimini,

280 4917 515 4990 gladium
542 4933 696 4973 suum
717 4917 956 4982 vibrabit,
978 4924 1083 4971 etc.
1109 4914 1280 4988 (Psal.
1306 4915 1424 4987 vn).
1456 4914 1660 4985 Spatha
1680 4930 1710 4968 a
1734 4930 1862 4985 pas-

283 5009 437 5065 sione
459 5009 680 5075 dicitur,
699 5007 890 5065 Graeco
911 5008 1107 5064 verbo:
1133 5007 1387 5077 quoniam
1411 5007 1561 5078 patin
1591 5004 1859 5078 [pathein]

283 5096 474 5157 Graece
523 5100 722 5156 dicitur
763 5101 878 5172 pati
905 5116 922 5157 :
949 5103 1092 5156 unde
1119 5110 1176 5154 et
1201 5101 1374 5171 patior
1397 5107 1453 5155 et
1477 5101 1676 5168 patitur
1726 5098 1863 5154 dici-

286 5206 428 5247 mus.
460 5189 883 5262 Semispathium
919 5189 1128 5264 gladius
1157 5205 1187 5245 a
1213 5189 1387 5246 media
1417 5198 1583 5260 spata:
1632 5189 1867 5260 longitu-

289 5287 414 5343 dine
434 5287 734 5358 appellatus
757 5302 772 5342 :
799 5303 905 5344 non
928 5296 988 5344 ut
1013 5288 1324 5359 imprudens
1342 5288 1532 5358 vulgus
1553 5288 1685 5344 dicit
1707 5306 1721 5344 :
1749 5288 1870 5344 sine

289 5380 486 5450 spatio,
528 5380 653 5435 dum
685 5380 881 5452 sagitta
917 5380 1149 5437 velocior
1177 5380 1266 5437 sit.
1306 5378 1473 5451 Pugio
1517 5394 1549 5435 a
1583 5380 1872 5452 pungendo

289 5483 348 5529 et
375 5473 744 5545 transﬁgendo
780 5482 1004 5528 vocatus
1033 5490 1046 5526 :
1080 5482 1164 5528 est
1210 5473 1356 5528 enim
1404 5473 1617 5542 gladius
1671 5488 1872 5543 parvus

290 5571 350 5620 et
370 5565 455 5620 bis
480 5574 692 5630 acutus,
729 5563 884 5618 lateri
926 5564 1228 5619 adhaerens.
1277 5563 1408 5618 Item
1444 5573 1501 5618 et
1525 5563 1870 5619 clunabulum

295 5656 523 5724 dictum,
555 5657 700 5728 quod
753 5656 1008 5727 religetur
1036 5657 1104 5711 ad
1157 5656 1364 5711 clunes.
1431 5655 1554 5712 Sica
1583 5673 1613 5710 a
1640 5656 1874 5712 secando

297 5750 482 5804 dicta:
538 5760 621 5806 est
645 5749 789 5805 enim
842 5749 1052 5819 gladius
1077 5749 1277 5814 brevis,
1317 5764 1428 5818 quo
1454 5749 1688 5803 maxime
1713 5757 1874 5802 utun-

298 5846 415 5910 ωι,
443 5841 536 5914 qui
565 5843 706 5917 apud
728 5840 890 5898 Italos
915 5839 1196 5901 latrocinia
1219 5847 1496 5912 exercent,
1528 5854 1560 5896 a
1581 5853 1690 5914 quo
1710 5847 1767 5897 et
1793 5838 1871 5898 si-

1962 4747 2262 4810 exspectat,
2292 4736 2507 4790 videtur
2545 4742 2674 4786 tunc
2728 4729 2871 4799 quod
2901 4727 3109 4782 factura
3150 4732 3253 4778 est.
3284 4721 3468 4777 Potest
3497 4727 3554 4776 et

1965 4831 2173 4888 securis
2221 4827 2440 4883 nomine
2490 4821 2809 4894 praedicatio
2849 4817 3118 4874 sermonis
3139 4812 3439 4886 evangelici
3467 4813 3551 4866 in-

1965 4923 2152 4994 telligi,
2180 4920 2333 4992 quia,
2361 4915 2660 4973 secundum
2693 4909 3010 4982 Apostolum
3037 4927 3050 4963 :
3090 4907 3248 4962 Vivus
3276 4914 3352 4962 est
3380 4921 3552 4960 sermo

1970 5017 2092 5082 Dei,
2118 5024 2166 5069 et
2194 5013 2408 5083 efﬁcax,
2433 5020 2480 5064 et
2510 5003 2881 5080 penetrabilior
2919 5000 3060 5057 omni
3107 4997 3282 5070 gladio
3313 4996 3550 5066 ancipiti,

1972 5117 2020 5162 et
2052 5105 2344 5178 pertingens
2377 5116 2541 5172 usque
2570 5097 2640 5153 ad
2679 5096 2987 5151 divisionem
3026 5091 3216 5145 anima:
3240 5098 3286 5143 et
3313 5089 3554 5160 spiritus,
3632 5112 3645 5124 ο

1973 5213 2281 5269 compagum
2331 5209 2533 5266 quoque
2576 5200 2624 5247 et
2655 5185 3028 5251 medullarum,
3058 5191 3106 5238 et
3135 5181 3389 5236 discretor
3414 5180 3556 5250 cogi-

1975 5276 2232 5349 talionum
2259 5288 2445 5362 (Hebr.
2471 5286 2568 5358 IV).
2595 5285 2663 5340 Et
2707 5281 2976 5339 Jeremias
3020 5277 3281 5350 prOpheta
3328 5275 3554 5331 verbum

1977 5386 2188 5443 Domini
2215 5381 2392 5440 securi
2419 5385 2699 5450 comparat
2719 5375 2943 5430 caedenti
2979 5381 3209 5442 petram.
3248 5367 3372 5424 Sive
3401 5382 3558 5423 secu-

1975 5478 2054 5534 ris
2113 5472 2441 5532 sententiam
2479 5467 2668 5538 judicii
2701 5465 2952 5520 altissimi
3010 5461 3302 5532 signiﬁcat,
3337 5475 3458 5531 qua:
3487 5456 3556 5512 ad
3620 5453 3624 5457 ’

1978 5568 2191 5624 radices
2219 5566 2496 5628 arborum,
2525 5560 2581 5615 id
2612 5567 2716 5624 est,
2743 5557 2809 5612 ad
2861 5556 3023 5611 ﬁnem
3071 5554 3223 5626 regni
3251 5551 3432 5624 populi
3458 5549 3552 5607 Ju-

1978 5661 2117 5718 daici
2142 5659 2316 5730 posita
2342 5665 2426 5710 est
2451 5673 2464 5708 :
2493 5661 2550 5708 ut
2577 5667 2689 5719 eos,
2723 5651 2811 5721 qui
2862 5650 2916 5704 in
2945 5647 3162 5703 Christo
3205 5644 3428 5701 credere
3453 5656 3553 5698 n0-

1975 5754 2210 5818 luerunt,
2241 5750 2306 5807 de
2331 5757 2478 5804 terra
2509 5745 2803 5802 viventium
2831 5742 3099 5798 abscidat.
