4038 6324
509 383 618 443 559

1095 493 1321 551 CAPUT
1372 494 1479 551 VII.

1144 586 1222 641 De
1254 587 1437 641 hastis.
1514 650 1527 660 _

568 682 737 744 Hasta
764 688 851 737 est
900 671 1093 736 contus
1132 694 1256 735 cum
1309 678 1475 743 ferro,
1508 675 1663 746 cujus
1698 675 2077 732 diminutivum

501 776 630 832 facit
676 776 889 830 hastile.
941 774 1147 831 Nomen
1203 784 1381 829 autem
1438 774 1617 829 hasta‘
1645 772 1715 827 ab
1761 784 1881 827 astu
1931 787 2077 827 sum-

499 869 629 940 psit,
652 868 793 922 unde
813 876 871 924 et
897 867 1113 922 astutia.
1158 865 1363 921 Wus
1392 865 1596 921 ferrum
1631 881 1735 920 non
1758 864 1950 931 habet,
1980 862 2075 918 sed
2100 918 2103 921 .

501 969 711 1017 tantum
734 960 956 1031 cuspide
988 967 1145 1015 acuta
1175 966 1277 1014 est.
1326 957 1576 1026 Virgilius
1601 974 1614 1009 :

625 1062 951 1124 Ferulaeque
974 1062 1165 1121 trudes,
1190 1066 1242 1109 et
1265 1067 1403 1109 acuta
1429 1055 1628 1119 cuspide
1653 1061 1841 1107 contos.

498 1146 707 1203 Coetus
770 1154 953 1202 autem
1011 1145 1165 1215 quasi
1225 1143 1439 1198 conitus
1485 1160 1498 1195 :
1555 1149 1639 1197 est
1704 1142 1849 1197 enim
1905 1155 2072 1196 conus

498 1245 656 1295 acuta
687 1239 1008 1294 rotunditas.
1038 1237 1095 1292 In
1125 1235 1516 1308 signiﬁcatione
1545 1243 1725 1290 autem
1774 1236 1945 1289 hasta:
1988 1232 2072 1287 vel

496 1330 772 1397 hostilium
834 1338 1013 1400 potest
1071 1330 1293 1383 tentatio
1354 1326 1615 1382 diabolica
1672 1324 1919 1395 intelligi,
1975 1339 2072 1393 per

495 1434 656 1491 quam
678 1420 840 1476 saluti
869 1420 1083 1491 generis
1107 1418 1331 1474 humani
1358 1418 1470 1486 ipse
1508 1416 1766 1486 antiquus
1790 1416 1959 1471 hostis
1984 1416 2069 1470 in-

493 1513 658 1579 videt,
689 1524 747 1569 et
796 1512 1225 1569 interfectionem
1280 1519 1589 1580 praeparat:
1619 1510 1761 1567 unde
1797 1518 1881 1564 est
1914 1507 2068 1572 illud,

492 1607 635 1675 quod
665 1606 733 1661 de
760 1605 978 1661 Goliath
1026 1606 1243 1675 gigante
1293 1602 1577 1673 Scriptura
1612 1601 1803 1666 refert,
1839 1600 2025 1655 dicens
2054 1618 2066 1654 :

495 1697 703 1752 Hostile
722 1707 898 1752 autem
923 1698 1087 1751 haste
1129 1696 1244 1765 ejus
1290 1705 1401 1749 erat
1441 1694 1594 1764 quasi
1647 1693 1961 1745 liciatorium
1992 1701 2099 1744 ιε·-

490 1789 748 1855 aestiuus,
802 1788 907 1843 etc;
943 1786 997 1858 (1
1030 1787 1159 1857 Reg.
1192 1786 1348 1858 xvii).
1379 1786 1563 1857 Pugna
1588 1800 1718 1840 vero
1758 1783 2071 1840 Philistino-

1149 382 1208 437 B.
1251 380 1503 437 RABANI
1540 381 1761 438 MAURI
1797 382 2115 439 ARCHIEP.
2153 380 2460 441 MOGUNT.
2502 385 2784 446 OPERUM
2823 389 3000 446 PARS
3039 389 3100 447 II.

3654 397 3771 452 διο

2110 497 2414 567 Λιουρειριξ.
2445 498 2671 571 Scorpio
2701 510 2785 557 est
2805 503 3003 573 sagitta
3037 513 3323 571 venenata,
3368 522 3497 563 arcu
3534 511 3619 583 vel
3643 519 3738 565 tor

2185 591 2384 646 mentis
2411 606 2660 657 excussa,
2688 609 2808 663 qua:
2841 594 2971 649 dum
3003 593 3071 649 ad
3115 596 3388 652 hominem
3412 600 3642 664 venerit,
3676 602 3768 655 vi-

2183 694 2297 746 rus,
2321 697 2427 751 quo
2452 681 2588 753 ﬁgit,
2618 683 2853 737 infundit
2884 701 2898 737 :
2926 684 3069 739 unde
3097 692 3153 741 et
3181 687 3397 757 scorpio
3444 703 3643 744 nomen
3670 707 3772 746 ac-

2181 774 2340 841 cepit.
2372 774 2447 830 De
2474 776 2686 846 sagittis
2714 792 2841 847 ergo
2875 776 2928 832 in
2958 774 3062 833 Job
3102 776 3177 831 ita
3206 780 3466 847 scriptum
3495 791 3582 836 est
3609 799 3622 835 :
3658 782 3773 838 Sa-

2179 865 2322 934 gitta:
2377 864 2585 922 Domini
2624 868 2679 921 in
2727 885 2807 922 nte
2866 877 3011 934 sunt,
3031 884 3258 939 quarum
3287 871 3579 941 indignatio
3604 874 3771 928 ebibit

2177 956 2415 1026 spiritum
2438 975 2606 1013 meum
2629 959 2771 1033 (Job.
2800 959 2895 1033 vr).
2929 961 3028 1016 Hic
3053 962 3368 1031 sagittarum
3399 964 3619 1021 nomine
3646 969 3774 1021 ani-

2178 1047 2571 1104 madversionis
2601 1052 2869 1109 sententia
2924 1053 3252 1123 designatur.
3298 1052 3394 1109 Vir
3422 1055 3586 1127 igitur
3637 1074 3772 1112 san—-

2177 1145 2294 1192 ctus
2341 1140 2468 1207 quia
2512 1143 2962 1212 peregrinationis
3006 1159 3118 1200 suae
3163 1161 3460 1203 aerumnam
3511 1150 3768 1219 respicit,

2176 1230 2318 1297 quod
2344 1231 2443 1285 sub
2470 1233 2940 1300 persecutionibus
2986 1236 3280 1291 Dominicae
3333 1238 3772 1295 animadversio-
3880 1302 3887 1305 η

2175 1321 2260 1376 nis
2286 1322 2627 1393 ingemiscat,
2650 1326 2781 1382 dicit
2814 1311 2907 1381 :‘U
2914 1327 3017 1382 nde
3043 1338 3093 1383 et
3123 1329 3273 1383 verba
3296 1346 3411 1384 mea
3433 1330 3615 1385 dolore
3636 1344 3769 1387 sunt

2172 1411 2327 1482 plena
2349 1427 2368 1464 :
2406 1417 2528 1485 quia
2552 1418 2758 1487 sagitta:
2788 1418 2842 1472 in
2881 1436 2961 1471 me
2989 1430 3111 1473 sunt
3158 1419 3409 1474 Domini:
3438 1436 3504 1477 ac
3532 1424 3580 1477 si
3609 1424 3766 1477 dice-

2173 1514 2293 1561 ret:
2328 1507 2439 1577 Ego
2488 1508 2540 1562 in
2592 1509 2764 1563 exsilii
2820 1509 3169 1566 damnatione
3227 1526 3335 1565 non
3378 1512 3628 1581 gaudeo:
3664 1514 3769 1569 sed

2174 1601 2273 1654 sub
2316 1600 2521 1670 judicio
2574 1604 2782 1671 positus
2811 1603 2986 1669 doleo,
3043 1604 3168 1672 quia
3220 1604 3328 1659 vim
3364 1607 3766 1675 persecutionis

2173 1706 2426 1760 agnosco.
2452 1691 2681 1763 Sagitta,
2708 1693 2969 1750 Dominus
2993 1693 3151 1752 Iesus
3164 1695 3432 1763 Christus,
3457 1700 3625 1754 corda
3648 1700 3770 1755 ele-

2177 1789 2388 1837 ctorum
2403 1800 2621 1838 suorum
2639 1785 2931 1842 salubriter
2944 1787 3255 1854 vulnerans,
3275 1798 3333 1844 ut
3346 1790 3399 1845 in
3415 1790 3554 1846 Isaia
3571 1810 3585 1846 :
3603 1790 3763 1848 Sicut

472 1890 613 1945 rum
645 1886 833 1932 contra
862 1875 1027 1931 Israel
1070 1892 1177 1931 non
1218 1877 1657 1932 inconvenienter
1706 1875 2067 1946 malignorum
2096 1864 2147 1924 B
2172 1876 2439 1944 sagittam,
2481 1877 2751 1932 abscondit
2802 1896 2885 1933 me
2913 1880 2967 1933 in
2993 1880 3238 1949 pharetra
3266 1896 3382 1936 sua
3408 1882 3545 1953 (Isa.
3578 1884 3760 1955 χιιι).

496 1968 780 2037 spirituum
834 1967 1080 2037 puellum
1131 1956 1415 2024 adversum
1446 1969 1745 2025 Ecclesiam
1770 1968 1863 2024 Dei
1896 1967 2069 2038 accipi

490 2066 687 2129 potest.
718 2056 848 2114 Inde
874 2060 1150 2129 egreditur
1172 2062 1238 2115 de
1271 2062 1488 2126 castris,
1530 2061 1733 2116 scilicet
1756 2061 2069 2116 Pbilistino-

493 2162 635 2214 rum,
664 2152 749 2205 vir
785 2151 1025 2221 spurius,
1066 2153 1283 2209 nomine
1310 2151 1542 2217 Goliath,
1577 2153 1757 2207 nimiae
1806 2152 2073 2223 magnitw

492 2242 635 2298 diuis
665 2260 679 2296 ι
710 2243 803 2312 qui
859 2242 997 2299 bene
1045 2253 1223 2314 potest
1277 2244 1580 2314 signiﬁcare
1636 2245 1833 2301 diaboli
1878 2261 2069 2314 super-

488 2334 654 2401 biam,
683 2348 847 2407 quam
870 2335 1050 2393 David
1098 2345 1304 2402 noster,
1337 2337 1594 2409 singulari
1620 2339 1916 2397 certamine
1942 2353 2093 2394 conm

488 2441 734 2497 gressus,
758 2428 1075 2497 prostravit,
1133 2444 1196 2483 ac
1242 2428 1497 2498 populum
1530 2429 1624 2483 Dei
1653 2444 1685 2483 a
1711 2429 1907 2484 timore
1952 2429 2071 2499 ejus

488 2518 688 2588 eripuit
714 2535 728 2585 ;
761 2519 852 2588 qui
880 2518 1093 2574 leonem
1117 2528 1171 2573 et
1198 2534 1383 2575 ursum
1413 2520 1647 2586 necavit,
1682 2534 1891 2586 ursum,
1918 2520 2069 2575 vide-

487 2611 615 2668 licet
635 2613 905 2668 diabolum
935 2631 949 2669 :
980 2614 1211 2679 leonem,
1235 2615 1645 2680 Antichristum,
1670 2614 1901 2670 alterum
1921 2626 2065 2678 nunc

487 2702 799 2759 horninibus
830 2703 1063 2758 latenter
1120 2704 1463 2758 insidiantem
1489 2720 1504 2770 ;
1539 2704 1769 2759 alterum
1799 2705 1855 2760 in
1881 2713 2065 2774 poste-

487 2806 607 2848 nun
654 2791 1097 2849 manifestissime
1150 2789 1482 2849 smvientem.
1534 2794 1746 2849 Lancea
1777 2802 1861 2851 est
1905 2793 2062 2847 basta

454 2894 763 2940 amentum
813 2885 1020 2940 habens
1053 2885 1107 2939 in
1161 2885 1342 2939 medio
1386 2884 1573 2940 :dicta
1624 2893 1803 2940 autem
1853 2884 2063 2951 lancea,

485 2978 631 3046 quod
658 2990 809 3046 requa
854 2975 1028 3040 lance,
1057 2975 1111 3031 id
1135 2984 1238 3042 est,
1278 2977 1472 3048 mquali
1503 2988 1719 3033 amento
1764 2979 2059 3047 ponderata

488 3068 753 3124 vibratur.
810 3068 1099 3135 Amentum
1155 3069 1429 3124 vinculum
1494 3078 1577 3126 est
1615 3068 1917 3140 iaculorum
1964 3069 2061 3124 ba.-

488 3160 711 3221 stilium,
749 3158 894 3229 quod
945 3159 1000 3213 in
1044 3158 1237 3214 mediis
1291 3159 1463 3215 hastis
1521 3162 1773 3229 aptatur;
1820 3170 1877 3215 et
1934 3159 2059 3215 inde

2175 1964 2382 2035 Sagitta
2418 1977 2748 2038 prteceptum
2796 1969 3057 2035 divinum,
3102 1980 3162 2026 ut
3210 1973 3263 2026 iu
3300 1972 3608 2033 Psalterio:
3645 1974 3759 2029 Sa—

2172 2058 2316 2128 gitta:
2361 2058 2697 2127 parvulorum
2752 2060 2906 2130 facta:
2960 2072 3080 2117 sunt
3130 2061 3300 2133 plaga:
3358 2081 3538 2118 eorum
3575 2063 3757 2135 (Psal.

2172 2150 2349 2221 mn),
2379 2151 2480 2206 hoc
2499 2162 2601 2215 est,
2632 2153 3014 2222 apostolorum.
3062 2154 3131 2209 Et
3154 2154 3281 2210 alibi
3309 2174 3320 2209 :
3354 2154 3499 2210 Misit
3526 2157 3755 2226 sagittas

2171 2257 2317 2306 suas,
2349 2241 2617 2311 dissipavit
2645 2258 2733 2296 eos
2760 2240 2931 2312 (Psal.
2974 2242 3128 2315 xvn).
3160 2243 3381 2314 Sagitta:
3414 2245 3622 2300 insidiae
3651 2246 3759 2300 ini-

2172 2333 2321 2399 mjci,
2353 2334 2467 2388 sive
2494 2349 2675 2389 sermo
2702 2334 3100 2401 bterﬂicorum,
3156 2344 3216 2391 ut
3240 2337 3295 2392 in
3336 2336 3611 2392 Jeremia:
3646 2337 3757 2392 Sa-

2168 2425 2298 2495 gitta
2344 2423 2644 2491 vulnerans,
2683 2425 2863 2497 lingua
2910 2427 3111 2481 inimici
3134 2426 3265 2498 (Jer.
3290 2428 3390 2500 rx).
3442 2428 3755 2499 Aliquando

2168 2530 2302 2572 vero
2337 2516 2654 2587 sagittarum
2678 2518 2916 2584 nomine,
2949 2528 3009 2573 ut
3039 2519 3294 2583 diximus,
3349 2520 3633 2576 sementim
3667 2520 3753 2576 di-

2167 2606 2308 2662 vinat
2330 2605 2462 2677 legis
2493 2607 2913 2677 exprimuntur;
2945 2608 3088 2664 unde
3116 2617 3201 2664 est
3245 2609 3376 2665 illud
3405 2611 3461 2665 in
3493 2610 3704 2681 psalmo
3734 2629 3749 2665 :

2168 2696 2390 2769 Sagitta:
2442 2709 2547 2755 tute
2591 2708 2782 2768 acutis,
2822 2701 3175 2771 potentissime
3219 2700 3395 2773 (Psal.
3450 2702 3645 2774 utr);
3691 2712 3752 2759 et

2167 2787 2294 2844 alibi
2337 2789 2546 2858 sagittae
2583 2797 2755 2845 acutte
2800 2798 2925 2846 sunt
2970 2792 3134 2847 verba
3182 2792 3395 2847 Domini
3446 2792 3751 2850 Salvatoris

2166 2866 2466 2947 hominum,
2498 2883 2702 2953 sagitta:
2727 2884 2951 2953 potentis
2979 2893 3149 2939 acutte
3178 2882 3351 2955 (Psal.
3382 2885 3553 2957 extr),
3575 2886 3751 2942 corda

2168 2971 2459 3027 salubriter
2484 2971 2784 3043 iungentia,
2808 2988 2926 3042 qua:
2953 2974 3077 3029 ideo
3096 2974 3403 3041 vulnerant,
3432 2985 3490 3030 ut
3517 2984 3745 3032 sanetIt:

2166 3061 2288 3117 ideo
2334 3063 2665 3131 percutiunt,
2702 3072 2760 3119 ut
2787 3064 3059 3120 liberent:
3101 3065 3224 3120 ideo
3279 3074 3657 3134 prosternunt,
3685 3076 3750 3123 ut

2167 3154 2397 3224 erigant.
2439 3154 2573 3210 Nam
2611 3164 2666 3210 et
2713 3155 2875 3211 aliam
2913 3156 3365 3228 signiﬁcationem
3405 3158 3617 3229 sagittae
3645 3159 3747 3215 ba.

488 3220 784 3315 amentum,
809 3251 954 3321 quod
1004 3252 1181 3306 media
1228 3251 1383 3305 hasta
1410 3220 1666 3320 religetur
1690 3259 1744 3306 et
1763 3220 2057 3322 iaculetur.
2090 3220 2135 3284 θ
2166 3220 2297 3302 bent
2329 3248 2382 3302 in
2419 3248 2507 3303 illa
2539 3249 2735 3319 psalmi
2780 3220 3049 3306 senteniia
3090 3269 3103 3305 :
3143 3220 3499 3307 Paraoerunt'
3523 3253 3748 3323 sagittas

485 3342 646 3399 Clota
662 3351 765 3407 est,
793 3342 966 3411 qualis
992 3341 1092 3396 fuit
1113 3341 1360 3397 Herculis
1386 3356 1402 3396 :
1434 3342 1602 3409 dicta,
1624 3343 1767 3411 quod
1800 3343 1868 3398 sit
1893 3342 2061 3399 clavis

483 3431 678 3488 ferreis
702 3432 933 3489 invicem
957 3432 1205 3505 religata,
1245 3440 1301 3488 et
1327 3442 1410 3488 est
1434 3434 1619 3490 cubito
1644 3434 1808 3489 semis
1832 3433 1974 3489 facta
2003 3435 2061 3489 in

483 3522 1002 3595 longitudinum
1046 3532 1104 3579 et
1146 3524 1345 3593 cateja,
1378 3541 1542 3596 quam
1592 3526 1828 3583 Lucilius
1883 3528 2060 3584 caiam

480 3615 651 3671 dicit:
681 3624 767 3674 est
790 3617 935 3672 enim
982 3631 1152 3688 genus
1178 3616 1371 3674 Gallici
1399 3618 1489 3673 teli
1528 3636 1595 3675 ex
1623 3620 1849 3676 materia
1896 3635 2059 3690 quam

477 3709 716 3765 maxime
742 3710 907 3776 lenta,
937 3720 1057 3781 quae
1079 3709 1228 3779 iacta
1256 3726 1363 3767 non
1389 3712 1606 3781 quidem
1644 3712 1801 3785 longe
1838 3722 2059 3785 propter

476 3800 799 3871 gravitatem
827 3800 1041 3857 evolat:
1070 3801 1166 3857 sed
1195 3817 1304 3872 quo
1351 3804 1614 3873 pervenit,
1647 3805 1701 3860 vi
1735 3805 1902 3860 nimia
1928 3821 2053 3876 per-

475 3890 704 3965 fringit:
735 3893 881 3964 quod
925 3894 973 3950 si
1000 3896 1069 3950 ab
1094 3896 1305 3952 artiﬁce
1350 3896 1621 3964 mittatur,
1651 3915 1867 3956 rursum
1917 3902 2058 3957 redit

475 3984 544 4040 ad
567 3998 711 4041 eum.
761 3986 973 4044 Lancea
1023 3989 1168 4045 enim
1219 3998 1395 4061 potest
1427 3992 1740 4062 significare
1788 3995 2057 4064 passionis

473 4075 734 4143 dolorem,
772 4077 858 4133 vel
902 4088 1376 4136 sacramentorum
1418 4083 1757 4151 apertionem
1786 4102 1797 4138 :
1828 4086 1971 4139 unde
1998 4085 2057 4139 in

468 4164 741 4239 Propheta
763 4171 1022 4240 scriptum
1071 4181 1200 4229 est:
1236 4173 1457 4229 ιονιςώ
1500 4176 1609 4231 suis
1656 4176 2072 4241 vulneraverunt

470 4276 574 4314 tne.
603 4261 671 4314 Et
702 4262 761 4315 in
786 4263 1041 4332 passione
1060 4265 1274 4320 Domini
1297 4282 1434 4320 unus
1460 4267 1685 4323 militum
1707 4268 1889 4325 lances
1913 4270 2051 4327 latus

468 4350 586 4419 ejus
608 4350 831 4420 aperuit,
857 4360 907 4405 et
928 4354 1177 4408 continuo
1199 4354 1354 4409 exivit
1383 4358 1600 4427 sanguis
1626 4367 1673 4413 et
1700 4376 1837 4430 aqua
1865 4358 2047 4433 (Joan.

466 4456 562 4498 11x
589 4442 630 4515 ).
680 4442 925 4514 Eleganti
971 4459 1102 4516 ergo
1157 4449 1487 4519 evangelista
1540 4450 1703 4507 verbo
1756 4469 1887 4510 usus
1921 4464 2040 4523 est,

2162 3361 2287 3401 suas
2309 3345 2364 3399 in
2389 3346 2657 3416 pharetra,
2681 3354 2736 3400 ut
2768 3348 3013 3416 sagittent
3040 3347 3097 3401 in
3134 3345 3357 3402 obseura
3385 3359 3553 3402 rectos
3588 3348 3753 3404 corde

2162 3431 2335 3505 (Psal.
2362 3434 2438 3506 x).
2465 3434 2759 3492 Permanet
2785 3436 2838 3491 in
2866 3437 3275 3507 comparatione
3293 3437 3591 3508 sagittarii:
3616 3453 3749 3494 nam

2162 3526 2303 3582 sicut
2340 3526 2440 3582 istc
2472 3526 2636 3583 habet
2677 3528 2904 3599 sagittas
2942 3528 2998 3583 in
3024 3528 3302 3599 pharetra,
3347 3529 3421 3584 ita
3452 3528 3543 3585 ille
3567 3539 3748 3600 gestat

2160 3619 2216 3673 iu
2243 3620 2404 3675 corde
2431 3621 2595 3675 verba
2624 3635 2894 3677 venenosa
2920 3638 2934 3675 :
2969 3621 3022 3676 in
3044 3621 3277 3678 obscuro
3305 3635 3457 3686 vero,
3477 3620 3594 3677 sive
3614 3636 3743 3677 cum

2158 3712 2622 3781 persecutionibus
2679 3713 3026 3783 perturbatur
3076 3712 3338 3778 Ecclesia,
3397 3714 3617 3783 quando
3674 3715 3743 3770 ti-

2158 3816 2311 3857 more
2350 3803 2578 3872 periculi
2611 3802 2856 3859 carnales
2903 3804 3151 3860 homines
3183 3804 3481 3860 creduntur
3526 3804 3745 3862 facilius

2158 3891 2435 3948 immutari
2465 3913 2479 3949 :
2510 3894 2622 3950 sive
2661 3894 2716 3948 in
2763 3895 3081 3951 abscondito
3112 3895 3357 3962 consilio,
3389 3912 3513 3951 cum
3538 3910 3739 3965 oppor-

2158 3984 2340 4039 tunius
2371 3992 2564 4055 putant
2578 3978 2916 4041 Christianos
2942 3985 3215 4056 decipere,
3241 3986 3467 4057 quando
3488 4000 3584 4043 eos
3597 3986 3743 4058 judi-

2156 4083 2281 4132 cant
2309 4091 2404 4132 sua
2432 4076 2655 4132 ccasilia
2681 4091 2787 4132 non
2826 4076 3008 4132 videre
3036 4094 3049 4131 :
3083 4077 3178 4132 sed
3219 4091 3345 4132 cum
3386 4076 3535 4140 dicit,
3572 4086 3741 4133 rectos

2155 4167 2331 4233 corde,
2364 4166 2587 4224 insidias
2614 4182 2805 4223 eorum
2836 4167 3071 4222 ostendit
3096 4167 3285 4223 inanes
3321 4174 3378 4224 et
3400 4181 3620 4224 vacuas.

2757 4276 2987 4332 CAPUT
3012 4276 3107 4331 IX.

2739 4348 2817 4402 De
2860 4348 3132 4419 pharetris.

2221 4441 2508 4508 Pharetra,
2536 4442 2857 4512 sagittarum
2910 4441 3083 4505 theca,
3116 4455 3147 4495 a
3189 4440 3414 4497 ferendo
3438 4439 3622 4509 iacula
3648 4439 3737 4496 tli-

467 4541 528 4589 ut
558 4546 665 4588 non
693 4534 900 4589 diceret
927 4551 943 4589 ι
975 4535 1119 4593 Istas
1141 4535 1257 4606 eius
1283 4541 1555 4609 percussit
1581 4551 1676 4597 aut
1704 4543 2044 4602 vulneravit:
2077 4573 2127 4634 ο
2152 4543 2259 4601 cla,
2285 4537 2427 4591 sicut
2442 4534 2814 4634 etieretrum,
2864 4533 2957 4589 ubi
2988 4530 3157 4634 funus
3176 4532 3420 4634 defertur
3448 4550 3462 4586 :
3496 4532 3734 4634 quae-id-

465 4633 560 4681 aut
581 4626 711 4698 quid
734 4628 880 4683 aliud
901 4629 1026 4685 :sed
1048 4634 1272 4702 aperuit,
1297 4640 1357 4688 ut
1382 4632 1491 4690 illic
1503 4636 1903 4705 quodammodo
1924 4642 2047 4698 vitm
2077 4621 2122 4634 "
2152 4627 2300 4682 circo
2329 4624 2709 4697 elymolotiam
2766 4638 3106 4678 communem
3143 4621 3388 4677 habent:
3435 4621 3563 4691 quia
3590 4621 3733 4691 rha-

461 4720 662 4776 ostium
706 4720 1057 4793 panderetur,
1090 4723 1234 4780 unde
1284 4736 1624 4782 sacramenta
1655 4728 1911 4787 Ecclesia:
1935 4749 2049 4788 ma-

461 4820 729 4869 nsverunt
771 4814 889 4870 sine
918 4816 1117 4887 quibus
1138 4818 1207 4871 ad
1256 4818 1446 4885 vitam,
1480 4836 1600 4890 quae
1628 4836 1757 4876 vera
1779 4831 1865 4877 est
1909 4825 2040 4891 vita,

458 4923 568 4961 non
594 4908 847 4963 intratur.
878 4909 971 4965 Ille
1011 4911 1231 4982 sanguis
1255 4912 1310 4967 in
1356 4913 1736 4967 remissionem
1783 4914 1937 4971 fusus
1960 4925 2043 4972 est

458 5006 845 5071 peccatorum:
876 5014 1015 5072 aqua
1053 5001 1142 5056 illa
1172 5002 1412 5059 salutare
1446 5012 1713 5076 temperat
1740 5006 1991 5077 poculum
2014 5024 2037 5076 -;

459 5094 578 5150 llaec
600 5101 656 5150 et
684 5092 958 5151 lavacrum
987 5102 1210 5168 prestat
1230 5105 1286 5151 et
1317 5105 1522 5168 potum.

1041 5206 1269 5265 CAPUT
1295 5206 1426 5265 VIII.

1058 5278 1134 5334 De
1162 5281 1387 5351 sagittis.

531 5366 737 5438 Sagitta
762 5385 795 5427 a
821 5372 1003 5442 sagaci
1030 5370 1203 5440 iactu,
1233 5375 1287 5429 id
1337 5382 1444 5440 est,
1471 5374 1643 5430 veloci
1681 5376 1792 5432 ictu
1819 5386 2032 5433 vocata.

455 5452 660 5515 Pennis
685 5460 828 5516 enim
882 5460 1074 5528 fertur,
1107 5466 1261 5533 quasi
1303 5465 1441 5532 avis,
1495 5473 1554 5520 ut
1588 5466 1842 5522 celeriter
1888 5484 2037 5525 mors

453 5560 741 5627 percth
768 5554 836 5609 ad
864 5554 1162 5611 hominem.
1197 5555 1291 5611 His
1334 5559 1572 5628 primum
1622 5559 1913 5616 Cretenses
1947 5562 2029 5617 usi

455 5651 603 5710 Sunt,
628 5645 824 5715 quibus
850 5658 1043 5716 penna:
1064 5647 1147 5717 (ut
1170 5648 1423 5720 diximus)
1457 5650 1576 5706 ideo
1601 5652 2032 5721 agglutinantur,

455 5749 516 5795 ut
562 5739 706 5795 leves
744 5740 853 5796 sint
888 5747 945 5795 et
971 5740 1253 5811 pervolent
1291 5740 1610 5812 Scaptos....
1655 5743 1873 5814 Spicula
1909 5754 2037 5800 sunt

453 5831 665 5903 sagittae
710 5830 795 5893 vel
842 5830 1046 5895 lanceae
1083 5831 1279 5896 breves
1305 5848 1337 5895 a
1367 5834 1643 5905 spicarum
1681 5835 1868 5904 specie
1895 5852 2034 5895 nun-

2150 4725 2296 4773 retra
2348 4725 2602 4782 mortem,
2658 4715 2921 4771 feretrum
2980 4721 3256 4769 mortuum
3306 4719 3507 4783 portat.
3557 4711 3733 4768 Coriti

2148 4814 2367 4884 proprie
2396 4819 2525 4868 sunt
2550 4826 2772 4866 arcuum
2801 4809 2994 4875 thecae,
3018 4808 3162 4864 sicut
3180 4807 3505 4879 sagittarum
3531 4806 3735 4877 phare—

2151 4915 2266 4961 trae.
2301 4905 2562 4960 Pharetra
2611 4902 2755 4957 enim
2810 4910 2905 4957 aut
2933 4900 3217 4969 Scriptura
3247 4909 3335 4954 est
3370 4914 3549 4965 sacra,
3584 4900 3733 4954 unde

2147 4999 2358 5070 sagitta:
2382 4996 2775 5054 sententiarum
2799 4995 3103 5050 divinarum
3122 4991 3495 5063 proferuntur,
3521 4997 3577 5047 et
3604 5006 3733 5062 pro-

2145 5092 2324 5162 phetae
2352 5097 2514 5158 atque
2548 5086 2773 5158 apostoli
2810 5083 3212 5156 praedicationis
3247 5082 3427 5152 iacula
3454 5082 3680 5136 mittunt
3709 5097 3725 5135 :

2147 5193 2241 5242 aut
2288 5181 2600 5238 humanitas
2652 5178 2953 5237 Salvatoris
2987 5177 3180 5242 nostri,
3207 5177 3301 5247 qui
3354 5176 3409 5232 in
3454 5175 3595 5231 Isaia
3639 5173 3727 5230 lo-

2144 5277 2353 5348 quitur,
2379 5274 2566 5331 dicens
2595 5290 2608 5327 :
2640 5269 2825 5326 Posuit
2849 5287 2931 5325 me
2965 5270 3097 5324 sicut
3120 5270 3369 5340 sagittam
3392 5267 3632 5334 electam,
3672 5278 3725 5322 et

2143 5371 2201 5426 in
2220 5370 2463 5440 pharetra
2482 5383 2581 5422 sua
2593 5364 2861 5420 abscondit
2875 5380 2955 5417 me
2972 5360 3106 5434 (lsa.
3133 5360 3302 5436 ms).
3322 5358 3545 5429 Quando
3567 5360 3724 5426 dicit,

2146 5465 2391 5535 sagittam
2430 5461 2644 5517 electam
2689 5472 2708 5510 :
2755 5458 2993 5514 ostendit
3043 5457 3247 5520 habere
3293 5456 3464 5511 Deum
3494 5455 3727 5525 sagittas

2144 5557 2427 5628 plurimas,
2460 5554 2554 5610 sed
2583 5566 2689 5607 non
2734 5550 2938 5606 electas
2969 5563 2984 5602 :
3019 5563 3140 5617 qua:
3185 5548 3396 5618 sagitta:
3443 5546 3727 5618 propheta:

2141 5655 2345 5704 suntet
2387 5642 2635 5714 apostoli,
2688 5641 2779 5711 qui
2832 5640 2885 5694 in
2933 5646 3044 5694 toto
3091 5638 3226 5693 orbe
3272 5636 3727 5693 discurruntzde

2140 5739 2336 5810 quibus
2356 5746 2412 5792 et
2447 5737 2501 5790 in
2554 5733 2663 5789 alio
2691 5734 2812 5788 loco
2839 5730 3056 5785 canitur
3084 5747 3097 5783 :
3129 5725 3351 5799 Sagitta:
3390 5737 3498 5783 tua:
3526 5737 3721 5790 acute,

2138 5828 2512 5909 potentissime,
2570 5823 2750 5899 populi
2796 5823 2892 5880 sub
2921 5830 2974 5879 te
3011 5820 3201 5878 cadent
3223 5817 3426 5896 .(Psal.
3450 5816 3623 5893 ων).
3651 5816 3728 5875 Et
