4038 6324
276 316 379 378 5H

1242 322 1328 378 BE
1366 320 1714 379 UNIVERSO
1753 318 1933 378 LIBRI
1974 320 2134 379 XXII.
2176 355 2245 365 -—
2280 323 2406 381 LIB.
2451 326 2567 382 XX.

3436 326 3544 386 542

274 442 481 496 lterum
507 450 524 491 :
552 435 776 508 Sagitta:
817 437 1039 509 potentis
1070 443 1239 491 acuta:
1283 452 1400 491 cum
1430 436 1739 492 carbonibus
1764 436 1859 489 de-
1888 438 1941 499 Α
1966 445 2072 493 tur.
2109 437 2414 510 Torquetur
2461 441 2603 495 enim
2642 440 2868 498 verbere
2913 454 3224 511 nervorum,
3256 452 3314 500 et
3346 459 3543 517 magna

271 517 544 588 tolutariis
574 528 748 602 (Psal.
780 529 949 602 cxrx).
982 529 1230 585 Christus
1257 536 1438 585 autem
1462 530 1529 585 de
1556 530 1742 584 multis
1768 544 1857 585 sa—

272 625 432 698 gittis
459 633 515 680 et
555 624 681 679 ﬁliis
727 622 995 695 plurimis,
1050 639 1155 676 una
1193 622 1389 693 sagitta
1418 622 1608 689 electa,
1630 630 1690 677 et
1715 620 1856 678 ﬁlius

208 736 213 741 ·
271 718 586 790 unigenitus
629 723 730 781 est,
758 731 919 788 quam
945 716 999 770 in
1038 716 1295 786 pharetra
1350 732 1445 772 sua
1477 716 1775 781 abscondit,
1802 714 1886 770 id'

274 820 389 877 est,
415 811 471 865 iu
513 810 745 865 humano
774 822 1021 879 corpore,
1074 815 1132 863 ut
1180 808 1451 863 habitaret
1479 807 1533 862 in
1563 823 1627 863 eo
1684 806 1856 876 pleni-

272 905 413 959 tudo
435 900 736 959 divinitatis
791 900 1145 972 corporaliter
1174 896 1399 971 (Coloss.
1440 896 1527 969 ιι),
1567 913 1857 969 rerumque

272 1004 423 1052 esset
445 994 832 1067 speraudarum
858 991 1018 1060 ﬁdes;
1050 993 1134 1048 cui
1162 1001 1216 1047 et
1240 1008 1401 1065 supra
1429 992 1626 1047 dicitur
1656 1005 1673 1045 :
1701 990 1779 1046 Tu
1803 1009 1855 1046 es

271 1086 418 1144 Deus
446 1085 776 1141 absconditus
829 1083 965 1158 (Isa.
1023 1083 1190 1156 XLvM
1215 1091 1270 1139 et
1313 1082 1709 1139 nesciebamus.
1740 1082 1854 1149 Qua

268 1180 471 1251 sagitta
494 1184 549 1233 et
574 1192 770 1248 sponsa
822 1177 1015 1231 vulnus
1045 1176 1318 1247 accipiens
1372 1176 1613 1245 loquitur
1632 1175 1687 1229 in
1715 1174 1855 1229 Can-

269 1271 382 1327 tico
402 1271 742 1326 canticorum
776 1286 789 1322 :
831 1265 1118 1323 Vulnerata
1143 1266 1401 1322 charitate
1419 1284 1513 1337 ego
1540 1283 1655 1320 sum
1674 1263 1849 1338 (Cant.

267 1368 357 1442 ιι).
395 1367 603 1439 Vagina
629 1364 896 1437 appellata
922 1381 1009 1429 eo,
1042 1362 1188 1435 quod
1230 1364 1283 1419 in
1321 1378 1383 1419 ea
1418 1379 1603 1419 nmero
1630 1361 1714 1416 vel
1740 1362 1854 1432 gla—

267 1460 395 1516 dius
422 1456 709 1528 bajuletur.
749 1456 930 1511 Theca
965 1455 1033 1509 ab
1070 1466 1135 1510 eo
1163 1454 1305 1525 quod
1337 1453 1539 1523 aliquid
1576 1459 1851 1521 receptum

269 1557 438 1621 tegat,
485 1566 514 1603 c
556 1547 735 1603 littera
792 1562 893 1617 pro
940 1564 972 1617 g
1016 1547 1211 1617 posita.
1269 1544 1372 1600 Alii
1417 1544 1607 1600 Gneco
1634 1538 1852 1598 nomine

266 1642 484 1697 thecam
504 1639 689 1695 vocari
719 1647 985 1701 asserunt,
1016 1637 1161 1707 quod
1196 1637 1268 1691 ibi
1289 1627 1583 1705 reponatur
1601 1635 1804 1705 aliquid
1834 1649 1847 1689 :

266 1731 395 1788 inde
434 1737 488 1786 et
512 1725 858 1794 bibliotheca,
890 1727 1154 1783 librorum
1202 1724 1461 1796 rte-positio
1492 1722 1707 1780 dicitur.
1742 1725 1849 1780 Va.

1962 529 2014 583 vl
2051 530 2186 600 jacit
2229 540 2321 586 aut
2358 533 2542 588 hastas
2595 539 2689 587 aut
2735 548 2865 589 saxa
2900 552 2913 587 :
2949 535 3077 591 inde
3126 543 3182 591 et
3210 534 3544 606 l‘uudibalus,

1964 625 2117 694 quasi
2152 624 2383 681 fundens
2409 635 2463 681 et
2485 627 2757 693 emitteus,
2789 628 3006 683 dicitur.
3038 627 3244 683 Contra
3271 628 3542 686 ballistam

1963 718 2175 773 testudo
2204 717 2344 773 valet
2375 738 2387 772 :
2419 718 2586 775 series
2615 720 2759 774 enim
2791 719 2851 773 ﬁt
2884 732 3161 773 armorum
3216 712 3541 775 umbonibus

1960 806 2104 862 inter
2141 823 2200 863 se
2221 808 2506 881 colligatis.
2545 809 2731 864 Funda
2760 818 2844 865 est
2867 809 3109 865 Ecclesia
3137 828 3150 865 :
3183 810 3324 866 sicut
3362 810 3416 864 in
3439 808 3541 866 Job

1959 914 2058 968 pro
2110 899 2443 956 Antichristo
2491 901 2732 956 dicitur:
2773 902 2838 956 In
2896 901 3143 972 stipulam
3174 903 3307 956 versi
3352 902 3541 956 suntsi

1961 1006 2137 1044 omnes
2186 991 2386 1059 lapides
2436 992 2618 1062 funda:
2669 992 2811 1063 (Job.
2850 993 2983 1067 xu).
3030 993 3096 1048 Et
3122 994 3179 1047 in
3232 994 3541 1049 Zaeliaria:

1965 1077 2255 1150 Subjicient
2300 1083 2355 1137 in
2389 1082 2649 1152 lapidibus
2685 1085 2864 1153 funda:
2895 1084 3079 1156 (Zach.
3125 1084 3222 1158 tr).
3258 1087 3334 1141 De
3379 1086 3544 1141 funda

1962 1182 2143 1227 autem
2172 1173 2224 1226 in
2247 1172 2384 1229 libro
2408 1175 2615 1247 Regum
2653 1177 2724 1231 ita
2765 1178 3025 1247 scriptum
3068 1179 3297 1248 legimus
3321 1196 3339 1233 :
3374 1178 3545 1250 Elegit

1959 1262 2131 1317 David
2152 1265 2248 1318 sibi
2270 1269 2496 1338 quinque
2530 1267 2924 1339 limpidissimos
2970 1270 3172 1337 lapides
3200 1272 3266 1325 de
3295 1282 3543 1338 torrente,

1956 1364 2004 1409 et
2030 1357 2168 1410 misit
2192 1374 2281 1412 eos
2310 1359 2365 1411 in
2402 1375 2581 1429 peram
2637 1360 2975 1429 pastoralem,
3016 1379 3175 1429 quam
3218 1362 3443 1417 habebat
3462 1380 3544 1417 se-

1956 1464 2097 1513 cum,
2128 1458 2175 1501 et
2206 1450 2426 1519 fundam
2453 1468 2612 1505 manu
2642 1450 2783 1517 tulit,
2806 1462 2853 1506 et
2874 1453 3121 1522 processit
3141 1454 3389 1508 adversus
3417 1452 3547 1506 Plii-

1954 1536 2218 1595 listhwum
2240 1542 2294 1613 (Ι
2329 1541 2454 1613 Reg.
2482 1543 2618 1614 xvu)
2643 1560 2657 1608 ;
2686 1545 2829 1613 quod
2855 1545 3123 1616 signiﬁcat
3143 1546 3421 1600 Christum
3448 1561 3546 1616 per

1952 1633 2194 1701 quinque
2224 1632 2394 1688 libros
2423 1632 2559 1705 legis
2609 1634 2665 1688 in
2695 1638 2905 1690 unitate
2936 1636 3220 1691 charitatis
3270 1635 3543 1690 diabolum

1953 1724 2121 1781 funda
2140 1726 2538 1796 przedicatiouis
2565 1744 2872 1799 superasse,
2904 1737 3066 1799 atque
3093 1730 3312 1801 proprio
3338 1728 3542 1800 gladio,
3646 1716 3656 1724 ’

267 1824 396 1896 gina
440 1828 621 1878 autem
649 1821 1065 1878 occultationem
1105 1818 1336 1884 consilii,
1390 1817 1475 1873 vel
1528 1817 1846 1889 protelatio-
1877 1812 1926 1873 Β
1952 1818 2058 1874 hoc
2104 1824 2212 1884 est,
2264 1819 2504 1890 nequitia
2554 1820 2760 1891 ipsius,
2823 1820 3111 1876 damnasse
3162 1828 3325 1892 atque
3370 1820 3543 1875 inter-

266 1928 395 1971 nem
443 1912 631 1983 iudicii
682 1912 953 1983 signiﬁcat
988 1928 1001 1965 :
1034 1912 1178 1966 unde
1209 1908 1264 1966 in
1308 1908 1524 1964 Psalmo
1584 1910 1849 1977 scriptum

267 2014 357 2064 est
386 2025 400 2060 :
442 2003 565 2060 Nisi
582 2004 957 2067 convertimini,
993 2001 1229 2074 gladium
1252 2014 1407 2056 suum
1436 2000 1654 2055 vibrabit
1675 1997 1848 2071 (Psal.

261 2098 392 2172 vn).
423 2096 787 2156 Contumaces
834 2100 1002 2153 terret
1054 2092 1289 2160 Jndzeos,
1343 2095 1433 2165 qui
1490 2093 1701 2149 Domini
1736 2093 1854 2165 lege

272 2198 585 2262 contempta
606 2186 872 2245 idolorum
921 2187 1148 2244 culturis
1201 2181 1606 2242 nel‘andlssimi's
1648 2186 1889 2255 servie-g

268 2281 407 2339 bant
436 2299 451 2337 :
483 2282 635 2354 ipsis,
664 2281 769 2337 nisi
796 2286 1199 2345 convertantur,
1228 2275 1467 2349 gladium
1494 2268 1649 2333 suum
1676 2276 1854 2333 vibra-

266 2376 370 2441 bit,
397 2374 455 2431 id
480 2381 582 2441 est,
611 2374 833 2431 unicum
884 2372 1084 2429 Filium
1115 2386 1269 2428 suum
1297 2374 1396 2428 sub
1447 2370 1664 2428 lucente
1693 2370 1854 2427 clari-

266 2467 434 2523 ritate
480 2467 746 2522 missurus
802 2472 902 2522 est.
954 2466 1180 2522 Vibrare
1235 2466 1378 2521 enim
1416 2460 1546 2520 illud
1602 2465 1850 2531 dicimus,

267 2554 413 2627 quod
443 2556 602 2613 modo
642 2557 844 2623 lumen,
882 2558 1041 2612 modo
1067 2558 1287 2612 umbras
1309 2556 1570 2612 tremulas
1596 2556 1854 2626 probatur

266 2649 596 2706 ostendere:
639 2649 743 2705 hoc
780 2654 993 2705 constat
1026 2646 1080 2703 in
1112 2648 1487 2704 incarnatione
1517 2647 1720 2704 Christi
1749 2647 1854 2703 Do-

266 2738 404 2795 mini
436 2739 775 2811 provenisse,
811 2739 1028 2810 quando
1052 2740 1271 2810 perﬁdis
1302 2741 1575 2806 tenebras,
1605 2739 1854 2795 ﬁdelibus

268 2838 456 2887 autem
487 2830 667 2887 lumen
707 2846 817 2887 sua:
847 2831 1060 2886 deitatis
1111 2830 1368 2887 ostendit.
1424 2831 1599 2887 Arcus
1627 2839 1853 2887 vocatus

268 2935 361 2991 eo,
388 2920 534 2995 quod
586 2933 773 2981 arceat
820 2924 1235 2981 adversarium:
1273 2926 1415 2981 unde
1469 2934 1525 2980 et
1580 2928 1736 2981 arces
1766 2925 1850 2980 di~
1900 2913 1928 2930 ”

267 3023 485 3083 cuntur,
524 3030 553 3070 a
581 3016 777 3087 quibus
833 3025 1087 3072 arcentur
1134 3010 1338 3072 hostes.
1372 3016 1505 3072 Item
1530 3032 1692 3073 arcus
1718 3014 1851 3071 dici-

268 3108 358 3163 tur
376 3104 445 3163 ob
474 3107 729 3179 Speciem,
752 3108 897 3179 quod
915 3110 1089 3179 capita
1113 3109 1227 3181 ejus
1250 3109 1359 3165 sint
1382 3119 1609 3164 curvata
1633 3110 1849 3166 arcibus
1892 3108 1905 3119 '

268 3194 404 3274 [Αι.,
426 3200 673 3276 arctius].
693 3202 866 3259 Arcus
880 3208 961 3257 est
973 3201 1126 3272 juxta
1149 3204 1436 3275 mysticum
1456 3216 1672 3260 sensdm
1690 3221 1849 3261 evan-
1873 3184 1922 3250 (ἶ

264 3294 471 3368 gallons
492 3308 691 3363 sermo,
718 3305 779 3352 ut
798 3297 852 3352 in
875 3296 1070 3353 Genesi
1096 3316 1109 3351 :
1140 3295 1297 3352 Sedet
1324 3298 1378 3351 in
1405 3299 1531 3368 forti
1557 3314 1712 3354 arcus
1735 3300 1850 3370 ejus

264 3385 421 3463 (Gen.
451 3390 623 3463 nix),
654 3391 705 3449 id
730 3401 834 3458 est,
858 3391 1103 3456 Domini;
1127 3399 1181 3445 et
1206 3392 1260 3444 in
1285 3390 1606 3462 Apocalypsi
1637 3408 1652 3446 :
1681 3389 1851 3446 Datus

264 3488 341 3536 est
369 3481 602 3537 ciamus
634 3480 817 3553 (Apoc.
851 3481 953 3548 vi).
982 3481 1178 3547 Arcus,
1209 3484 1589 3538 haereticorum
1626 3483 1849 3554 dogma,

265 3578 327 3625 ut
349 3570 698 3626 in'Psalterio
727 3588 740 3623 :
776 3569 1036 3636 Quoniam
1064 3582 1177 3625 ecce
1201 3583 1496 3642 peccatores
1525 3574 1855 3628 tetenderunt

266 3672 452 3716 arcum
496 3668 649 3713 suum
683 3656 854 3731 (Psal.
902 3658 978 3732 ι).
1011 3659 1148 3715 Item
1199 3662 1265 3717 de
1293 3678 1423 3718 arcu
1454 3663 1508 3717 in
1542 3663 1751 3734 psalmo
1779 3664 1854 3719 ita

266 3752 531 3822 scriptum
556 3757 639 3806 est
668 3766 681 3804 :
714 3751 909 3805 Arcam
934 3766 1087 3807 suum
1114 3754 1349 3821 tetendit,
1394 3765 1442 3810 et
1475 3757 1675 3826 paravit
1703 3755 1854 3810 illum

268 3840 443 3915 (Psal.
473 3841 595 3916 vn).
623 3841 824 3905 Arcum
850 3842 1032 3914 itaque
1063 3844 1402 3915 Scripturam
1434 3845 1567 3901 Novi
1598 3852 1651 3901 et
1683 3846 1848 3902 Vete-

267 3937 348 3989 ris
376 3924 706 3991 Testamenti
732 3943 1093 4008 congruenter
1115 3938 1412 4008 accipimus
1443 3957 1456 3993 :
1488 3940 1615 4011 quia
1641 3940 1850 3997 duobus

269 4026 662 4101 Quodammodo
714 4031 953 4086 curvatis
1030 4028 1260 4087 ﬂexibus
1331 4032 1650 4088 devotorum
1713 4032 1851 4090 colla

268 4120 642 4192 complectitur
667 4140 680 4175 :
712 4120 801 4177 hic
831 4118 1077 4178 ﬁdelibus
1107 4136 1271 4179 suave
1287 4121 1477 4195 jugum
1504 4124 1845 4192 ostenditur;

268 4213 673 4270 contumacibus
719 4221 902 4269 autem
935 4228 1086 4269 arma
1136 4214 1400 4271 terribilia
1459 4215 1847 4272 declarantur:

267 4304 503 4372 tetendit,
531 4302 799 4374 adjectum
826 4308 929 4371 est,
958 4318 1024 4360 ne
1059 4298 1177 4374 ejus
1204 4306 1465 4376 patientia
1490 4307 1719 4362 remissa
1745 4320 1850 4377 pu-

267 4408 493 4454 taretur.
546 4398 699 4466 Quod
751 4405 934 4454 autem
981 4400 1266 4469 sequitur:
1296 4398 1365 4453 Et
1408 4400 1462 4453 in
1490 4400 1602 4470 ipso
1645 4400 1850 4471 paravit

267 4506 394 4544 vasa
438 4490 644 4556 mortis,
698 4490 915 4560 sagittas
945 4504 1069 4544 suas
1098 4488 1405 4543 ardentibus
1436 4490 1604 4559 e/fecil
1633 4490 1847 4563 (lbid.),

266 4574 357 4639 hic
395 4580 704 4638 distributio
746 4580 963 4638 divinae
1002 4580 1305 4651 majeStatis
1353 4584 1697 4638 ostenditur:
1721 4586 1849 4654 quia

266 4688 362 4749 per
384 4690 589 4742 arcum,
643 4675 699 4732 id
729 4683 835 4743 est,
865 4690 960 4746 per
1004 4677 1172 4731 Vetus
1209 4684 1263 4731 et
1292 4672 1499 4730 Novum
1530 4676 1850 4733 Testamen-

265 4768 401 4833 tum,
435 4766 575 4823 sicut
592 4764 708 4837 jam
733 4768 937 4823 dictum
968 4773 1074 4833 est,
1100 4774 1155 4821 et
1183 4764 1406 4822 eﬂ'ectns
1462 4767 1655 4837 mortis
1682 4768 1848 4836 venit,

265 4867 321 4914 et
345 4858 555 4930 sagittis
572 4836 741 4931 ipsius
764 4859 876 4914 vita
893 4864 1202 4930 praestatur.
1234 4857 1480 4928 Egressus
1503 4836 1637 4913 sunf
1660 4867 1847 4915 autem

266 4952 332 5011 de
371 4950 476 5010 isto
508 4964 639 5009 arcu
672 4954 931 5022 tanquam
984 4951 1215 5024 sagittae,
1249 4948 1302 5004 id
1347 4957 1430 5005 est
1484 4946 1732 5020 apostoli,
1757 4950 1849 5021 qui

265 5047 603 5113 ardentibus,
630 5042 733 5100 hoc
773 5052 877 5112 est,
919 5038 1354 5100 desiderantibus
1404 5043 1602 5099 animis
1643 5044 1698 5099 in
1731 5057 1847 5098 mo~

268 5140 395 5197 dum
420 5140 736 5213 sagittarum
774 5145 1045 5210 prazcepta
1071 5136 1332 5194 salutaria
1385 5139 1805 5195 transmiserunt
1832 5155 1844 5192 :

266 5228 412 5290 unde
448 5239 503 5289 et
530 5228 680 5305 impii
701 5231 1102 5306 sauciareutur,
1128 5236 1184 5287 et
1223 5227 1473 5289 ﬁdelibus
1494 5229 1690 5288 efﬁcax
1718 5236 1846 5289 cura

265 5321 599 5398 proveniret.

884 5404 1114 5470 CAPUT
1145 5406 1216 5473 X.

908 5504 987 5561 De
1020 5502 1220 5561 fundis.

908 5505 987 5561 De
1018 5505 1220 5575 fundis.

341 5594 530 5654 Funda
578 5595 722 5653 dicta
754 5608 839 5663 eo,
869 5595 1011 5668 quod
1048 5611 1117 5653 ex
1156 5612 1220 5652 ea
1276 5595 1573 5654 fundantur
1618 5597 1845 5671 lapides,

273 5688 325 5748 id
347 5695 451 5758 est,
467 5690 804 5747 emittantur.
834 5689 1073 5758 Ballista,
1095 5706 1264 5762 genus
1288 5695 1566 5759 tormenti,
1599 5696 1667 5751 ab
1693 5697 1850 5751 emit-

270 5783 435 5843 ῑειιιιο
458 5783 632 5849 iacula
653 5783 797 5843 dicta
824 5801 836 5840 :
866 5782 1063 5841 ballein
1093 5784 1238 5841 enim
1263 5783 1449 5843 Graece
1475 5790 1691 5846 mittere
1717 5792 1848 5847 dici-

1875 4540 1931 4603 D

1957 1908 2173 1963 emisse.

2558 2003 2787 2061 CAPUT
2814 2004 2905 2061 XI.

2609 2097 2695 2152 De
2711 2099 2894 2153 ariete.

2026 2208 2196 2263 Arieti
2220 2224 2416 2265 nomen
2453 2209 2662 2279 species
2701 2211 2848 2265 dedit
2872 2225 2958 2276 eo,
3013 2211 3157 2281 quod
3185 2226 3311 2267 cum
3337 2212 3544 2283 impetu

1956 2302 2207 2375 impingit
2262 2319 2478 2358 murum
2531 2303 2587 2358 in
2640 2305 2856 2359 modum
2890 2304 3119 2358 arietum
3162 2292 3539 2377 pugnantium.

1956 2395 2158 2450 Valida:
2179 2396 2322 2450 enim
2351 2410 2416 2449 ac
2442 2396 2660 2451 nodosa
2684 2396 2897 2451 arboris
2924 2404 3084 2466 caput
3113 2394 3260 2451 ferro
3287 2397 3541 2463 vestitur,

1955 2500 2128 2556 eaque
2153 2499 2415 2555 suspensa
2447 2483 2667 2547 funibus
2691 2486 2983 2542 multorum
3014 2500 3178 2541 manu
3212 2487 3281 2541 ad
3328 2498 3542 2543 murum

1955 2577 2253 2647 impellitur
2282 2577 2523 2633 :ldeinde
2572 2585 2870 2632 retrorsum
2915 2578 3075 2633 ducta
3111 2578 3304 2647 majori
3335 2579 3537 2649 impetu

1954 2667 2293 2722 destinatur:
2325 2669 2512 2736 sicque
2546 2668 2756 2723 crebris
2785 2668 2981 2722 ictibus
3030 2683 3352 2723 concussum
3395 2669 3537 2722 muri

1955 2761 2097 2818 latus
2122 2763 2287 2827 cedit,
2331 2769 2692 2833 cavatumque
2718 2760 3010 2832 irrupturis
3044 2775 3107 2816 ac
3135 2761 3433 2818 fenestram
3461 2760 3542 2815 fa-

1954 2854 2049 2908 cit.
2083 2851 2283 2908 Contra
2318 2853 2604 2923 impulsum
2650 2854 2836 2908 arietis
2896 2853 3194 2908 remedium
3220 2862 3302 2909 est
3347 2868 3541 2909 saccus

1951 2944 2125 3016 paleis
2153 2945 2365 3015 plenus,
2387 2953 2443 2998 et
2471 2946 2527 2999 iu
2546 2954 2670 3000 eum
2697 2928 2874 3001 locum
2898 2946 3185 3011 demissus,
3210 2960 3368 3016 quem
3392 2946 3535 3001 aries

1954 3037 2206 3107 percutit.
2282 3034 2429 3091 Laxo
2484 3036 2629 3091 enim
2676 3049 2959 3091 saceorum
2997 3037 3116 3090 sinu
3166 3036 3308 3090 ictus
3355 3035 3543 3091 arietis

1950 3129 2127 3184 illisus
2150 3128 2421 3183 mollitur:
2446 3128 2663 3183 duriora
2685 3127 2830 3181 enim
2852 3126 3188 3183 mollioribus
3208 3126 3422 3182 facilius
3447 3141 3541 3181 ce-

1950 3220 2106 3275 dunt.
2142 3219 2319 3295 Plutci
2344 3227 2469 3273 sunt
2518 3228 2697 3274 crates
2731 3218 2883 3274 corio
2928 3219 3099 3273 crudo
3142 3218 3380 3285 intectas,
3420 3232 3541 3288 qua

1956 3312 2010 3365 in
2044 3326 2210 3381 opere
2268 3311 2516 3366 faciendo
2567 3310 2711 3365 hosti
2765 3309 3115 3380 objiciuntur.
3165 3308 3375 3364 Arietes
3414 3318 3543 3365 sunt

1957 3404 2317 3459 tentationum
2380 3403 2604 3469 stimuli,
2635 3402 2721 3458 vel
2750 3402 2986 3473 impetus
3035 3401 3446 3473 persecutionis,
3482 3409 3543 3456 ut

1955 3508 2037 3557 est
2076 3500 2206 3556 illud
2236 3516 2249 3554 :
2283 3499 2352 3554 Et
2396 3515 2555 3570 pones
2591 3499 2781 3553 arietes
2811 3499 2866 3551 in
2915 3513 3043 3569 gyro
3074 3495 3294 3569 (Ezech.
3334 3495 3430 3567 tv).

2558 3612 2787 3670 CAPUT
2831 3612 2944 3669 XII.

2589 3723 2668 3778 De
2692 3722 2904 3804 clgpeis.

2024 3835 2253 3909 Clypeus
2281 3843 2366 3891 est
2393 3842 2603 3890 scutum
2632 3833 2829 3904 majus,
2856 3836 3031 3891 dictus
3054 3836 3122 3891 ab
3162 3852 3229 3892 eo
3256 3838 3400 3908 quod
3431 3837 3543 3893 cle-

1954 3936 2067 4000 pet,
2097 3929 2149 3983 id
2172 3937 2272 3992 cst,
2317 3927 2455 3983 celet
2480 3942 2694 3997 corpus,
2726 3927 3088 3997 periculisque
3116 3928 3398 3993 subducat,
3442 3944 3545 4003 apo

1954 4027 2047 4073 tou
2067 4019 2317 4088 cleptein.
2345 4017 2633 4088 Oppositus
2655 4019 2799 4073 enim
2826 4034 2921 4073 sua
2945 4018 3259 4075 defensione
3287 4019 3354 4075 ab
3375 4020 3546 4076 hastis

1954 4119 2010 4168 ct
2030 4110 2228 4183 jaculis
2268 4127 2464 4181 corpus
2494 4111 2688 4166 munit.
2716 4110 2947 4183 Clypeus
2972 4119 3150 4167 autem
3180 4114 3419 4184 peditum
3441 4123 3544 4180 est,

1954 4212 2165 4260 scutum
2195 4203 2456 4273 equitum.
2501 4201 2725 4259 Scutum
2769 4204 3094 4275 appellatum
3129 4221 3194 4261 eo
3232 4207 3379 4277 quod
3419 4222 3448 4261 a
3489 4221 3547 4263 sc

1951 4294 2191 4351 excutiat
2220 4295 2449 4349 telorum
2471 4295 2637 4349 ictum
2662 4312 2677 4349 :
2701 4301 2762 4350 ut
2787 4295 2931 4349 enim
2956 4294 3078 4350 telis
3094 4296 3407 4363 resistatur,
3436 4295 3547 4368 cly-

1950 4402 2085 4459 peus
2127 4386 2446 4442 antefertur.
2480 4388 2555 4442 De
2601 4387 2791 4458 clypeo
2832 4387 2888 4441 in
2935 4385 3243 4443 Proverbiis
3283 4388 3545 4459 scriptum

1950 4488 2037 4535 est
2064 4497 2076 4533 :
2110 4478 2292 4534 Omnis
2322 4495 2493 4533 sermo
2515 4478 2614 4532 Dei
2642 4483 2850 4551 etgpeus
2893 4480 3089 4550 ignitus
3115 4487 3190 4534 est
3216 4478 3546 4549 sperantibus

1954 4572 2009 4626 in
2034 4586 2088 4625 se
2116 4568 2300 4642 (Prov.
2326 4571 2480 4641 xxx).
2509 4568 2635 4626 limo
2663 4578 2776 4625 tota
2805 4568 3008 4626 Christi
3036 4570 3279 4627 Ecclesia
3302 4571 3472 4637 novit,
3491 4578 3548 4632 et

1954 4664 2031 4719 illi
2061 4665 2297 4719 maxime
2326 4665 2584 4728 sentiunt,
2615 4664 2729 4734 qui,
2773 4664 2885 4720 Deo
2912 4680 3094 4720 secum
3128 4670 3397 4726 morante,
3433 4670 3545 4717 ten-

1956 4770 2105 4809 renze
2148 4754 2345 4810 fastum
2394 4755 2670 4825 sapientia:
2697 4762 3067 4810 contemnunt.
3103 4753 3240 4821 Quia
3291 4751 3544 4807 nimirum

1956 4847 2134 4902 omnis
2163 4861 2343 4901 sermo
2378 4846 2572 4902 divina:
2600 4845 2938 4900 auctoritatis
2971 4845 3134 4901 corda
3172 4841 3468 4900 electorum
3488 4850 3546 4899 et

1958 4937 2083 5009 igne
2126 4938 2407 4993 charitatis
2449 4936 2714 5003 accendit,
2766 4945 2822 4992 et
2863 4936 3088 4993 scientia
3133 4934 3380 4991 veritatis
3420 4934 3544 4989 illu-

1957 5035 2121 5094 strat,
2155 5035 2213 5083 et
2255 5028 2510 5083 vitiorum
2556 5029 2744 5083 sordes
2775 5026 2843 5099 (si
2882 5041 3018 5096 quos
3043 5026 3098 5081 in
3137 5025 3221 5081 eis
3252 5024 3542 5097 invenerit)

1945 5122 2248 5182 consumit.
2301 5130 2358 5176 et
2397 5121 2466 5175 ab
2513 5119 2750 5175 hostium
2798 5117 3008 5173 insidiis
3054 5124 3334 5188 sperantes
3379 5116 3435 5171 in
3484 5131 3545 5174 se

1957 5215 2278 5286 cunctisque
2310 5213 2547 5269 defendit
2591 5210 2850 5267 adversis.
2895 5209 3030 5265 Item
3064 5208 3119 5264 in
3148 5207 3374 5264 Cantica
3413 5208 3546 5264 ean-

1957 5307 2190 5369 ticorum
2229 5305 2489 5373 scriptum
2527 5309 2614 5357 est
2645 5314 2660 5355 :
2707 5298 2854 5355 Mille
2891 5298 3058 5370 clgpei
3097 5298 3319 5370 pendent
3357 5312 3423 5352 ea:
3459 5312 3542 5362 eo,

1957 5400 2128 5455 omnis
2173 5405 2447 5451 armatura
2492 5393 2705 5464 fortium
2737 5391 2912 5464 (Cant.
2954 5390 3061 5464 tv);
3103 5391 3246 5463 quod
3274 5387 3545 5462 signiﬁcat

1954 5491 2262 5548 testimonia
2310 5454 2714 5557 Scripturarum
2745 5454 3096 5541 sanctarum.
3121 5454 3351 5548 -Umbo:
3401 5454 3558 5537 scuti‘

1953 5600 2081 5657 pars
2102 5583 2278 5638 media
2302 5588 2407 5646 est,
2429 5580 2583 5649 quasi
2613 5576 2919 5633 umbilicus.
2951 5574 3142 5631 Ancile
3160 5580 3388 5630 vocatur
3410 5585 3537 5628 εωρ

1954 5688 2068 5736 tum
2094 5679 2258 5734 breve
2276 5684 2332 5732 et
2360 5673 2672 5737 rotundum,
2700 5672 2769 5727 de
2791 5685 2898 5740 quo
2927 5667 3219 5741 Virgilius:

2202 5827 2218 5845 .
2253 5823 2265 5837 .
2305 5828 2319 5843 .
2356 5824 2372 5843 .
2407 5827 2422 5843 .
2458 5787 2698 5854 Laevaque
2720 5783 2877 5839 ancile
2901 5783 3129 5852 gerebat.
